4046 6212
343 336 417 395 85

754 465 1350 530 PROLEGOMENON
1376 469 1546 524 XXV.

669 593 744 660 pe
771 593 1065 663 appendices
1091 595 1166 655 ad
1196 595 1340 652 Vitas
1371 597 1627 653 Patrum.

421 717 681 788 [Lxxxm]
707 717 923 772 Placuit
948 719 1093 773 hanc
1112 719 1477 791 appendicem
1498 723 1729 794 reliquis
1747 723 1815 778 de
1840 723 1949 778 Pa-

344 813 505 862 trum
534 807 666 862 Vita
691 807 850 862 libris
872 809 1136 886 jungere,
1160 814 1282 864 tum
1311 809 1381 864 ob
1410 815 1747 866 vetustatem
1779 812 1948 867 inter-

345 901 598 968 pretum,
619 901 743 951 tum
771 901 837 952 ut
852 897 949 951 lux
963 896 1203 952 subinde
1224 898 1357 952 locis
1385 899 1570 954 dubiis
1589 918 1656 955 ex
1671 901 1946 973 interpre-

345 985 581 1040 tationis
595 985 864 1040 varietate
879 987 1164 1058 aﬂ‘ulgeat,
1183 993 1304 1042 tum
1323 989 1494 1042 etiam
1509 990 1656 1060 quod
1670 991 1944 1062 quaedam,

347 1075 456 1129 etsi
493 1076 750 1146 paucula,
787 1075 906 1128 haec
929 1076 1207 1148 appendix
1231 1079 1515 1131 contineat
1551 1096 1675 1149 quae
1715 1080 1775 1134 in
1802 1080 1950 1152 prio-

345 1163 506 1218 ribus
534 1181 646 1218 non
677 1165 752 1218 sit
773 1165 1039 1235 reperire.

423 1271 690 1326 Continet
704 1277 892 1336 autem
911 1273 1028 1332 haec
1045 1271 1322 1352 appendix
1339 1273 1451 1327 tria
1465 1274 1752 1348 opuscula,
1781 1275 1952 1328 Hera-

345 1360 515 1422 clidis
543 1360 895 1426 Paradisum,
929 1366 987 1415 et
1022 1362 1260 1416 Palladii
1299 1362 1649 1429 Lausiacam,
1683 1380 1748 1428 ex
1778 1364 1951 1417 veteri

346 1456 660 1520 utrumque
679 1450 1166 1520 interpretatione,
1189 1451 1258 1504 de
1289 1451 1490 1530 quibus
1513 1452 1636 1506 vide
1657 1453 1806 1518 dicta
1827 1469 1952 1536 pro-

347 1547 650 1627 legomeno
673 1548 725 1612 ἦ,
761 1547 791 1620 §
820 1546 870 1618 3,
897 1553 954 1602 et
976 1549 1376 1623 prolegomeno
1393 1549 1482 1603 14.

425 1655 608 1723 Quem
625 1654 714 1716 hic
736 1655 936 1716 damus
949 1654 1277 1718 Paradisum
1297 1655 1525 1716 nomine
1541 1656 1871 1720 Heraclidis,
1892 1657 1950 1712 in

347 1745 740 1823 manuscripto
769 1743 1082 1806 Moretiano
1111 1743 1434 1808 inscribitur
1463 1764 1474 1798 :
1523 1745 1804 1808 Paschasz'i
1839 1747 1948 1802 sive

1571 339 2170 398 PROLEGOMENON
2205 343 2401 400 XXVI.

1955 467 2006 528 Α
2024 467 2169 522 docti
2193 469 2583 542 interpretatio
2611 478 2714 540 est,
2745 490 2846 528 nec
2873 475 3053 545 stylus
3079 475 3323 535 multum
3346 473 3563 540 abludit
3587 489 3623 530 a

3551 345 3624 402 86

2032 559 2178 630 stylo
2207 559 2348 619 Vitae
2386 563 2563 615 sancti
2605 563 2872 622 Severini.
2911 565 3024 643 Ego
3054 564 3124 618 ob
3153 565 3298 618 hanc
3327 565 3622 643 epistolam

2029 647 2121 701 hic
2167 647 2397 703 fortuito
2436 651 2740 722 praeﬁxum,
2778 669 2889 712 non
2935 635 3108 710 ausus
3135 653 3214 708 fui
3257 652 3308 707 ei
3343 635 3621 734 interpre-

2030 736 2304 798 tationem
2333 755 2601 797 asserere.
2633 741 2714 795 De
2739 740 3035 801 Paschasio
3064 741 3168 806 hoc
3178 741 3478 821 pluravide
3492 743 3626 798 Pro-

2030 824 2324 896 Icgomeno
2356 827 2440 881 14.

2103 915 2336 990 [Lxxxv]
2366 917 2630 974 Continet
2657 924 2934 990 praeterea
2968 919 3360 998 {Egyptiorum
3387 921 3625 992 Patrum

2031 1005 2358 1072 sententias,
2401 1006 2708 1078 interprete
2746 1008 2986 1065 Martino
3021 1009 3309 1066 Dumiensi
3343 1010 3622 1090 episcopo,

2033 1109 2171 1164 quas
2199 1111 2263 1148 ex
2296 1094 2494 1149 Codice
2523 1095 2878 1152 Bibliothecae
2905 1097 3191 1164 Toletanze
3219 1104 3526 1178 excerptas,
3559 1116 3626 1165 ex

2035 1183 2307 1254 Hispania
2344 1185 2414 1238 ad
2451 1201 2544 1238 me
2576 1187 2890 1247 transmisit
2924 1187 2990 1242 R.
3028 1188 3091 1242 Ρ.
3125 1187 3561 1264 Christophorus
3590 1205 3626 1258 ξι

2036 1273 2232 1326 Castro
2259 1273 2559 1338 Sacrarum
2584 1274 2927 1341 Litterarum
2949 1275 3007 1330 in
3028 1276 3278 1346 Collegio
3299 1283 3491 1341 nostro
3511 1277 3628 1346 Sal-

2035 1362 2364 1419 manticensi
2392 1363 2702 1434 professor.
2740 1365 2890 1439 Quas
2914 1366 3085 1419 etiam
3113 1365 3300 1436 reperi
3333 1365 3393 1434 in
3427 1365 3628 1434 Codice

2034 1457 2352 1531 pervetusto
2378 1452 2556 1520 sancti
2581 1451 2848 1521 Flor-iani,
2885 1471 2914 1507 e
2932 1453 3253 1534 _Germania
3421 1470 3626 1538 suppee-

2033 1538 2228 1594 ditato.
2934 1531 2953 1534 “
3494 1531 3504 1538 ’
3537 1531 3546 1538 ’

2089 1629 2315 1682 Martini
2338 1630 2658 1684 Dumiensis
2677 1631 2922 1702 episcopi
2953 1632 3092 1690 varii
3122 1632 3629 1700 meminereaucto-

2029 1732 2146 1770 res:
2185 1718 2456 1784 Isidorus,
2493 1719 2634 1774 libro
2665 1721 2733 1773 de
2755 1720 3070 1778 Illustrihus
3091 1721 3346 1776 Ecclesiae
3381 1721 3625 1792 Scripto-

349 1805 600 1900 Palladii
615 1805 837 1896 diaconi
852 1835 926 1890 ad
937 1805 1690 1912 Eugippiumprcsbytcrum,
1712 1835 1774 1890 in
1789 1837 1808 1894 ι
1815 1835 1950 1902 z’bro,

2039 1805 2210 1872 ribus,
2244 1824 2363 1887 cap.
2387 1808 2474 1863 ‘22.
2506 1809 2828 1882 Sigebertus
2841 1809 2899 1862 in
2913 1809 3084 1866 simili
3105 1810 3450 1892 Scriptorum
3472 1812 3629 1863 cata-

347 1928 450 2000 qui
462 1928 692 1985 uocatur
704 1923 1005 1983 Puradisus
1017 1923 1080 1982 de
1097 1925 1387 1984 miraculis
1398 1924 1954 1984 sanctorumPatrum

349 2019 398 2077 βε
429 2016 547 2068 vita
579 2027 790 2076 corum.
824 2010 928 2074 Cui
951 2011 1116 2074 titulo
1145 2009 1508 2090 subiungitur
1531 2011 1648 2072 haec
1677 2010 1912 2090 epistola
1936 2053 1946 2064 -

427 2120 456 2154 α
487 2101 729 2166 Domino
757 2116 859 2162 suo
889 2116 1222 2182 semperque
1251 2099 1585 2164 charissima
1624 2099 1952 2178 presbytero

351 2189 688 2254 Paschasius
702 2189 988 2252 diaconus.

425 2280 628 2343 Frater
672 2279 733 2338 in
783 2279 1006 2339 Christo
1033 2277 1378 2342 charissime,
1425 2278 1562 2341 dum
1607 2294 1710 2341 nos
1743 2277 1956 2348 peritiae

351 2375 485 2450 tuas
502 2368 924 2432 facundia.......
968 2367 1075 2426 Sed
1106 2367 1314 2448 optatis
1343 2367 1696 2430 successibus
1723 2373 1956 2431 eatenus

352 2458 666 2538 ampliatur
692 2459 734 2510 ¹-
765 2477 786 2510 ι

427 2565 680 2636 [Lxmv]
718 2564 856 2628 Inde
893 2563 1264 2634 sequebatur:
1296 2566 1558 2632 Prologus
1597 2567 1820 2632 primus
1857 2565 1958 2621 Pa-

351 2657 552 2720 chasii,
576 2657 686 2707 sive
701 2654 947 2708 Paliadz’i
963 2655 1186 2707 diaconi
1197 2654 1272 2706 ad
1283 2655 1523 2708 Lausum
1539 2655 1864 2721 episcopum.
1889 2653 1956 2715 In

349 2745 452 2807 hoc
474 2745 636 2808 libro,
673 2746 778 2804 etc.
815 2741 981 2806 Inda:
1013 2741 1303 2805 Secundus
1313 2745 1583 2812 protenus
1606 2761 1622 2794 :
1651 2744 1816 2804 Μειιεὶ
1835 2745 1957 2809 qui-

351 2835 716 2894 dnamnum.
749 2831 886 2894 Inde
917 2836 1085 2913 caput
1105 2831 1352 2902 primum
1380 2831 1652 2896 Paradisi:
1686 2830 1952 2900 Cumpri-

355 2939 517 2981 umm
547 2923 970 2984 Alexandriam.

426 3019 685 3076 Similem
713 3019 976 3076 Codicum
995 3036 1099 3074 ms.
1131 3035 1260 3074 cum
1288 3017 1377 3073 his
1399 3017 1579 3074 titulis
1604 3023 1663 3073 et
1681 3017 1955 3089 prmfatio—

355 3108 523 3167 nibus
550 3108 764 3164 invenit
791 3108 998 3167 Vezelii
1023 3109 1082 3164 in
1103 3107 1335 3171 Heduis,
1355 3107 1504 3179 apud
1543 3106 1949 3164 nobilissimum

353 3199 483 3268 ejus
495 3198 602 3253 loci
611 3197 871 3254 abbatem
877 3197 1151 3258 Erardum
1163 3197 1572 3268 Rupefortium,
1586 3196 1958 3254 amicissimus

353 3286 498 3344 mihi
527 3287 708 3343 Lucas
729 3285 1072 3351 Holstenius,
1111 3285 1198 3347 uti
1220 3302 1321 3356 per
1345 3285 1564 3342 litteras
1593 3301 1684 3340 me
1713 3284 1951 3350 monuit,

349 3377 400 3432 si
435 3376 582 3432 forte
608 3375 738 3432 usui
775 3380 925 3432 esset
958 3375 1030 3431 ad
1062 3373 1369 3441 secundum
1407 3375 1553 3442 hanc
1586 3373 1953 3431 Moretianam

349 3463 663 3522 editionem
707 3462 1115 3526 adornandum.
1166 3462 1370 3520 Parem
1417 3477 1640 3532 quoque
1689 3461 1950 3519 Codioem

350 3552 554 3610 eodem
570 3551 1055 3626 ordiundigestum
1071 3549 1331 3610 submisit
1348 3550 1696 3610 clarissimus
1716 3551 1788 3608 D.
1816 3550 1952 3608 Tus-

347 3657 527 3694 sanus
556 3641 942 3706 Desbarbc'auw,
973 3641 1044 3700 de
1072 3656 1184 3711 quo
1214 3639 1408 3699 monui
1427 3639 1829 3709 Prolegomeno
1858 3637 1946 3695 24.

422 3738 700 3809 Equidem
736 3737 1034 3792 Paschasio
1075 3737 1226 3806 huic,
1273 3737 1370 3807 qui
1405 3736 1664 3807 Eugippii
1699 3742 1952 3807 tempore

347 3829 504 3893 uixit,
535 3827 682 3882 liber
708 3826 796 3882 hic
825 3827 978 3894 velut
1006 3825 1220 3881 auctori
1250 3824 1425 3880 tribui
1453 3841 1567 3879 non
1591 3829 1794 3896 potest,
1824 3841 1952 3879 cum

348 3923 553 3972 auctor
581 3916 640 3971 in
658 3917 764 3970 hoc
791 3915 934 3970 libro
963 3916 1348 3986 interloquens
1363 3920 1514 3968 certo
1541 3913 1740 3968 vixerit
1754 3915 1954 3976 smculo

347 4006 534 4060 sancti
557 4005 904 4077 Hieronymi,
938 4012 995 4060 et
1020 4006 1254 4059 Patrum
1280 4021 1487 4074 magna
1515 4021 1581 4058 ex
1609 4009 1788 4074 parte,
1822 4019 1956 4074 quo-

348 4113 478 4150 rum
505 4095 697 4150 Vitam
717 4094 998 4149 describit.
1033 4095 1218 4158 Quare
1238 4098 1388 4148 recte
1405 4092 1658 4148 additum
1688 4095 1796 4146 sive
1825 4093 1954 4146 Pal.-

351 4187 528 4246 ladii;
579 4200 710 4239 vere
763 4184 915 4238 enim
964 4183 1267 4248 Palladius,
1337 4183 1423 4236 vel
1479 4181 1821 4247 Heraclides,
1863 4181 1950 4234 vel

348 4273 640 4345 quispiam
651 4273 796 4327 alius
814 4289 1008 4328 eorum
1025 4272 1272 4344 aqualis,
1292 4271 1462 4342 hujus
1483 4269 1735 4326 Paradisi
1757 4274 1953 4324 auctor

351 4368 460 4416 est.

421 4471 510 4524 An
540 4469 717 4539 igitur
733 4468 1064 4523 Paschasius
1082 4468 1175 4522 hic
1200 4467 1471 4523 dicendus
1499 4472 1587 4522 est
1602 4472 1761 4520 vetus
1781 4466 1952 4536 hujus

2037 1894 2182 1966 logo,
2216 1913 2336 1968 cap.
2379 1897 2448 1950 19
2478 1902 2534 1950 et
2571 1895 2686 1964 118.
2723 1897 2852 1958 Fuit
2889 1898 2980 1960 hic
3017 1897 3188 1960 abbas
3219 1903 3276 1964 et
3313 1898 3624 1979 episeopus,

2037 1983 2132 2064 qui
2169 1985 2474 2043 Dumiense
2499 1986 2554 2050 in
2583 1986 2845 2048 Gallaecia
2864 1986 3268 2040 monasterium
3299 1973 3628 2059 construxit,

2034 2079 2229 2143 postea
2264 2075 2558 2155 episcopus
2590 2075 2998 2146 Braccarensis,
3031 2077 3192 2157 cujus
3230 2076 3296 2140 ﬁt
3323 2073 3632 2143 honorifica

2036 2162 2248 2224 mentio
2275 2163 2332 2216 in
2365 2163 2598 2218 concilio
2619 2164 2888 2226 Toletano
2919 2164 3155 2234 decimo,
3187 2181 3308 2236 cap.
3343 2163 3374 2216 7
3403 2181 3469 2230 ex
3497 2180 3629 2233 ςοῃ-

2036 2251 2162 2310 cilio
2185 2252 2512 2316 Valentino;
2537 2258 2593 2306 et
2614 2253 2671 2306 in
2692 2254 2908 2326 synodo
2926 2253 3286 2320 Braccarensi
3303 2253 3504 2328 prima,
3519 2269 3632 2319 aera

2039 2339 2172 2408 598;
2207 2347 2265 2394 et
2292 2341 2350 2394 in
2371 2342 2632 2411 secunda,
2655 2358 2767 2396 aera
2794 2341 2916 2408 610,
2943 2343 3144 2420 quibus
3175 2342 3416 2414 praefuit.
3452 2341 3631 2410 Cura-

2038 2430 2116 2483 vit
2145 2431 2238 2484 ille
2269 2431 2496 2504 quidem
2525 2431 2798 2484 nonnulla
2826 2447 2890 2484 ex
2921 2431 3114 2488 Graeco
3140 2431 3282 2492 verti
3312 2447 3414 2510 per
3439 2430 3579 2498 alios
3608 2449 3625 2514 ί

2038 2519 2120 2572 ita
2155 2519 2308 2573 enim
2344 2519 2670 2590 Sigebertus
2713 2537 2904 2591 supra,
2946 2537 3068 2601 cap.
3112 2517 3248 2575 108:
3301 2540 3324 2571 ι
3355 2519 3630 2588 Martinus

2039 2608 2330 2686 episcopus
2349 2608 2640 2674 transtulit
2660 2626 2760 2682 per
2779 2626 2979 2672 manus
2998 2607 3283 2674 Paschasii
3303 2607 3524 2676 diaconi
3548 2608 3632 2674 in-

2037 2699 2449 2767 terrogationes
2480 2703 2538 2752 et
2579 2698 2969 2768 responsiones
3001 2697 3274 2769 plurimas
3306 2701 3630 2763 sanctorum

2035 2786 2426 2860 Egyptioruln
2467 2788 2701 2852 Patrum
2733 2787 2791 2848 in
2820 2787 3112 2853 Dumiensi
3141 2781 3460 2854 coenobio.»
3495 2785 3630 2860 Quae

2036 2876 2368 2942 Paschasius
2385 2879 2506 2947 ejus
2511 2878 2674 2956 jussu
2687 2876 2993 2944 transtulit,
3016 2875 3186 2942 habes
3204 2874 3348 2940 libro
3367 2874 3626 2956 septimo.

2034 2966 2172 3020 Fors
2193 2966 2344 3020 idem
2372 2967 2710 3030 Paschasius
2729 2972 2787 3020 et
2813 2967 2930 3031 haec
2951 2966 3073 3035 ejus
3090 2971 3291 3040 rogatu
3315 2964 3626 3031 transtulit.

2038 3055 2182 3126 Quia
2207 3061 2398 3118 tamen
2416 3055 2644 3120 Martini
2664 3055 2889 3118 nomine
2919 3055 2978 3108 in
2998 3053 3214 3116 duobus
3236 3053 3630 3124 manuscriptis

1975 3172 2019 3232 α
2051 3145 2432 3211 inveniuntur,
2451 3150 2509 3208 et
2535 3145 2656 3216 ipse
2671 3145 2874 3199 asserit
2891 3161 2951 3198 se
2967 3143 3350 3208 collectionem
3371 3143 3634 3208 Orienta-

2039 3235 2180 3302 lium
2215 3251 2493 3296 canonum
2537 3235 2885 3305 emendasse.
2934 3240 2990 3296 et
3017 3234 3089 3298 ad.
3119 3233 3373 3299 Graecum.
3413 3237 3631 3298 textum

2037 3340 2232 3390 rursus
2243 3323 2546 3386 contulisse
2564 3328 2703 3394 (quae
2717 3323 2958 3387 habetur
2978 3323 3035 3385 in
3056 3322 3226 3380 tomis
3241 3323 3624 3388 conciliorum,

2035 3417 2168 3484 post
2211 3411 2508 3476 concilium.
2551 3413 2801 3475 Lucense
2831 3415 2916 3478 II),
2962 3409 3146 3492 potuit
3193 3410 3314 3494 ipse
3357 3427 3387 3463 e
3437 3410 3628 3474 Graeco

2033 3505 2093 3562 et
2115 3502 2233 3562 haec
2246 3501 2621 3568 transtulisse.
2651 3501 2836 3565 Quare
2853 3501 2972 3574 ejus
2992 3499 3220 3566 nomine
3246 3499 3306 3564 in
3319 3498 3626 3584 appendice

2033 3591 2180 3645 dedi.

2411 3749 3020 3816 ,PROLEGOMENON
3048 3748 3246 3811 XXVI.

2211 3897 2372 3948 Varia
2401 3897 2615 3948 monita
2632 3895 2706 3948 ad
2721 3896 2971 3948 lectorem
3003 3893 3174 3962 hujus
3193 3892 3470 3946 editionis.

2108 4035 2349 4104 Advorte
2391 4036 2593 4117 primo,
2637 4035 2881 4116 primam
2928 4035 3067 4099 mihi
3114 4051 3309 4092 curam
3356 4033 3532 4102 fuisse
3567 4038 3633 4104 ut

2035 4131 2252 4180 textum
2289 4127 2560 4196 cujusque
2605 4124 2849 4178 auctoris
2893 4140 3165 4196 perquam
3202 4123 3528 4178 ﬁdelissime
3567 4139 3634 4176 ex

2033 4215 2142 4275 ﬁde
2153 4214 2674 4280 veterumCodicum
2687 4212 3320 4291 exprimeremﬁervatis
3332 4210 3629 4284 phrasibus

1935 4299 1949 4384 ξ⁷
2035 4303 2205 4358 etiam
2235 4303 2423 4358 minus
2435 4303 2674 4366 usitatis,
2689 4319 2793 4356 nec
2808 4302 2964 4354 valde
2987 4317 3213 4372 semper
3226 4299 3550 4386 Latinis,“
3577 4305 3633 4365 et

2035 4393 2144 4447 illae
2183 4394 2438 4447 seculum
2463 4391 2707 4446 auctoris
2737 4390 2824 4444 sui
2855 4390 3175 4460 proderent.

2113 4483 2354 4536 Adverte
2384 4480 2648 4540 secundo.
2673 4479 3090 4550 orthographia
3111 4494 3236 4532 eam
3250 4482 3528 4531 servatam
3540 4492 3635 4531 ra-

347 4558 610 4613 Paradisi
626 4557 944 4629 interpres?
972 4559 1088 4612 Nec
1107 4557 1214 4610 hoc
1231 4556 1517 4610 afﬁrmare
1537 4554 1716 4609 habeo
1730 4599 1742 4611 .
1782 4555 1946 4612 Certe
1967 4564 2020 4624 D
2040 4571 2267 4636 tionem,
2293 4587 2462 4640 quam
2477 4568 2882 4641 Typographus
2897 4567 3167 4638 optimam
3175 4565 3466 4638 judicavit,
3489 4565 3635 4631 Quo-

347 4648 492 4702 nihil
505 4647 880 4701 taleinsinuat
900 4647 1018 4700 haec
1037 4644 1321 4700 Paschasii
1341 4644 1412 4698 ad
1433 4643 1769 4714 Eugippium
1785 4643 1958 4697 missa

347 4737 612 4808 epistola.
639 4737 758 4790 Imo
769 4735 1010 4806 epistola
1020 4735 1138 4790 haec
1154 4734 1341 4805 potius
1353 4732 1698 4804 praeﬁgenda
1715 4737 1800 4786 est
1813 4731 1955 4785 Vitm

347 4825 534 4880 sancti
564 4823 816 4879 Severini
831 4823 1167 4878 Noricorum
1192 4821 1450 4892 apostoli.
1483 4822 1553 4874 Et
1572 4820 1791 4891 pridem
1807 4836 1956 4874 anno

353 4914 495 4970 1595
527 4930 654 4968 eam
680 4913 822 4967 Vitae
845 4913 1027 4966 sancti
1055 4910 1305 4966 Severini
1335 4909 1573 4981 praefixit
1599 4908 1954 4962 doctissimus

348 5003 687 5058 scholiastes
701 5003 923 5057 Marcus
953 5002 1246 5056 Velserus:
1269 5000 1520 5071 Epistola
1539 5005 1729 5053 autem
1752 4999 1954 5069 Eugip-

348 5094 454 5165 pii,
474 5093 566 5146 cui
598 5091 932 5146 Paschasius
953 5091 1042 5145 hic
1069 5090 1391 5160 respondet,
1413 5093 1595 5142 exstat
1613 5093 1766 5142 tomo
1796 5093 1952 5142 sexto

347 5183 734 5252 Antiqqu
779 5181 1098 5244 lectionum,
1159 5178 1366 5250 pagina
1404 5175 1508 5233 455
1543 5177 1702 5248 (Vide
1739 5179 1948 5231 Patrol.

349 5276 484 5324 (om.
538 5271 707 5334 LXII,
759 5274 859 5324 col.
913 5268 1094 5338 1167).
1140 5268 1198 5323 Si
1233 5267 1462 5322 aliunde
1505 5265 1732 5336 probari
1777 5265 1956 5336 possit

345 5359 720 5414 Paschasium
749 5359 900 5412 hunc
925 5358 1294 5430 interpretem
1322 5372 1442 5410 esse
1472 5355 1648 5425 hujus
1675 5355 1950 5420 Paradisi,

345 5449 402 5503 ei
425 5449 661 5520 posthac
673 5447 1012 5502 inscribatur
1037 5463 1106 5501 ea
1123 5444 1536 5517 interpretatio.
1563 5443 1834 5514 Equidem
1852 5443 1956 5497 viri

422 5559 444 5578 '
475 5555 636 5609 Hanc
674 5554 968 5626 epistolam
1009 5553 1213 5608 videsis
1259 5551 1470 5607 Patrol.
1509 5557 1646 5604 tom.
1685 5565 1817 5617 un,
1851 5550 1954 5604 col.

347 5643 444 5698 39.
478 5643 636 5698 Eutr.

2037 4661 2298 4714 rumdam
2326 4664 2519 4714 tamen
2541 4657 2896 4730 propriorum
2919 4656 3213 4710 nominum
3233 4655 3480 4709 diversas
3497 4653 3632 4709 sub-

2036 4749 2168 4803 inde
2197 4747 2629 4818 orthographias
2663 4746 2927 4816 reperies,
2959 4745 3054 4798 sed
3088 4744 3238 4816 apud
3267 4745 3516 4798 diversos
3540 4744 3630 4798 in-

2035 4843 2330 4908 terpretes,
2350 4843 2415 4892 ut
2427 4853 2576 4891 nunc
2592 4836 2756 4900 Sccte,
2774 4849 2922 4887 nunc
2935 4834 3288 4900 Scithz’,nunc
3303 4835 3631 4899 Pwmenius,

2036 4944 2186 4982 nunc
2211 4929 2515 4990 Pz'mcm'us,
2535 4931 2592 4978 et
2618 4923 2826 4978 similia
2844 4921 3060 4992 aliquot
3073 4923 3202 4976 alia.
3233 4923 3367 4986 Quae
3389 4923 3634 4994 plerum-

2036 5032 2144 5086 que
2193 5031 2296 5068 sua
2331 5012 2734 5084 interpretibus
2778 5011 3000 5081 reliqui,
3054 5011 3204 5082 quod
3242 5010 3446 5082 singuli
3491 5011 3636 5065 forte

2035 5105 2404 5160 diversimode
2433 5102 2665 5158 nomina
2690 5101 2790 5154 illa
2809 5100 2866 5154 in
2888 5100 3080 5155 Graeco
3101 5099 3408 5170 exemplari
3426 5099 3638 5170 scripta

2034 5194 2366 5248 invenerint.

2105 5284 2348 5337 Adverte
2376 5281 2564 5349 tertio,
2596 5296 2667 5334 ne
2697 5280 2900 5350 saepius
2925 5277 3298 5350 quarumdam
3330 5275 3634 5330 difﬁculta-

2035 5377 2158 5429 tum
2190 5377 2248 5426 et
2274 5371 2570 5425 verborum
2593 5369 2842 5441 [LXXXVI]
2859 5369 3138 5422 rariorum
3175 5365 3322 5420 ratio
3349 5364 3634 5420 reddenda

2041 5467 2206 5526 esset,
2230 5460 2379 5532 quod
2388 5459 2558 5513 variis
2577 5459 2713 5512 locis
2733 5458 2930 5512 eadem
2943 5458 3318 5520 occurrerent,
3339 5458 3635 5508 contentus

2040 5551 2194 5606 brevi
2222 5551 2279 5604 in
2303 5548 2684 5604 natationibus
2723 5547 3106 5619 explicatione,
3139 5544 3210 5599 ad
3239 5542 3634 5598 Onomasticon

2042 5657 2209 5714 porro
2228 5638 2438 5704 remisi,
2458 5638 2516 5692 in
2528 5655 2638 5709 quo
2651 5638 2872 5708 plenius
2883 5636 2952 5690 de
2966 5635 3036 5691 iis
3047 5633 3322 5704 agitur.In
3337 5647 3449 5700 quo
3464 5628 3634 5685 etiam
