4046 6212
425 326 493 384 87

1298 324 1373 377 ΙΝ
1415 320 1625 377 VlTAS
1664 322 1960 378 PATRUM
1998 321 2595 378 PROLEGOMENON
2632 322 2827 376 XXVI.

3629 315 3702 374 88

426 452 701 509 nonnulla
727 434 992 524 reperies,
1025 465 1262 520 quorum
1292 447 1509 501 nullum
1540 446 1599 502 in
1640 446 2309 512 notationibusAsextus,
2342 448 2633 519 septimus,
2668 447 2765 516 qui
2789 444 2997 500 Graecis
3016 440 3578 498 auctoribusincertis
3598 441 3703 495 cir-

425 542 621 598 datum
642 541 932 597 indicium.

494 633 735 687 Adverte
766 633 965 701 quarto
1013 627 1337 681 mirandum
1365 643 1477 681 non
1504 644 1645 693 esse,
1687 627 1735 680 si
1764 627 2018 697 complu-

425 722 580 776 scula
606 721 802 775 eadem
831 718 889 771 in
918 717 1152 771 diversis
1167 716 1349 781 libris,
1367 715 1581 769 variato
1601 721 1824 770 tantum
1845 716 2012 786 stylo,

423 809 687 881 reperias.
708 807 906 862 Evenit
928 806 1034 861 hoc
1059 806 1207 877 quod
1222 806 1355 860 olim
1380 805 1584 859 diversi
1598 804 2017 859 eremumobie-

423 911 503 960 re,
537 898 594 947 et
622 892 779 947 Vitas
808 892 1070 963 dictaque
1104 892 1338 945 Patrum
1365 890 1450 944 vel
1466 906 1655 944 coram
1682 890 1769 944 vel
1793 889 1862 944 ab
1890 889 2013 943 aliis

420 998 710 1053 excepere.
753 981 1002 1052 Quisque
1043 980 1191 1052 quod
1221 979 1359 1034 vidit
1387 980 1471 1033 vel
1505 978 1735 1045 audivit,
1776 979 1836 1033 in
1864 995 2014 1033 com-

418 1070 760 1126 mentarium
794 1070 1005 1124 retulit.
1037 1068 1284 1133 Accedit,
1326 1068 1475 1140 quod
1511 1068 1739 1139 quidam
1771 1068 2012 1122 aliorum

417 1160 627 1215 scrinia
678 1159 1072 1230 compilarunt,
1114 1164 1172 1213 et
1207 1162 1481 1229 praeterea
1511 1157 1767 1228 qumdam
1795 1174 1861 1211 ex
1892 1157 2013 1212 suis

418 1264 642 1322 quoque
670 1248 986 1303 armariolis
1005 1248 1330 1318 adjunxere.
1347 1246 1614 1301 Dedimus
1632 1246 1807 1317 igitur
1822 1246 2013 1300 omnia

417 1343 587 1409 prout
609 1338 759 1409 apud
784 1337 1031 1391 diversos
1062 1340 1317 1390 auctores
1347 1340 1404 1389 et
1433 1335 1768 1406 interpretes
1794 1335 2011 1388 inveni-

419 1443 567 1492 mus,
599 1432 665 1481 ut
700 1441 841 1487 suus
870 1426 1072 1497 cuique
1101 1429 1386 1479 constaret
1415 1423 1573 1478 labor
1602 1464 1616 1491 ,
1662 1428 1719 1477 et
1762 1423 2010 1494 plurium

414 1514 809 1570 testiﬁcatione
841 1516 967 1586 plus
999 1531 1222 1586 quoque
1259 1514 1493 1567 Patrum
1523 1512 1689 1566 dictis
1721 1514 2013 1567 accederet

416 1604 788 1659 auctoritatis.
805 1602 946 1657 Vide
979 1620 1102 1674 quae
1131 1602 1200 1655 de
1227 1602 1334 1656 hac
1356 1601 1746 1655 convenientia
1766 1601 2009 1656 diximus

416 1694 811 1763 prolegomeno
840 1690 892 1757 4,
926 1689 954 1763 §
982 1690 1035 1744 3.

2100 537 2507 603 cumferuntur,
2532 543 2713 591 certos
2742 542 2933 591 tamen
2960 532 3535 603 habentinterpretes,
3571 546 3699 584 cum

2101 628 2332 697 quintus
2370 626 2627 681 citandus
2672 632 2776 692 est,
2819 625 2929 679 cito
2962 622 3281 693 Pelagium;
3327 636 3458 675 cum
3486 624 3695 685 sextus,

2098 716 2403 781 Joannem;
2437 721 2565 770 cum
2586 700 2881 786 septimus,
2903 711 3297 778 Paschasium;
3330 725 3571 780 quorum
3585 709 3699 763 sin-

2094 805 2213 875 guli
2242 821 2472 859 suorum
2502 804 2854 875 singulorum
2878 802 3153 857 librorum
3182 804 3314 855 sunt
3332 798 3695 869 interpretes.

2096 892 2241 957 Quia
2265 893 2411 947 Vero
2440 892 2701 963 Pelagius
2717 896 2775 946 et
2789 892 3034 947 Joannes
3044 888 3252 943 librum
3271 887 3507 959 quisque
3527 902 3695 940 suum

2095 982 2154 1036 in
2196 982 2379 1037 varios
2414 981 2632 1036 libellos
2664 980 2933 1051 [Lxxxvn]
2976 978 3304 1033 distinctum
3332 974 3521 1041 habet,
3555 974 3690 1029 dum

2094 1088 2191 1125 eos
2211 1070 2270 1125 in
2298 1070 2554 1141 margine
2583 1070 2713 1136 cito,
2744 1069 3063 1123 libellorum
3092 1066 3258 1121 simul
3284 1064 3537 1120 ordinem
3560 1080 3690 1119 cum

2093 1162 2370 1216 dictorum
2400 1176 2635 1214 numero
2653 1160 2713 1213 in
2737 1158 2990 1229 margine
3015 1157 3261 1227 assigno.

2163 1252 2403 1305 Adverte
2435 1256 2649 1317 octavo,
2693 1265 2785 1302 me
2826 1264 2975 1303 nunc
3016 1248 3123 1302 hoc
3152 1262 3300 1301 anno
3343 1243 3480 1303 1627
3513 1283 3527 1312 ,
3557 1259 3685 1298 cum

2092 1342 2276 1413 prima
2303 1343 2473 1398 editio
2521 1340 2833 1397 Moretiana
2862 1337 2995 1392 anni
3042 1335 3179 1391 1615
3219 1335 3489 1390 distracta
3516 1338 3683 1399 esset,

2090 1432 2175 1487 uti
2204 1437 2262 1485 et
2290 1430 2683 1501 Lugdunensis
2697 1429 2912 1494 Galliae,
2937 1442 3132 1482 rursus
3146 1429 3349 1495 rogatu
3376 1424 3443 1478 D.
3461 1422 3688 1478 Baltha-

2091 1520 2236 1575 saris
2263 1521 2463 1575 Moreti
2477 1521 2638 1573 Vitas
2659 1520 2891 1573 Patrum
2903 1516 3250 1572 recensuisse
3272 1534 3285 1581 ;
3309 1514 3555 1567 maxime
3571 1517 3689 1567 tex-

2089 1616 2212 1664 tum
2224 1610 2403 1664 octavi
2427 1609 2555 1663 libri
2568 1626 2669 1680 per
2688 1607 3022 1672 Palladium,
3038 1611 3095 1660 et
3120 1604 3255 1659 noni
3283 1619 3384 1675 per
3412 1603 3687 1657 Joannem

2093 1698 2408 1765 Moschum,
2461 1698 2557 1769 qui
2596 1702 2728 1752 ante
2766 1696 2955 1751 Graece
3000 1711 3112 1749 non
3148 1693 3494 1765 prodierant.
3526 1692 3693 1745 Nunc

484 1781 727 1834 Advorte
756 1780 953 1851 quinto
972 1804 984 1837 :
1003 1778 1179 1834 sicubi
1208 1795 1276 1833 ea
1301 1784 1595 1833 auctorum
1623 1769 2071 1833 convenientiaB
2093 1789 2285 1843 Graeca
2309 1804 2506 1842 eorum
2535 1786 2705 1841 editio
2745 1784 3078 1840 parisiensis
3106 1783 3289 1837 varios
3316 1783 3692 1853 interpretum

413 1873 671 1924 occurrat
707 1869 765 1922 in
793 1868 1049 1938 margine
1068 1870 1090 1891 '
1116 1867 1231 1921 fere
1262 1867 1449 1920 notavi
1480 1866 1832 1937 singulorum
1867 1868 2007 1933 loca,

414 1962 479 2013 ut
503 1975 563 2012 se
590 1962 787 2011 mutuo
807 1957 1174 2011 illustrarent.
1209 1956 1443 2020 Qualem
1467 1956 1526 2009 in
1556 1955 1748 2009 multis
1764 1956 2012 2027 reperies

412 2046 564 2101 inter
592 2045 798 2101 librum
826 2045 1134 2100 secundum
1164 2045 1392 2110 Ruffini,
1418 2044 1734 2099 Palladium
1761 2046 2006 2112 Herveti,

413 2134 729 2189 Heraclidis
757 2134 1184 2199 Paradisum,et
1213 2133 1524 2187 Palladium
1552 2150 1618 2187 ex
1629 2135 1803 2189 veteri
1834 2135 2013 2189 inter-

414 2222 749 2294 pretatione.
792 2221 1078 2276 Ruffinum
1104 2227 1161 2275 et
1187 2221 1503 2275 Palladium
1535 2222 1759 2275 Herveti
1791 2223 1940 2277 inter
1957 2240 2017 2277 se

415 2310 698 2378 commisi;
722 2310 1057 2365 Paradisum
1078 2310 1390 2363 Heraclidis
1404 2327 1505 2380 per
1530 2311 1844 2365 Palladium
1880 2313 2017 2366 Her-

413 2400 525 2454 veti
556 2399 829 2454 illustravi
861 2417 874 2466 ;
907 2398 1224 2453 Palladium
1254 2415 1324 2452 ex
1357 2398 1528 2452 veteri
1555 2399 2018 2471 interpretatione

412 2505 543 2544 cum
573 2488 884 2543 Heraclidis
914 2487 1183 2542 Paradiso
1214 2488 1552 2558 comparavi.
1595 2489 1773 2543 Multa
1797 2506 2017 2561 quoque

415 2578 614 2633 eadem
643 2577 889 2649 reperies
905 2577 963 2631 in
994 2576 1133 2631 libro
1168 2591 1226 2632 In
1254 2576 1485 2643 Rufﬁni,
1515 2577 2013 2649 Pelagio,Joanne,

416 2667 743 2735 Paschasio,
769 2682 1011 2738 quorum
1039 2665 1394 2720 concordiam
1416 2665 1477 2719 in
1491 2666 1745 2737 margine
1761 2671 2014 2721 notatam

419 2755 687 2811 invenies.

488 2843 733 2898 Adverte
752 2846 908 2897 sexto
926 2861 941 2897 :
958 2846 1025 2896 ut
1036 2841 1367 2913 compendio
1388 2842 1835 2900 convenientiam
1859 2844 2015 2898 illam

416 2932 672 2999 citarem,
712 2948 839 2986 cum
884 2947 1083 2985 novem
1135 2930 1473 3001 posteriores
1514 2930 1663 2997 libri,
1720 2932 1777 2985 in
1815 2932 2018 3003 quibus

418 3022 671 3095 ejusdem
702 3021 783 3076 rei
802 3021 1042 3093 repetita
1069 3021 1318 3075 narratio
1359 3020 1599 3075 maxime
1637 3023 1899 3088 occurrit,
1932 3025 2018 3078 vel

2094 1894 2313 1932 errores
2336 1876 2565 1942 detexit,
2583 1880 2640 1930 et
2650 1874 2843 1930 multis
2862 1873 3174 1929 tenebrosis
3186 1872 3325 1927 locis
3350 1870 3527 1926 facem
3554 1887 3695 1941 prm-

2094 1966 2252 2020 luxit.
2288 1966 2619 2021 Notationes
2649 1980 2870 2035 quoque
2898 1962 3135 2017 subinde
3164 1961 3313 2027 auxi,
3346 1966 3404 2015 et
3433 1958 3694 2032 inprimis

2097 2056 2514 2121 Onomasticon,
2537 2054 2687 2125 quod
2704 2054 2761 2107 id
2786 2053 3094 2107 multorum
3109 2056 3301 2105 votum
3321 2055 3485 2112 esset,
3519 2048 3694 2103 maxi-

2097 2162 2190 2200 me
2210 2144 2624 2215 religiosorum,
2660 2141 2863 2214 quibus
2884 2158 2998 2196 non
3025 2142 3274 2214 suppetit
3298 2140 3567 2196 librorum
3598 2155 3694 2194 co-

2099 2235 2209 2306 pia,
2229 2250 2331 2288 nec
2341 2250 2504 2287 usum
2526 2232 3047 2303 lexicographorum
3061 2235 3119 2285 et
3128 2230 3448 2284 criticorum
3459 2228 3691 2294 habent,

2100 2325 2196 2395 qui
2240 2340 2357 2377 rem
2400 2322 2779 2393 antiquariam
2816 2326 3082 2375 tractant.
3141 2322 3435 2374 Accessere
3470 2335 3694 2390 quoque

2099 2417 2216 2466 tres
2233 2411 2361 2466 novi
2391 2410 2620 2476 indices,
2649 2426 2799 2464 unus
2829 2426 3115 2463 sacrarum
3136 2409 3574 2479 Scripturarum,
3608 2407 3693 2460 al-

2099 2505 2189 2554 ter
2215 2498 2565 2565 concionum,
2599 2498 2868 2552 ettertius
2894 2502 3189 2551 auctorum
3220 2496 3279 2550 in
3309 2493 3694 2549 notationibus

2100 2589 2512 2655 adductorum;
2545 2603 2685 2658 quos
2726 2586 2959 2657 reliquis
2988 2590 3120 2641 ante
3158 2585 3306 2640 datis
3337 2585 3578 2640 insertos
3607 2583 3694 2637 vel

2101 2677 2389 2732 subsertos
2417 2677 2685 2732 invenies.

2167 2767 2410 2821 Adverte
2444 2782 2611 2833 nono,
2651 2766 2757 2820 etsi
2785 2765 2908 2820 alia;
2946 2764 3229 2819 nonnullae
3256 2763 3383 2817 vitae
3418 2761 3695 2817 Eremita-

2098 2872 2226 2925 rum
2256 2856 2632 2911 Orientalium
2665 2855 2795 2909 hinc
2814 2854 2945 2909 inde
2968 2855 3120 2925 typis
3139 2853 3301 2908 editae
3330 2852 3461 2918 sint,
3480 2857 3538 2906 et
3566 2852 3696 2923 plu-

2098 2920 2190 2998 res
2201 2962 2268 2999 ex
2284 2946 2325 2999 Μ
2335 2963 2408 2998 ss.
2428 2944 2548 2999 erui
2562 2944 2798 3016 possint,
2822 2944 2952 3015 quia
2962 2948 3155 2997 tamen
3168 2942 3491 2996 institutum
3504 2956 3696 2995 meum

2101 3050 2213 3089 non
2233 3034 2343 3088 fuit
2353 3034 2606 3089 omnium
2629 3033 2995 3088 eremitarum
3014 3032 3173 3087 Vitas
3187 3031 3537 3103 conquirere,
3565 3035 3622 3084 et
3638 3029 3696 3084 in

416 3114 704 3164 auctorem
715 3112 931 3163 certum
943 3107 1189 3163 habeant
1202 3108 1289 3162 vel
1303 3108 1689 3186 interpretem,
1712 3108 1805 3163 ubi
1821 3115 2019 3164 auctor
2033 3125 2077 3187 α
2099 3140 2277 3178 unum
2292 3124 2499 3178 fascem
2509 3123 2789 3194 conigere,
2814 3122 2911 3177 sed
2935 3127 3157 3176 tantum
3176 3119 3696 3175 decantaﬁssimum

418 3204 606 3253 certus
627 3202 728 3261 est,
766 3214 896 3251 eum
919 3197 1110 3264 citavi;
1142 3196 1238 3251 ubi
1267 3196 1339 3251 de
1365 3214 1430 3251 eo
1458 3197 1645 3251 minus
1665 3203 1904 3265 constat,
1937 3200 2019 3253 in-

418 3286 684 3359 terpretis
711 3302 917 3341 nomen
928 3286 1169 3356 margini
1191 3286 1453 3357 apposui.
1484 3285 1867 3357 Verbigratia,
1895 3304 2018 3358 quae

418 3377 580 3449 paria
607 3381 877 3431 ocurrunt
903 3375 1061 3430 libris
1079 3375 1343 3442 secundo,
1375 3375 1563 3442 tertio,
1597 3376 1692 3446 qui
1723 3374 2018 3431 Rufﬁnum

433 3472 747 3538 agnoscunt
771 3466 858 3520 vel
868 3470 1153 3520 auctorem
1168 3465 1254 3519 vel
1276 3464 1642 3535 interpretem
1659 3483 1671 3531 ;
1688 3472 1908 3535 quarto,
1923 3466 2019 3536 qui

420 3560 683 3627 excerpta
709 3553 881 3608 habet
907 3571 973 3608 ex
1003 3555 1206 3608 Severo
1235 3553 1483 3623 Sulpicio
1496 3553 1777 3606 etJoanne
1807 3553 2022 3608 Cassia-

421 3660 525 3711 no;
559 3649 770 3709 octavo,
790 3643 886 3712 qui
898 3642 1241 3695 Palladium:
1276 3656 1442 3705 nono,
1463 3640 1558 3711 qui
1569 3640 2014 3711 Theodoretum;

422 3730 661 3797 decimo,
683 3730 779 3800 qui
801 3731 1075 3784 Joannem
1088 3728 1381 3783 Moschum
1400 3734 1807 3799 repraesentant
1834 3735 2022 3784 aucto-

421 3835 549 3887 res;
578 3823 801 3873 tantum
820 3818 879 3872 in
902 3818 1159 3889 margine
1188 3818 1297 3871 cito
1319 3822 1613 3871 auctorum
1632 3818 1863 3873 nomina
1891 3835 2021 3873 cum

423 3906 701 3977 capitibus
728 3906 813 3960 vel
849 3906 1118 3973 numeris,
1155 3910 1324 3978 prout
1344 3906 1618 3977 cujusque
1637 3905 1782 3960 liber
1807 3907 1891 3961 vel
1922 3924 2022 3979 per

424 3994 610 4066 capita
641 3995 729 4049 vel
757 4011 858 4067 per
883 4011 1150 4049 numeros
1179 3995 1432 4065 digestus
1445 3994 1534 4048 hic
1563 3994 1860 4066 reperitur.
1878 3995 2022 4050 Rur-

499 4263 522 4285 "
561 4261 675 4317 Has
703 4267 866 4318 notas
894 4263 952 4317 in
966 4268 1179 4319 textum
1210 4262 1603 4318 interuncinos
1619 4262 2018 4318 revocavimus.

427 4350 588 4406 Eorr.

2100 3212 2358 3267 Vitarum
2380 3213 2612 3267 Patrum
2640 3211 2864 3277 librum,
2890 3211 2986 3282 qui
3013 3216 3144 3265 ante
3167 3215 3395 3265 centum
3424 3213 3699 3264 annosto-

2101 3301 2208 3355 ties
2236 3317 2402 3355 cusus
2434 3318 2775 3373 recususque
2799 3301 2923 3363 fuit,
2967 3316 3259 3354 recensere
3288 3305 3346 3354 et
3360 3299 3644 3354 illustrare
3677 3318 3692 3368 ;

2100 3390 2287 3445 studio
2316 3390 2562 3445 abstinui
2579 3390 2855 3462 areliquis
2885 3389 3240 3459 indagandis.
3276 3391 3330 3444 Is
3358 3389 3510 3443 enim
3538 3387 3698 3443 labor

2101 3496 2304 3533 novum
2344 3480 2503 3534 facile
2541 3486 2758 3534 tomum
2787 3479 3093 3533 extundere
3134 3484 3343 3549 posset.
3379 3479 3517 3533 Mihi
3547 3494 3696 3533 nunc

2101 3569 2239 3623 satis
2264 3568 2373 3623 fuit
2402 3569 2500 3624 SS.
2533 3570 2768 3647 Patrum
2791 3568 3049 3623 insistere
3060 3568 3328 3638 vestigiis,
3370 3568 3467 3639 qui
3493 3568 3595 3621 has
3621 3567 3698 3621 vi-

2103 3662 2189 3711 tas
2216 3658 2351 3711 olim
2382 3662 2440 3711 et
2466 3658 2727 3728 legerunt
2751 3658 3300 3712 etcommendarunt.

2175 3748 2290 3817 Ego
2310 3763 2440 3801 vero
2468 3752 2543 3814 te,
2561 3747 2641 3801 mi
2667 3747 2862 3813 lector,
2884 3764 2999 3802 non
3023 3747 3151 3802 unis
3174 3747 3320 3802 votis
3335 3752 3596 3818 rogatum
3606 3764 3699 3802 ve-

2102 3836 2200 3890 lim
2224 3841 2290 3891 ut
2300 3836 2480 3890 Deum
2509 3835 2649 3890 mihi
2662 3836 2776 3890 tuis
2802 3834 3062 3907 precibus
3090 3837 3395 3908 propitium
3420 3837 3604 3891 facere
3615 3837 3698 3891 di-

2100 3925 2313 3995 gneris,
2346 3925 2429 3978 uti
2450 3941 2515 3979 ea
2541 3941 2664 3996 quae
2688 3925 2776 3979 his
2801 3924 2961 3980 libris
2987 3930 3306 3980 tractantur
3331 3926 3418 3979 vel
3437 3942 3504 3981 ex
3533 3931 3695 3998 parte

2101 4005 2290 4075 aliqua
2320 4003 2571 4058 moribus
2604 4005 2831 4076 vitaque
2868 4007 3180 4077 exprimere
3219 4006 3458 4077 possim;
3491 4023 3563 4061 ne
3587 4007 3695 4061 sim

308 4154 331 4164 ἴ
429 4098 527 4139 sus
556 4100 685 4139 vero
714 4100 841 4139 cum
870 4084 929 4138 in
944 4084 1197 4154 margine
1217 4083 1427 4138 citandi
1454 4083 1739 4138 suntliber
1766 4084 2016 4155 quintus,
2045 4099 2090 4153 υ
2108 4084 2436 4155 planevelut
2460 4101 2535 4138 aes
2547 4100 2752 4139 sonans
2765 4085 3151 4157 etcymbalum
3174 4085 3440 4141 tinniens.
3476 4087 3563 4141 Ita
3589 4086 3693 4141 tibi

2105 4174 2275 4239 Deus,
2316 4173 2682 4228 eremitarum
2712 4174 3150 4245 suffragantibus
3178 4176 3413 4243 meritis,
3446 4175 3691 4231 favorem

2102 4278 2325 4317 omnem
2340 4278 2614 4334 opemque
2633 4262 2864 4334 aspiret.
2878 4263 3032 4331 Vive,
3058 4264 3198 4332 vale,
3213 4265 3325 4319 mei
3337 4265 3487 4337 apud
3513 4266 3691 4321 Deum

2100 4368 2337 4408 memor.
