4046 6212
355 286 3626 314 M—

348 311 3633 346 Ἥ

680 499 1598 780 νΙΤᾸΕ
1902 507 1955 776 l

2044 505 3316 787 ’ATRUM

1897 906 2086 975 SIVE

509 1109 1792 1284 HISTORUE
1953 1120 3484 1294 EREMITICAE.

1352 1389 1839 1523 LIBRI
1940 1398 2612 1531 DECEM.

1500 1648 1803 1714 Collationes
1832 1651 2046 1714 Patrum,
2080 1656 2125 1700 et
2153 1652 2396 1714 instituta,
2438 1659 2483 1701 et
2519 1652 2642 1704 Vitae
2667 1665 2847 1713 eorum,
2874 1658 2919 1699 et
2953 1652 3127 1712 Regula
3153 1650 3206 1700 S.
3252 1649 3308 1698 N.
3339 1650 3396 1699 P.
3438 1650 3627 1711 Basilii,

1563 1710 1674 1776 quid
1701 1712 1831 1761 aliud
1864 1710 2114 1776 sunt,nisi
2143 1714 2257 1763 bene
2294 1710 2557 1764 viventium
2600 1721 2644 1763 et
2689 1710 3389 1776 obedientium‘monacborum
3414 1716 3625 1776 exempla

1561 1773 1606 1840 et
1633 1773 1954 1840 instrumenta
1979 1775 2210 1840 virtutum
2232 1776 2259 1840 ‘i
2282 1776 2358 1838 (S.
2390 1778 2707 1840 Benedictus,
2738 1778 2936 1840 Regula
2972 1790 3205 1840 sweep.
3231 1774 3342 1836 ult.)

1498 1835 1536 1883 Ο
1562 1835 1804 1901 desertum
1831 1838 2029 1901 floribus
2054 1837 2245 1901 Christi
2272 1835 2507 1887 vernans!
2546 1840 2583 1888 Ο
2611 1835 2823 1888 solitudo
2853 1839 2902 1886 in
2928 1852 3020 1901 qua
3047 1838 3121 1901 illi
3143 1835 3625 1901 nascunturlapides

1559 1899 1616 1969 de
1642 1898 1815 1969 quibus
1840 1899 1890 1949 in
1917 1900 2211 1969 Apocalypsi
2237 1901 2407 1949 civitas
2446 1901 2608 1962 magni
2647 1901 2772 1962 regis
2802 1898 3067 1950 exstruitur
3090 1899 3101 1948 l
3130 1899 3168 1948 Ο
3189 1912 3375 1948 aremus
3418 1898 3630 1948 familia-

1562 1960 1667 2009 rius
1687 1960 1785 2011 Deo
1809 1960 2049 2023 gaudens!

2088 2024 2467 2090 (Hieronymus,
2492 2026 2636 2089 epist.
2662 2025 2685 2075 1
2716 2025 2782 2074 ad
2810 2024 3159 2085 Heliodorum,
3185 2022 3242 2072 de
3269 1987 3414 2073 laude
3434 2022 3628 2085 eremi.)

340 2176 3623 2205 M—

744 2334 1526 2438 PII/ELUDIA
1631 2342 1832 2439 Al)
1939 2342 2513 2442 LIBRUM
2619 2343 3247 2442 PRIMUM.

1760 2677 2286 2816 futuri.

422 2923 489 2985 3
514 2919 663 2984 Quia
690 2921 852 2976 divus
883 2923 1261 2997 Hieronymus
1290 2927 1400 2982 hoc
1432 2926 1574 2983 libro
1603 2928 1787 3000 primo
1817 2924 1962 3000 saepe
1992 2927 2407 3001 interloquitur.
2436 2930 2718 3001 idemque,
2753 2931 3009 2987 arctioris
3035 2933 3160 2989 vitae
3190 2934 3451 2990 incensus
3483 2934 3633 2989 desi-

354 3008 536 3075 derio,
574 3010 842 3065 eremitas
869 3012 1001 3068 olim
1029 3014 1237 3081 invisit,
1280 3017 1450 3088 inque
1498 3034 1685 3072 eremo
1723 3034 1901 3072 annos
1944 3019 2161 3089 aliquos
2202 3019 2364 3087 vixit;
2408 3019 2621 3091 placuit
2651 3017 2741 3073 hic
2769 3015 2923 3069 brevi
2952 3018 3199 3089 synopsi,
3238 3019 3342 3073 viae
3396 3021 3632 3092 vitaque

351 3100 480 3169 ejus
508 3100 792 3171 periodos,
826 3118 937 3172 qua
966 3105 1452 3175 peregrinationes
1481 3108 1602 3178 ejus
1632 3112 1906 3180 spectant,
1942 3108 2118 3162 oculis
2147 3108 2419 3178 sujicere;
2456 3109 2526 3162 ad
2555 3106 2881 3163 nonnullam
2904 3123 3098 3161 eorum
3123 3108 3329 3175 lucem,
3369 3127 3491 3181 qua:
3518 3111 3630 3165 lec-

348 3194 518 3244 turus
547 3206 627 3243 es.
662 3191 813 3255 Quos
838 3208 903 3245 ex
933 3193 1299 3250 illustrissimi
1321 3197 1620 3252 cardinalis
1646 3197 1871 3253 Baronii
1896 3195 2300 3253 laudatissimis
2325 3195 2637 3251 Annalibus
2662 3195 3006 3263 concinnavi,
3033 3202 3096 3250 ut
3124 3213 3326 3269 magno
3352 3198 3491 3254 duce
3520 3199 3632 3254 divi

351 3278 690 3352 Hieronymi
723 3283 1060 3338 consecteris
1089 3285 1347 3356 vestigia.

1008 3589 1253 3694 DIVI
1328 3590 1990 3696 HIEBONYMI
2069 3591 2969 3699 PEREGRINATIO.

376 3931 507 3987 Divi
539 3930 875 3995 Hieronymi
896 3932 1215 3999 primordia
1243 3935 1291 3985 et
1316 3933 1580 4001 profectio
1604 3932 1911 3989 Gallicam.
1970 3935 2015 3993 Α
2036 3932 2321 3987 Donatum
2346 3933 2595 4001 audivit;
2621 3933 2807 4004 ipsum
2838 3932 2988 3987 enim
3017 3948 3185 3987 suum
3212 3932 3470 3987 nominat
3489 3948 3635 4002 prte-

422 4017 591 4073 Anno
621 4018 832 4071 Christi
857 4017 981 4072 342.
1015 4020 1212 4073 Baron.
1265 4025 1396 4074 tom.
1444 4022 1544 4086 III,
1586 4022 1784 4086 Adam,
1828 4019 1953 4077 372.

349 4132 413 4146 -
446 4106 632 4179 Natus
663 4111 745 4160 est
769 4106 1053 4173 Stridone,
1084 4108 1288 4179 oppido
1308 4108 1368 4162 in
1387 4109 1685 4175 Dalmatia,
1710 4110 1959 4164 honestis

353 4193 585 4266 quidem
601 4194 952 4265 parentibus,
979 4201 1037 4251 et
1050 4195 1379 4252 substantiis
1398 4198 1550 4252 haud
1564 4198 1792 4265 inﬁmis,
1819 4215 1959 4269 quas

350 4290 555 4355 postea
571 4300 674 4354 pro
703 4284 1070 4339 aediﬁcatione
1085 4285 1413 4341 monasterii
1440 4304 1541 4358 per
1563 4286 1958 4342 Paulinianum

351 4372 593 4427 fratrem
621 4372 881 4427 distraxit
910 4375 1084 4442 (Hier.
1118 4391 1200 4444 ep.
1222 4375 1309 4445 26)
1346 4394 1361 4444 ;
1387 4392 1502 4431 non
1523 4376 1754 4431 enimde
1773 4377 1956 4449 seipso

350 4461 454 4515 sed
484 4462 558 4516 de
586 4462 936 4533 voluptuosis
954 4463 1169 4518 clericis
1198 4470 1368 4537 atque
1399 4466 1708 4533 monachis,
1733 4482 1798 4520 ex
1825 4482 1960 4537 per-

353 4566 497 4605 sana
525 4556 719 4606 tamen
750 4568 855 4606 sua
882 4551 981 4607 illa
1009 4552 1090 4606 ait
1116 4554 1284 4623 (Hier.
1318 4556 1472 4623 epist.
1492 4553 1552 4625 2)
1584 4573 1598 4608 :
1633 4573 1662 4608 α
1692 4555 1874 4609 Natus
1896 4554 1954 4609 in

351 4655 608 4711 paupere
637 4640 805 4696 domo
845 4647 902 4696 et
926 4642 985 4696 in
1003 4642 1231 4712 tugurio
1247 4643 1547 4709 rusticano,
1566 4644 1663 4715 qui
1687 4643 1777 4698 vix
1799 4643 1955 4700 milio

352 4734 417 4782 et
426 4728 642 4783 cibario
655 4746 799 4801 pane
810 4730 1128 4802 rugientem
1144 4737 1398 4787 saturare
1413 4737 1668 4804 poteram
1679 4737 1926 4788 ventrem
1935 4772 1949 4799 ,

352 4832 509 4873 nunc
538 4818 785 4874 similam
816 4826 875 4874 et
909 4820 1077 4875 mella
1112 4820 1360 4888 fastidio,
1394 4832 1424 4872 ‘2
1467 4826 1574 4875 etc.

425 4907 715 4964 Bonosum
742 4908 942 4964 habuit
962 4909 1367 4964 collactaneum
1383 4910 1561 4980 (Hier.
1590 4912 1744 4980 epist.
1768 4910 1831 4965 41
1832 4910 1880 4981 ),
1901 4915 1958 4964 et

350 5012 485 5051 cum
512 4997 714 5051 eodem
739 4998 945 5053 coaluit
971 4998 1030 5052 in
1060 4997 1384 5053 liberalibus
1402 4998 1732 5070 disciplinis,
1753 4999 1957 5071 praedi-

348 5084 469 5139 vite
492 5084 856 5141 adolescente
882 5105 896 5154 ;
920 5103 955 5141 a
970 5102 1146 5158 puero
1178 5087 1328 5141 enim
1350 5086 1684 5142 excolendus
1700 5085 1958 5142 bonislit-

2039 4027 2327 4092 ceptorem
2365 4024 2636 4088 (Hieron.,
2672 4025 2733 4075 in
2764 4022 2966 4077 Chron.
2995 4038 3144 4075 anno
3171 4021 3242 4076 20
3271 4021 3630 4093 Constantii),

2039 4116 2188 4177 tum,
2233 4116 2298 4164 ut
2329 4110 2449 4181 ipse
2495 4110 2671 4165 tradit
2703 4111 2894 4179 (Hier.,
2942 4112 3036 4163 tib.
3062 4123 3082 4162 Ι
3113 4115 3256 4163 cont.
3289 4113 3473 4177 Pelag.
3504 4113 3635 4164 etin

2039 4201 2213 4268 Epist.
2237 4201 2312 4253 ad
2332 4199 2451 4254 Gal.
2484 4215 2600 4268 cap.
2626 4203 2706 4268 Il),
2737 4198 3067 4253 scholastico
3094 4215 3249 4252 more
3278 4199 3414 4253 lusit
3432 4200 3489 4253 in
3511 4215 3640 4253 con-

2039 4287 2325 4342 troversiis
2348 4287 2748 4341 declamandis.
2780 4286 2861 4341 Ibi
2890 4287 3083 4341 adulta
3112 4292 3279 4341 aetate
3311 4303 3469 4340 sacro
3498 4287 3636 4357 bap-

2038 4376 2207 4431 tismo
2226 4376 2484 4431 initiatus
2504 4382 2591 4431 est
2621 4377 2814 4447 (Hier.,
2839 4378 2993 4446 epist.
3020 4374 3133 4446 57.)
3170 4394 3181 4430 :
3214 4391 3325 4446 quo
3352 4380 3632 4445 suscepto,

2039 4466 2206 4538 paulo
2239 4465 2568 4520 solutiorem
2600 4465 2794 4533 vitam,
2839 4482 3011 4537 quam
3055 4469 3325 4536 gesserat,
3369 4462 3636 4517 continuo

2038 4554 2359 4609 emendavit
2380 4572 2393 4621 ;
2414 4571 2546 4608 nam
2589 4560 2649 4619 4
2679 4553 2855 4626 priori
2885 4555 3092 4609 amissa
3118 4552 3368 4624 corporis
3397 4550 3635 4623 integri-

2037 4648 2172 4710 tate,
2215 4642 2541 4710 secundam,
2572 4660 2743 4715 quam
2771 4648 2933 4698 vocat
2959 4642 3362 4698 continentiam
3390 4646 3517 4713 post
3546 4640 3638 4696 ba-

2036 4732 2325 4804 ptismum,
2348 4732 2591 4788 servavit
2601 4732 3020 4787 immaculatam
3036 4736 3191 4785 totus
3203 4730 3311 4804 piis
3331 4730 3528 4786 ofﬁciis
3543 4731 3637 4785 de-

2037 4821 2189 4876 ditus
2216 4837 2332 4876 una
2359 4838 2489 4876 cum
2508 4822 2763 4892 ejusdem
2811 4821 3057 4875 instituti
3102 4819 3388 4875 sodalibus
3432 4820 3631 4891 (Hier.,

2037 4912 2260 4979 Apolog.
2279 4927 2387 4980 pro
2420 4912 2529 4965 lib.‘
2555 4911 2679 4964 adv.
2706 4910 2938 4980 Jovin.),
2962 4908 3197 4979 singulis
3226 4908 3422 4963 diebus
3447 4909 3636 4964 Domi-

2038 4999 2180 5054 nicis
2214 5001 2297 5069 (ut
2324 4999 2443 5071 ipse
2471 4998 2648 5054 tradit
2665 4996 2943 5070 [Hieron.,
2961 5001 3025 5052 in
3050 4998 3240 5053 Ezech.
3269 5015 3315 5052 ο.
3346 4998 3472 5068 x1.])
3495 4998 3636 5052 invi-

2037 5086 2197 5142 sebat
2209 5088 2267 5142 in
2278 5086 2664 5143 subterraneis
2673 5084 3010 5140 ccemeteriis
3024 5084 3293 5156 reliquias
3312 5091 3635 5152 sanctorum

350 5174 495 5228 teris
521 5174 765 5229 traditus
794 5181 881 5230 est
918 5175 1285 5247 praeceptori;
1311 5176 1381 5230 de
1407 5193 1518 5248 quo
1548 5176 1667 5248 ipse
1700 5178 1951 5244 (Hieron.
1967 5216 2013 5276 Β
2035 5182 2352 5249 martyrum
2394 5195 2406 5242 ;
2450 5176 2703 5246 mhilque
2727 5175 2944 5229 caeteris
2975 5174 3174 5229 diebus
3206 5174 3306 5229 otii
3333 5173 3439 5228 sibi
3468 5174 3637 5237 relin-

348 5264 580 5331 Apolog.
606 5266 821 5319 advers.
844 5266 1073 5334 Rufﬂn.)
1100 5283 1114 5320 :
1152 5282 1177 5315 «
1197 5265 1428 5319 Memini
1455 5282 1546 5319 me
1571 5281 1812 5337 puerum
1831 5262 2013 5319 οων-ν
2037 5283 2233 5338 quens,
2270 5270 2424 5319 totus
2461 5269 2586 5319 erat
2617 5263 2678 5318 in
2701 5264 3082 5319 describendis
3119 5262 3277 5317 libris
3319 5281 3333 5330 ;
3375 5263 3457 5316 sic
3483 5262 3635 5316 enim

352 5351 558 5405 sitasse
570 5368 672 5424 per
692 5353 921 5408 cellulas
935 5352 1305 5422 servulorum,
1320 5353 1471 5408 diem
1480 5353 1743 5408 feriatum
1757 5354 1955 5409 duxis-

352 5456 419 5495 se
437 5440 673 5508 lusibus,
698 5447 756 5496 et
790 5443 862 5497 ad
891 5441 1168 5498 Orbilium
1202 5443 1542 5509 saevientem,
1565 5443 1635 5497 de
1663 5443 1800 5499 avia:
1828 5444 1956 5498 sinu

349 5536 606 5586 tractum
626 5547 747 5585 esse
777 5532 1083 5603 captivum.
1110 5554 1138 5582 ι

431 5619 671 5681 Romam
685 5621 915 5681 veniens
939 5636 1068 5677 cum
1097 5621 1294 5676 eodem
1318 5620 1498 5697 ipsius
1510 5621 1709 5692 gentili
1732 5622 1951 5680 Bonoso

2034 5354 2430 5409 bibliothecam
2449 5354 2640 5408 Romae
2664 5370 2888 5409 summo
2916 5353 3103 5407 studio
3122 5357 3293 5423 atque
3320 5350 3510 5405 labore
3527 5350 3631 5405 sibi

2037 5443 2338 5498 confecisse
2364 5446 2611 5498 testatur
2637 5444 2813 5515 (Hier.
2835 5460 2915 5512 ep.
2944 5441 3059 5513 22).

2108 5533 2173 5588 In
2205 5532 2419 5587 Gallias
2431 5538 2561 5604 post
2574 5532 2694 5587 haec
2708 5532 3101 5605 peregrinatus
3117 5546 3245 5584 cum
3258 5528 3378 5599 ipso
3389 5530 3629 5593 Bonoso,

2039 5622 2234 5680 eadem
2252 5621 2349 5678 siti
2358 5622 2656 5691 librorum,
2676 5621 2932 5679 Treveris
2951 5620 3130 5677 sancti
3149 5618 3351 5675 Hilarii
3372 5616 3543 5672 libros
3561 5616 3632 5670 de
