3990 6194
376 373 442 431 91
1422 373 1804 430 PRELUDIA
1841 375 1938 429 AD
1976 374 2252 434 LIBRUM
2290 379 2594 436 PRIMUM.

3561 344 3643 446 9'2

380 503 801 574 Synodismanu
816 518 919 556 sua
930 501 1516 579 descripsit;aliosquc
1543 501 1618 564 ibi
1640 501 1853 572 positus
1875 518 1970 567 nne
1987 503 2252 570 Adeinde
2283 523 2384 576 per
2430 506 2681 570 Ciliciam
2707 507 2765 570 in
2797 507 3019 588 Syriam
3047 510 3421 580 descendisse,
3455 520 3519 580 5
3546 514 3642 568 ubi

377 593 565 663 tiquos
575 592 824 656 Codices,
837 608 973 652 usus
983 608 1154 662 opera
1165 592 1472 652 amicorum
1489 597 1656 662 atque
1668 592 1816 654 inter
1830 590 1970 654 alios

379 681 670 746 Florentii,
705 679 1098 744 describendos
1124 681 1338 742 curavit
1363 682 1556 749 (Hicin,
1587 685 1740 749 epist.
1764 679 1797 734 6
1816 687 1864 738 et
1895 679 1966 751 4).

378 770 886 838 ProfectioSyriaca
894 775 1010 838 post
1023 772 1208 824 varias
1218 771 1568 838 orbisprovin
1577 773 1688 823 eia:
1701 773 1968 824 lustratos

448 861 611 914 Anno
637 859 846 913 Christi
874 855 996 912 370.
1028 861 1250 923 Baron.,
1269 858 1346 911 ad
1364 874 1503 912 ann.
1523 856 1646 914 372.
1662 889 1707 898 -
1721 859 1970 928 Contigit

379 953 568 1004 autem
596 952 724 1018 post
752 947 871 1001 hinc
904 952 970 1000 ut
995 947 1091 1018 qui
1121 947 1294 1001 semel
1325 947 1674 1018 peregrinari
1705 952 1970 1018 cmperat,

379 1036 652 1109 proﬁcisci
684 1053 904 1106 quoque
934 1036 991 1089 in
1024 1036 1309 1090 Orientem
1323 1035 1379 1088 in
1394 1035 1644 1090 animum
1666 1036 1968 1102 induxerit;

379 1126 435 1180 id
468 1125 695 1196 quidem
748 1142 876 1190 cum
907 1125 1258 1190 eruditionis,
1301 1130 1423 1189 tum
1469 1125 1641 1190 etiam
1689 1125 1972 1194 religionis

380 1231 550 1269 causa
581 1233 594 1281 ;
635 1220 701 1278 ut
729 1230 793 1271 ex
818 1213 924 1290 his,
951 1230 1074 1284 quis
1107 1214 1285 1284 gessit
1303 1214 1579 1286 inspicere
1607 1213 1755 1280 licet.
1793 1215 1968 1278 Porro

381 1302 845 1375 peregrinationis
865 1304 986 1372 ejus
997 1319 1119 1372 qua:
1139 1309 1436 1356 remanent
1445 1303 1680 1372 vestigia
1694 1310 1972 1357 assectan-

381 1398 487 1459 tes,
517 1391 754 1446 dicimus
783 1409 911 1446 eum
937 1408 1063 1444 cum
1103 1391 1320 1445 Bonoso
1351 1392 1554 1458 comite
1593 1409 1623 1450 e
1655 1391 1851 1454 Galliis
1889 1409 1974 1448 re-

381 1485 709 1540 vertentem.
733 1481 1048 1551 Aquileiam
1065 1479 1380 1551 pervenisse
1413 1481 1513 1551 (a),
1545 1481 1974 1554 consedisseque

381 1569 458 1623 ibi
487 1569 674 1638 aliquo
703 1569 972 1640 temporis
1001 1569 1202 1639 spatio,
1229 1569 1506 1623 fruiturus
1530 1570 1812 1623 consortio
1849 1587 1976 1624 san-

381 1657 756 1724 ctissimorum
784 1657 1049 1723 virorum,
1063 1657 1332 1720 nimirum
1343 1657 1524 1720 sancti
1535 1657 1838 1729 Valeriani,
1851 1659 1974 1730 ejus

381 1746 620 1801 civitatis
657 1752 784 1816 post
833 1746 1301 1800 Fortunatianum
1341 1747 1606 1818 episcopi,
1657 1748 1968 1813 Heliodori,

2052 593 2304 649 consedit
2357 595 2416 650 in
2456 596 2756 662 solitudine
2811 599 3120 660 monachus
3183 603 3354 674 (Hier.
3384 606 3539 671 epist.
3565 603 3640 673 4).

2054 683 2185 736 Haec
2210 684 2384 738 totius
2412 685 2538 755 ejus
2561 692 2648 748 est
2675 687 3148 766 peregrinationis
3203 691 3483 761 periodus,
3532 709 3647 747 una

2053 787 2178 826 cum
2204 773 2492 828 ﬁdissimis
2521 775 2838 841 comitibus,
2859 777 3092 848 Evagrio
3112 779 3437 851 presbytero
3452 781 3648 836 Antio-

2050 861 2225 915 cheno
2239 863 2334 931 (b),
2352 864 2696 930 Innocentio,
2715 865 3035 932 Heliodoro,
3059 872 3134 934 et,
3157 873 3222 922 ut
3238 867 3336 935 ait,
3359 885 3484 923 cum
3500 870 3646 942 Hyla

2053 951 2234 1004 sancti
2263 951 2490 1006 Melanii
2524 953 2752 1008 famulo.

2127 1039 2266 1092 Cum
2292 1039 2468 1109 igitur
2494 1041 2840 1111 reperiamus
2866 1042 3166 1112 Evagrium
3186 1043 3539 1099 individuum
3559 1062 3648 1100 co-

2055 1128 2249 1190 mitem
2277 1128 2450 1194 fuisse
2479 1131 2657 1194 sancti
2686 1131 3032 1204 Hieronymi,
3057 1149 3214 1206 aeque
3233 1133 3409 1196 etiam
3427 1150 3554 1192 cum
3579 1151 3646 1188 eo

2055 1216 2464 1292 Hieronymum
2493 1220 2916 1302 peregrinatum
2940 1238 3006 1284 ex
3033 1221 3336 1286 Occidente
3359 1223 3418 1288 in
3434 1223 3650 1294 Cappa-

2056 1305 2298 1370 dociam,
2358 1324 2461 1378 par
2509 1315 2596 1362 est
2631 1309 2880 1373 credere,
2941 1327 3069 1363 cum
3109 1311 3178 1364 de
3215 1328 3275 1364 se
3305 1311 3494 1366 tradat
3519 1312 3642 1383 ipse

2056 1395 2433 1467 Hieronymus
2444 1414 2570 1462 cum
2592 1414 2656 1457 eo
2673 1398 2982 1468 profectum
2993 1416 3114 1452 esse
3128 1399 3188 1453 in
3203 1401 3615 1471 Cappadociam
3628 1441 3640 1454 .

2057 1484 2186 1541 Haec
2214 1485 2388 1555 igitur
2419 1491 2484 1540 ut
2525 1503 2860 1550 asseramus,
2898 1488 3094 1542 eadem
3136 1494 3285 1542 certe
3316 1489 3647 1561 Hieronymi

2057 1579 2223 1644 atque
2245 1575 2463 1644 Evagrii
2481 1575 2538 1629 in
2561 1577 2972 1647 Cappadociam
3002 1577 3381 1649 peregrinatio
3411 1595 3646 1648 persua-

2056 1663 2169 1724 det.
2190 1663 2462 1733 Huncque
2488 1664 2676 1734 ipsum
2705 1665 3026 1735 Evagrium,
3055 1666 3124 1719 de
3146 1683 3258 1737 quo
3281 1671 3509 1721 sanctus
3531 1667 3643 1721 Ba-

2056 1751 2214 1805 silius
2245 1752 2504 1806 meminit
2529 1756 2741 1820 (Basil.,
2771 1758 2921 1822 epist.
2953 1755 3024 1822 8),
3054 1755 3317 1809 eumdem
3371 1773 3492 1810 esse
3519 1773 3649 1810 cum

381 1835 701 1913 Nepotiani,
734 1834 965 1895 Ruﬁini,
993 1835 1327 1905 Chromatii,
1356 1817 1556 1902 Jovini,
1589 1835 1832 1904 Eusebii,
1863 1817 2038 1892 Bo-B
2057 1841 2311 1910 Evagrio.
2331 1841 2649 1912 Hieronymi
2679 1843 2826 1896 socio
2850 1848 3020 1914 atque
3037 1844 3258 1908 comite,
3277 1861 3406 1898 cum
3418 1861 3644 1912 nomen,

380 1923 523 1989 nasi.
556 1923 844 1989 Florentii.
880 1923 1078 1984 Nicaeae
1104 1922 1450 1991 subdiaconi,
1485 1924 1834 1996 Chrysogoni
1857 1941 1973 1980 mo-

381 2013 548 2066 nachi
571 2031 586 2066 :
617 2012 688 2065 ad
715 2029 854 2082 quos
875 2011 1315 2078 omnes,intimae
1337 2013 1964 2076 necessitudinistestes,

382 2101 635 2170 ejusdem
667 2100 994 2172 Hieronymi
1008 2100 1210 2155 littere
1233 2105 1461 2154 exstant
1495 2103 1686 2170 (Ilien,
1713 2105 1849 2171 epist
1873 2100 1967 2170 4i,

382 2188 470 2258 42,
504 2187 592 2256 43,
615 2189 732 2259 44).

453 2279 668 2332 Horum
702 2277 875 2347 igitur
902 2277 1236 2332 suavissima
1281 2279 1686 2334 consuetudine
1716 2279 1974 2350 aliquan-

382 2367 558 2438 tisper
585 2367 848 2429 detentus
884 2373 971 2430 est
995 2373 1222 2430 sanctus
1262 2367 1638 2438 Hieronymus
1660 2369 1932 2448 Aquileia
1959 2387 1971 2444 ξ

382 2473 507 2511 cum
548 2455 678 2510 inde
709 2454 993 2510 discedere
1021 2455 1258 2525 cegitur,
1291 2458 1478 2510 nescio
1520 2474 1630 2528 quo
1674 2457 1975 2528 improviso

382 2562 574 2600 rerum
605 2550 826 2610 eventu,
859 2549 924 2598 ut
953 2545 1091 2615 ipse,
1119 2561 1184 2598 ex
1212 2562 1402 2598 eremo
1427 2546 1496 2599 ad
1526 2545 1814 2600 Rufﬁnum
1845 2547 1978 2600 seri-

381 2634 538 2699 bens,
583 2639 826 2688 testatur
857 2632 1041 2686 verbis
1075 2633 1222 2687 illis:
1263 2652 1289 2685 «
1333 2635 1634 2704 Postquam
1678 2651 1768 2688 me
1807 2652 1843 2688 a
1879 2641 1976 2689 tuo

383 2725 558 2777 latere
571 2722 790 2776 subitus
809 2720 976 2775 turbo
995 2722 1284 2788 convulsit,
1307 2728 1602 2793 postquam
1618 2723 1835 2794 glutino
1851 2724 1982 2786 cllas

384 2811 568 2865 ritatis
595 2811 901 2864 haerentem
921 2811 1094 2880 impia
1113 2811 1802 2879 distraxitavulsio(Hier.,
1820 2815 1972 2881 epist.

384 2900 445 2956 41
468 2923 494 2965 ·,
532 2919 556 2950 »
598 2906 726 2964 etc.,
767 2905 902 2952 tunc
935 2899 1192 2969 Aquileia
1213 2900 1496 2966 recedens,
1529 2901 1588 2953 in
1615 2901 1972 2966 Dalmatiam,

383 2988 626 3060 patrium
649 2989 852 3052 solum,
867 2988 1114 3052 veniens,
1137 3005 1386 3042 sororem
1398 2989 1776 3064 juvenculam,
1798 2990 1979 3044 aetatis

386 3086 601 3141 lubrico
631 3087 868 3156 lapsam,
897 3084 1140 3156 primum
1178 3085 1296 3140 viro
1325 3087 1566 3152 maxime
1607 3087 1698 3158 pio
1735 3088 1975 3164 Iuliano,

385 3175 481 3247 qui
510 3191 634 3229 eam
731 3152 1020 3229 meliorem
1042 3174 1262 3245 frugem
1291 3176 1557 3242 restituit,
1585 3152 1787 3231 deinde
1803 3152 2034 3232 etiame

383 3281 484 3336 per
510 3265 728 3319 litteras
754 3264 1076 3318 Chromatio
1096 3265 1504 3318 commendavit
1528 3267 1707 3336 (Hier.
1733 3270 1886 3335 epist.
1910 3265 1975 3321 37

385 3359 432 3408 et
464 3353 583 3422 43).

455 3442 690 3508 Quando
729 3446 920 3496 autem
957 3441 1257 3519 contigerit
1282 3447 1348 3497 ut
1376 3443 1497 3519 ipse
1535 3443 1613 3497 sic
1653 3445 1977 3498 monasticae

384 3532 508 3587 vitae
529 3531 832 3602 arripuerit
856 3531 1200 3596 institutum,
1233 3531 1487 3600 diligenti
1517 3549 1708 3585 rerum
1749 3548 1814 3585 ac
1837 3538 1978 3585 tem-

386 3637 586 3693 porum
632 3619 980 3674 discussione
1013 3619 1505 3692 pervestigandum
1539 3626 1642 3683 est.
1676 3622 1972 3684 Cisterum,

385 3709 532 3780 quod
562 3709 620 3763 in
649 3726 709 3762 re
741 3708 909 3762 dubia
933 3715 990 3761 et
1017 3707 1231 3762 incerta
1245 3724 1551 3774 versemur,
1586 3707 1878 3762 nitendum
1895 3714 1981 3762 est

384 3797 738 3866 conjecturis,
753 3797 988 3866 aliisque
1000 3796 1366 3865 argumentis,
1383 3795 1979 3867 quantumlibetvideri

385 3886 603 3958 possint
631 3902 666 3938 a
691 3886 856 3954 longe
884 3885 1062 3954 petita
1095 3903 1108 3950 ;
1168 3884 1247 3938 sic
1261 3884 1410 3938 enim
1443 3902 1589 3956 saepe
1623 3885 1826 3940 accidit
1875 3903 1977 3957 per

385 3963 654 4044 angustas
682 3973 914 4028 rimulae
944 3972 1262 4044 perspicere
1281 3973 1728 4044 quaeindagatur
1739 3975 1978 4030 sollicite

385 4063 610 4118 veritas.
1098 4129 1106 4134 _

455 4155 546 4218 At,
572 4151 801 4223 quodad
813 4151 958 4206 hanc
971 4168 1090 4206 rem
1109 4153 1372 4223 pertinet,
1394 4151 1547 4206 haud
1566 4151 1830 4208 assentiri
1848 4169 1977 4222 pos-

385 4259 578 4298 sumus
607 4243 930 4308 atiirmanti,
963 4241 1372 4312 Hieronymum
1401 4257 1529 4296 cum
1549 4239 1776 4296 Rufﬁno
1805 4245 1978 4312 atque

382 4333 632 4404 collegis,
672 4331 892 4386 itineris
928 4330 1112 4397 sociis,
1153 4330 1400 4401 primum
1436 4331 1845 4402 Jerosolymam
1877 4346 1977 4402 pe~

383 4421 705 4488 tiisse,inde
731 4436 860 4474 vero
889 4420 1039 4474 inter
1062 4436 1123 4473 se
1153 4419 1376 4486 divisos,
1402 4419 1689 4475 Ruﬂinum
1716 4421 1776 4474 in
1805 4420 1977 4490 Egy-

2055 1935 2177 1982 tum
2208 1947 2413 1984 munus
2443 1931 2793 2002 presbyterii,
2823 1938 2946 1986 tum
2977 1933 3178 2003 patria,
3221 1949 3425 2005 nempe
3452 1934 3648 1988 Antio-

2055 2018 2197 2084 chia,
2221 2035 2324 2072 nec
2353 2036 2466 2073 non
2497 2021 2650 2074 locus
2678 2021 2816 2091 ipse,
2849 2021 2998 2074 unde
3044 2022 3213 2083 venit,
3264 2022 3535 2077 nimirum
3581 2039 3648 2077 ex

2056 2107 2236 2172 Italia,
2271 2125 2426 2178 aeque
2454 2109 2862 2176 demonstrant,
2884 2110 3257 2181 eumdemque
3274 2110 3650 2180 Evagriumil-

2054 2197 2174 2254 lum
2199 2214 2339 2263 esse,
2367 2197 2464 2268 qui
2479 2199 2767 2269 egregiam
2781 2205 3082 2254 navaverat
3097 2215 3328 2270 operam
3348 2200 3648 2254 Mediolani

2057 2286 2324 2340 adversus
2351 2287 2712 2352 Auxentium,
2747 2288 2816 2342 de
2846 2305 2975 2360 quo,
2993 2288 3254 2342 adunum
3273 2288 3647 2343 excomitibus

2057 2374 2465 2440 Innocentium,
2507 2379 2640 2438 ante
2669 2376 3044 2459 Hiemnymus
3075 2375 3394 2455 scripserat,
3413 2393 3514 2430 nos
3545 2393 3647 2432 suo

2058 2462 2178 2516 loco
2208 2463 2505 2517 retulimus
2540 2465 2734 2530 (Hier,
2753 2469 2903 2534 epist.
2939 2465 3042 2528 119;.

2130 2552 2366 2616 Quando
2425 2559 2615 2607 autem
2657 2554 2925 2608 acciderit
2966 2554 3265 2625 Evagrium
3295 2555 3369 2609 ad
3387 2559 3646 2608 sanctum

2060 2641 2331 2694 Basilium
2349 2641 2410 2696 in
2441 2642 2848 2712 Cappadociam
2873 2643 3209 2714 pervenisse,
3241 2661 3307 2698 ex
3330 2644 3526 2698 eadem
3546 2644 3649 2698 Ba-

2059 2729 2168 2792 silii
2195 2730 2432 2801 epistola
2446 2747 2744 2801 possumus
2763 2731 3103 2802 intelligere,
3121 2749 3250 2803 qua,
3266 2739 3567 2804 antequam
3578 2733 3650 2787 de

2062 2818 2299 2888 Evagrio
2315 2819 2484 2872 faciat
2513 2819 2879 2886 mentionem,
2913 2820 2982 2874 de
3003 2821 3318 2874 vehementi
3338 2820 3552 2886 morbo,
3585 2821 3645 2874 in

2061 2924 2228 2977 quem
2251 2913 2386 2962 tunc
2412 2909 2708 2978 inciderat,
2727 2909 2863 2980 agit,
2895 2926 3021 2963 cum
3053 2910 3159 2968 ait:
3182 2930 3204 2960 ί
3223 2909 3650 2988 Quinquaginta

2061 2995 2148 3050 his
2177 2997 2378 3051 diebus
2399 3013 2550 3066 aeger
2577 2997 2836 3066 decubui,
2857 2997 3060 3070 quibus
3089 2998 3229 3062 mihi
3250 2997 3443 3062 sedulo
3471 2998 3655 3062 adfuit

2063 3084 2300 3139 dilectus
2334 3093 2392 3140 et
2421 3087 2673 3140 omnium
2704 3086 3146 3144 studiosissimus
3169 3087 3344 3152 frater
3371 3093 3562 3153 noster
3593 3093 3652 3143 et

2058 3181 2387 3245 cooperator
2396 3175 2457 3230 El
2462 3175 2664 3249 pidius.
2682 3176 2922 3236 Multum
2936 3175 3084 3232 enim
3095 3175 3249 3230 febre
3265 3180 3650 3248 consumptus,

2058 3264 2294 3334 penuria
2312 3264 2614 3319 nutrientis
2641 3265 2907 3330 materiae,
2930 3264 3090 3328 arida
3118 3264 3223 3318 hac
3239 3281 3426 3330 carne,
3444 3281 3546 3330 ceu
3561 3264 3645 3320 lu.-

2059 3369 2356 3406 cernarum
2387 3369 2620 3426 papyro,
2649 3353 3045 3420 circumdatus,
3088 3353 3340 3408 marcida
3367 3354 3656 3423 longaque

2059 3441 2395 3513 (egritudine
2421 3442 2666 3508 laboravi
2683 3461 2694 3496 :
2715 3442 3009 3513 antiquum
3021 3443 3220 3506 vulnus
3235 3442 3366 3505 huic
3383 3442 3657 3505 accedens

2058 3547 2090 3583 a
2112 3530 2250 3583 cibis
2269 3549 2359 3585 me
2381 3531 2670 3597 abstraxit,
2693 3531 2865 3584 oculis
2879 3548 3139 3586 somnum
3169 3531 3398 3596 ademit,
3420 3529 3655 3584 tandem

2059 3619 2225 3684 morti
2249 3626 2305 3674 et
2333 3620 2457 3684 vita!
2485 3623 2760 3680 confinem
2813 3637 2904 3684 me
2942 3621 3142 3686 eﬂ‘ec1t,
3190 3627 3414 3674 tantum
3467 3619 3657 3673 vivere

2063 3709 2414 3779 permittens,
2447 3715 2721 3780 quantum
2750 3710 2820 3763 ad
2851 3710 3099 3764 dolorem
3120 3709 3478 3764 sentiendum
3511 3725 3656 3779 opus

2063 3804 2150 3852 est
2179 3801 2390 3866 (130311.,
2425 3801 2578 3866 epist.
2607 3798 2677 3859 8).
2707 3818 2730 3849 ι
2765 3799 2894 3853 Haec
2923 3804 2982 3852 et
3004 3798 3116 3852 alia
3138 3799 3303 3870 plura
3351 3797 3420 3852 de
3455 3798 3653 3851 eadem

2062 3887 2310 3959 corporis
2339 3887 2664 3941 inﬁrmitate
2692 3887 2949 3953 Basilius,
2967 3904 3137 3958 quam
3150 3887 3200 3941 ei
3233 3885 3534 3964 contigisse
3555 3903 3656 3940 su-

2062 3977 2254 4046 perius
2282 3976 2522 4030 diximus
2542 3992 2690 4030 anno
2719 3977 2772 4041 (A
2784 3993 2896 4030 nno
2921 3975 3024 4030 369
3053 3982 3102 4030 et
3133 3972 3255 4043 370)
3287 3991 3399 4046 quo
3431 3980 3656 4029 creatus

2062 4071 2149 4120 est
2177 4067 2444 4120 Caesares:
2467 4065 2778 4136 episcopus,
2813 4065 2907 4137 qui
2932 4070 3264 4119 numeratur
3286 4063 3510 4119 Domini
3525 4061 3652 4130 370,

2063 4170 2173 4226 quo
2202 4154 2416 4225 pariter
2441 4153 2748 4208 dixerimus
2789 4153 3214 4226 Hieronymum,
3262 4169 3390 4208 cum
3451 4152 3651 4206 eodem

2063 4243 2298 4313 Evagrio
2328 4248 2384 4296 et
2407 4242 2534 4296 aliis
2571 4243 2754 4309 sociis,
2801 4243 3090 4297 devenisse
3131 4243 3190 4296 in
3220 4242 3442 4314 Syriam
3478 4260 3490 4308 ;
3521 4241 3656 4296 inde

2059 4347 2189 4385 vero
2217 4333 2472 4402 ejusdem
2501 4332 2796 4404 provincia:
2823 4332 3046 4386 deserta
3080 4331 3328 4402 petiisse,
3363 4344 3477 4384 non
3521 4334 3657 4384 ante

2063 4425 2208 4484 (mea
2236 4421 2541 4490 sententia)
2567 4437 2778 4476 annum
2808 4421 3038 4475 Domini
3073 4419 3533 4475 trecentesimum
3563 4435 3658 4472 se-

381 4517 560 4582 ptum,
577 4511 984 4580 Hieronymum
1004 4514 1193 4564 autem
1229 4508 1284 4561 in
1307 4508 1555 4562 diversas
1569 4509 1882 4580 provincias
1896 4497 2482 4581 pe-Dptuagesimum
2511 4511 2758 4582 primum
2793 4529 2804 4563 ε
2837 4510 2986 4581 quod
3007 4509 3235 4580 quidem
3264 4514 3320 4563 et
3365 4507 3659 4562 insinuare

381 4600 820 4670 regrinationem
848 4596 1162 4651 instituisse
1188 4601 1357 4666 atque
1375 4597 1529 4654 illinc
1553 4597 1777 4654 deserta
1797 4597 1976 4668 Syriae

384 4689 612 4760 petiisse
635 4689 898 4756 (Μασιίαη.
947 4687 1136 4739 Victor.
1165 4688 1230 4738 in
1268 4687 1368 4738 Vit.
1389 4684 1446 4743 S.
1469 4686 1829 4753 Hier.).Nam
1847 4685 1981 4740 Hui—

385 4779 563 4831 ﬂnum
590 4777 769 4830 Roma
813 4774 1110 4828 recessisse
1137 4790 1266 4828 cum
1285 4774 1528 4830 Melania
1552 4775 1978 4846 profectumque

384 4866 443 4924 in
473 4866 796 4937 Egyptum,
831 4863 1490 4935 indequeJerosoiymam
1504 4863 1977 4934 pervenisse,cum

379 4957 499 5026 jam
515 4959 740 5008 sanctus
759 4953 1133 5025 Hieronymus
1145 4953 1201 5008 in
1215 4953 1378 5026 Syria
1399 4953 1705 5007 monachus
1719 4953 1970 5023 degeret,

383 5050 505 5100 tum
533 5061 658 5114 quas
686 5042 944 5114 superius
974 5043 1127 5099 dicta
1147 5049 1297 5108 sunt,
1317 5049 1440 5105 tum
1463 5059 1590 5112 quas
1606 5042 1864 5104 dicentur
1891 5042 1976 5096 in-

382 5134 574 5198 ferius,
599 5133 891 5204 perspicue
919 5131 1400 5187 demonstrabunt.
1427 5132 1501 5186 Ex
1525 5131 1976 5203 peregrinatione

383 5240 514 5277 vero
545 5223 722 5293 ipsius
753 5221 1101 5292 Hieronymi,
1135 5237 1242 5275 asc
1261 5221 1556 5292 descripta.
1574 5237 1871 5292 possumus
1885 5237 1981 5292 pa-

383 5313 524 5366 riter
550 5311 865 5380 intelligere
877 5317 1098 5381 tempus
1123 5309 1379 5381 ipsiusox
1393 5311 1690 5365 Occidente
1703 5310 1761 5364 in
1781 5310 1976 5370 Orion.-

382 5407 496 5455 tcm
528 5399 886 5468 migrationis
911 5417 923 5464 ι
952 5399 1022 5452 ad
1053 5398 1343 5453 Rufiinum
1371 5399 1540 5464 enim,
1575 5415 1702 5452 cum
1733 5398 1826 5452 ille
1851 5400 1973 5468 jam

383 5489 730 5562 pervenisset
756 5488 815 5542 i‘n
835 5488 1160 5558 Egyptum,
1195 5504 1262 5540 ex
1279 5503 1467 5541 eremo
1479 5488 1655 5558 Syria:
1681 5486 1892 5552 scribit,
1914 5503 1977 5541 se

384 5579 568 5650 primo
595 5576 976 5649 profectumin
986 5576 1302 5640 Thraciam,
1320 5575 1450 5630 inde
1463 5575 1521 5629 in
1544 5577 1785 5631 Pontum
1803 5581 1980 5645 atque

384 5666 726 5740 Bithyniam,
776 5671 972 5738 postea
1019 5665 1076 5720 in
1134 5663 1417 5724 Galatiam
1453 5669 1512 5719 et
1547 5664 1975 5735 Cappadociam,

2060 4597 2321 4654 videntur
2330 4599 2512 4653 citatas
2527 4600 2574 4670 ej
2585 4601 2781 4653 eadem
2793 4599 3050 4670 superius
3069 4598 3272 4652 littera:
3283 4597 3354 4652 ad
3366 4597 3658 4652 Huﬂinum

2065 4690 2256 4753 illisu,
2292 4691 2446 4756 epist.
2470 4689 2542 4756 4).
2578 4685 2657 4741 Ex
2685 4688 2774 4741 his
2804 4687 2984 4758 igitur
3010 4686 3333 4740 inducimur
3366 4691 3434 4740 ut
3459 4685 3659 4739 credar

2063 4791 2208 4840 mus,
2224 4782 2562 4848 praesentem
2579 4792 2795 4833 annum
2808 4791 2932 4830 esse
2944 4774 3254 4830 secundum
3267 4775 3388 4844 ejus
3398 4773 3457 4827 in
3467 4789 3659 4827 eremo

2061 4866 2354 4920 incolatus.

2131 4959 2290 5012 Anno
2306 4957 2514 5012 Christi
2545 4955 2863 5010 3‘71Jiaron
2887 4955 2976 5008 ad.
3003 4971 3098 5008 an.
3125 4953 3275 5008 372-
3295 4953 3437 5007 Cum
3466 4954 3659 5005 autem

2063 5036 2310 5106 primum
2331 5035 2390 5088 in
2420 5035 2640 5105 Syriam
2671 5033 2841 5099 venit,
2892 5032 2973 5087 ibi
3028 5049 3156 5088 cum
3188 5031 3430 5102 Evagrio
3463 5029 3660 5084 Antio-

2061 5125 2257 5189 cheno,
2287 5125 2348 5178 in
2376 5124 2464 5178 vis
2488 5123 2708 5188 comite,
2741 5122 3055 5182 Antiochiae
3071 5122 3342 5177 consedit.
3369 5121 3504 5174 Erat
3521 5117 3661 5172 Eva-

2059 5213 2218 5284 grius
2245 5211 2515 5284 praedives
2540 5229 2604 5268 ac
2617 5211 2840 5277 nobilis,
2865 5211 3237 5282 dominusque
3251 5209 3392 5262 villis
3409 5207 3662 5263 Maronis

2061 5303 2224 5356 dictae
2240 5321 2252 5368 ;
2267 5302 2363 5356 ubi
2387 5301 2689 5371 aliquando
2699 5317 2876 5371 agens
2887 5300 3263 5371 Hieronymus
3276 5313 3404 5353 cum
3417 5295 3656 5366 Evagrio

2061 5402 2259 5451 nactus
2281 5395 2357 5450 ibi
2387 5395 2800 5450 sanctissimum
2824 5395 2984 5448 illum
2999 5394 3279 5448 Malchum
3293 5391 3656 5453 monachum,

2061 5487 2234 5540 totius
2264 5484 2577 5556 vitteipsius
2589 5501 2833 5549 cursum,
2854 5499 3026 5554 quam
3056 5488 3250 5555 postea
3276 5481 3458 5536 factus
3487 5495 3660 5533 senex

2064 5575 2409 5646 conscripsit,
2425 5580 2641 5645 accepit
2657 5578 2926 5627 :testatur
2944 5573 3000 5626 id
3031 5571 3261 5642 quidem
3275 5571 3660 5640 Hieronymus

2064 5664 2205 5735 ipse,
2237 5680 2364 5719 cum
2393 5665 2474 5718 ait
2506 5682 2517 5716 :
2578 5646 2622 5713 ι’
2639 5661 2887 5722 Maronis
2913 5661 3149 5734 triginta
3169 5660 3284 5716 fere
3312 5658 3560 5714 millibus
3583 5656 3657 5711 ab
