3990 6194
370 388 444 447 93

1408 383 1562 441 DIVI
1599 382 2010 440 HIERONYMI
2048 376 2609 437 PERRGRINATIO.

3577 374 3651 433 94

370 515 686 581 Antiochia,
720 514 865 577 urbe
895 514 1091 589 Syria,
1120 513 1272 569 haud
1309 512 1541 584 grandis
1570 512 1639 566 ad
1673 510 1961 566 Orientem
1976 511 2023 569 Α
2043 508 2249 571 culum,
2283 502 2553 578 putabam
2571 517 2663 558 me
2691 503 2960 558 Romanis
2978 501 3257 557 Interesse
3279 500 3522 558 deliciis!
3542 501 3644 556 Se-

371 605 542 658 distat
560 605 778 658 viculus
802 623 813 656 :
840 604 957 669 hic,
980 609 1105 675 post
1123 604 1328 658 multos
1358 603 1444 657 vel
1474 603 1731 656 dominos
1756 600 1841 653 vel
1870 615 1970 671 pa-

369 694 726 760 tronos,dum
757 710 860 763 ego
882 693 1329 747 adolescentulus
1351 708 1605 746 morarer
1622 691 1681 745 in
1703 691 1883 762 Syria,
1901 690 1972 744 ad

370 800 531 859 papa
561 781 787 851 Evagrii
820 783 904 852 (ε),
932 782 1233 834 necessarii
1269 781 1401 848 mei,
1434 780 1844 851 possessionem
1872 779 1971 832 de-

369 872 591 933 volutus
621 876 707 925 est
733 911 746 935 ,
780 887 950 947 quem
968 870 1170 924 idcirco
1192 886 1342 924 nunc
1360 869 1662 934 nominavi,
1695 873 1759 923 ut
1777 874 1968 922 osten-

367 960 583 1026 derem,
604 960 755 1014 unde
784 976 1028 1023 nossem,
1052 959 1199 1030 quod
1228 957 1538 1030 scripturus
1557 975 1681 1013 sum
1710 957 1962 1027 (Hieron.

368 1052 431 1102 in
458 1051 575 1102 Vita
590 1050 836 1119 .ilalchz').
855 1068 881 1100 »
898 1049 1033 1102 Post
1047 1065 1176 1102 vero
1193 1048 1529 1119 descriptam
1550 1048 1774 1118 egregie
1792 1047 1964 1100 vitam

364 1138 593 1201 Malchi,
609 1138 717 1191 ista
732 1137 801 1191 ad
815 1142 1160 1208 postremum
1186 1156 1195 1189 :
1220 1158 1241 1189 ι
1265 1138 1411 1201 Haec,
1426 1138 1626 1209 inquit,
1648 1137 1784 1191 mihi
1802 1154 1967 1189 senex

365 1228 622 1291 Malchus
642 1227 1058 1281 adolescentulo
1080 1226 1290 1291 retulit,
1316 1228 1431 1280 hac
1445 1243 1548 1301 ego
1567 1225 1723 1280 vobis
1745 1227 1967 1280 narravi

364 1333 561 1379 senex,
603 1322 659 1369 et
685 1315 854 1370 castis
890 1315 1184 1369 historiam
1216 1316 1489 1370 castitatis
1517 1331 1749 1386 expono.
1788 1335 1814 1368 »
1844 1315 1965 1379 Quo

365 1407 538 1477 plane
566 1406 769 1459 Malchi
798 1405 1067 1485 exemplo,
1103 1412 1160 1459 et
1182 1405 1420 1459 aliorum
1451 1404 1821 1487 plurimorum
1848 1421 1970 1457 mo-

364 1496 703 1559 nachorum,
728 1494 930 1565 quibus
951 1496 1035 1560 (ut
1070 1493 1331 1561 vidimus)
1365 1494 1526 1565 Syria
1554 1498 1687 1547 tunc
1708 1492 1963 1556 florebat,

363 1584 609 1638 incaluit
639 1600 735 1637 cor
764 1585 886 1654 ejus
918 1583 989 1637 ad
1018 1584 1451 1647 consectandum
1490 1583 1615 1637 vita
1644 1582 1966 1637 monasticae

362 1673 716 1728 institutum:
752 1690 879 1739 cum
910 1677 968 1726 et
995 1674 1065 1727 ad
1085 1673 1479 1739 Theodosium,
1504 1671 1694 1741 magni
1724 1671 1969 1725 nominis

2053 596 2253 651 debam
2275 596 2445 659 solus,
2470 593 2567 664 qui
2590 592 2965 647 amaritudine
2993 593 3191 664 plenus
3225 608 3414 658 eram;
3447 592 3645 655 horre-

2053 686 2191 739 bant
2214 701 2371 738 sacco
2396 682 2645 737 membra
2662 682 2951 747 deformia,
2971 687 3028 736 et
3041 682 3298 753 squalida
3318 680 3460 745 cutis
3473 681 3645 735 situm

2055 774 2379 847 Ethiopian
2399 773 2582 827 carnis
2595 771 2920 825 obduxerat:
2937 771 3184 842 quotidie
3202 772 3484 851 lacryma,
3505 787 3646 849 quo-

2054 873 2194 927 tidie
2240 872 2517 945 gemitus;
2558 875 2616 925 et
2652 870 2699 924 si
2729 870 2951 949 quando
2977 876 3387 945 repugnantem
3418 885 3646 931 somnus

2047 963 2349 1029 imminens
2374 960 2762 1040 oppressisset,
2790 960 2941 1013 nuda
2970 960 3141 1013 humo
3162 960 3250 1013 vix
3280 976 3407 1014 ossa
3424 959 3645 1025 haren-

2046 1054 2127 1107 tia
2171 1051 2520 1106 collidebam.
2562 1051 2643 1104 De
2675 1049 2813 1111 cibis
2854 1068 2983 1103 vero
3023 1054 3077 1113 et
3118 1055 3252 1129 potu
3295 1054 3474 1119 taceo,
3515 1066 3642 1115 cum

2053 1142 2221 1196 etiam
2255 1142 2585 1211 languentes
2611 1139 2870 1202 monachi
2906 1155 3055 1218 aqua
3081 1137 3283 1209 frigida
3302 1143 3554 1211 utantur,
3588 1144 3645 1192 et

2049 1238 2267 1285 coctum
2289 1226 2499 1301 aliquid
2521 1230 2817 1300 accepisse,
2833 1228 3060 1282 luxuria
3078 1227 3171 1281 sit.
3196 1228 3296 1281 Ille
3317 1226 3490 1298 igitur
3515 1244 3637 1298 ego

2049 1321 2142 1392 qui
2173 1320 2242 1373 ob
2270 1321 2539 1390 gehenna
2587 1324 2801 1372 metum
2822 1317 2924 1371 tali
2964 1334 3052 1371 me
3082 1332 3305 1371 carcere
3325 1315 3445 1387 ipse
3488 1316 3642 1369 dam-

2051 1426 2337 1473 naveram,
2374 1408 2731 1479 scorpionum
2774 1413 2997 1461 tantum
3044 1406 3227 1461 socius
3267 1410 3325 1458 et
3376 1405 3641 1470 ferarum,

2051 1516 2198 1568 sape
2227 1499 2411 1555 choris
2427 1499 2733 1552 intereram
2761 1497 3106 1568 puellarum:
3138 1493 3422 1566 pallebant
3441 1510 3543 1547 ora
3565 1494 3648 1563 je—

2047 1586 2243 1658 juniis,
2263 1593 2320 1643 et
2333 1604 2493 1645 mens
2507 1586 2800 1641 desideriis
2815 1584 3092 1647 metuebat
3106 1584 3162 1657 in
3173 1583 3379 1653 frigido
3395 1598 3645 1653 corpore,

2050 1683 2109 1733 et
2136 1683 2266 1734 ante
2295 1676 2582 1732 hominem
2602 1692 2706 1731 sua
2724 1676 2844 1745 jam
2865 1690 3035 1728 carne
3063 1678 3465 1744 praemortuum
3495 1672 3645 1741 [Ieg.,

364 1762 553 1815 virum
599 1763 698 1829 (cf),
742 1766 798 1814 et
835 1761 975 1814 alios
1017 1762 1314 1832 praeclaros
1346 1762 1712 1815 anachoretas
1748 1760 1967 1814 litteras
2049 1782 2233 1831 suum,
2257 1767 2375 1835 jam
2405 1781 2571 1819 carne
2599 1762 2960 1834 pramortua]
2987 1762 3108 1816 sola
3134 1760 3431 1814 libidinum
3452 1761 3646 1814 iam-

362 1850 545 1915 dedit,
578 1856 773 1921 petens
802 1867 997 1904 eorum
1027 1850 1284 1921 precibus
1310 1850 1449 1904 solvi
1473 1850 1705 1904 vinculis
1729 1850 1916 1904 saculi
1952 1868 1964 1916 ;

2062 1855 2144 1912 iia
2170 1854 2499 1910 bulliebant.
2550 1854 2747 1922 Itaque
2783 1851 2936 1905 omni
2972 1850 3179 1904 auxilio
3206 1849 3530 1913 destitutus,
3576 1849 3647 1903 ad

359 1938 462 1992 ubi
490 1940 609 1993 hac
636 1938 788 1993 inter
805 1940 915 1993 alia
947 1959 957 1992 :
991 1958 1015 1991 α
1039 1940 1200 1993 Nune
1228 1944 1476 1994 vestrum
1512 1945 1598 1993 est
1624 1945 1689 1993 ut
1716 1939 1967 1992 volunta-

360 2036 483 2083 tem
515 2034 788 2099 sequatur
826 2029 1086 2096 effectus;
1120 2045 1311 2082 meum
1348 2034 1434 2082 est
1462 2034 1526 2082 ut
1563 2028 1730 2081 velim
1758 2047 1770 2095 ;
1803 2027 1966 2082 obse-

359 2118 687 2172 crationum
725 2124 1039 2172 vestrarum
1069 2124 1154 2173 est
1190 2122 1254 2172 ut
1290 2118 1440 2188 quod
1472 2116 1634 2172 velim
1678 2122 1735 2171 et
1757 2117 1967 2189 possim

358 2209 572 2273 (ητα,
590 2210 723 2276 epist
738 2252 751 2265 .
778 2205 889 2271 38).
906 2227 934 2259 ιο

440 2297 602 2350 Inter
620 2297 735 2350 hac
763 2297 1033 2367 temporis
1053 2296 1254 2369 spatia,
1280 2312 1407 2349 cum
1439 2296 1575 2366 quid
1607 2301 1756 2350 esset
1783 2295 1969 2349 decer-

356 2385 619 2439 nendum
651 2386 719 2439 de
750 2390 899 2439 statu
938 2402 1038 2440 suo
1060 2372 1238 2439 Deum
1266 2402 1566 2463 servosque
1603 2384 1705 2439 Dei
1737 2385 1815 2438 ita
1834 2402 1969 2438 con-

360 2475 603 2538 suleret,
623 2491 796 2544 agens
817 2474 1124 2528 Antiochia
1145 2474 1437 2528 docentem
1459 2473 1671 2528 audivit
1688 2474 1971 2545 Apollina-

358 2580 509 2630 rem,
533 2566 591 2617 σ
608 2562 677 2616 de
698 2580 807 2634 quo
828 2564 947 2634 ipse
967 2563 1038 2616 ad
1056 2563 1478 2617 Pammachium
1503 2581 1514 2615 :
1544 2580 1567 2613 ‹‹
1587 2563 1970 2634 Apollinarem

370 2652 761 2706 Laodicenum
788 2652 973 2705 audivi
1002 2651 1309 2706 Antiochia
1339 2652 1661 2722 frequenter
1689 2657 1746 2706 et
1773 2651 1917 2705 colui
1951 2671 1964 2719 ;

367 2748 435 2795 et
462 2757 593 2794 cum
623 2741 785 2794 mein
814 2742 1021 2795 sanctis
1049 2740 1351 2817 Scripturis
1379 2741 1646 2806 erudiret,
1680 2757 1969 2811 nunquam

362 2830 527 2883 illius
568 2831 980 2884 contentiosum
1027 2846 1197 2907 super
1233 2846 1402 2884 sensu
1447 2830 1651 2899 dogma
1679 2830 1967 2901 suscepi.»

366 2919 505 2973 Haec
534 2919 675 2989 ipse.
702 2920 877 2973 Porro
903 2937 1029 2973 cum
1054 2921 1134 2984 (ut
1155 2920 1413 2990 superius
1430 2919 1641 2973 dictum
1663 2918 1774 2987 est)
1799 2919 1969 2989 Apol-

364 3007 575 3061 linaris
610 3007 860 3062 nondum
904 3008 1146 3079 perfecte
1174 3008 1429 3080 cognitus
1466 3024 1649 3079 neque
1672 3007 1972 3062 damnatus

365 3101 544 3162 esset,
579 3096 817 3150 licenter
843 3097 1095 3162 docebat,
1126 3096 1571 3167 audiebaturque
1585 3096 1863 3152 licentius.

2049 1946 2180 2002 Iesu
2203 1943 2462 2023 jacebam
2482 1942 2673 2013 pedes,
2697 1940 2951 2011 rigabam
2972 1938 3255 2010 lacrymis,
3287 1937 3441 1990 crine
3463 1942 3646 2005 terge.

2049 2034 2199 2101 bam,
2217 2039 2275 2089 et
2289 2037 2699 2103 repugnantem
2715 2046 2942 2089 carnem
2962 2026 3443 2082 hebdomadarum
3456 2025 3645 2078 inedia

2049 2122 2439 2195 subjugabam.
2464 2122 2591 2175 Non
2600 2118 2866 2174 erubesco
2883 2116 3137 2173 confiteri
3156 2114 3499 2170 infelicitatis
3508 2127 3647 2167 mea

2050 2211 2335 2267 miseriam
2377 2230 2389 2277 ;
2425 2210 2561 2280 quin
2600 2208 2788 2280 potius
2826 2208 3032 2279 plango
3070 2223 3161 2259 me
3198 2220 3312 2258 non
3348 2219 3472 2257 esse
3501 2201 3650 2273 quod

2049 2301 2272 2357 fuerim.
2292 2298 2524 2359 Memini
2540 2315 2630 2353 me
2642 2298 2997 2360 clamantem,
3016 2294 3166 2349 diem
3184 2292 3378 2353 crebro
3395 2290 3647 2363 junxisse

2051 2406 2177 2447 cum
2206 2394 2389 2453 nocte,
2417 2404 2520 2449 nec
2537 2387 2693 2457 prius
2714 2403 2748 2440 a
2765 2384 3006 2457 pectoris
3026 2398 3274 2446 cessasse
3299 2378 3642 2445 verberibus,

2051 2494 2220 2549 quam
2241 2478 2471 2543 rediret,
2503 2475 2740 2533 Domino
2754 2475 3097 2544 increpante,
3123 2470 3524 2541 tranquillitas.
3550 2468 3645 2538 Ip-

2052 2584 2172 2621 sam
2214 2582 2436 2638 quoque
2473 2564 2733 2627 cellulam
2781 2578 2986 2627 meam,
3032 2560 3192 2631 quasi
3240 2558 3647 2629 cogitationum

2054 2674 2308 2711 mearum
2330 2654 2628 2720 consciam,
2659 2651 3150 2725 pertimescebam:
3180 2655 3238 2709 et
3256 2648 3514 2709 mihimet
3533 2647 3665 2701 ira?

2052 2752 2145 2800 tus
2176 2752 2233 2799 et
2263 2744 2498 2816 rigidus,
2531 2744 2683 2799 solus
2711 2743 2935 2802 deserta
2963 2738 3359 2813 penetrabam:
3387 2742 3443 2793 et
3474 2735 3649 2795 sicubi

2053 2852 2292 2890 concava
2306 2834 2553 2904 vallium,
2580 2848 2779 2907 aspera
2798 2830 3093 2899 montium,
3125 2828 3351 2899 rupium
3368 2829 3653 2903 prarupta
3738 2842 3745 2845 '

2054 2922 2370 2987 cernebam,
2401 2921 2477 2979 ibi
2526 2937 2615 2975 me
2646 2918 2917 2977 orationis
2957 2917 3130 2982 locus,
3166 2914 3242 2968 ibi
3282 2913 3417 2975 illud
3458 2913 3652 2974 miser-

2054 3012 2209 3075 rima
2239 3011 2424 3069 carnis
2454 3009 2800 3081 ergastulum
2834 3026 2845 3075 ;
2881 3012 2955 3073 et,
2989 3011 3054 3059 ut
3087 3005 3205 3079 ipse
3235 3004 3394 3061 testis
3424 3009 3507 3058 est
3539 3004 3652 3063 Do-

2055 3102 2261 3167 minus,
2292 3105 2419 3175 post
2448 3099 2656 3152 multas
2672 3098 2971 3175 lacrymas,
3006 3100 3133 3173 post
3151 3095 3289 3149 calo
3316 3093 3654 3153 inhaerentes

444 3186 527 3239 De
560 3185 682 3239 loco
700 3201 851 3250 vero,
886 3203 921 3239 a
958 3191 1149 3239 sancto
1180 3186 1522 3257 Hieronymo
1550 3186 1610 3239 in
1641 3186 1816 3257 Syria
1844 3185 1970 3239 soli-
1992 3195 2036 3255 ο
2056 3190 2263 3257 oculos,
2293 3204 2697 3261 nonnunquam
2716 3185 2945 3242 videbar
2962 3185 3100 3239 mihi
3127 3184 3398 3245 interesse
3419 3180 3657 3255 agmini-

363 3274 592 3339 tudine,
619 3273 691 3327 ad
707 3273 1075 3328 habitandum
1092 3275 1403 3341 delecto,ad
1424 3275 1811 3329 Chromatium
1832 3275 1971 3328 scri-

365 3363 532 3428 bens,
574 3364 658 3417 ita
688 3362 805 3433 ipse
837 3364 1122 3418 meminit:
1160 3384 1183 3415 ‹
1228 3365 1292 3418 In
1324 3380 1392 3418 ea
1422 3369 1582 3435 parte
1613 3364 1811 3418 delata
1840 3369 1973 3417 sunt

370 3457 510 3515 (tua
538 3452 754 3506 scilicet
780 3452 1002 3521 littera)
1026 3470 1148 3523 qua
1172 3452 1322 3507 inter
1350 3453 1520 3527 Syros
1543 3459 1600 3507 et
1638 3453 1974 3507 Sarracenos

368 3546 599 3594 vastum
615 3541 855 3595 limitem
875 3541 1044 3595 ducit.
1068 3562 1089 3592 ι
1107 3542 1314 3596 Eadem
1332 3541 1501 3596 habet
1516 3542 1587 3596 ad
1602 3541 1970 3596 Florentium.

371 3630 662 3684 Chalcidis
688 3631 983 3699 provincia
1012 3647 1077 3683 ea
1119 3636 1241 3684 erat
1269 3633 1359 3693 (ut
1392 3629 1525 3685 alibi
1563 3631 1682 3700 ipse
1712 3632 1972 3698 testatur)

370 3718 623 3771 solitudo
642 3719 854 3787 {Hier.,
882 3722 1035 3787 epist.
1070 3719 1156 3785 43,
1186 3719 1239 3784 6;
1270 3722 1431 3787 Pref.
1466 3723 1529 3773 in
1557 3722 1830 3785 Abdiam).

457 3807 641 3871 Fuere
673 3809 800 3876 ejus
829 3807 1061 3861 comites
1082 3809 1441 3862 Innocentius
1470 3812 1640 3879 atque
1668 3808 1861 3879 Hylas,
1893 3823 1982 3860 ac-

373 3896 663 3966 cessitque
692 3901 889 3966 postea
910 3895 1261 3950 Heliodorus.
1300 3897 1398 3951 His
1428 3896 1688 3950 omnibus
1712 3896 1982 3965 Evagrius

375 3985 767 4039 Antiochenus
786 3990 987 4039 cuncta
1008 3986 1323 4046 necessaria
1344 3984 1726 4053 ministrabat;
1762 3985 1897 4055 quin
1927 3989 1984 4037 et

379 4075 506 4143 ejus
528 4074 801 4144 impensis
830 4074 1174 4145 Hieronymo
1205 4074 1274 4127 ad
1291 4073 1612 4128 scribendos
1642 4073 1814 4127 libros
1848 4090 1982 4143 sup-

382 4162 622 4233 peditati
660 4168 793 4216 sunt
820 4163 1150 4233 antiquarii;
1177 4164 1290 4217 illis
1313 4163 1460 4216 enim
1485 4180 1544 4216 se
1560 4162 1635 4216 ibi
1666 4162 1982 4215 abundasse

376 4256 666 4316 testatur;
700 4252 1063 4329 ejusdemque
1094 4252 1311 4322 Evagrii
1334 4268 1524 4322 opera,
1547 4252 1748 4305 littera
1765 4267 1886 4321 qua
1904 4250 1984 4303 di-

378 4340 562 4395 versis
584 4357 649 4394 ex
680 4340 816 4394 locis
836 4341 1196 4394 Antiochiam
1219 4340 1615 4407 aﬂerebantur,
1649 4339 1831 4394 eidem
1862 4339 1984 4393 red-

380 4429 700 4496 debantur;
733 4429 1093 4500 vicissimque
1122 4429 1191 4483 ad
1231 4430 1373 4483 alios
1403 4429 1730 4495 mittendas,
1761 4428 1833 4482 ab
1861 4429 1984 4506 ipso

383 4518 478 4572 ille
507 4518 817 4589 accipiebat
838 4519 1035 4586 (Hiera,
1076 4522 1230 4587 epist.
1266 4519 1355 4583 41,
1388 4517 1477 4583 43,
1512 4518 1587 4586 6).

459 4608 573 4661 Sed
598 4607 765 4661 rebus
793 4607 855 4661 in
883 4607 1033 4661 hunc
1056 4608 1284 4661 modum
1316 4607 1488 4678 probe
1512 4607 1815 4678 dispositis,
1847 4607 1986 4660 illud

384 4696 676 4750 funestum
692 4696 751 4749 in
782 4695 979 4767 primis
991 4696 1210 4759 accidit,
1246 4702 1311 4750 ut
1330 4696 1652 4750 dulciséimo
1678 4697 1881 4750 comite
1903 4698 1990 4751 In-

387 4785 653 4839 nocentio
679 4790 859 4839 morte
882 4785 1153 4839 exstincto
1182 4785 1515 4855 privaretur,
1546 4785 1992 4855 IIeliodcrusque

386 4873 497 4927 cito
541 4872 855 4939 recesserit,
889 4890 987 4944 spe
1022 4879 1209 4928 tamen
1239 4874 1537 4937 redeundi;
1570 4875 1690 4953 ipse
1714 4891 1843 4928 vero
1872 4891 1986 4929 cre-

391 4960 507 5017 bris
543 4961 827 5017 laboraret
866 4963 1116 5033 corporis
1153 4962 1596 5017 inﬁrmitatibus.
1642 4963 1802 5027 Quod
1846 4980 1991 5035 sape

389 5051 656 5122 queritur
694 5052 764 5104 ad
796 5052 1045 5107 diversos
1074 5052 1286 5106 amicos
1320 5051 1568 5105 scribens
1602 5053 1799 5119 (Hier.,
1837 5056 1989 5121 epist.

392 5139 559 5208 41,1,
591 5137 682 5204 a7,
726 5140 778 5206 3,
804 5139 895 5208 37,
927 5139 1033 5204 41).

466 5228 622 5292 Quae
648 5229 878 5300 insuper
913 5235 1116 5301 prater
1142 5231 1258 5283 hac
1287 5245 1483 5301 passus
1512 5230 1587 5285 sit
1613 5230 1992 5301 impugnatio-

396 5335 499 5371 nes
527 5318 867 5385 daemonum,
892 5324 949 5372 et
976 5336 1099 5389 qua
1119 5335 1249 5373 cum
1279 5320 1631 5373 exercuerint
1658 5320 1849 5390 pralia
1876 5335 1996 5373 car-

396 5408 505 5469 nis,
529 5407 621 5461 hic
632 5412 882 5460 retexam
911 5425 975 5461 ex
995 5409 1246 5478 ejusdem
1276 5408 1513 5478 epistola
1532 5409 1603 5462 ad
1632 5409 1993 5463 Eustochium

401 5498 601 5561 (Hist,
646 5499 800 5565 epist.
832 5495 949 5559 2'2):
1005 5498 1102 5552 «Ο
1133 5498 1352 5568 quoties
1400 5514 1502 5567 ego
1544 5499 1664 5568 ipse
1707 5498 1767 5552 in
1810 5514 1997 5551 eremo

400 5591 759 5649 constitutus,
794 5592 853 5639 et
882 5586 940 5640 in
970 5586 1067 5640 illa
1093 5596 1248 5640 vasta
1275 5587 1601 5651 solitudine,
1625 5603 1765 5658 qua,
1803 5592 1999 5641 exusta

400 5675 533 5729 solis
551 5674 865 5741 ardoribus,
897 5676 1185 5731 horridum
1215 5676 1506 5731 monachis
1525 5681 1755 5750 prastat
1772 5676 1991 5731 habita-

2055 3279 2159 3333 bus
2180 3278 2508 3349 angelorum
2534 3295 2545 3343 ;
2571 3282 2628 3330 et
2646 3276 2811 3335 latus
2831 3274 3195 3349 gaudensque
3222 3270 3501 3331 dicebam:
3534 3272 3655 3333 Post

2058 3373 2104 3421 te
2119 3372 2179 3422 in
2192 3368 2409 3421 odorem
2427 3370 2843 3434 unguentorum.
2862 3368 3089 3421 tuorum
3104 3359 3649 3433 cucurrimusmant.

2057 3454 2111 3522 1).
2139 3473 2164 3503 »
2187 3453 2470 3515 HactenUS
2490 3451 2628 3529 ipse.

2129 3542 2338 3595 Verum
2368 3558 2479 3595 non
2504 3539 2725 3617 jejunis,
2771 3538 2974 3603 solum,
3008 3536 3259 3611 aliasque
3298 3534 3649 3600 afﬂictioncs,

2058 3633 2128 3686 ad
2173 3630 2361 3684 carnis
2402 3630 2646 3700 impetus
2681 3626 3060 3691 infrenandos,
3095 3624 3412 3687 adhibebat,
3446 3624 3543 3683 sed,
3599 3629 3658 3683 et

2055 3722 2191 3798 juge
2222 3718 2469 3772 studium
2508 3718 2860 3775 litterarum:
2908 3715 3059 3773 unde
3106 3714 3224 3791 ipse
3263 3713 3333 3766 ad
3362 3711 3655 3771 Rusticum

2061 3808 2311 3867 scribens
2338 3808 2455 3865 hac
2486 3806 2567 3860 ait
2590 3807 2783 3875 (Hien,
2819 3806 2972 3877 epist.
3007 3802 3058 3877 4)
3082 3821 3091 3855 :
3134 3823 3155 3853 ι
3179 3802 3326 3863 Dum
3354 3818 3534 3861 essem
3563 3802 3660 3875 ju-

2061 3898 2237 3964 venis,
2260 3903 2317 3953 et
2345 3896 2662 3951 solitudinis
2694 3910 2783 3948 me
2812 3894 3036 3948 deserta
3056 3891 3348 3963 vallarent,
3381 3890 3662 3953 incentiva

2062 3987 2348 4051 vitiorum,
2387 3985 2762 4056 ardoremque
2798 3988 3013 4037 natura
3043 3982 3189 4035 ferre
3219 3997 3333 4042 non
3372 3984 3655 4051 poteram:

2064 4093 2231 4147 quem
2268 4092 2395 4135 cum
2417 4073 2626 4128 crebris
2646 4073 2879 4149 jejuniis
2909 4072 3247 4142 frangerem,
3281 4086 3438 4131 mens
3466 4075 3660 4131 tamen

2065 4164 2494 4235 cogitationibus
2514 4162 2787 4217 aestuabat
2810 4161 2907 4230 ;ad
2942 4178 3109 4236 quam
3129 4159 3521 4221 edomandam,
3548 4157 3663 4212 cui-

2065 4254 2194 4307 dam
2224 4253 2403 4315 fratri,
2429 4252 2525 4328 qui
2554 4268 2624 4307 ex
2651 4246 2901 4307 Hebraeis
2929 4249 3263 4317 crediderat,
3298 4265 3387 4309 me
3414 4248 3470 4301 in
3501 4246 3665 4307 disci-

2065 4342 2275 4415 plinam
2301 4342 2449 4407 dedi,
2487 4346 2552 4394 ut
2580 4344 2707 4415 post
2725 4337 3055 4404 Quintiliani
3077 4337 3362 4401 acumina,
3380 4335 3663 4393 Ciceronis

2066 4431 2285 4499 ﬂuvios,
2298 4430 2747 4503 gravitatemque
2762 4426 3079 4497 Frontonis,
3097 4432 3150 4481 et
3161 4425 3452 4482 lenitatem
3472 4422 3663 4489 Plinii,

2000 4512 2047 4569 D
2069 4519 2431 4593 alphabetum
2463 4518 2756 4582 discerem,
2802 4522 2859 4570 et
2896 4515 3193 4571 stridentia
3232 4512 3667 4585 anhelantiaque

2082 4613 2133 4672 α
2163 4607 2329 4661 verba
2366 4607 2686 4661 meditarer.
2720 4606 2864 4670 Quid
2902 4605 2977 4659 ibi
3007 4602 3213 4657 laboris
3243 4600 3663 4674 insumpserim,

2076 4697 2209 4768 quid
2221 4697 2585 4751 sustinuerim
2602 4695 2968 4761 difficultatis,
2987 4693 3206 4767 quoties
3229 4690 3666 4762 desperaverim,

2076 4787 2294 4857 quoties
2331 4785 2682 4851 cessaverim,
2717 4790 2774 4837 et
2811 4782 3169 4839 contentione
3197 4781 3442 4835 discendi
3476 4797 3672 4834 rursus

2072 4875 2395 4946 inceperim,
2410 4874 2571 4929 testis
2596 4879 2682 4928 est
2701 4871 3062 4936 conscientia,
3082 4876 3199 4924 tam
3223 4887 3349 4924 mea
3366 4869 3461 4949 qui
3474 4885 3672 4940 passus

2074 4981 2219 5027 sum,
2255 4981 2423 5035 quam
2466 4979 2662 5017 eorum
2694 4961 2792 5033 qui
2818 4977 3040 5015 mecum
3068 4960 3351 5014 duxerunt
3378 4959 3571 5012 vitam.
3605 4958 3675 5012 Et

2073 5054 2284 5128 gratias
2303 5070 2408 5123 ago
2437 5053 2553 5106 Deo
2570 5067 2714 5116 meo,
2744 5050 2893 5121 quod
2920 5049 2988 5104 de
3009 5066 3201 5104 amaro
3224 5048 3436 5103 semine
3454 5048 3673 5102 littera-
3724 5048 3733 5057 '

2074 5159 2201 5196 rum
2233 5141 2424 5195 dulces
2451 5140 2664 5194 fructus
2694 5156 2881 5211 carpo.
2922 5159 2944 5189 ι
2976 5140 3105 5199 Hac
3125 5138 3263 5210 ipse.

2149 5233 2370 5295 Raram,
2390 5231 2462 5283 ad
2485 5246 2580 5282 an.
2610 5226 2712 5285 37'2
2739 5236 2793 5282 el
2814 5228 3097 5283 378.—Ex
3121 5216 3312 5282 multis
3326 5244 3456 5281 vero
3477 5242 3674 5285 amm-

2075 5321 2182 5385 nis,
2213 5318 2412 5391 quibus
2440 5318 2515 5371 ibi
2544 5319 2789 5389 graviter
2826 5318 3124 5371 af‘ilictatus
3153 5320 3256 5381 est,
3307 5316 3414 5377 illa
3445 5316 3672 5386 quidem

2077 5408 2181 5463 sibi
2194 5408 2434 5462 maxime
2447 5408 2576 5462 visa
2588 5413 2722 5461 sunt
2745 5426 2757 5477 ;
2780 5408 2928 5480 quod
2950 5405 3321 5461 Occidentalis
3333 5405 3450 5477 ipse
3481 5405 3672 5465 homo.

2079 5498 2304 5567 collegis
2326 5514 2527 5569 parum
2554 5498 2828 5568 cognitus,
2863 5502 3133 5567 suspecta
3153 5494 3263 5547 illis
3287 5494 3417 5546 fidei
3448 5492 3676 5549 habere-

2076 5593 2190 5641 tur.
2219 5587 2364 5641 Nam
2382 5587 2635 5640 eamdem
2654 5602 2886 5657 prorsus
2909 5583 3266 5647 calumniam,
3293 5598 3462 5659 quam
3491 5580 3676 5639 Pauli-

2080 5693 2185 5731 nus
2217 5676 2508 5747 episcopus
2535 5666 2915 5729 Antiochenus
2957 5676 3043 5740 (ut
3068 5671 3308 5729 vidimus
3346 5686 3411 5723 ex
3442 5668 3678 5739 Epipha-
