4046 6212
329 353 400 410 95
1376 355 1758 412 PRELUDIA
1791 357 1889 412 AD
1927 349 2202 412 LIBRUM
2238 344 2545 403 PRIMUM.
3523 328 3592 388 96

329 479 426 534 nio
454 483 622 551 aulae
651 477 1020 546 Theodoreto)
1043 492 1240 548 passus
1269 482 1355 536 est
1372 495 1408 534 a
1435 479 1618 535 Vitale
1651 480 1915 553 primum,
1933 477 2152 542 Acibus
2181 471 2417 529 Paulino
2456 472 2514 522 et
2540 462 2871 556 Epiphanio,
2905 457 3302 556 ecclesiastica.
3331 455 3594 556 traxisset

331 585 396 624 ac
415 547 616 623 deinde
647 584 682 621 a
707 567 989 632 Flaviano,
1013 547 1142 621 cum
1161 565 1232 620 ab
1252 568 1333 622 eis
1361 547 1711 624 Sabellianus
1732 570 1923 642 appel-
2005 573 2066 634 8
2093 561 2395 620 necessitas
2427 559 2598 627 (Hier.
2627 557 2778 625 epist.
2812 551 2926 618 61),
2958 555 3077 642 εθεέ
3097 548 3314 604 Iudicat
3342 547 3428 602 his
3459 561 3594 600 sane

329 657 562 720 laretur,
605 655 721 727 pati
747 655 968 726 cogitur
995 661 1221 711 sanctus
1251 657 1626 730 Hieronymus
1654 659 1713 712 in
1744 639 1922 730 Syriae
2003 653 2186 710 verbis
2215 651 2611 720 Hieronymus,
2631 660 2691 698 se
2707 647 2966 735 yocatum
2991 655 3026 693 a
3045 639 3306 735 Damaso.
3479 723 3490 735 .

331 725 631 802 solitudine
675 725 835 815 apud,
862 743 1181 799 Chalcidem
1218 746 1277 800 in
1307 725 1496 800 eremo
1536 763 1731 817 agens,
1775 725 1923 818 quod
2077 742 2184 798 Sed
2207 739 2356 812 quod
2371 737 2453 791 ait
2479 733 2692 789 venisse
2707 732 2944 786 Romam
2965 744 3091 818 cum
3112 725 3312 781 iisdem
3340 725 3597 818 nomina-

331 812 772 891 communicaret
793 849 920 888 cum
943 834 1140 888 eodem
1159 835 1413 903 Paulino,
1437 852 1471 890 a
1499 812 1730 904 Meletii,
1764 812 1921 908 puto,
2003 832 2078 887 tis
2097 827 2390 903 episc0pis,
2411 824 2564 880 haud
2591 826 2727 912 puto
2756 816 3205 912 intelligendum,
3239 812 3595 912 cumAntio-

331 921 596 978 studiosis
632 923 948 994 exagitatus
980 943 993 992 ;
1025 923 1348 980 nominatus
1388 901 1446 980 et
1479 925 1600 996 ipse
1627 924 1698 980 ab
1718 901 1925 980 iisdem
2006 901 2149 978 chia_
2161 935 2278 975 una
2301 932 2430 971 cum
2466 911 2702 968 Paulino
2732 907 2981 1000 solvisse,
3019 905 3104 1000 vel
3128 917 3255 1000 cum
3283 901 3597 1000 Epiphanio

333 1011 702 1078 Sabellianus,
720 989 970 1086 adeoque
981 989 1237 1080 vexatus,
1264 1019 1330 1068 ut
1350 989 1574 1069 coactus
1591 1013 1764 1070 fuerit
1789 1013 1922 1069 inde
2009 1029 2040 1066 e
2059 1012 2244 1082 Cypro
2269 1005 2470 1062 insula.
2487 1003 2631 1058 Nam
2653 989 3598 1089 cumipsiussententia,ut‘dictum

332 1099 610 1155 recedere.
641 1101 840 1157 Tradit
876 1080 993 1158 haec
1023 1103 1214 1158 omnia
1249 1103 1380 1175 ipse
1411 1104 1604 1174 (llier.,
1645 1106 1781 1174 epist
1830 1101 1918 1173 77)
2005 1105 2092 1155 est
2106 1080 2383 1170 superius,
2407 1089 2822 1160 constetipsum
2847 1083 2994 1175 apud
3012 1080 3348 1175 Gregorium
3363 1080 3598 1175 Nazian-

331 1187 580 1246 scribens
608 1190 682 1247 ad
713 1192 958 1248 Marcum
969 1167 1358 1266 presbyterum
1381 1167 1803 1249 Chalcidensem
1828 1167 1922 1264 (ε).
2007 1167 2205 1244 zenum
2227 1181 2602 1258 permansisse
2632 1171 3113 1266 Constantinopoli
3140 1185 3320 1266 usque
3336 1167 3420 1266 ad
3443 1173 3596 1266 tern-

2008 1295 2133 1352 pus,
2155 1255 2265 1348 quo
2275 1274 2426 1329 idem
2454 1267 2758 1339 Gregorius
2779 1263 3164 1337 episcOpatum
3185 1259 3307 1330 ejus
3336 1255 3596 1312 Ecclesia:

2008 1351 2339 1424 Consecutus
2357 1365 2473 1428 est,
2500 1359 2666 1430 plane
2696 1358 2933 1426 apparet
2953 1367 3083 1406 eum
3105 1365 3217 1404 non
3257 1352 3388 1402 ante
3399 1351 3594 1417 praste-

2007 1455 2178 1511 ritum
2205 1468 2418 1508 annum
2444 1445 2738 1505 recessisse
2765 1437 3245 1511 ContantinOpoli:
3281 1451 3448 1508 quem
3479 1433 3601 1505 qui-

2008 1546 2135 1600 dem
2163 1543 2314 1598 haud
2352 1539 2609 1596 existimo
2648 1532 3004 1591 Antiochiam
3037 1542 3324 1583 reversum
3362 1541 3504 1590 esse,
3534 1528 3600 1579 ut

2010 1650 2140 1689 cum
2158 1631 2394 1688 Paulino
2412 1634 2470 1684 et
2499 1623 2814 1700 Epiphanio
2825 1637 2885 1676 se
2904 1621 3140 1676 Romam
3162 1614 3444 1670 conferret
3463 1631 3476 1680 ;
3503 1611 3602 1668 sed

1943 1720 1998 1782 Β
2009 1721 2237 1779 Damasi
2265 1719 2540 1775 monitum
2565 1715 2772 1772 litteris
2789 1715 3086 1768 venturum
3105 1707 3361 1770 Romam,
3385 1703 3493 1758 iter
3504 1717 3605 1773 per

2010 1810 2282 1868 Graeciam
2311 1805 2638 1878 suscepisse,
2673 1818 2851 1874 eoque
2878 1804 3132 1870 tempore
3169 1793 3420 1850 Athenas
3445 1790 3604 1846 adire

2009 1901 2267 1956 voluisse.
2287 1899 2474 1970 lpsum
2494 1909 2740 1964 namque
2759 1889 2988 1962 petiisse
3008 1886 3282 1949 Athenas,
3304 1880 3472 1938 verba
3488 1880 3608 1970 haec

2009 1991 2068 2046 in
2099 1969 2522 2044 commentariis
2547 1983 2606 2038 in
2642 1979 2966 2038 Zachariam
3005 1975 3174 2030 fidem
3207 1971 3454 2026 faciunt:
3489 1988 3515 2020 (ι
3538 1969 3604 2025 In

2012 2096 2159 2145 arce,
2173 2076 2377 2148 inquit,
2398 2071 2832 2130 Atheniensium
2841 2069 3006 2139 juxta
3018 2063 3380 2119 simulacrum
3393 2059 3604 2115 Miner-
3694 2096 3700 2100 -

2010 2185 2109 2234 vae,
2141 2166 2254 2221 vidi
2269 2165 2544 2236 sphaeram
2564 2175 2768 2216 aeream
2794 2152 3110 2228 gravissimi
3139 2148 3418 2224 ponderis,
3436 2162 3604 2220 quam

2012 2273 2115 2328 ego
2151 2271 2252 2328 pro
2281 2251 2666 2308 imbecillitate
2713 2244 3029 2318 corpusculi
3051 2256 3277 2298 movere
3305 2238 3390 2294 vix
3418 2241 3594 2310 potui.

2011 2348 2155 2404 Cum
2176 2360 2484 2418 quaererem
2513 2341 2782 2414 quidnam
2812 2335 2920 2392 sibi
2951 2333 3134 2396 vellet,
3163 2343 3494 2402 responsum
3521 2331 3609 2382 est

2012 2441 2082 2498 ab
2093 2440 2250 2496 urbis
2265 2442 2388 2512 ejus
2402 2434 2729 2498 cultoribus,
2753 2431 3096 2486 athletarum
3113 2425 3171 2480 in
3183 2424 3280 2478 illa
3299 2437 3484 2476 massa
3499 2419 3609 2474 for—

2012 2531 2314 2588 titudinem
2341 2523 2714 2598 comprobari,
2738 2537 2841 2576 nec
2861 2518 3017 2590 prius
3043 2515 3113 2570 ad
3135 2529 3374 2585 agonem
3402 2526 3602 2582 quem-

2015 2636 2182 2691 quam
2208 2616 2565 2680 descendere,
2598 2627 2765 2684 quam
2782 2625 2848 2663 ex
2868 2605 3149 2662 levatione
3174 2599 3441 2674 ponderis
3466 2598 3606 2654 scia-

2013 2689 2112 2763 tur
2140 2707 2269 2780 quis
2284 2706 2378 2761 cui
2406 2703 2608 2759 debeat
2634 2697 2948 2770 comparari
2979 2695 3249 2763 (Hierom,
3281 2693 3347 2744 in
3373 2689 3602 2780 Ζαιιίιίυςἶ

403 2780 566 2834 Anno
596 2778 802 2868 Christi
829 2777 951 2868 379.
980 2780 1205 2846 Baron.,
1237 2780 1574 2868 adeumdem
1593 2794 1690 2832 an.
1709 2808 1774 2819 —
1801 2777 1938 2834 Grc-
2015 2814 2132 2867 ωρ,
2155 2776 2272 2868 ᾗχι),
2293 2815 2320 2849 ν
2346 2795 2477 2850 Ηωο
2503 2793 2643 2864 ipse,
2669 2789 2765 2845 sic
2783 2787 2977 2858 igitur,
3001 2783 3097 2855 qui
3124 2776 3606 2868 Constantinopoli

334 2867 482 2939 gorii
493 2867 827 2923 Nazianzeni
839 2867 991 2922 fama
999 2873 1305 2940 permotus,
1313 2867 1698 2940 impulsusque
1709 2872 1927 2922 sanctus

2017 2865 2414 2957 recedens'per
2440 2880 2711 2937 Graeciam
2739 2878 2800 2932 in
2831 2875 3054 2930 Italiam
3072 2871 3244 2935 venit,
3271 2868 3474 2923 iisdem
3489 2865 3609 2957 epi-

342 2957 741 3030 Hieronymus,
788 2974 903 3012 una
928 2973 1056 3012 cum
1093 2958 1308 3028 collega
1333 2957 1647 3025 Vincentio,
1689 2973 1720 3012 e
1750 2957 1927 3030 Syria,

2016 2975 2198 3046 scapis
2226 2955 2422 3030 eodem
2450 2978 2705 3042 tempore
2741 2965 2952 3022 vocatis
2994 2963 3230 3018 Romam
3259 2955 3610 3013 venientibus

337 3053 458 3102 tam
477 3047 784 3136 longinquo
805 3051 1086 3101 terrarum
1107 3046 1306 3118 εΡαιίον
1331 3047 1570 3102 contulit
1588 3063 1648 3136 εβ
1664 3047 1935 3136 Οοῖιεῒθιι-
1958 3124 1995 3136 Α
2015 3063 2200 3136 potuit
2226 3061 2551 3118 occurrisse.
2584 3057 2818 3114 Venisse
2835 3053 3082 3110 creditur
3101 3056 3158 3106 et
3185 3051 3304 3122 ipse
3331 3052 3560 3136 vocatus
3575 3061 3611 3102 a

337 3135 652 3207 tiu°P°lim-
674 3137 958 3200 Quantum
988 3141 1180 3190 διηθῐη
1197 3137 1468 3207 temporis
1491 3135 1787 3206 οοηείεθνίι
1802 3135 1939 3190 Hie“
1953 3124 1997 3186 θ
2015 3124 2258 3208 Damaso
2287 3168 2450 3224 papa,
2476 3149 2572 3221 qui
2597 3165 2662 3203 eo
2688 3147 2746 3200 in
2767 3140 3222 3216 responsionibus
3249 3133 3612 3224 synodalibus

339 3241 641 3297 ronymum
670 3225 819 3297 apud
836 3224 1170 3296 Gregorium
1199 3225 1680 3296 Constantinopoli
1697 3240 1927 3278 commo-

2016 3247 2292 3297 uteretur.
2309 3223 2620 3309 COntigisse
2641 3240 2832 3291 autem
2847 3233 3069 3286 videtur
3087 3229 3265 3302 ipsius
3281 3223 3609 3296 Hieronymi

339 3313 474 3380 rari,
501 3315 746 3368 exactius
775 3315 1146 3384 inquiramus,
1169 3331 1236 3368 ex
1264 3313 1590 3384 consignata
1609 3313 1680 3367 ab
1694 3313 1816 3385 ipso
1846 3329 1936 3367 su—
2018 3335 2076 3386 et
2091 3330 2331 3385 aliorum
2343 3329 2731 3400 episcoporum
2746 3324 2982 3378 Romam
3001 3320 3275 3374 adventus
3293 3311 3609 3370 autumnali

340 3403 529 3475 perius
555 3404 679 3474 ejus
706 3403 1026 3475 scriptionis
1047 3403 1515 3474 chronographia,
1541 3419 1669 3457 cum
1693 3407 1927 3456 testatur

2021 3429 2310 3490 tempore;
2351 3433 2484 3472 nam
2509 3431 2640 3470 cum
2669 3413 2740 3470 ad
2773 3411 3024 3467 Asellam
3053 3406 3299 3462 scribens
3337 3403 3503 3469 dicat,
3549 3417 3611 3490 se

339 3509 401 3547 se
419 3491 518 3546 illa
545 3492 854 3564 scripsisse,
873 3492 1144 3562 Gregorio
1173 3491 1296 3562 ipso
1311 3493 1433 3563 jam
1449 3491 1596 3546 facto
1619 3490 1937 3546 Constanti-
2016 3489 2192 3580 Ρνορθ
2211 3505 2516 3563 triennium
2537 3505 2726 3558 Romaa
2737 3500 3028 3564 mansisse,
3052 3496 3284 3552 minime
3308 3499 3499 3548 tamen
3519 3489 3611 3544 ab-

337 3581 664 3653 nopolitano
713 3581 991 3653 episcopo.
1027 3579 1276 3650 Contigit
1321 3581 1377 3633 id
1424 3584 1551 3652 post
1593 3596 1805 3634 annum
1845 3595 1927 3635 se-

2017 3579 2246 3652 solvisse
2271 3615 2282 3664 ;
2302 3609 2642 3665 rursumque
2657 3590 2911 3662 ejusdem
2933 3583 3261 3658 Hieronymi
3280 3583 3336 3636 in
3351 3579 3610 3653 apologis

343 3675 630 3742 quentem-
2018 3685 2289 3740 adversus
2327 3683 2620 3739 Rufﬁnum
2665 3679 2976 3736 assertione
3018 3681 3235 3731 certum
3274 3672 3350 3727 sit
3377 3709 3392 3738 ,
3424 3670 3608 3743 ipsum

413 3758 573 3822 Ουοά
591 3757 890 3828 insuper“
914 3755 991 3810 ibi
1017 3757 1355 3828 Gregorium
1381 3757 1698 3828 Nyssenum
1733 3772 1934 3828 cogno'
2014 3789 2208 3829 mense
2234 3773 2490 3844 Augusto
2519 3771 2699 3826 Roma
2722 3767 3054 3841 profectum,
3083 3768 3234 3817 certe
3265 3759 3494 3833 quidem
3522 3757 3610 3828 ip-

340 3845 484 3900 visse
503 3850 763 3912 testatur,
783 3861 950 3916 quem
959 3845 1449 3916 temporeindicta:
1469 3845 1927 3918 Constantinopo-

2015 3879 2142 3919 sum
2178 3863 2283 3916 hoc
2312 3877 2480 3926 anno,
2507 3857 2822 3914 autumnali
2854 3858 2940 3924 (ut
2960 3855 3172 3910 dictum
3201 3853 3306 3920 est)
3335 3854 3603 3921 tempore,

340 3934 528 3989 litans;
548 3934 750 4006 synodi
769 3934 902 3988 illuc
931 3949 1059 3988 cum
1087 3934 1214 3988 aliis
1247 3933 1522 4006 episcopis
1540 3935 1778 4006 contigit
1802 3951 1927 4006 pro-

2015 3956 2102 4010 vel
2129 3957 2316 4010 hieme
2349 3954 2586 4009 Romam
2615 3951 2834 4006 venisse
2863 3947 3129 4022 oportuit.

341 4022 545 4087 ficisci;
567 4039 633 4078 ex
647 4023 754 4089 his,
776 4023 1008 4094 inquam
1025 4023 1095 4090 (si
1124 4039 1158 4077 a
1186 4023 1450 4094 praesenti
1471 4039 1620 4084 anno
1648 4027 1932 4093 numeres)
2301 4043 2567 4111 ρνοίεοείο
2585 4042 2822 4096 secunda
2834 4037 3321 4104 Jerosolymitana.

341 4111 590 4166 invenies
614 4111 1019 4183 Hieronymum
1039 4112 1220 4166 tribus
1235 4112 1412 4166 ferme
1439 4113 1602 4166 annis
1621 4113 1927 4167 Constanti-

2085 4135 2246 4188 Anno
2267 4132 2478 4188 Christi
2497 4127 2620 4187 385.
2643 4129 2952 4188 Baron..ad
2970 4118 3610 4180 ann.cumdcm.—Anni

342 4201 534 4272 nopoli
574 4200 798 4254 audisse
843 4200 1194 4272 Gregorium.
1247 4202 1372 4272 Ipse
1403 4217 1532 4255 vero
1561 4201 1630 4256 de
1667 4201 1927 4271 Gregorio

2016 4220 2398 4277 trecentesimi
2411 4219 2737 4290 octogesimi
2757 4217 2941 4289 quinti
2958 4213 3412 4281 exordio,nempe
3432 4207 3611 4280 pridie

341 4291 597 4362 Nysseno
617 4289 696 4344 ita
708 4289 968 4344 meminit
988 4305 1000 4340 ³
1025 4309 1049 4342 ⁸
1067 4290 1392 4362 Gregorius,
1411 4291 1698 4364 Nyssenus
1727 4290 1940 4362 θΡίεθο·
2019 4310 2150 4374 Idus
2163 4309 2436 4376 Januarii,
2457 4289 2586 4363 cum
2598 4310 2847 4362 vacasset
2860 4305 3020 4359 sedes
3032 4305 3154 4374 post
3167 4295 3610 4355 obitumDamasi

339 4395 466 4452 pus,
500 4379 676 4434 frater
702 4379 895 4435 Basilii
932 4380 1312 4445 Caesariensis,
1347 4386 1480 4434 ante
1505 4396 1711 4451 paucos
1732 4396 1928 4446 annos,
1955 4399 2248 4470 “triginta
2287 4403 2345 4453 et
2371 4414 2484 4452 uno
2521 4397 2740 4464 diebus,
2773 4394 3002 4450 δίινίοίιιε
3030 4393 3318 4447 Romanus
3359 4405 3426 4442 ex
3453 4391 3612 4458 patre

339 4469 480 4524 mihi
497 4469 834 4541 etGregorio
854 4468 1202 4523 Nazianzeno
1222 4475 1419 4523 contra
1439 4469 1516 4523 Eu
1527 4469 1777 4524 nomium
1793 4469 1935 4538 legit
1955 4439 2270 4543 Πτίξηηίο
2300 4487 2360 4542 in
2387 4488 2511 4557 ejus
2538 4439 2740 4540 locum,
2761 4483 3097 4552 subrogatus
3121 4483 3227 4534 est,

339 4557 512 4613 libros
557 4559 834 4629 (Hieron,
897 4558 961 4612 de
1009 4557 1228 4627 Script.
1295 4558 1516 4624 Eccles.,
1576 4560 1639 4612 in
1691 4558 1931 4626 Grcgor.
2090 4578 2228 4632 Cum
2254 4581 2445 4632 autem
2464 4579 2686 4641 uomat
2703 4565 3614 4638 Παωεειιεςθοει-αιβίινίοίαερερε,

341 4648 650 4716 Μίδωνι-»υ
681 4653 788 4702 etc-
865 4737 876 4739 Α
983 4737 994 4739 _
1083 4738 1089 4739 ί
1163 4736 1186 4739 λ
2015 4664 2076 4720 in
2097 4664 2514 4721 conscribendis
2535 4661 2816 4739 ejusmodi
2840 4660 3064 4727 litteris,
3095 4655 3425 4728 Hieronymi
3441 4671 3612 4726 opera

856 4737 1121 4806 Profectio
1152 4736 1419 4792 Romana.

2016 4759 2289 4824 uteretur,
2320 4770 2504 4825 neque
2533 4769 2684 4818 eum,
2703 4736 2904 4816 utville,
2937 4749 3085 4821 quod
3107 4763 3211 4820 par
3228 4751 3369 4812 erat,
3403 4744 3613 4816 ample-

411 4842 574 4895 Anno
604 4842 813 4896 Christi
840 4841 968 4900 382.
999 4845 1225 4909 Baron.,
1255 4843 1330 4898 ad
1347 4843 1598 4896 eumdem
1626 4843 1935 4898 an.—Tre-
2017 4850 2266 4899 cteretur
2283 4849 2453 4915 atque
2473 4842 2704 4908 foveret,
2728 4857 2861 4895 mox
2883 4838 3164 4912 pontificis
3180 4834 3424 4892 Romani
3442 4833 3613 4888 desti-

341 4929 680 4985 centesimus
690 4931 1063 5001 octogesimus
1073 4931 1350 4988 secundus
1365 4931 1937 4998 Dominiannus,con-
2017 4937 2174 4988 tutus
2201 4932 2478 5005 praesidio,
2511 4931 2662 4986 idem
2684 4930 3060 5000 Hieronymus
3077 4924 3470 4980 acerbissimos
3493 4921 3612 4993 pati

339 5019 529 5074 sulatu
559 5019 780 5090 Syagrii
813 5021 1056 5075 secundo
1084 5037 1212 5077 cum
1241 5021 1456 5092 collega
1491 5020 1736 5076 Antonio
1755 5036 1934 5074 anno-
2017 5022 2184 5093 coepit
2221 5027 2622 5093 persecutores,
2674 5019 2800 5074 illos
2851 5017 3061 5072 scilicet
3097 5015 3328 5070 clericos
3369 5027 3609 5084 quorum

338 5112 522 5162 tatur:
553 5125 665 5178 quo
695 5108 885 5164 Romae
906 5109 1204 5165 concilium
1229 5109 1574 5166 celebratum
1604 5114 1709 5177 est,
1728 5127 1795 5164 ex
1823 5109 1937 5181 epi-
2016 5109 2499 5182 moresimprobos
2517 5108 2740 5180 scriptis
2759 5105 3310 5176 editissuggillasset.
3334 5100 3612 5167 Quamob-

337 5196 521 5268 scopis
561 5196 912 5252 diversarum
947 5198 1378 5269 provinciarum,
1426 5216 1628 5271 nempe
1665 5198 1931 5268 Orientis,
2016 5215 2137 5254 rem
2151 5203 2217 5253 ut
2235 5215 2299 5252 se
2329 5198 2658 5252 aconcitato
2678 5195 2902 5251 turbine
2923 5194 3206 5260 liberaret,
3237 5191 3608 5261 tranquillum

339 5285 694 5358 aliarumque
721 5285 980 5340 catholici
1007 5285 1158 5340 orbis
1184 5286 1502 5356 regionum.
2017 5287 2268 5358 cogitans
2291 5292 2536 5358 portum,
2563 5303 2764 5358 nempe
2791 5290 2976 5340 tutam
2995 5283 3354 5354 Jerosolymze
3372 5279 3612 5334 mansio-

413 5375 652 5430 Sanctus
664 5375 1122 5446 Hieronymusad
1136 5374 1472 5446 Principiam
1483 5375 1729 5430 scribens
1738 5375 1932 5442 tradit,
2017 5393 2167 5444 nem,
2199 5377 2333 5430 illuc
2353 5376 2734 5446 navigaturus,
2770 5375 2875 5429 hoc
2905 5389 3053 5428 anno
3073 5371 3143 5426 ab
3163 5371 3302 5426 urbe
3321 5369 3606 5433 recedens,

337 5480 400 5519 se
423 5480 644 5536 quoque
673 5467 796 5519 tum
815 5464 1052 5519 Romam
1079 5480 1146 5518 ex
1165 5464 1394 5521 Oriente
1419 5464 1651 5530 venisse,
1683 5481 1813 5520 cum
1835 5465 1936 5520 iis-
2019 5466 2206 5521 navim
2221 5481 2646 5530 conscensurus,
2659 5464 2730 5518 ad
2755 5465 3074 5519 Romanum
3083 5466 3309 5533 portum
3329 5476 3389 5514 se
3411 5464 3610 5514 contu-

338 5554 470 5609 dem
487 5553 694 5608 sanctis
725 5553 1025 5628 episcopis;
1057 5569 1190 5608 nam
1218 5553 1301 5608 ait
1323 5553 1394 5608 de
1416 5559 1612 5608 sancta
1639 5553 1930 5610 Marcella:
2017 5555 2100 5610 lit.
2128 5554 2191 5610 Id
2210 5554 2438 5626 quidem
2453 5554 2559 5608 hoc
2585 5569 2734 5608 anno
2765 5553 2976 5607 factum
3011 5567 3152 5618 esse,
3192 5567 3259 5604 ex
3301 5566 3367 5603 eo
3400 5548 3611 5620 perspi-

346 5660 373 5695 ι(
393 5643 650 5723 Denique
667 5658 798 5707 cum
825 5648 884 5698 et
910 5659 1002 5712 me
1031 5643 1289 5710 Romam,
1317 5659 1445 5705 cum
1474 5643 1684 5700 sanctis
1711 5643 1934 5716 pontiﬁ-
2015 5661 2184 5699 cuum
2203 5643 2492 5714 redditur;
2514 5658 2643 5698 cum
2662 5642 2813 5696 enim
2831 5641 2951 5714 ipse
2985 5645 3228 5696 testatur
3241 5637 3420 5708 (Hier.
3451 5640 3605 5708 epist.

617 1300 886 1370 Profectio
919 1302 1110 1368 prima
1147 1301 1638 1368 Jerosolymitana.

404 1407 566 1463 Anno
583 1405 790 1462 Christi
817 1405 942 1463 378.
971 1408 1195 1472 Baron.,
1221 1408 1295 1461 ad
1313 1407 1560 1461 eumdem
1586 1423 1685 1462 an.
1712 1435 1774 1448 -—
1801 1406 1924 1472 Quo

335 1501 525 1551 autem
546 1495 825 1568 profectus
845 1493 920 1549 sit
959 1494 1081 1567 ipse
1116 1511 1374 1566 egressus
1411 1511 1477 1549 ex
1507 1496 1683 1568 Syriae
1714 1512 1922 1563 eremo,

335 1589 488 1639 certe
517 1585 744 1656 quidem
767 1584 1177 1667 Jerosolymam
1200 1589 1334 1639 ante
1358 1583 1582 1651 abiisse,
1611 1601 1781 1656 quam
1809 1585 1928 1640 Ro-

335 1689 488 1727 mam
517 1673 734 1727 veniret
745 1672 816 1727 ad
841 1672 1168 1738 Damasum,
1195 1689 1260 1728 ex
1280 1672 1456 1744 ipsius
1474 1674 1784 1728 assertione
1805 1691 1930 1746 pro-

333 1761 520 1829 batur,
553 1763 690 1818 dum
718 1763 777 1817 in
819 1762 1143 1835 praefatione
1167 1761 1239 1816 ad
1287 1763 1586 1818 Paulinum
1616 1763 1673 1816 in
1698 1763 1927 1834 Didymi

333 1852 881 1907 commentariumde
895 1852 1108 1923 Spiritu
1138 1857 1351 1918 sancto,
1381 1851 1646 1906 recedens
1677 1853 1929 1907 tuncRo-

333 1957 429 1995 ma
447 1947 575 2012 post
586 1941 800 1996 obitum
817 1942 1064 2008 Damasi,
1087 1957 1147 1996 se
1161 1941 1505 2013 postliminio
1522 1941 1928 2014 Jerosolymam

333 2046 623 2086 reversum
651 2030 923 2098 affirmat;
942 2036 1000 2085 et
1015 2030 1072 2084 in
1094 2030 1332 2102 epistola
1348 2030 1419 2084 ad
1438 2030 1710 2097 Asellam,
1735 2047 1924 2102 quam,

335 2119 516 2174 Roma
561 2136 840 2190 egressus,
897 2135 1092 2174 navem
1135 2135 1536 2174 conscensurus
1579 2118 1924 2192 conscripsit,

336 2209 450 2264 ait:
483 2226 512 2262 ι
537 2209 648 2264 0m
674 2215 858 2263 autem
883 2215 944 2263 ut
963 2210 1311 2276 deBabylone
1327 2211 1725 2276 Jerosotymam
1751 2224 1931 2276 regre-

334 2300 467 2354 diar
498 2298 675 2365 (Hier.
709 2301 862 2367 epist.
895 2295 1006 2370 99).
1044 2320 1060 2345 ι
1098 2296 1314 2363 Quibus
1343 2297 1626 2368 intelligas
1647 2299 1768 2369 jam
1797 2302 1929 2352 ante

334 2388 524 2459 ipsum
564 2388 928 2461 Jerosolymis
955 2392 1240 2443 versatum
1265 2386 1458 2456 fuisse,
1491 2405 1661 2460 quam
1691 2388 1930 2443 Romam

333 2477 550 2532 veniret
575 2477 647 2532 ad
669 2477 994 2533 Damasum.
1025 2477 1312 2542 Quantum
1333 2493 1462 2532 vero
1482 2476 1752 2550 temporis
1778 2477 1932 2532 Jero-

334 2565 568 2639 solymis
597 2565 888 2632 manserit,
907 2565 1059 2620 haud
1079 2565 1216 2620 satis
1235 2565 1431 2636 liquet.

674 2674 942 2740 Profectio
973 2653 1602 2741 Constantinopolitano.
