3990 6194
317 345 385 403 97
1566 338 1949 399 ROSWEYDI
1988 340 2329 400 NOTATIO.
3524 351 3593 413 93

318 470 408 540 99)
438 488 500 526 se
529 488 673 542 pene
701 469 1012 525 triennium
1041 470 1231 524 Romae
1264 469 1556 536 mansisse,
1592 469 1915 541 pariterque
1932 478 1972 536 Α
1995 470 2184 525 chium
2212 469 2460 525 scribens
2487 471 2574 525 his
2602 471 2782 527 verbis
2805 491 2818 527 :
2843 490 2870 526 α
2901 472 3024 527 Jam
3038 473 3192 531 canis
3221 478 3594 549 spargebatur

318 567 449 632 post
478 560 695 615 obitum
738 558 970 613 Damasi
1014 559 1328 626 recessisse,
1378 564 1705 629 constetque
1735 576 1799 613 ex
1827 558 1914 613 his

316 666 447 720 quae
475 650 738 720 superius
763 648 914 703 dicta
935 654 1067 702 sunt
1089 649 1302 703 venisse
1331 649 1569 703 Romam
1589 648 1691 702 sub
1712 665 1915 702 consu-

316 739 438 793 latu
474 738 705 793 Antonii
734 742 791 791 et
817 737 1059 809 Syagrii,
1093 754 1240 791 anno
1269 737 1493 792 Domini
1520 737 1914 792 trecentesimo

316 828 660 898 octogesimo
690 828 953 891 secundo,
978 828 1163 899 ipsum
1195 827 1298 881 hoc
1325 843 1471 881 anno
1498 826 1568 880 ab
1588 827 1726 881 urbe
1755 843 1915 899 opor-

315 917 430 970 tuit
440 917 758 970 recessisse.
782 916 1051 970 Praesenti
1066 915 1240 986 igitur
1253 932 1420 981 anno,
1442 916 1682 986 Augusti
1699 932 1909 979 mense,

315 1005 387 1058 ad
418 1005 737 1059 Romanum
766 1010 989 1076 portum
1020 1022 1080 1059 se
1109 1004 1417 1070 conferens,
1435 1021 1634 1059 navem
1654 1021 1914 1059 conscen-

314 1092 419 1158 dit,
452 1099 624 1164 prout
648 1093 767 1165 ipse
796 1094 934 1148 satis
963 1099 1155 1164 aperte
1186 1094 1538 1147 demonstrat
1568 1094 1626 1146 in
1655 1092 1915 1164 apologia

313 1182 586 1236 adversus
604 1182 891 1237 Rufﬁnum
924 1185 1116 1253 (Ilion,
1154 1185 1248 1237 lib.
1272 1200 1308 1236 ιι
1326 1184 1536 1236 advers.
1576 1184 1907 1250 Rufﬁnum).

385 1272 567 1325 Porro
590 1272 686 1343 qui
708 1272 919 1326 fuerint
938 1273 1114 1344 ipsius
1132 1271 1460 1343 Hieronymi
1476 1272 1535 1325 in
1558 1272 1912 1341 navigatione

310 1360 576 1427 comites,
590 1368 650 1416 et
662 1362 885 1432 quando
895 1361 1126 1416 solverit
1140 1379 1170 1415 e
1199 1366 1383 1433 portu,
1407 1361 1557 1415 idem
1577 1361 1637 1415 in
1655 1361 1914 1432 apologia

309 1451 588 1504 adversus
609 1451 896 1505 Rufﬁnum
920 1450 1007 1504 his
1023 1450 1205 1504 verbis
1233 1449 1499 1503 describit
1530 1469 1541 1503 :
1572 1468 1597 1500 ς(
1628 1450 1728 1504 Vis
1748 1466 1912 1504 nosse

308 1539 680 1610 profectionis
692 1557 827 1594 mea;
846 1539 915 1593 de
935 1539 1072 1593 urbe
1088 1538 1343 1593 ordinem
1358 1539 1382 1591 ’ἶ
1395 1538 1635 1593 narrabo
1648 1538 1906 1593 breviter.

305 1628 504 1682 Mense
538 1629 814 1699 Augusto,
854 1628 1120 1683 ﬂantibus
1147 1628 1366 1695 Etesiis,
1399 1645 1525 1682 cum
1552 1634 1745 1682 sancto
1773 1628 1913 1681 Vin-

303 1717 495 1770 cantio
526 1716 874 1788 presbytero,
908 1723 967 1771 et
994 1717 1347 1771 adolescente
1392 1717 1565 1771 fratre
1612 1716 1912 1783 (Paulinia-

1996 565 2183 631 caput,
2216 564 2273 615 et
2299 561 2631 631 magistrum
2654 562 2838 633 potius
2873 580 3044 634 quam
3068 564 3404 638 discipulum
3437 568 3594 624 dece-

1996 648 2120 717 bat;
2149 650 2366 720 perrexi
2386 655 2578 703 tamen
2605 651 2999 706 Alexandriam
3023 672 3035 719 ;
3057 655 3243 709 audivi
3262 657 3588 728 Didymum,

1997 738 2129 793 etin
2160 739 2351 792 multis
2399 739 2448 793 ei
2484 740 2697 808 gratias
2736 757 2841 810 ago
2874 758 2885 792 :
2919 743 3062 812 quod
3106 744 3330 811 nescivi,
3376 747 3544 801 didici
3574 767 3588 815 ;

1998 826 2145 897 quod
2178 827 2553 895 sciebam,illo
2585 829 2820 883 docente
2847 847 2959 884 non
2991 832 3208 901 perdidi
3240 835 3409 903 (Ilier.
3434 840 3591 907 epist.

1998 915 2105 983 65).
2138 935 2160 969 ι
2191 917 2375 986 Atque
2405 916 2537 971 alibi
2565 918 2635 971 ad
2674 918 2934 972 eumdem
2960 937 2971 971 :
3010 939 3035 971 «
3071 922 3209 975 Cum
3250 940 3429 978 essem
3458 926 3593 980 Ale-

1995 1005 2264 1071 xandrize,
2306 1005 2420 1059 vidi
2465 1006 2792 1078 Didymum,
2833 1013 2891 1061 et
2918 1025 3047 1062 eum
3076 1010 3400 1081 frequenter
3424 1014 3589 1081 adivi,

1994 1093 2175 1147 virum
2196 1094 2282 1148 sui
2310 1095 2580 1166 temporis
2610 1096 3058 1152 eruditissimum
3087 1117 3099 1165 ;
3127 1101 3427 1172 rogavique
3461 1120 3592 1158 eum

1994 1188 2059 1235 ut
2106 1183 2253 1253 quod
2293 1182 2561 1253 Origenes
2607 1202 2720 1239 non
2768 1185 2979 1241 fecerat
3023 1187 3142 1258 ipse
3181 1191 3506 1261 compleret,
3535 1197 3595 1246 et

1994 1270 2261 1326 scriberet
2291 1271 2349 1326 in
2380 1272 2537 1327 Oscae
2566 1275 2999 1330 commentarios
3019 1294 3033 1343 ;
3052 1275 3147 1347 qui
3176 1282 3292 1331 tres
3306 1258 3481 1333 libros
3502 1297 3591 1335 me

1994 1366 2218 1430 petente
2239 1361 2485 1428 dictavit,
2505 1362 2751 1434 quinque
2771 1381 2993 1435 quoque
3021 1366 3161 1419 alios
3191 1367 3249 1421 in
3269 1368 3592 1424 Zachariam

1994 1449 2266 1517 (Hierom,
2295 1467 2518 1519 prowm.
2566 1455 2632 1505 in
2671 1454 2897 1523 Oscam).
2927 1472 2952 1506 ν
3010 1456 3293 1510 Hactenus
3324 1458 3395 1511 ad
3426 1459 3592 1512 Pam-

1995 1538 2297 1593 machium.
2329 1540 2398 1594 Et
2422 1540 2493 1593 ad
2509 1547 2759 1594 sanctam
2779 1542 3012 1597 Paulam
3047 1563 3057 1597 :
3086 1564 3112 1596 «
3137 1546 3389 1618 Denique
3414 1563 3595 1619 nuper

1996 1626 2065 1680 ob
2096 1628 2239 1681 hanc
2269 1629 2354 1681 vel
2385 1628 2627 1683 maxime
2657 1646 2885 1685 causam
2924 1633 3318 1689 Alexandriam
3350 1636 3590 1707 perrexi,

1995 1720 2059 1769 ut
2075 1716 2322 1770 viderem
2336 1716 2722 1788 Didymum,et
2737 1718 2807 1773 ab
2828 1736 2891 1774 eo
2903 1720 2962 1774 in
2979 1722 3284 1793 Scripturis
3303 1725 3586 1794 omnibus,

304 1822 415 1859 nus
436 1806 532 1859 hic
561 1810 702 1872 erat,
727 1823 891 1877 quem
922 1806 1120 1860 ultimo
1150 1807 1269 1860 loco
1298 1810 1512 1871 natum,
1562 1806 1753 1859 Romae
1782 1795 1974 1859 dumB
1998 1821 2124 1875 qum
2144 1804 2418 1859 habebam
2434 1806 2955 1871 dubia,sciscitarer
2979 1813 3210 1883 (Hieron
3242 1852 3257 1880 ,
3277 1816 3339 1867 in
3365 1830 3590 1882 prorem.

304 1900 478 1961 esset,
514 1895 589 1949 ad
625 1913 686 1949 se
714 1901 780 1949 ut
805 1895 1021 1949 veniret
1044 1895 1352 1965 accersivit)
1386 1900 1441 1950 et
1484 1894 1611 1949 aliis
1633 1900 1700 1959 9
1724 1911 1916 1949 mona-

302 1984 448 2050 chis,
479 1984 580 2055 qui
609 2002 759 2039 nunc
777 1984 1139 2056 Jerosolymis
1168 1989 1607 2051 commorantur,
1644 1983 1829 2037 navim
1854 1983 1912 2037 in

301 2073 569 2128 Romano
597 2079 765 2144 portu
793 2090 1024 2128 securus
1048 2074 1294 2139 ascendi,
1319 2073 1569 2127 maxima
1586 2090 1678 2126 me
1689 2078 1911 2127 sancto-

299 2179 434 2216 rum
477 2162 802 2233 frequentia
840 2168 1232 2234 prosequente.
1266 2162 1422 2237 .Veni
1472 2162 1748 2233 Rhegium
1783 2202 1797 2227 ,
1852 2162 1911 2215 in

300 2251 544 2321 Scyllaeo
574 2251 760 2306 littore
788 2253 1081 2322 paululum
1109 2251 1259 2316 steti,
1286 2251 1383 2305 ubi
1410 2257 1627 2304 veteres
1649 2250 1818 2304 didici
1836 2250 1913 2304 fa-

300 2339 492 2405 bulas,
528 2346 587 2394 et
606 2341 946 2412 praecipitem
968 2341 1178 2395 fallacis
1196 2340 1410 2412 Ulyssis
1427 2356 1672 2407 cursum,
1698 2344 1755 2393 et
1767 2340 1913 2393 Sire-

297 2446 511 2484 narum
532 2431 835 2496 cantica,et
856 2430 1229 2485 insatiabilem
1242 2429 1551 2501 Charybdis
1566 2429 1907 2499 voraginem.

296 2520 569 2590 Cumque
584 2519 723 2573 mihi
743 2520 938 2573 accolae
961 2520 1110 2574 illius
1126 2519 1233 2573 loci
1263 2520 1442 2573 multa
1468 2523 1784 2584 narrarent,
1817 2517 1914 2572 da-

297 2614 553 2679 nentque
578 2609 873 2662 consilium
896 2614 959 2662 ut
973 2625 1084 2663 non
1104 2608 1173 2662 ad
1196 2608 1382 2663 Protei
1396 2608 1703 2673 columnas,
1721 2593 1817 2661 sed
1839 2607 1911 2660 ad

296 2698 465 2751 Iona:
491 2703 724 2767 portum
753 2697 1076 2767 navigarem
1101 2716 1112 2763 ;
1140 2697 1296 2751 illum
1327 2697 1475 2750 enim
1498 2696 1833 2767 fugientium
1855 2701 1911 2750 et

294 2784 849 2852 turbatorum,hunc
865 2786 1047 2840 securi
1066 2786 1309 2840 hominis
1326 2803 1446 2840 esse
1465 2802 1712 2851 cursum,
1736 2784 1911 2838 malui

294 2891 403 2945 per
427 2875 657 2929 Malaaas
680 2881 737 2929 et
755 2874 1025 2946 Cycladas
1045 2876 1291 2946 Cyprum
1305 2890 1555 2946 pergere;
1579 2873 1674 2928 ubi
1691 2890 1913 2944 suscep-

292 2970 389 3017 tus
419 2980 456 3017 a
480 2963 790 3017 venerabili
818 2964 1076 3035 episcopo
1107 2964 1437 3035 Epiphanio,
1479 2965 1640 3033 cujus
1664 2968 1727 3017 tu
1750 2964 1913 3017 testi-

1998 1898 2035 1949 ι.
2078 1908 2135 1947 Iv
2182 1897 2483 1951 Comment.
2530 1899 2591 1950 in
2636 1898 2806 1965 Epist.
2860 1900 2933 1952 ad
2981 1901 3214 1969 Ephcs.).
3267 1921 3291 1954 ι
3336 1903 3465 1957 Haec
3521 1904 3595 1959 ad

1996 1983 2273 2037 Paulam:
2318 1984 2519 2055 quibus
2560 2001 2688 2039 cum
2739 1986 2952 2040 nullam
2999 1988 3344 2044 mentionem
3393 1990 3596 2048 habeat

1995 2073 2143 2142 quod
2169 2089 2295 2126 eam
2324 2072 2626 2128 comitatus
2661 2074 2834 2129 fuerit
2860 2077 3316 2147 peregrinantem
3344 2080 3404 2134 in
3428 2081 3596 2153 {Egy-

1994 2166 2174 2231 ptum,
2205 2178 2307 2215 nec
2337 2162 2488 2227 alibi,
2521 2179 2646 2217 cum
2670 2164 2738 2217 de
2768 2165 3020 2234 ejusdem
3043 2167 3228 2222 Paulae
3251 2169 3596 2239 profectione

1994 2250 2051 2303 in
2067 2250 2320 2304 eamdem
2341 2250 2680 2321 provinciam
2696 2252 2832 2321 agit,
2855 2270 2914 2307 se
2932 2253 3013 2307 illi
3033 2255 3293 2309 comitem
3307 2257 3597 2314 inhzesisse

1994 2339 2144 2393 dicat
2174 2342 2348 2404 (llier.
2387 2341 2558 2409 Epist.
2590 2339 2708 2411 27),
2751 2342 2916 2412 plane
2947 2345 3272 2413 conjectura
3311 2346 3589 2417 ducimur,

1995 2429 2401 2500 Hieronymum
2430 2446 2786 2501 nequaquam
2817 2447 2943 2485 cum
2976 2448 3042 2485 ea
3082 2434 3592 2503 peregrinationem

1993 2517 2147 2572 illam
2182 2518 2513 2590 suscepisse.
2558 2520 2836 2573 Caeterum
2873 2521 2944 2574 ad
3000 2522 3281 2576 modicum
3326 2525 3593 2596 temporis

1993 2607 2468 2678 spatium,nempe
2480 2607 2717 2678 triginta
2732 2614 2954 2662 tantum
2972 2610 3169 2665 diebus
3183 2620 3593 2671 commoratum

1993 2713 2113 2750 esse
2147 2697 2553 2768 Hieronymum
2593 2698 2962 2764 Alexandriae,
2997 2700 3255 2755 Rulﬁnus
3285 2703 3589 2774 exprobrat

1995 2785 2053 2839 in
2082 2785 2382 2852 invectiva;
2418 2786 2516 2840 sed
2546 2803 2619 2840 an
2642 2804 2787 2853 vere,
2822 2787 2942 2858 ipse
2966 2788 3088 2843 scit.

2067 2875 2345 2928 Caeterum
2376 2874 2473 2945 qui
2511 2875 2919 2947 aliquantipser
2947 2877 3249 2948 Didymum
3292 2881 3590 2937 auditurus

1992 2962 2342 3016 Alexandriae
2371 2963 2639 3029 consedit,
2670 2969 2973 3035 antequam
3006 2966 3217 3021 rediret
3250 2966 3308 3021 in
3338 2969 3592 3024 Palwsti-

294 3052 493 3107 monio
520 3053 803 3122 gloriaris,
849 3053 972 3107 veni
998 3053 1377 3120 Antiochiam,
1412 3051 1507 3106 ubi
1551 3051 1755 3105 fruitus
1785 3068 1909 3105 sum
1937 3112 1976 3129 Π
1993 3052 2383 3123 nam,1Egypti
2400 3052 2743 3107 monasteria
2760 3055 3113 3124 peragravit;
3133 3055 3202 3109 de
3222 3056 3586 3129 quibusipse:

292 3141 706 3196 communione
725 3143 1003 3213 pontificis
1018 3142 1460 3213 confessorisque
1476 3140 1697 3195 Paulini
1718 3159 1730 3205 ;
1751 3145 1808 3193 et
1820 3140 1914 3194 de-

292 3231 507 3285 ductus
538 3230 610 3285 ab
655 3248 739 3298 eo,
776 3232 960 3286 media
988 3232 1172 3286 hieme
1211 3237 1269 3287 et
1313 3232 1520 3301 frigore
1559 3229 1908 3301 gravissimo,

293 3318 513 3372 intravi
538 3319 966 3391 Jerosolymam.
1004 3320 1128 3374 Vidi
1158 3320 1337 3374 multa
1364 3320 1665 3386 miracula;
1698 3313 1756 3372 et
1788 3335 1910 3390 quae

295 3409 463 3479 prius
494 3409 569 3462 ad
599 3426 693 3462 me
714 3409 865 3462 fama
878 3410 1205 3480 pertulerat,
1227 3409 1514 3463 oculorum
1522 3407 1732 3479 judicio
1756 3424 1910 3461 com-

294 3497 559 3568 probavi.
594 3516 622 3550 ι
666 3498 949 3552 Hactenus
978 3499 1355 3569 Hieronymus
1398 3498 1467 3551 de
1512 3512 1614 3551 suo
1669 3496 1911 3550 adventu

294 3586 744 3658 Jerosolymam.
1288 3636 1294 3641 .

736 3678 1117 3745 Peregrinatio
1143 3678 1487 3745 ﬂgyptz‘aw.

370 3763 547 3821 Anno
568 3766 783 3819 Christi
802 3763 924 3820 386.
958 3767 1180 3830 Baron.,
1203 3767 1277 3819 ad
1296 3766 1543 3819 eumdem
1565 3779 1659 3816 an:
1680 3791 1741 3801 —
1769 3761 1910 3815 Cum

296 3854 482 3925 igitur
505 3854 917 3925 Jerosolymam
940 3858 1167 3908 sanctus
1192 3854 1570 3925 Hieronymus
1590 3850 1911 3905 advenisset

296 3943 491 3998 media
525 3943 734 4008 hieme,
757 3944 909 3998 haud
938 3943 1170 3997 dubium
1198 3943 1276 3997 ibi
1306 3948 1557 3997 moratus
1584 3960 1596 4010 ;
1629 3939 1909 4012 profectus

296 4050 437 4087 vero
484 4038 574 4087 est
611 4038 810 4105 postea
851 4033 911 4086 in
955 4033 1279 4104 Egyptum,
1319 4031 1566 4087 discendi
1603 4027 1907 4101 cupiditate

296 4122 601 4193 pellectus.
619 4122 765 4176 Nam
787 4122 919 4176 licet
937 4120 1087 4175 orbis
1106 4138 1249 4192 pene
1266 4119 1439 4175 totius
1467 4118 1736 4190 magister
1745 4116 1911 4172 exsti-

293 4211 487 4274 tisset,
533 4228 667 4265 cum
708 4227 839 4265 eum
868 4212 990 4281 jam
1019 4210 1237 4282 pridem
1267 4210 1438 4264 etiam
1458 4210 1733 4264 Damasus
1763 4223 1911 4278 papa

293 4301 600 4355 consulere
648 4299 1045 4366 consuevisset,
1089 4300 1248 4369 cujus
1289 4300 1517 4354 nomine
1564 4298 1635 4353 ad
1691 4296 1910 4352 consul-

296 4391 552 4445 tationes
598 4389 989 4461 episcoporum
1017 4388 1346 4456 rescribens,
1378 4406 1572 4444 omnes
1602 4389 1780 4443 ferme
1810 4386 1908 4441 Ec-

2001 3160 2022 3190 σ
2047 3141 2657 3212 ContendilEgyptum,
2683 3142 2917 3196 lustravi
2946 3145 3290 3199 monasteria
3302 3146 3517 3213 Nitriae,
3535 3152 3595 3201 et

1993 3230 2141 3284 inter
2190 3235 2510 3284 sanctorum
2565 3231 2764 3285 choros
2819 3231 3041 3303 aspides
3090 3234 3265 3288 latere
3335 3236 3591 3307 perspexi

1997 3320 2188 3387 (Hiera,
2236 3320 2456 3389 Apolog.
2499 3321 2711 3373 advers.
2758 3322 3090 3392 Ruf/tuum).
3146 3343 3169 3373 ι
3221 3324 3329 3377 Per
3370 3326 3592 3397 aspides

1994 3408 2142 3462 enim
2172 3424 2231 3462 se
2254 3407 2596 3478 signiﬁcasse
2625 3406 2993 3477 Origenistas,
3012 3408 3250 3479 ipsemet
3282 3412 3423 3466 alias
3444 3430 3591 3484 saepe

1992 3497 2263 3564 declarat;
2295 3497 2393 3550 sed
2418 3513 2520 3550 nos
2550 3496 2619 3550 de
2638 3496 2726 3550 his
2754 3513 2856 3550 suo
2888 3497 3008 3551 loco
3030 3497 3307 3569 pluribus.

2063 3588 2137 3641 At
2164 3586 2299 3657 quid
2328 3591 2524 3657 postea
2572 3584 2768 3655 egerit,
2814 3602 2942 3640 mox
2988 3586 3219 3641 subdit:
3255 3606 3282 3643 α
3328 3590 3592 3646 Protinus

1993 3676 2209 3731 concito
2235 3676 2417 3747 gradu
2456 3675 2746 3730 Bethleem
2790 3692 2975 3730 meam
3023 3694 3279 3733 reversus
3317 3696 3462 3745 sum,
3494 3680 3592 3735 ubi

1993 3766 2219 3819 adoravi
2250 3781 2496 3837 priesepe
2525 3769 2583 3817 et
2601 3763 2942 3818 incunabula
2963 3764 3288 3821 Salvatoris.
3306 3768 3434 3823 Vidi
3459 3785 3592 3840 quo-
3622 3758 3627 3765 ἴ

1993 3871 2101 3925 que
2123 3853 2560 3907 famosissimum
2579 3852 2761 3907 lacum
2780 3872 2794 3920 ;
2812 3870 2914 3907 nee
2933 3870 3023 3908 me
3038 3854 3206 3910 inerti
3228 3857 3434 3912 tradidi
3455 3858 3588 3927 otio,

1991 3943 2089 3996 sed
2113 3942 2291 3996 multa
2319 3942 2488 3996 didici
2509 3958 2632 4012 quae
2657 3947 2788 3996 ante
2817 3942 3154 3998 nesciebam.
3181 3964 3209 4000 ι
3241 3947 3317 4001 At
3334 3963 3592 4018 quaenam

1991 4032 2136 4087 ista?
2165 4031 2297 4086 alibi
2326 4032 2575 4086 declarat
2600 4032 2686 4086 his
2706 4032 2886 4087 verbis
2918 4039 3045 4103 post
3068 4036 3407 4091 recensitum
3437 4037 3590 4093 redi-

1990 4127 2113 4176 tum
2142 4138 2209 4176 ex
2233 4122 2473 4193 Egypto
2495 4120 2555 4175 in
2576 4121 2934 4176 Palaestinam
2963 4140 2975 4178 :
3009 4141 3038 4175 α
3062 4124 3350 4180 Putabant
3384 4143 3475 4181 me
3495 4126 3595 4182 ho-

1990 4211 2171 4265 mines
2207 4216 2336 4282 post
2388 4210 2644 4265 auditum
2691 4211 2997 4283 Didymum
3047 4214 3217 4268 ﬁnem
3265 4215 3462 4270 fecisse
3511 4215 3597 4271 di-

1990 4292 2215 4367 scendi;
2263 4299 2389 4354 veni
2420 4316 2646 4354 rursum
2694 4300 3103 4373 Jerosolymam
3153 4309 3211 4357 et
3256 4304 3587 4371 Bethleem;

1992 4405 2101 4459 quo
2129 4387 2339 4453 labore,
2375 4405 2484 4459 quo
2514 4389 2694 4460 pretio
2712 4390 3099 4445 Barrabanum
3131 4395 3468 4445 nocturnum
3491 4392 3593 4447 ha-

295 4480 503 4534 clesias
519 4478 835 4547 docuisset;
853 4478 930 4533 ibi
949 4484 1140 4533 tamen
1156 4478 1459 4549 Didymum
1471 4466 1971 4533 AlexandrinumD
1985 4478 2080 4532 bui
2129 4485 2527 4550 praeceptorem
2546 4480 2569 4533 Τ
2614 4480 2852 4534 timebat
2883 4481 3032 4536 enim
3080 4482 3321 4548 Iudaeos,
3356 4488 3415 4536 et
3441 4482 3583 4538 mihi

296 4567 668 4635 conveniens,
696 4567 806 4639 ipsi
851 4583 911 4621 se
953 4567 1206 4633 tradidit,
1242 4573 1307 4622 ut
1333 4568 1687 4639 discipulum,
1734 4569 1908 4626 sacris

296 4657 514 4712 litteris
557 4656 947 4712 imbuendum.
993 4657 1255 4712 Testatur
1293 4656 1351 4711 id
1380 4656 1500 4728 ipse
1534 4657 1604 4711 ad
1644 4659 1910 4713 Pamma-

1990 4569 2231 4623 alterum
2276 4566 2576 4624 exhibebat
2602 4569 2972 4625 Nicodemum
3002 4572 3179 4636 (Hier.
3219 4573 3371 4641 epist.
3412 4570 3522 4641 65).
3556 4590 3586 4627 ι

1993 4659 2123 4712 Haec
2150 4657 2288 4728 ipse.

1518 4801 1941 4862 ROSWEYDI
2013 4802 2380 4864 NOTA'l‘IO.

386 4921 507 4983 l0
537 4916 609 4985 (α)
661 4917 976 4985 Aquileiam
1012 4915 1361 4985 pervenisse]
1409 4915 1643 4969 Summa
1680 4914 1905 4985 quidem

298 4985 473 5041 laude
496 4987 597 5059 {ait
625 4986 901 5059 Baronius
924 5002 1090 5059 anno
1110 4986 1317 5059 Christi
1342 4985 1462 5053 372)
1508 4985 1746 5059 florebat
1772 4990 1908 5059 tunc

297 5056 702 5140 Aquileiensis.
729 5058 993 5140 Ecclesia,
1035 5056 1140 5140 pbi‘
1182 5057 1459 5140 exstincto.
1502 5057 1907 5140 Fortunatiano

299 5127 591 5202 episcopo,
607 5130 1010 5202 Arianaasectaa
1028 5128 1266 5202 fautore,
1290 5145 1420 5202 eam
1430 5129 1767 5202 Arianorum
1783 5127 1907 5202 labe

300 5198 598 5265 ftiadatam,
658 5201 990 5255 Valerianus
1041 5200 1126 5253 vir
1166 5198 1573 5264 sanctissimus,
1627 5198 1697 5252 ab
1752 5199 1906 5252 omni

296 5289 541 5343 prorsus
566 5272 879 5343 impietatis
907 5271 1037 5325 fzece
1066 5270 1365 5343 purgavit,_
1384 5276 1451 5343 ut
1494 5270 1649 5343 idem
1680 5276 1906 5343 sanctus

298 5339 908 5415 Hieronymustradit
936 5339 1118 5415 (Hier.
1162 5339 1318 5415 epist.
1345 5339 1461 5407 li3);
1496 5341 1795 5415 ascitisque
1831 5341 1907 5415 ad

298 5415 494 5469 ofﬁcia
521 5411 897 5469 ecclesiastica
930 5411 1061 5467 viris
1082 5411 1404 5484 optimis‘ac
1435 5412 1669 5466 eruditis
1699 5412 1908 5484 siccla-

301 5487 443 5549 ruit,
468 5492 534 5540 ut
550 5488 621 5540 de
643 5486 722 5540 eis
743 5486 864 5557 ipse
884 5485 1261 5557 Hieronymus
1278 5483 1334 5557 in
1356 5483 1630 5557 Chronico
1641 5484 1721 5557 ita
1738 5483 1907 5557 digne

302 5558 638 5612 meminerit
678 5575 689 5609 :
741 5551 1203 5627 (Aquileienses
1248 5554 1452 5621 clerici,
1496 5555 1656 5625 quasi
1707 5551 1909 5627 chorus

302 5628 609 5684 beatorum
640 5626 937 5684 habentur.
966 5627 1235 5695 (Ilieron.,
1256 5629 1317 5682 in
1339 5627 1564 5692 0hron.,
1586 5642 1683 5681 an.
1700 5626 1760 5680 11
1812 5627 1909 5680 Va-

1989 4919 2165 4979 lent.).
2187 4936 2209 4967 )
2230 4917 2338 4971 Per
2369 4933 2507 4987 quos
2528 4935 2694 4973 omne
2726 4938 2748 4969 α
2778 4917 2973 4972 Ariani
3004 4918 3287 5044 quondam
3307 4919 3588 4991 dogmatis

1989 4987 2139 5040 virus
2161 4988 2445 5042 exclusum
2478 4995 2564 5043 est
2597 4992 2788 5044 (Ilion.
2821 4992 2974 5044 epist.
3045 4989 3120 5044 3).
3147 5010 3173 5043 »
3211 4990 3320 5044 Sed
3337 4997 3395 5044 et
3416 4992 3588 5044 quod.

1986 4987 2453 5062 virusexclusum
2478 4992 2788 5062 esqtg(llicr.,
2821 4992 2974 5059 epist.
3009 4987 3120 5060 43).
3147 5010 3173 5043 )›
3211 4990 3320 5046 Sed
3337 4987 3588 5062 et'quod,

1989 5059 2084 5134 qui
2122 5058 2197 5111 ibi
2210 5064 2383 5134 erant
2411 5060 2616 5125 clerici,
2642 5067 2828 5134 essent
2857 5067 2915 5115 et
2947 5058 3222 5128 monachi,
3252 5063 3357 5117 hoc
3388 5058 3593 5134 praeco-

1988 5129 2082 5201 nio
2113 5146 2177 5182 ex
2206 5130 2407 5183 iisdem
2436 5136 2555 5184 tres
2589 5132 2941 5201 potissimum
2971 5134 3275 5187 laudantur
3315 5129 3594 5189 in—Chro-
3634 5136 3637 5143 '

1988 5200 2129 5275 nico,
2166 5216 2293 5275 cum
2325 5201 2404 5275 ait
2436 5220 2448 5254 :
2479 5220 2515 5275 _«
2540 5200 2859 5257 Florentius
2889 5204 3311 5275 [Florentinus],
3339 5206 3594 5260 Bonosus

1989 5277 2046 5347 e_t
2078 5271 2353 5347 Rul‘finus,
2384 5272 2633 5347 insignes
2667 5271 2927 5347 monachi
2959 5271 3360 5331 habenturz'ex
3389 5276 3594 5347 quibus

1988 5342 2306 5397 Florentius
2334 5348 2452 5396 tam
2502 5342 2819 5419 misericors
2846 5346 2902 5399 in
2931 5362 3138 5416 egenos
3175 5347 3300 5409 fuit,
3337 5342 3596 5419 ut'vulgo

1990 5419 2150 5486 pater
2170 5430 2480 5484 pauperum
2498 5416 2822 5471 nominatus
2838 5424 2985 5471 esset
2997 5419 3070 5486 (Η
3075 5420 3226 5471 ieron
3237 5461 3247 5471 .
3258 5422 3343 5481 ,in
3366 5416 3592 5483 Ghroﬂ.,

1988 5500 2085 5558 an.
2140 5483 2198 5539 13
2253 5483 2502 5551 Valent).
2525 5506 2560 5558 ν»
2595 5488 2679 5541 Ab
2710 5488 2814 5541 hoc
2852 5483 3110 5558 adjutum
3140 5488 3506 5542 Heliodorum
3537 5488 3597 5541 in

1993 5555 2283 5629 Orientem
2313 5557 2824 5628 peregrinationem
2866 5555 3187 5624 confecisse,
3235 5561 3470 5629 ejusque
3507 5574 3600 5629 ex-

1993 5626 2181 5698 pensis
2210 5626 2618 5701 Hieronyinum
2648 5631 2964 5702 complures
3001 5629 3173 5685 libros
3206 5626 3596 5685 exscribendas
