4046 6212
327 281 437 341 115

1349 279 1442 332 DE
1479 278 1666 335 VITIS
1706 279 2002 336 PATRUM
2039 277 2256 335 LIBER
2289 277 2580 337 PRIMUS.

3505 291 3614 348 H6

493 412 676 484 3,915?
721 407 934 484 νήματα,
965 403 1045 456 καὶ
1083 401 1110 455 ὁ
1148 403 1368 484 βιασθεὶς.
1395 400 1460 465 εἷς
1498 399 1692 484 εξσθῇτοιΔ
1717 403 1919 478 χρυσός.
1939 415 1982 478 Α

2046 403 2247 484 ten,_3l
2277 396 2531 484 Januarii
2561 430 2576 462 :
2632 423 2660 484 ει
2692 406 2876 484 Munit
2919 413 3094 482 caput
3134 411 3606 484 srperhumerali,

336 477 465 554 §_Et
493 473 674 554 Elisaei
711 473 932 554 melote,
967 489 1088 544 quae
1117 473 1242 554 plus
1269 473 1478 554 virium
1502 473 1993 554 habuit,'g'quam"
2009 476 2202 554 quavis
2228 478 2391 554 galea
2409 477 2607 554 tutius,
2632 477 2830 554 baculo
2857 473 3054 554 autem
3083 473 3270 537 munit
3295 473 3606 554 dexteram,

330 548 428 602 illa
455 548 650 610 serica,
685 552 742 600 et
787 543 999 602 aurum’
1018 543 1260 599 vestibus
1285 561 1404 669 fer
1430 545 1542 599 vim
1588 543 1861 600 assutum.
1899 566 1921 597 ι
2008 543 2204 602 lancea
2231 543 2395 619 longe
2416 549 2670 612 validius,
2703 555 2760 604 et
2779 551 2882 604 hac
2909 551 3128 606 ratione
3151 555 3442 611 conﬁdens
3464 543 3604 625 fore,

331 619 576 669 Joannes
599 619 1044 669 Chrvsostomus.
1072 616 1262 669 homil.
1325 656 1338 669 .
1355 617 1422 669 ad
1447 617 1712 669 Donulum
1733 617 1928 669 Antio—
2007 625 2071 669 ut
2093 619 2344 669 hostibus
2357 620 2640 669 videretur
2656 621 2977 669 terribilior-
2995 639 3163 669 mmm
3180 625 3311 669 nlim
3331 628 3604 669 intninnn

1325 656 1338 680 9

331 619 576 673 Joannes
599 619 1044 688 Chrysostomus,
1072 616 1262 688 homil.

1355 617 1422 670 ad
1445 617 1712 687 populum
1733 617 1928 671 Antio-
2007 625 2071 672 ut
2093 617 2350 674 hostibus
2357 620 2640 676 videretur
2656 621 2978 686 terribilior,

3034 639 3164 677 ualn
3180 625 3313 679 olim
3331 633 3414 695 (ut
3427 628 3608 695 aiunt)

332 641 576 673 Joannes
599 641 1044 688 bnrysuswmus,
1072 641 1262 697 ιιυιιιιι.
1288 641 1338 680 z,
1355 641 1422 670 au
1445 641 1712 687 pupulum
1733 641 1928 671 Alluo-
2008 641 2071 672 ur.
2094 641 2344 674 nosuous
2358 641 2640 676 Vlaeretur
2656 641 2978 686 ῐθῐΊΊοιιιΟΓ,
3034 641 3164 677 ualn
3180 641 3313 679 oum
3331 641 3414 695 (ut
3427 641 3608 695 aiunt)

332 689 716 777 chenum,rubi
749 688 830 777 ait
867 703 1056 776 regem
1099 685 1325 776 ditatem
1364 687 1485 777 Elia
1511 704 1757 777 paupere
1784 688 1928 777 indi-
2007 691 2186 777 clava.
2217 691 2503 745 Hercules.
2537 711 2563 744 »
2613 691 2833 748 Similia
2875 641 3031 766 apud
3065 695 3313 767 Glycam,
3357 705 3519 769 parte
3557 715 3613 754 ιγ

330 760 522 844 guisse
553 778 564 812 :
601 759 753 844 (25:0:
781 759 1104 844 λαμπροτέρα
1127 764 1214 844 τῆς
1238 760 1533 844 πορφυρίδος
1553 760 1582 826 ἡ
1606 759 1811 844 μηλιρτὴ
1833 759 1921 844 ᾖν,

2046 761 2210 844 erat

331 825 411 883 ἰαὶ
465 837 562 882 τῶν
619 825 882 898 βασιλικῶν
929 825 1104 880 αὐλῶν
1161 826 1218 880 τὸ
1274 825 1516 895 σπῆλαιον
1571 825 1658 880 τοῦ
1714 825 1919 882 δικαίου.

2077 830 2188 899 (61)
2221 833 2412 912 Οιιαηι⁵
2447 849 2640 912 regunt
2673 849 3002 912 purpuram
3039 842 3614 912 cum‘regnissuis'q

337 919 360 951 ε
394 899 547 979 Adeo
567 897 908 979 splendidior
933 898 1278 979 trabeaerat
1307 899 1550 979 meloteL
1562 903 1620 954 et
1643 899 1929 979 regalibus
2134 897 2524 979 manuscripti,
2566 908 2624 959 et
2671 897 2944 962 editiones
2993 897 3345 966 vetustiorés.
3396 897 3616 968 Recen:

333 970 474 1024 aulis
497 969 637 1040 justi
668 970 950 1094 spelunca.
975 990 997 1020 ι
1024 971 1109 1024 Ita
1136 970 1484 1025 Theodosius
1517 969 1789 1042 Senuphii
1814 987 1929 1025 mo-
2008 969 2182 1028 tiores
2199 969 2561 1044 substituere,
2585 991 2714 1031 cum
2735 981 2911 1046 panis
2937 983 3072 1048 suis,
3102 980 3290 1038 nescio
3316 999 3390 1037 an
3419 988 3612 1043 aucto-

334 1040 497 1094 nachi
525 1057 694 1094 super
735 1041 986 1094 umerale
1016 1046 1073 1094 et
1102 1039 1379 1094 baculum.
1411 1041 1584 1094 galea:
1611 1042 1930 1094 lancemaue
2011 1044 2169 1094 ribus
2199 1043 2376 1094 libris.

334 1039 986 1112 nachi’superhumerale
1016 1046 1073 1112 et
1102 1039 1379 1105 baculum,
1409 1041 1584 1111 galea
1611 1039 1930 1112 lanceaque

333 1127 446 1166 suae
473 1111 738 1183 praetulit.
762 1114 904 1167 Acta
935 1111 1066 1183 Cyri
1090 1118 1148 1166 et
1174 1112 1583 1184 Joannis,apud
1605 1111 1930 1185 Metaphra-

2011 1044 2169 1100 ribus
2199 1043 2376 1100 libris.

346 1290 3616 1322 ῃ

829 1470 955 1576 ΙΝ
1028 1469 1409 1576 VITAM
1480 1468 1828 1578 BEATI
1900 1469 1980 1576 A

2046 1467 2396 1578 lTONII
2475 1472 3131 1579 PRIELUDIA.

337 1779 776 1836 ILLUSTRIUM
813 1781 1140 1837 VIRORUM
1185 1783 1279 1840 DE
1333 1784 1567 1841 ΒΕΑΤο
1607 1784 1932 1842 ANTONIO
1951 1786 1998 1847 B
2085 1801 2112 1839 ι
2132 1783 2262 1840 Vita
2287 1783 2520 1840 Antonii
2555 1782 2871 1856 conscripta
2889 1788 2978 1838 est
3003 1800 3039 1838 a
3060 1800 3266 1855 magno
3291 1785 3622 1852 Athanasio,

996 1871 1282 1927 ELOGIA.

405 1959 796 2026 Hieronymus,
830 1960 892 2013 de
926 1962 1135 2014 illustr.
1168 1963 1310 2017 Eccl.
1357 1960 1586 2032 Script.,
1621 1978 1738 2031 cap.
1775 1959 1864 2020 88.

408 2047 691 2102 Antonius
711 2048 1036 2115 monachus,
1062 2050 1222 2120 cujus
1241 2050 1413 2106 vitam
1441 2050 1785 2107 Athanasius
1814 2051 1940 2106 Ale-

337 2137 482 2192 xand
488 2137 622 2191 rima
634 2135 788 2192 urbis
799 2137 1090 2209 episcopus
1102 2139 1306 2210 insigni
1319 2140 1600 2195 volumine
1613 2146 1941 2213 prosecutus

341 2232 442 2293 est,
474 2226 631 2280 misit
654 2225 982 2298 Egyptiace
1009 2227 1079 2282 ad
1099 2227 1319 2283 diversa
1345 2229 1690 2284 monasteria
1705 2231 1942 2301 Aposto-

339 2315 432 2371 lici
465 2332 660 2370 sensus
700 2316 1086 2388 sermonisque
1128 2317 1392 2388 epistolas
1429 2324 1664 2390 septem,
1711 2335 1834 2390 quae
1881 2318 1940 2372 in

341 2405 592 2461 Graecam
621 2404 872 2473 linguam
900 2405 1188 2460 translata:
1215 2411 1366 2470 sunt,
1396 2423 1636 2479 quarum
1661 2407 1943 2480 praecipua

343 2499 430 2550 est
461 2495 532 2548 ad
563 2493 914 2551 Arsenoitas.
953 2495 1170 2550 Floruit
1199 2494 1301 2549 sub
1330 2496 1699 2552 Constantino
1728 2500 1786 2551 et
1813 2495 1942 2550 filiis

343 2585 466 2656 ejus
485 2582 869 2656 regnantibus.
895 2583 1047 2638 Vixit
1069 2600 1248 2638 annos
1274 2590 1502 2640 centum
1527 2585 1795 2658 quinque.

487 2675 654 2738 Idem,
688 2676 752 2726 in
791 2673 1056 2729 Chronico
1085 2689 1236 2726 anno
1268 2671 1330 2729 19
1361 2674 1436 2742 (a)
1466 2673 1796 2728 Constantii.

413 2761 690 2817 Antonius
738 2761 1048 2816 monachus
1089 2762 1395 2817 centesimo
1437 2766 1497 2816 et
1529 2761 1725 2834 quinto
1763 2760 1946 2817 aetatis

346 2867 494 2907 anno
521 2851 581 2906 in
611 2866 799 2905 eremo
827 2849 1084 2916 moritur,
1119 2855 1224 2904 etc.

417 2943 662 2998 Getasius
689 2941 816 2994 dist.
839 2939 929 3006 15,
957 2956 1073 3008 cap.
1103 2939 1308 2994 Sancta
1331 2939 1584 2994 Romana
1605 2938 1870 2994 Ecclesia.

417 3029 578 3085 Vitas
589 3031 839 3096 Patrum,
859 3027 1606 3096 Pauli,Antonii,Hilarionis
1621 3033 1679 3084 et
1691 3028 1944 3084 omnium

2019 1873 2279 1946 episcopo
2297 1873 2700 1930 Alexandrino.
2734 1891 2762 1928 »
3517 1939 3524 1944 Ι

2091 1964 2384 2034 Gregorius
2404 1965 2818 2030 Nazianzenus,
2842 1967 3091 2018 oratione
3110 1979 3220 2030 xxx,
3241 1967 3304 2020 in
3327 1961 3576 2020 laude‘m.

2549 2056 2732 2108 sancti
2767 2053 3087 2109 Athanasii.

2093 2140 2275 2196 Πάντα
2318 2143 2406 2212 μέν
2445 2161 2521 2196 τοι
2559 2141 2622 2196 τὰ
2663 2139 2844 2196 ἐκείνου
2887 2147 2991 2213 (τοῦ
3027 2141 3340 2210 Ἀθανασίου)
3381 2144 3538 2214 λέγειν
3574 2161 3629 2196 τε

2020 2230 2102 2282 καὶ
2149 2230 2431 2300 θαυμάζειν,
2485 2229 2787 2303 μακρότερον
2839 2228 2897 2283 ἂν
2947 2228 3020 2298 εἳη
3067 2228 3240 2304 τυχὸν,
3289 2231 3319 2299 ἢ
3364 2229 3490 2284 κατὰ
3541 2231 3628 2299 τὴν

2023 2323 2274 2390 παροῦσαν
2324 2319 2480 2390 ὁρμὴν
2536 2323 2624 2373 τοῦ
2669 2318 2822 2391 λόγου
2878 2340 2890 2353 ο
2937 2321 3018 2373 καὶ
3065 2321 3284 2391 ἱστορίας
3331 2319 3492 2392 ἔργον,
3543 2317 3631 2374 οὐκ

2025 2403 2260 2478 εὐφημίας
2291 2427 2302 2440 ·
2339 2407 2371 2460 ἃ
2393 2409 2475 2461 καὶ
2507 2405 2607 2479 ἰδίᾳ
2636 2411 2942 2480 παραδοῦναι
2972 2414 3137 2480 γραφῇ
3179 2407 3426 2479 παίδευμά
3460 2429 3513 2462 τε
3549 2411 3632 2462 καὶ

2025 2496 2222 2567 ἥδυσμα
2266 2505 2368 2559 τοῖς
2413 2493 2478 2558 εἰς
2532 2496 2754 2568 ὕστερον,
2798 2493 2947 2570 εὐχῆς
3008 2499 3150 2569 ἔργον
3194 2495 3322 2568 ἐμοὶ,
3368 2498 3538 2569 ὥσπερ
3577 2497 3631 2550 ὃν

2026 2579 2202 2645 ἐκεῖνος
2234 2581 2506 2638 Ἀντωνίου
2533 2589 2622 2638 τοῦ
2643 2585 2772 2638 θείου
2799 2585 2904 2654 βίον
2927 2585 3218 2656 συνέγραψε,
3251 2590 3340 2640 τοῦ
3367 2587 3636 2658 μοναδικοΰ

2025 2671 2130 2740 βίου
2159 2673 2446 2742 νομοθεσίαν
2478 2670 2526 2726 ἐν
2556 2672 2809 2745 πλάσματι
2839 2675 3136 2744 διηγήσεως.

2102 2775 2130 2811 α
2160 2761 2345 2832 Atque
2371 2777 2597 2816 omnem
2640 2760 2868 2832 quidem
2907 2761 3061 2815 illius
3091 2761 3431 2835 (Athanasii)
3455 2761 3630 2818 vitam

2028 2864 2286 2905 sermone
2300 2849 2562 2922 prosequi
2574 2865 2640 2904 ac
2653 2849 2914 2904 laudibus
2942 2850 3140 2904 efferre
3155 2851 3378 2922 longius
3392 2851 3629 2907 fortasse

2027 2937 2393 3010 fuerit,quam
2416 2939 2688 2994 orationis
2714 2937 3040 2994 institutum
3059 2939 3232 3008 ferat;
3259 2945 3429 3012 atque
3458 2940 3628 2996 histo-

2027 3031 2124 3088 riae
2145 3048 2284 3106 opus
2306 3028 2492 3094 fuerit,
2511 3044 2624 3083 nou
2653 3026 2924 3084 encomii:
2949 3045 3119 3101 quam
3142 3029 3334 3098 etiam,
3355 3035 3422 3086 ut
3449 3036 3630 3104 poste-

348 3119 733 3186 cremitarum,
767 3135 908 3189 quas
935 3123 1128 3173 tamen
1157 3117 1238 3172 vir
1266 3117 1464 3172 beatus
1492 3117 1718 3191 scripsit
1745 3118 1946 3176 Hiero-
1969 3106 2014 3168 Ο
2032 3123 2108 3179 ris
2146 3122 2482 3178 documento
2511 3122 2682 3190 atque
2710 3117 3069 3174 oblectationi
3097 3118 3366 3186 futuram,
3399 3119 3628 3192 proprio

347 3226 575 3283 nymus,
605 3225 735 3264 cum
761 3207 916 3262 omni
949 3208 1160 3264 honore
1197 3206 1551 3280 suscipimus.

349 3300 648 3364 Honorius,
681 3298 745 3352 de
773 3299 982 3352 itiustr.
1018 3298 1159 3352 Eccl.
1192 3295 1402 3366 Script.
1440 3313 1486 3352 c.
1511 3293 1604 3363 88,
1626 3297 1950 3366 carptimea:

899 3379 1024 3432 divo
1045 3379 1398 3446 Hieronymo.

425 3471 547 3536 ,τ
569 3466 849 3523 Antonius
877 3467 1201 3534 monachus,
1226 3467 1386 3538 cujus
1410 3465 1585 3521 vitam
1607 3463 1952 3536 Athanasius

352 3555 560 3629 insigni
588 3555 871 3610 volumine
901 3561 1228 3626 prosecutus
1273 3559 1378 3621 est,
1410 3553 1566 3608 misit
1593 3557 1811 3626 septem
1841 3551 1954 3625 epi-

354 3645 528 3701 stolas
572 3644 644 3698 ad
691 3643 912 3698 diversa
940 3641 1300 3709 monasteria,
1342 3641 1631 3713 apostolici
1661 3657 1860 3698 sensus
1897 3645 1954 3699 et

356 3731 651 3790 sermonis.

734 3820 1090 3884 Trithemius,
1117 3822 1181 3874 de
1207 3819 1410 3890 Script.
1441 3820 1586 3876 Eccl.

427 3908 707 3967 Antonius
736 3908 1042 3963 monachus
1073 3913 1131 3964 et
1157 3907 1350 3976 abbas,
1383 3907 1610 3964 natione
1638 3908 1950 3981 Egyptius,

295 4001 303 4008 ’
357 4001 446 4056 vir
457 3997 1160 4069 sanctissimus,eremique
1175 3998 1358 4053 cultor
1371 3997 1624 4070 insignis,
1639 3999 1800 4068 cujus
1820 4014 1957 4070 prae-

359 4088 524 4146 conia
550 4087 782 4143 laudum
814 4085 1108 4142 universus
1133 4091 1403 4158 personat
1428 4086 1598 4154 orbis,
1618 4087 1810 4142 multis
1831 4087 1957 4142 reli-

357 4178 530 4250 giosa;
541 4193 608 4231 ac
623 4175 799 4230 beatae
814 4173 938 4230 vitta
953 4190 1209 4230 normam
1224 4174 1490 4246 praebuit;
1508 4175 1604 4246 qui
1621 4175 1727 4230 etsi
1741 4175 1956 4229 litteras

357 4283 473 4323 non
491 4264 764 4329 didicerit,
781 4263 842 4318 in
860 4263 1063 4319 divinis
1081 4269 1274 4320 tamen
1296 4264 1600 4337 Scripturis
1618 4264 1758 4319 adeo
1777 4264 1960 4319 erudi-

358 4361 452 4412 tus
463 4355 590 4420 fuit,
603 4359 670 4410 ut
686 4353 874 4410 nullus
896 4352 1190 4410 doctorum
1205 4370 1266 4410 se
1293 4353 1345 4410 ei
1371 4354 1634 4426 praeferre
1652 4354 1959 4426 praesume-

2029 3212 2236 3284 scripto
2245 3208 2514 3266 mandare
2524 3223 2652 3262 cum
2663 3205 2863 3279 primis
2871 3211 3124 3280 optarem
3134 3208 3631 3280 ;quemadmodum

2029 3302 2150 3377 ipse
2179 3299 2292 3356 divi
2319 3296 2550 3354 Antonii
2575 3296 2768 3352 Vitam
2795 3296 3147 3370 conscripsit,
3179 3313 3309 3352 cum
3351 3297 3479 3354 vitm
3505 3313 3630 3352 mo-

2031 3391 2258 3448 nasticae
2285 3388 2437 3460 leges
2464 3385 2568 3442 sub
2596 3385 2937 3442 narrationis
2961 3387 3144 3458 specie
3168 3387 3574 3460 promulgaret.
3603 3407 3627 3439 ι

2032 3499 2302 3570 Ephrem,
2326 3511 2492 3552 serm.
2523 3498 2685 3550 asset.
2704 3495 2769 3548 in
2782 3495 2962 3554 illud:
2979 3493 3225 3550 Attende
3240 3492 3344 3549 tibi
3365 3493 3492 3566 ipsi,
3509 3509 3626 3564 cap.

2206 3582 2274 3642 10
2297 3602 2311 3654 ;
2343 3587 2472 3652 sive,
2497 3598 2664 3638 serm.
2700 3581 2769 3638 10
2789 3583 2853 3636 de
2878 3583 3251 3637 moderatione
3280 3585 3450 3638 risus.

2106 3691 2436 3766 Cujusmodi
2461 3695 2688 3746 sanctus
2701 3689 2981 3746 Antonius
3013 3689 3246 3758 exstitit,
3272 3690 3636 3762 quemadmo-

2034 3785 2171 3840 dum
2193 3788 2251 3838 ct
2269 3786 2495 3837 sanctus
2522 3777 2865 3835 Athanasius
2891 3778 3345 3852 archiepiscopus
3372 3778 3636 3835 meminit

2035 3873 2094 3930 in
2123 3873 2255 3928 Vita
2283 3887 2453 3943 quam
2473 3869 2542 3924 de
2581 3885 2647 3924 eo
2687 3867 3036 3940 conscripsit.

2107 3981 2412 4044 Palladius,
2445 3979 2648 4032 Hister.
2679 3977 2930 4031 Lausiac.
2956 3991 3074 4046 cap.
3105 3972 3142 4032 8
3179 3979 3245 4030 in
3270 3976 3558 4032 Ammone.

2111 4080 2229 4134 Hoc
2260 4081 2451 4133 autem
2489 4073 2826 4130 miraculum
2867 4074 3168 4146 (quomodo
3205 4075 3449 4130 Ammon
3486 4074 3640 4131 ultra

2038 4170 2250 4241 Lycum
2297 4165 2529 4221 ﬂuvium
2574 4162 2838 4218 divinitus
2884 4164 3191 4220 translatus
3241 4163 3332 4234 sit)
3386 4163 3640 4220 narravit

2040 4259 2236 4314 beatus
2265 4253 2628 4321 Athanasius,
2658 4251 3009 4308 Alexandria;
3041 4253 3355 4326 episcOpus,
3381 4251 3638 4309 scribens

2039 4349 2099 4404 in
2127 4349 2259 4403 Vita
2283 4344 2530 4401 Antonii.

359 4451 466 4503 ret.
501 4443 760 4500 Habebat
802 4443 1132 4498 memoriam
1170 4460 1272 4516 pro
1312 4442 1489 4510 libris,
1523 4442 1870 4498 intellectum
1901 4439 2242 4504 ctDAuctor
2280 4447 2403 4500 Vita
2447 4444 2628 4498 sancti
2677 4441 2978 4507 Pachomii,
3029 4442 3328 4512 interprete
3375 4442 3639 4512 Dionysio

360 4551 592 4592 sensum
621 4550 722 4606 pro
765 4530 986 4598 litteris,
1027 4531 1272 4601 gratiam
1301 4548 1402 4604 pro
1451 4532 1636 4586 studio
1681 4531 1954 4587 lectionis.

360 4624 605 4680 Dictavit
639 4622 968 4695 Egyptiaco
1021 4636 1280 4676 sermone
1319 4621 1391 4674 ad
1439 4620 1659 4676 diversa
1687 4620 1956 4685 coenobia,

363 4711 652 4785 apostolici
673 4727 870 4767 sensus
889 4715 1059 4783 atque
1079 4709 1355 4765 sermonis
1371 4709 1552 4764 varias
1572 4709 1847 4780 Epistolas
1866 4710 1955 4780 (ὑ).

363 4803 408 4859 Ε
426 4800 628 4874 quibus
655 4806 836 4855 exstat
860 4798 1098 4871 insignis
1126 4799 1224 4854 illa
1243 4797 1331 4854 Ad
1356 4797 1682 4852 Arsenoitas
1717 4797 1878 4871 epist.
1911 4796 1954 4866 ι,

363 4891 452 4946 Ad
480 4889 594 4945 alia
611 4887 864 4944 ctanobia
883 4888 1046 4961 epist.
1067 4888 1120 4944 6.
1145 4888 1280 4959 Ejus
1302 4887 1474 4942 vitam
1492 4885 1688 4943 beatus
1707 4887 1960 4942 Athana-

363 4979 482 5036 sius
543 4975 835 5049 episcopus
895 4976 1306 5032 Alexandrinus
1377 4974 1587 5046 insigni
1638 4975 1922 5032 volumine
1944 5017 1958 5044 ,

366 5068 561 5124 Graeco
589 5081 850 5120 sermone
879 5065 1190 5138 descripsit.
1220 5065 1438 5122 Claruit
1463 5065 1568 5121 sub
1594 5065 1962 5121 Constantino

365 5157 590 5228 Magno,
618 5159 676 5210 et
703 5154 832 5210 ﬁliis
861 5155 984 5226 ejus
1005 5155 1388 5227 regnantibus,
1414 5171 1563 5212 anno
1585 5155 1811 5210 Domini
1833 5155 1959 5225 330,

368 5245 562 5302 multis
589 5261 888 5301 coruscans
917 5243 1224 5300 miraculis.

438 5335 534 5392 DE
575 5333 856 5390 SANCTO
893 5333 1308 5390 ATHANASIO
1340 5334 1426 5405 (ο),
1456 5334 1646 5391 ἯΤΛΕ
1671 5334 1895 5391 HUJUS

956 5423 1375 5480 SCRIPTORE.

440 5515 647 5570 Mensa
678 5514 989 5571 Grecorum
1009 5512 1076 5568 17
1105 5515 1376 5569 Januarii
1399 5514 1463 5568 in
1493 5515 1610 5570 Vita
1638 5515 1892 5570 Antonii.

449 5603 516 5660 Ὀ
547 5603 601 5658 δὲ
631 5605 734 5675 βίος
763 5600 911 5658 αὐτοῦ
939 5602 1211 5674 συνεγράφη
1245 5600 1340 5658 ὖπό
1367 5608 1454 5658 τοῦ
1493 5603 1708 5675 μεγάλου
1747 5601 1968 5659 Ἀθανα-

370 5698 478 5752 σίου
507 5693 772 5754 ἐπισκόπου
808 5695 1200 5768 Ἀλεξανδρείας.

2111 4538 2342 4604 Exiguo,
2373 4549 2488 4602 cap.
2518 4532 2568 4586 l.

2111 4633 2234 4693 gs
2247 4623 2350 4680 Cui
2359 4619 2643 4692 (Antonio)
2655 4624 2882 4676 sanctus
2891 4618 3238 4676 Athanasius
3250 4619 3643 4676 Alexandrina

2042 4713 2281 4770 civitatis
2297 4712 2550 4778 antistes,
2568 4709 2793 4783 proprio
2809 4711 2955 4783 stylo
2973 4709 3360 4765 testimonium
3380 4708 3638 4782 praebuit;

2042 4804 2246 4876 dignus
2263 4819 2399 4858 sane
2419 4801 2627 4856 relator
2636 4798 3075 4856 conversationis
3093 4799 3344 4866 Antonii,
3363 4799 3460 4872 qui
3477 4800 3644 4871 juxta

2043 4892 2508 4966 supplicationem
2537 4890 2792 4956 fratrum,
2824 4889 3013 4945 Vitam
3047 4889 3172 4960 ejus
3197 4905 3300 4962 pro
3331 4889 3644 4944 multorum

2044 4981 2441 5038 commoditate
2469 4979 2841 5052 perscribaret
2866 4983 2925 5034 et
2951 4977 3330 5035 mmulandum
3350 4994 3482 5036 eum
3509 4977 3645 5033 viris

2045 5071 2391 5146 spiritalibus
2415 5069 2719 5126 exhiberet.

2283 5159 2545 5227 Socrates,
2586 5159 2735 5217 Eccl.
2774 5157 2980 5212 Histor.
3015 5157 3111 5212 lib.
3156 5172 3278 5227 cap.
3314 5155 3400 5214 l7.

2128 5249 2336 5312 Ὁποῐος
2364 5240 2422 5316 ἦν
2454 5246 2532 5302 ἐπὶ
2559 5253 2658 5301 τῶν
2690 5241 2852 5300 αὐτῶν
2875 5243 3074 5318 χρόνων
3096 5246 3178 5298 καὶ
3205 5244 3236 5299 ὁ
3262 5243 3485 5318 μοναχός
3519 5243 3644 5301 Ἀν-

2046 5338 2205 5399 τονίος
2251 5333 2300 5390 ἓν
2347 5341 2407 5408 τῇ
2459 5333 2630 5406 ἐρήμῳ
2676 5339 2762 5400 τῆς
2815 5329 3092 5404 Αἰγύπτου,
3152 5333 3221 5394 ὥς
3272 5337 3495 5404 φανεφῶς
3542 5341 3646 5394 τοῖς

1994 5443 1998 5447 ‘
2049 5428 2276 5498 δαίμοσιν
2307 5420 2627 5478 ἆντεπάλαιεν
2656 5421 2948 5496 ἔφευρίσκων
2976 5441 3031 5475 τε
3071 5418 3215 5486 αὐτὸς
3241 5423 3328 5484 τὰς
3357 5427 3536 5496 τέχνας
3563 5422 3646 5476 καὶ

2049 5516 2160 5579 τοὺς
2203 5513 2396 5579 ἄθλους,
2439 5513 2519 5568 καὶ
2559 5511 2697 5576 ὅπως
2739 5510 2902 5566 πολλὰ
2943 5507 3093 5567 ἐποίει
3131 5511 3381 5584 τεράστια,
3420 5507 3646 5582 περιττὸν

2047 5607 2206 5677 λέγειν
2256 5607 2404 5676 ἡμᾶς.
2437 5604 2667 5676 ’Έφθασε
2713 5600 2809 5674 γὰρ
2848 5599 3163 5668 Ἀθανασίος,
3203 5600 3232 5655 ὁ
3271 5598 3648 5673 Ἀλεξανδρείας

2053 5692 2334 5759 ἐπίσκοπος,
2367 5692 2658 5765 μονόὸιϐλον
2689 5688 2754 5754 εἰς
2777 5687 2862 5746 τὸν
2890 5687 3042 5746 αὐτοῦ
3072 5692 3176 5764 βίον
3203 5687 3470 5764 ἐπιθέμενος.
