4046 6212
333 291 447 351 111

1108 289 1189 347 IN
1223 287 1453 373 VITAM
1489 285 1701 377 snarl
1737 282 2045 344 ANTONII
2076 280 2480 371 mamma.
2522 279 2859 339 NOTATIO.

3510 277 3620 369 iis,

413 436 441 471 α
473 417 670 484 Qualis
717 417 835 474 vita
881 420 939 473 et
985 416 1235 473 moribus
1292 417 1572 473 Antonius
1628 416 1936 471 monachus
1953 412 2403 479 AAlexandrine
2430 410 2586 468 urbis
2615 412 2924 485 episcopus,
2958 409 3171 484 insigni
3189 406 3471 469 volumine
3486 420 3614 478 pro-

336 508 397 565 in
451 509 755 564 solitudine
798 508 1026 580 Egypti
1072 508 1283 562 eisdem
1336 507 1508 562 fuerit
1568 507 1931 579 temporibus,

339 598 624 670 quomodo
642 615 771 653 cum
791 596 1137 653 daemonibus
1148 597 1335 668 palam
1353 602 1411 652 et
1427 602 1620 668 aperte
1633 596 1933 663 dimicarit,

335 689 569 744 illorum
595 688 833 744 astutias
864 691 921 741 et
945 686 1174 741 callidas
1220 703 1441 759 pugnas
1485 685 1934 758 deprehenderit,

336 778 522 832 multa
551 777 807 849 prodigia
832 781 889 830 et
918 776 1189 830 miracula
1237 775 1514 843 ediderit;
1555 776 1820 853 quoniam
1868 774 1938 830 ab

336 867 652 922 Athanasio
675 865 1026 922 Alexandriae
1051 866 1309 938 episcopo
1351 865 1411 921 in
1455 865 1598 920 libro
1632 865 1937 937 separatim

340 956 412 1011 de
433 958 556 1028 ejus
591 956 721 1011 Vita
744 956 1059 1027 conscripto
1084 956 1201 1026 jam
1242 955 1461 1027 pridem
1486 955 1800 1026 expositum
1830 959 1932 1020 est,

337 1047 540 1103 eadem
569 1062 672 1102 nos
700 1061 1141 1101 commemorare
1160 1045 1325 1118 plane
1354 1044 1574 1100 videtur
1602 1060 1938 1117 supervaca-

337 1151 528 1190 neum.
563 1154 589 1188 D

625 1227 796 1292 Idem,
832 1227 929 1280 tib.
959 1240 1035 1293 1v,
1060 1241 1177 1295 cap.
1209 1222 1299 1293 18,
1330 1226 1472 1281 Eccl.
1507 1226 1650 1280 Hist.

411 1314 607 1368 Τούτου
648 1319 737 1368 τοῦ
785 1313 1014 1386 Ἀμμοῦν
1056 1314 1143 1382 τὴν
1182 1314 1345 1386 ψυχὴν
1386 1312 1509 1384 μετὰ
1545 1312 1773 1377 θάνατον,
1817 1307 1941 1364 ἀνα-

336 1404 720 1474 λαμϐανομένην
745 1401 840 1456 ὕπὸ
863 1398 1107 1475 ἀγγέλων,
1133 1402 1160 1457 ὁ
1180 1403 1287 1456 κατ’
1309 1399 1454 1455 αὐτὸν
1476 1404 1659 1473 βιώσας
1674 1401 1941 1471 Ἀντώνιος

340 1489 596 1556 ἐθεάσατο,
631 1494 699 1554 ὥς
730 1512 873 1563 φησιν
905 1489 952 1545 ἐν
983 1498 1056 1564 τῷ
1088 1493 1180 1565 βίῳ
1210 1487 1365 1571 an}qu
1389 1490 1416 1544 ὁ
1440 1498 1527 1571 ri;
1567 1490 1939 1561 Ἀλεξανδρείας

337 1578 603 1643 ἐπίσκοπος
645 1580 955 1644 Ἀθανάσιος.

415 1688 441 1720 α
474 1670 659 1740 Hujus
686 1669 980 1724 Ammonis
992 1671 1240 1725 animam
1257 1675 1384 1743 post
1393 1674 1632 1725 mortem
1642 1668 1712 1724 ab
1727 1668 1941 1740 angelis

336 1760 399 1814 in
428 1759 634 1814 caelum
654 1758 953 1827 sublatam,
971 1760 1271 1828 Antonius,
1296 1759 1391 1832 qui
1411 1759 1621 1814 eisdem
1648 1758 1783 1813 vixit
1799 1763 1939 1813 tem-
1955 1746 2001 1807 B

337 1848 591 1920 poribus,
606 1848 769 1917 vidit;
795 1850 1267 1920 quemadmodum
1282 1848 1351 1904 ab
1363 1848 1692 1913 Athanasio,
1706 1848 1940 1903 Alexan-

336 1938 479 1993 driae
506 1938 785 2010 episcopo,
800 1939 859 1993 in
881 1941 1005 2010 ejus
1023 1940 1154 1994 Vita
1173 1943 1678 1995 commemoratum
1692 1944 1795 1995 est.
1837 1957 1864 1991 ῃ

679 2029 1035 2097 Nicophorus,
1058 2030 1153 2083 lib.
1185 2043 1304 2095 vm,
1339 2044 1452 2098 cap.
1490 2029 1579 2083 40.

412 2115 623 2170 Verum
653 2116 790 2184 haec,
822 2121 1093 2188 tanquam
1120 2123 1319 2188 gustus
1350 2117 1598 2188 quidam,
1647 2119 1704 2170 et
1740 2116 1943 2188 exigua

336 2205 534 2275 imago
544 2207 774 2260 Antonii
794 2206 919 2263 vitae
938 2213 996 2261 et
1010 2206 1254 2263 instituti
1276 2207 1392 2267 sint
1407 2205 1674 2278 exposita,
1698 2211 1764 2260 ut
1775 2222 1839 2259 ex
1854 2205 1941 2260 his

338 2295 663 2349 universam
694 2297 837 2366 ejus,
861 2296 1045 2368 qualis
1062 2296 1249 2362 fuerit,
1282 2296 1693 2368 philosophiam
1719 2295 1942 2365 colliga-

335 2400 485 2438 mus.
510 2384 695 2449 Quam
721 2385 889 2439 rebus
917 2385 1176 2449 omnibus
1195 2384 1441 2457 optimus
1459 2385 1820 2451 Athanasius,
1850 2385 1940 2439 cui

335 2472 515 2528 etiam
535 2473 645 2528 fuit
662 2474 1041 2541 charissimus,
1075 2474 1296 2546 copiose
1326 2474 1609 2529 memoriae
1637 2474 1936 2545 posterita-

331 2563 411 2617 tis
436 2562 643 2617 litteris
664 2564 955 2618 mandavit
978 2582 990 2630 ;
1018 2563 1419 2633 certaminibus
1448 2564 1570 2632 ejus
1598 2569 1793 2617 contra
1823 2564 1936 2618 dae-

332 2668 555 2717 mones,
588 2656 647 2706 et
672 2652 910 2719 artibus,
963 2670 1102 2724 quas
1149 2654 1414 2707 adversus
1458 2653 1582 2706 illos
1628 2653 1931 2724 adinvenit,

332 2740 578 2811 aliisque
598 2741 723 2795 vitae
741 2741 1010 2812 prodigiis
1031 2747 1089 2795 et
1098 2742 1264 2796 rebus
1290 2742 1573 2813 quibusvis
1587 2741 1933 2812 conscriptis,

332 2835 403 2883 ut
429 2829 574 2883 liber
597 2829 642 2883 is
661 2831 957 2885 monastici
982 2831 1231 2886 instituti
1253 2848 1355 2886 ceu
1386 2831 1511 2885 linis
1528 2831 1754 2903 quidam
1770 2836 1932 2885 esset.

332 2919 733 2987 Hieronymus,
767 2920 939 2975 Catat.
976 2924 1187 2989 illustr.
1217 2921 1656 2990 Ecclcs.Script.,
1689 2936 1805 2989 cap.
1841 2918 1928 2989 88.

405 3008 690 3063 Antonius
743 3010 1069 3079 monachus,
1122 3011 1285 3083 cujus
1324 3009 1512 3064 Vitam
1568 3008 1934 3080 Athanasius,

2019 509 2245 559 secutus
2277 507 2381 558 est.

2464 593 2634 655 Idem,
2677 593 2898 656 ibidem,
2930 609 3047 661 cap.
3081 590 3171 648 87.

2089 682 2291 737 Fertur
2311 680 2607 736 Athanasii
2622 680 2875 747 historia,
2907 680 3135 736 Antonii
3153 678 3414 735 monachi
3440 676 3614 732 vitam

2020 771 2310 828 continens
2325 815 2337 829 .

2300 880 2576 946 Ruf/inus,
2614 879 2750 932 lz‘bJ
2783 879 2921 932 Ilist.
2944 879 3085 933 Eccl.
3122 893 3239 947 cap.
3271 874 3325 932 8.

2090 986 2171 1041 De
2186 985 2485 1042 virtutibus
2500 985 2750 1053 Antonii,
2766 990 2936 1056 atque
2951 984 3225 1039 institutis
3241 988 3296 1037 et
3314 982 3616 1037 sobrietate

2021 1075 2245 1143 mentis,
2280 1081 2345 1145 ut
2371 1076 2428 1129 in
2458 1075 2759 1130 solitudine
2786 1075 2957 1130 vitam
2989 1075 3218 1144 degens,
3249 1090 3385 1128 usus
3412 1073 3618 1126 solum-

2022 1165 2187 1220 modo
2217 1165 2289 1219 sit
2317 1166 2599 1220 consortio
2624 1164 2953 1229 bestiarum,
2972 1168 3030 1218 et
3056 1164 3125 1218 de
3147 1162 3492 1218 daemonibus
3503 1177 3619 1216 crc-

2022 1253 2153 1309 bros
2186 1272 2359 1327 agens
2380 1255 2715 1326 triumphos,
2745 1254 3019 1326 placuerit
3048 1254 3164 1309 Deo
3192 1268 3364 1324 supra
3391 1256 3619 1306 cunctos

2024 1345 2311 1412 mortales,
2328 1349 2502 1416 utque
2526 1344 2896 1400 institutionis
2924 1361 3038 1398 suae
3062 1343 3332 1415 praeclara
3357 1357 3532 1413 usque
3559 1340 3619 1394 in

2025 1434 2359 1489 hodiernum
2389 1434 2678 1489 monachis
2707 1435 2963 1505 exempla
2998 1432 3307 1505 reliquerit,
3340 1431 3620 1485 volentem

2021 1541 2111 1578 me
2142 1524 2331 1595 aliqua
2371 1540 2647 1595 exponere
2696 1524 2791 1577 ille
2834 1522 3056 1577 libellus
3098 1521 3354 1586 exclusit,
3405 1520 3503 1591 qui
3549 1517 3619 1572 ab

2021 1614 2329 1668 Athanasio
2346 1612 2605 1684 scriptus,
2629 1612 2796 1666 etiam
2810 1612 3009 1666 Latino
3026 1627 3284 1665 sermone
3307 1609 3492 1664 editus
3511 1612 3616 1662 est.
3642 1616 3645 1617 '

2060 1706 2353 1768 Paulinus,
2381 1706 2604 1771 prologo
2647 1703 2769 1756 l’ita'
2792 1704 2972 1756 sancti
2990 1702 3269 1755 Ambrosii
3290 1698 3328 1752 4
3344 1698 3577 1768 Aprilis.

2090 1790 2708 1855 Hortaris,venerabilis
2721 1791 2889 1845 Pater
2897 1789 3230 1860 Augustine,
3245 1788 3462 1844 utsicut
3472 1786 3622 1841 beati

2021 1882 2144 1949 viri,
2156 1880 2505 1936 Athanasius
2519 1881 2811 1952 episcopus
2836 1885 2893 1933 et
2908 1879 3285 1950 Hieronymus
3306 1876 3616 1948 presbyter,

2022 1973 2168 2044 stylo
2188 1970 2470 2043 prosecuti
2492 1975 2625 2025 sunt
2647 1970 2837 2023 Vitam
2854 1975 3175 2023 sanctorum
3186 1966 3347 2022 Pauli
3367 1972 3424 2020 et
3441 1967 3619 2019 Ante-

2022 2061 2103 2116 nii
2132 2061 2191 2115 in
2222 2077 2409 2115 eremo
2437 2060 2769 2131 positorum,
2800 2063 2903 2113 etc.

2092 2168 2186 2223 DE
2230 2167 2548 2223 EVAGRIO
2585 2165 3071 2232 PRESBYTERO,
3108 2163 3295 2218 VIT/E
3332 2161 3556 2218 HUJUS

2580 2255 3049 2310 INTERPRETE.

2021 2368 2411 2433 Hieronymus.
2445 2365 2623 2420 Catat.
2655 2366 2865 2419 illustr.
2898 2363 3039 2416 Eccl.
3069 2360 3253 2430 Script
3283 2399 3297 2426 ,
3346 2375 3462 2429 cap.
3496 2357 3619 2415 125.

2093 2477 2220 2537 29
2250 2471 2517 2543 Evagrius
2552 2472 2618 2540 (εἰ)
2652 2469 2961 2524 Antiochia:
2999 2468 3309 2540 episcopus,
3361 2466 3508 2521 acris
3554 2482 3620 2521 ac

2020 2560 2523 2632 ferventisingenii,
2539 2576 2665 2615 cum
2683 2559 2865 2614 adhuc
2886 2564 3036 2613 esset
3048 2557 3360 2629 presbyter,
3378 2556 3621 2611 diversa-

2018 2667 2145 2704 rum
2175 2651 2561 2723 hypotheseon
2579 2654 2852 2704 tractatus
2876 2648 3016 2702 mihi
3036 2647 3188 2717 legit,
3222 2663 3360 2717 quos
3379 2647 3619 2701 necdum

2021 2740 2215 2795 edidit.
2250 2740 2438 2793 Vitam
2469 2755 2689 2810 quoque
2713 2738 2862 2792 beati
2881 2736 3109 2791 Antonii
3139 2737 3207 2791 de
3236 2736 3427 2790 Graeco
3439 2735 3618 2791 Atha-

2020 2829 2165 2883 nasii
2195 2829 2254 2883 in
2283 2844 2601 2883 sermonem
2631 2833 2887 2883 nostrum
2915 2825 3221 2882 transtulit.

2087 2920 2317 2975 Similia
2344 2918 2500 2973 habet
2530 2919 2825 2986 Honor-ius,
2855 2934 2974 2987 cap.
3012 2916 3110 2974 125
3133 2919 3196 2971 dc
3226 2919 3436 2973 z'llustr.
3469 2915 3612 2971 Eccl.

2016 3009 2218 3079 Script.

1563 3162 1981 3224 ROSWEYDI
2021 3160 2391 3223 NOTA’I‘IO.

406 3296 482 3357 ta)
511 3298 675 3351 Anno
720 3295 783 3353 19
830 3296 1209 3423 Constantii}
1226 3292 1315 3352 Ita
1358 3295 1670 3350 rectissime
1713 3294 2001 3359 EusebiiC
2020 3296 2179 3366 imp.;
2214 3300 2385 3365 atque
2414 3294 2495 3349 ita
2505 3293 2647 3365 justi
2668 3307 2739 3347 cv
2768 3291 2922 3357 anni,
2952 3290 3156 3363 quibus
3174 3291 3453 3348 Antonius
3482 3292 3619 3349 vixit

406 3368 656 3422 ironicon
686 3367 1131 3423 manuscrintum
1214 3368 1563 3423 mandinum.
1599 3367 1680 3421 ita
1708 3366 1941 3422 Pontaci
2023 3373 2338 3423 exsurgent.
2368 3367 2484 3420 Nec
2513 3364 2677 3418 aliter
2705 3366 2912 3418 lectum
2956 3364 3017 3416 in
3061 3362 3317 3423 Eusebio,
3364 3370 3619 3423 tempore

331 3367 1131 3440 Chronicmimanuscriptum
1160 3366 1563 3433 Amandinum,
1599 3367 1680 3421 ita
1708 3366 1941 3422 Pontaci

329 3444 389 3493 et
411 3438 685 3509 Scaligeri
713 3439 906 3494 editio.

404 3508 705 3574 Baronius,
723 3516 860 3565 tom.
886 3512 957 3579 II,
981 3527 1128 3565 anno
1148 3510 1305 3565 Decii
1330 3509 1353 3566 1
1382 3513 1567 3581 (quem
1596 3510 1715 3581 ipse
1727 3508 1938 3564 Christi

327 3597 546 3636 annum
574 3582 776 3636 statuit
801 3581 928 3646 253)
975 3582 1320 3652 investigans
1359 3581 1520 3636 Pauli
1560 3582 1631 3635 ad
1681 3597 1933 3652 eremum

324 3652 523 3723 fugam
557 3669 625 3706 ex
652 3653 881 3708 Antonii
897 3652 1071 3718 obitu,
1106 3651 1311 3708 asserit
1330 3669 1395 3706 ex
1421 3652 1697 3707 Chronico
1709 3651 1934 3707 Eusebii

327 3729 387 3805 et
418 3724 769 3805 Hieronymi,
794 3724 1359 3805 Antoniumnobiisse
1395 3741 1544 3779 anno
1582 3724 1936 3805 21.1unioris

327 3795 689 3875 Constantii;
720 3795 810 3849 cui
835 3795 1155 3878 Constantii
1174 3812 1321 3877 anno
1343 3795 1463 3867 ipse
1487 3801 1629 3919 post,
1664 3795 1722 3849 in
1741 3797 1933 3877 Anna-

327 3865 495 3919 libus.
525 3872 663 3919 tem.
698 3867 797 3919 Ill.
832 3883 895 3919 1n
917 3882 1193 3919 annorum
1210 3883 1424 3919 serie.a
1444 3867 1486 3919 C
1530 3872 1667 3919 risto
1683 3872 1933 3919 assumat

325 3865 495 3928 libus,
525 3872 663 3937 tom.
698 3867 797 3931 Ill,
832 3867 895 3921 in
917 3882 1193 3921 annorum
1210 3865 1424 3931 serie,a
1444 3865 1667 3920 Christo
1683 3866 1937 3937 assignat

327 3953 545 3992 annum
573 3936 697 3992 357.
730 3938 891 4002 Quod
910 3938 1199 3993 occasione
1210 3938 1582 4008 investigandi
1602 3936 1824 3992 aetatem
1842 3937 1935 3991 Hi-

324 4008 562 4062 larionis
574 4008 782 4080 repetit
796 4015 913 4065 tom
958 4010 1052 4075 IV,
1082 4009 1151 4063 ad
1174 4024 1384 4080 annum
1407 4009 1615 4064 Christi
1635 4009 1757 4065 372.
1778 4009 1931 4080 Idem

325 4086 541 4144 tamen,
576 4086 731 4134 temo
761 4081 861 4144 III,
904 4097 1052 4135 anno
1082 4080 1291 4135 Christi
1320 4079 1441 4146 358,
1485 4080 1799 4134 Constantii
1839 4079 1926 4145 2?,

324 4152 561 4205 Antonii
588 4150 801 4206 obitum
828 4152 1082 4207 collocat.
1126 4151 1286 4216 Quod
1313 4168 1414 4206 cur
1440 4150 1636 4206 fecisse
1664 4150 1929 4222 potuerit,

324 4238 459 4277 mox
485 4223 792 4293 inquiram.
1657 4241 1660 4245 -

397 4294 718 4360 Depravato
749 4293 1009 4349 Chronici
1038 4293 1240 4348 Codice
1281 4310 1449 4350 usum
1475 4293 1799 4360 Baronium,
1834 4310 1931 4347 su-

323 4381 429 4435 pra
460 4364 596 4431 dixi,
628 4365 699 4420 ad
730 4365 900 4420 vitam
928 4365 1107 4420 sancti
1136 4365 1315 4434 Pauli,
1358 4366 1507 4436 quod
1554 4381 1704 4420 nunc
1751 4364 1930 4419 fusius

325 4436 703 4491 probandum.
1232 4473 1238 4477 υ

323 4452 684 4506 pronanaum
692 4477 703 4489 .
1232 4473 1238 4477 υ

394 4506 646 4579 Vulgata
672 4507 933 4563 Chronici
963 4507 1264 4562 Eusebiani
1302 4508 1494 4573 editio,
1528 4525 1637 4579 quo
1667 4524 1803 4562 usus
1830 4509 1932 4563 Ba-

322 4580 540 4651 ronius,
577 4580 737 4651 ponit
764 4579 994 4634 Antonii
1027 4580 1281 4651 natalem
1297 4596 1446 4634 anno
1480 4579 1503 4633 1
1531 4579 1701 4642 Decii,
1721 4579 1929 4651 Christi

321 4649 450 4722 25i,
474 4657 534 4705 et
549 4649 763 4706 obitum
787 4651 1040 4722 ejusdem
1062 4667 1209 4705 anno
1228 4650 1291 4707 ‘21
1323 4651 1636 4705 Constantii
1660 4650 1923 4720 junioris,

322 4721 539 4776 Christi
567 4721 693 4777 361.
720 4721 861 4777 Cum
883 4730 1073 4777 autem
1091 4739 1157 4777 ex
1177 4722 1371 4776 eodem
1392 4722 1609 4792 vulgari
1631 4722 1924 4786 Chronico,

318 4793 636 4862 posteriore
671 4794 772 4848 hoc
803 4794 942 4853 loco,
965 4799 1187 4848 constet
1202 4792 1509 4848 Antonium
1532 4792 1734 4847 obiisse
1749 4794 1930 4847 ae'atis

318 4879 471 4919 anno
506 4863 627 4930 105,
682 4870 896 4921 certum
926 4870 1013 4921 est
1036 4865 1123 4919 vel
1148 4865 1391 4919 natalem
1408 4864 1660 4927 Antonii,
1688 4864 1772 4917 vel
1794 4880 1940 4918 mor-

318 4937 532 4990 tualem
579 4937 832 5006 ejusdem
854 4937 1002 4992 diem
1018 4937 1165 4991 male
1193 4936 1466 5007 assignari
1494 4935 1551 4990 in
1574 4952 1641 4989 ea
1669 4934 1933 5002 editione,

319 5023 451 5063 cum
480 5024 516 5062 a
549 5007 757 5062 Christi
797 5024 945 5062 anno
988 5007 1113 5074 '255,
1162 5024 1273 5079 quo
1312 5007 1471 5079 ponit
1514 5014 1712 5079 natum
1757 5007 1934 5061 Anto-

320 5079 501 5144 nium,
538 5079 610 5133 ad
639 5095 848 5133 annum
880 5078 1003 5146 361,
1036 5095 1148 5150 quo
1176 5078 1435 5134 eumdem
1465 5079 1625 5150 ponit
1642 5078 1929 5146 denatum,

322 5151 709 5205 intercurrant
728 5151 861 5205 anni
877 5164 988 5205 cvn
1016 5149 1205 5215 .Quod
1231 5150 1277 5205 si
1297 5149 1438 5205 duos
1458 5149 1634 5205 annos
1654 5150 1847 5215 addas,
1876 5155 1933 5204 et

319 5237 450 5275 eum
485 5221 746 5276 videlicet
773 5238 883 5294 quo
912 5228 1080 5294 natus
1119 5227 1222 5294 est.
1261 5228 1487 5294 eteum
1535 5237 1644 5293 quo
1693 5221 1931 5294 denatus

318 5293 601 5364 Antonius
621 5294 734 5364 (qui
756 5292 947 5348 tamen
972 5293 1215 5347 addendi
1256 5293 1533 5357 videntur,
1551 5292 1683 5347 cum
1712 5292 1932 5347 dicatur

321 5381 472 5419 anno
513 5362 612 5421 106
638 5362 821 5436 aetatis
850 5369 1104 5419 mortuus
1133 5364 1429 5436 Antonius,
1462 5381 1575 5419 non
1598 5369 1785 5418 autem
1803 5370 1929 5436 post

322 5452 537 5490 annum
582 5435 727 5500 1031,
764 5442 1066 5507 exsurgant
1092 5435 1233 5507 anni
1255 5450 1362 5497 CIX,
1415 5452 1545 5491 cum
1590 5435 1816 5490 tantum
1859 5449 1927 5489 ον

318 5508 474 5571 anni,
509 5513 650 5579 quot
666 5505 1118 5573 Antonius'vixit,
1150 5505 1421 5563 deberent
1438 5508 1815 5563 intercurrere
1841 5508 1926 5563 vel

321 5596 624 5634 exsumere
632 5622 644 5634 .

394 5596 728 5705 largissime
748 5650 922 5722 igitur
945 5650 1005 5705 in
1030 5650 1123 5722 Ms.
1156 5649 1394 5706 Eusebio
1414 5651 1749 5718 Amandino,
1772 5656 1836 5706 ut
1856 5650 1927 5705 ad

319 5720 513 5776 Vitam
546 5722 708 5777 Pauli
727 5713 859 5788 dixi,
877 5713 1108 5777 Antonii
1129 5723 1389 5793 nativitas
1409 5713 1771 5793 consignatur
1781 5739 1927 5777 anno

328 5793 561 5863 lDecii,
602 5793 791 5851 obitus
828 5811 961 5850 vero
1010 5810 1158 5851 anno
1201 5792 1273 5852 19
1321 5792 1637 5852 Constantii
1681 5793 1930 5852 Junioris

2023 3362 2338 3437 exsurgent.
2368 3367 2484 3420 Nec
2508 3362 2677 3437 aliter
2705 3366 2912 3437 lectum
3061 3362 3317 3437 Eusebio,
3364 3370 3619 3437 tempore

2023 3438 2103 3492 Gr

2023 3455 2279 3508 uregorn
2306 3455 2665 3493 '1'ur0nenSIS.
2699 3455 2845 3489 nam
2874 3455 2955 3488 ιω
2983 3455 3075 3487 Ille
3104 3455 3246 3487 llUI'O
3278 3455 3317 3498 1,
3351 3455 3415 3488 (:3
3461 3475 3472 3487 .
3526 3455 3613 3502 Οὔ,

2021 3509 2231 3573 Hister.
2265 3509 2459 3563 Franc.
2493 3527 2505 3562 :
2540 3525 2566 3559 «
2599 3507 2911 3561 Constantii
2934 3504 3181 3560 Junioris
3213 3521 3360 3559 anno
3385 3455 3475 3570 lg,
3503 3508 3621 3561 An-

2018 3581 2206 3634 tonius
2236 3580 2542 3634 monachus
2576 3578 2821 3644 transiit,
2871 3577 3052 3632 zetatis
3097 3593 3244 3630 anno
3296 3575 3411 3633 105.
3459 3599 3482 3629 ι
3531 3580 3619 3634 Ita

2017 3653 2118 3706 Ms.
2153 3651 2549 3715 'D‘udonensis,
2603 3667 2731 3704 cum
2776 3666 2833 3703 1n
2877 3648 3115 3719 vulgatis
3160 3649 3307 3703 male
3362 3649 3436 3703 sit
3492 3649 3618 3706 100.

2019 3722 2124 3777 Sed
2158 3729 2216 3779 et
2238 3723 2583 3787 Vincentius,
2619 3722 2778 3792 Spec.
2812 3720 2946 3775 hist.
2981 3720 3075 3774 lib.
3107 3735 3216 3792 xiv,
3253 3737 3373 3792 cap.
3428 3719 3512 3792 11,
3549 3740 3617 3778 ex

2018 3794 2213 3848 eodem
2243 3794 2466 3849 Eusebii
2489 3791 2786 3859 Chronico,
2806 3792 3036 3846 Antonii
3064 3791 3278 3846 obitum
3302 3791 3618 3851 Constantii

2015 3865 2263 3920 Junioris
2287 3882 2436 3919 anno
2476 3865 2533 3920 I9
2563 3863 2740 3936 ponit.
2772 3864 2957 3936 Quare
2986 3864 3055 3916 de
3099 3862 3329 3936 Antonii
3361 3863 3519 3920 obitu
3557 3866 3618 3920 in

2014 3937 2240 4006 vulgato
2270 3936 2510 3991 Eusebio
2533 3935 3038 3990 metachronismus
3054 3941 3141 3988 est
3168 3935 3407 3989 duorum
3435 3953 3617 3991 anno-

2013 4024 2139 4061 rum
2169 4008 2215 4061 si
2245 4007 2314 4062 ab
2335 4008 2497 4061 annis
2526 4006 2707 4061 aetatis
2728 4006 2957 4060 Antonii
2977 4011 3030 4059 et
3061 4022 3271 4059 annum
3304 4007 3614 4064 nativitatis

2015 4085 2072 4132 et
2092 4096 2301 4133 annum
2317 4078 2500 4134 obitus
2517 4077 2775 4132 excludas
2801 4096 2813 4145 ;
2833 4078 2919 4131 vel
2940 4077 3444 4132 metachronismus
3457 4085 3543 4134 est
3558 4095 3614 4133 IV

2014 4166 2310 4217 annorum,
2337 4151 2383 4205 si
2414 4158 2470 4205 et
2495 4149 2807 4205 nativitatis
2835 4154 2891 4203 et
2925 4148 3110 4202 obitus
3154 4165 3331 4203 annos
3378 4166 3614 4206 numero

2015 4238 2294 4276 annorum
2323 4221 2506 4277 aetatis
2527 4223 2649 4291 ejus
2679 4220 3146 4291 comprehendas.

2085 4294 2321 4348 Miratus
2351 4310 2475 4347 sum
2507 4308 2643 4347 sane
2666 4291 2991 4355 Baronium,
3014 4292 3181 4361 quod,
3207 4307 3332 4345 cum
3362 4297 3517 4346 torno
3538 4294 3609 4359 II,

2014 4379 2162 4418 anno
2196 4363 2218 4420 1
2254 4364 2425 4429 Decii,
2459 4379 2631 4434 agens
2664 4362 2733 4416 de
2764 4361 2923 4434 Pauli
2952 4362 3199 4416 eremitze
3228 4361 3614 4434 fuga,ibidem

2012 4440 2229 4489 asserat
2256 4452 2321 4489 ex
2341 4432 2616 4490 Chronico
2636 4432 2861 4487 Eusebii
2892 4434 3232 4504 (depravato,
3254 4439 3316 4487 ut
3344 4432 3612 4504 diximus)

2011 4507 2319 4561 Antonium
2349 4505 2552 4560 obiisse
2582 4521 2729 4559 anno
2758 4504 2820 4559 21
2859 4505 3171 4559 Constantii
3202 4504 3479 4569 Junioris;
3524 4511 3613 4559 ta-

2013 4594 2142 4632 men
2167 4583 2322 4632 tomo
2350 4578 2449 4639 III,
2483 4593 2631 4632 anno
2659 4576 2730 4633 22
2759 4576 3008 4647 ejusdem
3042 4576 3374 4636 Constantii.
3395 4575 3613 4632 obitum

2011 4649 2241 4730 Antonii
2286 4654 2477 4721 ponat.
2519 4649 2693 4730 Cujus
2712 4648 2794 4702 rei
2835 4647 3266 4730 ratiqnemdum
3313 4647 3610 4730 investigo,

2174 3433 2279 3492 ὄιἱί
2306 3436 2665 3493 Turonensis.
2699 3437 2845 3489 Nam
2874 3436 2955 3488 ita
2982 3434 3075 3487 ille
3104 3433 3246 3487 libro
3278 3448 3317 3498 Ι,
3351 3433 3501 3502 capf
3526 3435 3613 3502 58,

1947 4705 2122 4775 Dnon
2153 4705 2324 4775 aliam
2362 4705 2795 4792 reperiofquam
2838 4719 2983 4789 quod
3030 4719 3265 4792 fortasse
3312 4705 3607 4792 Baroniiis,

2020 4797 2173 4847 tomo
2202 4794 2273 4858 II,
2307 4790 2516 4846 annum
2554 4790 2573 4847 l
2611 4790 2780 4853 Decii,
2805 4806 2914 4860 quo
2939 4795 3106 4844 natus
3134 4790 3432 4856 Antonius,
3447 4791 3611 4847 annis

2022 4864 2203 4919 aetatis
2233 4864 2485 4934 ejusdem
2510 4861 2987 4934 annumeraverit;
3023 4865 3191 4934 atque
3211 4861 3291 4915 ita
3304 4861 3373 4916 ab
3403 4878 3550 4918 anno
3582 4860 3611 4921 1

2020 4935 2174 4990 Decii
2204 4931 2454 5007 adusque
2482 4933 2796 5007 Constantii
2832 4931 3079 5007 Junioris
3105 4931 3316 5007 annum
3344 4937 3403 5007 2}
3421 4974 3435 5001 ,
3483 4951 3613 4989 eum

2018 5007 2186 5061 simul
2214 5003 2570 5071 includendo,
2598 5003 3235 5076 putationeiBaroniana
3256 5005 3395 5075 justi
3417 5021 3612 5060 exsur—
3714 5062 3719 5063 ,

2013 5084 2159 5149 gunt
2179 5078 2311 5133 anni
2342 5092 2431 5143 cv,
2462 5093 2584 5149 quae
2601 5075 3146 5149 ’supremafuitaetas
3171 5076 3611 5132 Antonii.Tomo

2014 5146 2144 5204 vero
2176 5151 2276 5215 III,
2310 5146 2529 5204 videtur
2557 5146 2768 5202 annum
2804 5146 2823 5204 1
2858 5147 3011 5201 Decii
3041 5163 3153 5201 non
3208 5164 3612 5204 annumerasse

2013 5222 2174 5276 annis
2205 5220 2386 5276 aetatis
2411 5219 2660 5285 Antonii,
2685 5218 2783 5274 sed
2812 5227 2823 5267 ι
2865 5235 3074 5273 annum
3097 5220 3281 5274 aetatis
3301 5221 3550 5288 Antonii,
3574 5238 3610 5276 a

2013 5292 2239 5373 Deciani
2270 5291 2490 5373 imperii
2514 5290 2723 5373 aquo”?
2746 5290 3059 5373 inchoasse,
3079 5307 3254 5373 quare
3296 5296 3354 5373 et
3392 5292 3607 5373 obitum

2012 5364 2241 5419 Antonii
2262 5364 2332 5418 ad
2344 5362 2553 5418 annum
2566 5362 2635 5420 22
2657 5362 2970 5427 Constantii
2981 5362 3229 5418 Junioris
3244 5363 3438 5418 eodem
3454 5369 3605 5419 tomo

2009 5436 2089 5491 III
2119 5435 2457 5507 prorogavit.
3029 5462 3045 5507 έ

2080 5505 2239 5572 Quod
2263 5505 2393 5561 vero
2422 5507 2554 5573 dixi,
2587 5506 2899 5561 rectissime
2917 5506 2977 5561 in
3011 5506 3102 5562 Ms.
3136 5505 3374 5561 Eusebio
3400 5509 3607 5561 Aman-

2008 5579 2141 5633 dino
2170 5578 2519 5633 nativitatem
2557 5579 2785 5633 Antonii
2811 5577 3127 5649 consignari
3156 5594 3328 5649 anno,
3353 5578 3381 5631 1
3434 5577 3605 5643 Decii,

2011 5650 2225 5705 obitum
2254 5667 2380 5705 vero
2410 5650 2468 5707 19
2501 5648 3094 5713 ConstantiiJunidris,
3119 5648 3397 5719 atqueita
3420 5649 3607 5717 justos

2012 5734 2081 5776 cv
2103 5739 2279 5777 annos
2302 5722 2483 5778 aetatis
2498 5722 2726 5776 Antonii
2750 5736 3069 5792 exsurgere,
3086 5720 3165 5773 ita
3183 5718 3454 5792 intellige,
3477 5735 3611 5792 quia

2012 5810 2140 5849 cum
2169 5796 2411 5868 vulgatae
2440 5793 2713 5850 editiones
2756 5791 2942 5866 (etiam
2973 5791 3333 5848 correctiores
3379 5791 3612 5846 Pontaci
