3990 6194
396 328 498 391 123

1409 331 1505 389 DE
1539 331 1733 389 VITIS
1764 329 2064 390 PATRUM
2093 331 2308 391 LIBER
2343 329 2634 390 PRIMUS.

3555 328 3665 390 124

393 460 564 533 cellae,
593 460 713 516 haec
735 465 932 517 contra
966 460 1369 515 monachorum
1390 461 1581 516 hostes
1603 459 1930 516 subnectere
1963 479 1976 513 :
2000 467 2051 526 Α
2067 461 2124 516 in
2154 461 2385 533 reliquis
2413 459 2670 516 omnibus
2692 474 2822 514 cum
2845 457 3092 516 Ecclesia.
3117 455 3404 525 catholica,
3418 474 3659 516 consen-

392 531 469 614 At
495 533 828 617 quibusnam
852 549 1142 617 persuasa,
1165 533 1352 617 inquit
1374 536 1624 617 (Raram,
1654 549 1806 617 mirio
1825 533 1971 617 349),

396 603 673 672 ejusmodi
690 605 829 659 Vitae
849 603 1170 659 institutum
1194 603 1309 659 Deo
1323 613 1548 674 gratum
1569 621 1690 659 esse
1720 605 1984 660 Marcella

396 675 590 758 sensit,
611 677 812 758 nisiex
843 677 1155 758 innumeris
1181 693 1322 758 pene
1343 676 1646 742 miraculis,
1669 677 1987 758 apostolicis

397 746 563 816 plane
594 747 785 817 signis,
816 755 984 819 atque
1003 746 1322 808 virtutibus.
1357 765 1494 818 quas
1525 764 1649 801 cum
1677 748 1986 802 Antonium

396 824 518 871 tum
557 819 710 900 alios,
747 819 934 900 divine
965 819 1084 900 illis
1121 819 1333 900 caiculo
1354 819 1695 900 suffragante
1719 859 1732 884 ,
1762 819 1986 875 assidue

395 889 616 961 operari
649 890 934 959 cognovit?
965 891 1098 945 Erat
1113 890 1341 961 quidem
1361 890 1420 945 in
1451 889 1679 946 Oriente
1700 907 1985 946 summum

394 959 534 1013 illud
564 961 790 1033 vivendi
807 977 986 1033 genus
1015 959 1193 1016 instar
1221 962 1353 1016 Eliae
1382 979 1447 1016 ac
1474 962 1704 1016 Joannis
1720 963 1984 1033 Baptistae

397 1029 617 1104 eunetis
647 1029 966 1087 hominibus
999 1033 1168 1086 etiam
1197 1033 1434 1088 ethnicis
1468 1039 1525 1087 et
1551 1029 1984 1104 imperatoribus

395 1101 530 1172 ipsis
573 1104 968 1186 venerandum,
1001 1105 1096 1186 sed
1127 1110 1184 1158 et
1219 1104 1406 1186 impiis
1443 1101 1665 1186 quoque
1709 1105 1984 1186 haereticis

393 1174 782 1258 reverendurn,
801 1180 968 1258 atque
980 1175 1120 1256 adeo
1148 1174 1691 1258 cmlestibus—civibus
1704 1176 1985 1258 admiran-

394 1243 548 1298 dum:
575 1251 769 1316 utpote
797 1243 894 1317 qui
913 1263 972 1300 se
1000 1247 1059 1300 in
1097 1247 1262 1300 terris
1291 1247 1540 1302 concives
1569 1247 1775 1302 habere
1794 1248 1984 1303 laetan-

391 1319 500 1388 tes,
533 1331 659 1369 cum
691 1317 902 1371 eisdem
920 1323 1189 1388 tanquam
1204 1319 1510 1387 gentilibus
1524 1319 1639 1372 suis
1651 1319 1828 1374 amice
1849 1319 1984 1374 assi-

393 1385 506 1460 duo
532 1394 907 1442 versarentur.
934 1385 1276 1460 Factumque
1301 1389 1537 1444 feliciter
1553 1396 1640 1445 est
1663 1397 1726 1446 ut
1744 1391 1992 1445 Athana-

397 1457 480 1532 sio
494 1460 721 1532 propala
729 1466 824 1532 nte
842 1460 1162 1532 inferretur,
1183 1457 1254 1514 ac
1265 1461 1478 1532 pariter
1489 1463 1766 1516 coleretur
1778 1463 1834 1517 in
1852 1461 1990 1516 urbe

397 1527 634 1605 sublime
663 1531 800 1605 illud
824 1531 1040 1585 vivendi
1054 1548 1251 1605 genus,
1265 1527 1436 1602 'cujus
1446 1533 1503 1605 in
1527 1533 1808 1588 montibus
1821 1539 1991 1605 atque

395 1599 633 1675 desertis
663 1602 798 1656 locis
809 1607 1044 1675 tantum
1061 1599 1435 1657 cernebantur
1452 1604 1526 1656 im
1533 1599 1986 1675 pressavestigia;

393 1685 496 1724 nec
523 1671 850 1726 detrectavit
883 1673 1173 1728 universus
1215 1671 1568 1730 Christianus
1599 1675 1755 1729 orbis
1777 1677 1837 1730 in
1877 1671 1990 1731 Dc?-

393 1741 612 1796 cidente
641 1745 843 1816 sectari
873 1746 1020 1816 quod
1049 1746 1219 1800 sciret
1237 1745 1294 1800 in
1306 1747 1552 1800 Ecclesia
1588 1747 1844 1802 Romana
1871 1765 1993 1802 sus-

393 1818 638 1888 ceptum:
658 1832 780 1886 quae
804 1815 920 1888 haec
941 1817 1133 1870 omnia
1153 1823 1380 1888 accepta
1407 1817 1516 1870 fert
1528 1818 1988 1883 Athanasio,cum

393 1883 602 1955 alioqui
638 1883 762 1960 aen
791 1887 1073 1942 defuerint
1111 1883 1300 1960 (quod
1331 1888 1542 1942 dictum
1579 1894 1667 1960 est
1709 1889 1982 1960 superius)

392 1957 808 2029 persecutionis
838 1964 988 2012 retro
1015 1957 1380 2029 temporibus,
1420 1976 1546 2016 cum
1584 1959 1644 2014 in
1671 1957 1827 2026 urbe,
1861 1966 1984 2014 tum

394 2025 772 2102 aliisquoque
798 2027 1010 2102 inglocis
1035 2025 1293 2083 monachi
1321 2048 1334 2096 ;
1378 2030 1504 2102 illos
1533 2031 1768 2084 dixerim
1800 2025 1894 2102 qui
1926 2031 1986 2086 in

393 2095 818 2172 similitudinem
849 2100 1008 2172 Pauli
1029 2107 1197 2171 atque
1213 2101 1440 2172 Antonii
1454 2119 1486 2155 a
1503 2095 1982 2172 persecutiohibus

393 2166 747 2244 fugientium,
765 2170 961 2244 eadem
992 2187 1056 2224 ex
1076 2166 1246 2226 causa
1264 2171 1332 2244 in
1357 2166 1584 2244 cryptis,
1617 2173 1812 2238 antris,
1833 2174 1984 2244 jugis

392 2239 664 2313 montium
675 2281 688 2305 ,
702 2241 1040 2313 valliumque
1051 2243 1306 2297 convexis
1319 2239 1632 2299 recessibus
1660 2239 1986 2298 deliteécén-

391 2315 478 2385 tes
508 2309 688 2364 instar
717 2313 874 2385 rElize
901 2309 1102 2367 a—facie
1133 2313 1324 2368 Achab
1355 2324 1412 2369 et
1435 2315 1656 2370 Jezabel
1697 2316 1981 2385 fugientis,

392 2380 570 2434 Deum
611 2384 941 2453 propensius
965 2385 1248 2450 colerent;
1280 2385 1419 2440 adeo
1449 2392 1513 2440 ut
1559 2387 1690 2441 licet
1726 2380 1986 2440 monachi

392 2467 598 2528 nomen
625 2453 809 2528 visurn
829 2455 901 2528 sit
922 2455 1045 2528 urbi
1079 2473 1317 2528 novum,
1336 2473 1426 2511 res
1452 2462 1643 2511 tamen
1673 2458 1796 2528 ipsa
1808 2463 1986 2524 vetus,

392 2523 490 2599 sed
511 2522 568 2599 in
597 2528 754 2599 tanta
772 2526 1026 2599 Ecclesiae
1037 2545 1171 2597 pace
1191 2527 1408 2597 legibus
1437 2522 1772 2599 quibusdam
1800 2522 1987 2582 excul-L

390 2594 824 2681 ta,nfecundiori‘
837 2594 1090 2681 germine
1113 2594 1431 2681 propagata

465 2665 768 2722 Donatistis
811 2665 1075 2734 haeretici,
1109 2665 1276 2723 iidem
1301 2665 1373 2724 et
1401 2671 1877 2725 circumcelliones
1903 2671 1984 2724 di-

390 2735 482 2798 cti,
532 2737 626 2812 qui
676 2739 763 2792 his
792 2739 928 2810 ipsis
977 2741 1323 2812 temporibus
1369 2742 1636 2796 adversus
1666 2741 1982 2796 Catholicos

388 2808 794 2894 grassabantur
815 2808 886 2865 in
913 2808 1118 2892 Africa,
1139 2812 1320 2894 primi
1351 2813 1472 2866 ausi
1502 2819 1652 2894 sunt,
1682 2813 1892 2894 non.de
1922 2829 1983 2894 re

389 2880 530 2948 ipsa,
563 2881 666 2955 sed
687 2880 756 2934 de
788 2882 1013 2955 nomine
1044 2901 1075 2937 a
1098 2880 1204 2955 piis
1234 2900 1481 2954 quaerere
1504 2884 1985 2955 etdiceretinquit

391 2955 615 3004 sanctus
640 2953 1272 3024 Augustinus-[Augusti
1306 2958 1370 3008 in
1397 2959 1537 3023 psal.
1563 2955 1769 3024 cxxxn]
1797 2958 1818 3016 )
1848 2953 1982 3009 cen-

387 3029 720 3076 sueverunt:
754 3042 781 3076 α
804 3024 950 3088 Quid
979 3025 1085 3079 sibi
1107 3026 1226 3080 vult
1251 3042 1454 3080 nomen
1479 3027 1884 3080 monachorum
1913 3026 1978 3080 Τ»

389 3091 691 3180 et‘inferius
715 3113 726 3147 :
751 3111 776 3145 (ί
808 3096 982 3180 Nobis
1010 3097 1237 3180 dicunt:
1259 3098 1572 3180 “Ostendite
1594 3097 1687 3152 ubi
1707 3097 1978 3180 scriptum

389 3168 464 3240 _sit
493 3179 696 3240 nemen
720 3168 1166 3240 monachorum?
1198 3187 1224 3220 ιι
1259 3169 1566 3240 Respondit
1602 3175 1729 3240 post
1768 3168 1879 3222 alia
1908 3169 1979 3223 ad

388 3233 504 3312 haec
535 3234 668 3306 ipse.
690 3256 712 3286 ι
731 3237 916 3312 Quare
935 3256 1068 3312 ergo
1094 3245 1151 3293 et
1165 3257 1267 3294 nos
1286 3233 1396 3294 non
1417 3233 1764 3312 appellemus
1792 3257 1983 3294 mona-

387 3304 685 3380 chos,eum
714 3307 865 3363 dicat
880 3304 1154 3365 Psafmus:
1174 3313 1300 3365 Ecce
1313 3304 1706 3380 quan't'bonum
1731 3317 1780 3365 et
1807 3328 1981 3380 quam

377 3378 698 3449 jucundum
729 3380 980 3436 habitare
1007 3385 1214 3449 fratres
1242 3386 1304 3436 in
1322 3378 1516 3436 'unum
1543 3385 1704 3446 (Psat.
1729 3378 1980 3448 exim)?

388 3445 534 3518 μόνος
567 3450 714 3504 enim
745 3467 892 3524 unus
915 3445 1140 3524 dicitur,
1173 3459 1230 3507 et
1255 3470 1366 3508 non
1397 3445 1981 3524 unusquomodocun-

387 3535 514 3590 que,
540 3537 672 3575 nam
700 3528 755 3576 et
780 3522 836 3576 in
860 3523 1027 3578 turba
1052 3541 1198 3580 unus
1228 3532 1332 3589 est,
1365 3526 1462 3578 sed
1484 3522 1601 3579 una
1633 3541 1760 3578 cum
1788 3525 1980 3578 multis

384 3605 532 3672 unus
551 3592 659 3645 dici
681 3599 883 3672 potest,
909 3595 1187 3672 po'vocAnqn
1210 3602 1410 3672 potest,
1435 3596 1491 3672 1d
1513 3601 1599 3649 est
1610 3595 1796 3672 solus;
1833 3594 1980 3672 μόνος

386 3665 537 3715 enim
566 3665 894 3736 unussolus
917 3673 1020 3720 est.
1047 3667 1152 3729 Qui
1181 3665 1314 3736 ergo
1344 3666 1422 3720 sic
1435 3667 1625 3720 vivunt
1639 3665 1694 3720 in
1713 3671 1982 3729 unum,ut

383 3741 560 3786 tinum
589 3734 876 3808 hominem
905 3736 1130 3798 faciant,
1157 3743 1221 3791 ut
1247 3734 1320 3791 sit
1351 3737 1461 3792 illis
1489 3753 1614 3792 vere
1654 3737 1802 3808 quod
1839 3737 1980 3791 scri-

382 3809 543 3873 ptum
573 3811 688 3858 est:
726 3807 842 3860 Una
861 3810 1078 3868 anima,
1111 3812 1161 3861 et
1183 3824 1276 3861 cor
1304 3824 1485 3862 unum
1513 3811 1653 3877 (Act.
1678 3807 1779 3876 iv);
1803 3808 1983 3862 multa

383 3889 636 3950 eerpora,
666 3877 762 3930 sed
788 3893 901 3950 non
927 3878 1116 3932 multae
1141 3879 1370 3945 animae;
1403 3884 1553 3934 recte
1578 3879 1785 3933 dicitur
1808 3878 1975 3950 μόνος,

381 3943 439 3998 id
470 3943 556 4026 est
577 3949 952 4026 unus_so_lus.n
983 3950 1054 4026 _Et
1078 3950 1242 4026 paulo
1260 3943 1401 4026 post:
1431 3971 1451 4001 ι
1484 3950 1684 4006 Merito
1704 3943 1981 4026 insultant

383 4016 596 4093 nemini
615 4017 998 4093 _1_1_nitat_is,rqui
1023 4016 1097 4075 se
1112 4019 1182 4074 ab
1201 4016 1418 4076 unitate
1443 4027 1571 4088 33
1582 4022 1972 4093 praeciderunt.

382 4086 582 4164 Merito
601 4088 726 4164 illis
755 4086 1011 4164 displicet
1039 4108 1242 4147 nomen
1273 4086 1713 4164 monachorum,
1733 4093 1867 4164 quia
1893 4092 1975 4146 illi

382 4158 584 4234 nolunt
601 4158 862 4216 habitare
874 4163 932 4216 in
956 4180 1130 4218 unum
1151 4180 1278 4218 cum
1296 4163 1593 4229 fratribus;
1624 4163 1720 4218 sed
1742 4158 1976 4234 Sequen-

381 4229 1062 4299 tesDonatum,Christum
1077 4235 1403 4290 diviserunt.
1430 4254 1456 4287 »
1474 4229 1970 4306 HaecAugustinus.

450 4375 629 4450 Probe
655 4376 776 4450 jam
804 4377 984 4450 vides,
1007 4378 1199 4450 lector,
1235 4394 1525 4450 aquorum
1547 4375 1797 4450 partibus
1826 4381 1977 4432 stent

381 4447 478 4519 qui
511 4454 703 4528 nostro
721 4449 824 4503 hoc
838 4448 1220 4528 infelicissimo
1241 4447 1443 4504 saeculo
1462 4447 1862 4528 r‘oo'nachqrum
1880 4465 1978 4528 no-
1993 4469 2042 4528 ι)

381 4535 510 4573 men
539 4521 679 4602 adeo
709 4527 1088 4602 exsecrantur;
1113 4525 1170 4574 et
1201 4537 1574 4591 quorumnam
1605 4521 1977 4602 proiiwantur

380 4607 440 4664 s_e
463 4608 583 4664 esse
594 4591 918 4664 discipulos,
941 4608 1066 4646 cum
1086 4608 1282 4664 eorum
1303 4598 1590 4646 sectentur
1604 4591 1970 4664 impietatem,

379 4661 548 4732 duplo
565 4661 836 4734 quam'illi
867 4663 1030 4734 plane
1060 4663 1234 4734 impii,
1254 4679 1381 4717 cum
1396 4664 1474 4716 illi
1498 4666 1584 4728 (ut
1609 4661 1697 4716 ait
1708 4661 1976 4734 Augusti-

379 4749 505 4815 nusv
535 4732 748 4815 nomini
768 4732 1107 4815 inet—litarent
1119 4732 1542 4815 monachorum,
1571 4733 1724 4815 quod
1745 4732 1824 4815 ab
1845 4733 1976 4815 uni-

379 4807 496 4857 tate
526 4805 798 4860 catholica
816 4806 1167 4869 defecissent;
1195 4805 1289 4860 isti
1307 4822 1434 4859 vero
1453 4803 1660 4875 duplici
1672 4803 1971 4875 apostasia,

379 4890 582 4956 nempe
607 4876 775 4956 quod
815 4877 895 4956 .ab
927 4877 1181 4956 Ecclesiae
1220 4876 1330 4956 ﬁde
1352 4882 1418 4956 et
1445 4874 1754 4956 monastica
1781 4874 1974 4956 obser-

378 4945 922 5029 vantiaturp‘issime
950 4949 1276 5029 defecerunt
1297 4965 1317 5029 εΔ
1343 4948 1484 5002 tales
1527 4947 1694 5029 plane
1722 4945 1970 5010 fuerunt,

380 5017 474 5088 qui
504 5017 969 5090 prima’fecerunt
991 5020 1361 5074 fundamenta
1390 5017 1642 5090 omnium
1675 5017 1970 5082 haeresum,

378 5105 501 5160 qua;
529 5089 633 5144 hoc
661 5089 864 5145 saeculo
908 5091 1256 5160 prodierunt.
1289 5091 1365 5144 At
1389 5106 1500 5144 non
1525 5089 1630 5143 hac
1657 5094 1880 5160 tantum
1905 5105 1972 5142 ex

376 5159 536 5233 parte
563 5161 734 5233 duplo
789 5165 874 5233 (ut
897 5159 1157 5228 diximus)
1197 5163 1416 5233 pejores
1447 5177 1615 5233 quam
1643 5159 1968 5233 Donatistae,

377 5231 474 5314 sed
500 5231 667 5304 triplo
693 5251 705 5300 ;
753 5231 972 5314 quippe
1007 5233 1119 5314 qui.
1145 5231 1277 5295 non,
1321 5231 1481 5314 sicut
1504 5231 1606 5297 illi,
1630 5231 1716 5314 _de
1745 5231 1973 5313 nemine

375 5303 556 5358 solum
571 5302 1152 5374 moverintCatholicis
1163 5303 1645 5372 quaestionem,sed
1659 5319 1778 5356 rem
1791 5302 1972 5374 ipsam

375 5375 585 5429 fuerint
605 5373 963 5430 acerbissimo
999 5375 1126 5428 odio
1142 5373 1395 5428 insectati
1419 5393 1430 5427 :
1462 5390 1655 5428 verum
1678 5380 1736 5428 et
1753 5373 1878 5428 cum
1916 5373 1973 5427 id

375 5450 565 5516 agant,
597 5463 710 5517 non
737 5445 919 5500 verbis
945 5451 1187 5510 tantum,
1220 5445 1315 5517 sed
1337 5443 1504 5500 rebus
1533 5460 1800 5516 moreque
1827 5461 1971 5517 prae-

373 5515 604 5576 denum.
635 5516 693 5570 in
724 5517 1065 5572 monasteria
1093 5522 1215 5570 tum
1245 5515 1509 5575 virorum.
1543 5521 1664 5570 tum
1684 5515 1971 5571 sacrarum

374 5587 686 5659 virginum,
715 5587 1034 5659 ubicunque
1061 5604 1162 5659 per
1185 5586 1296 5640 vim
1323 5587 1562 5652 licuerit,
1593 5587 1836 5657 grassati
1857 5587 1972 5642 fue-

373 5658 506 5722 rint,
530 5666 587 5714 et
605 5658 1322 5731 debacchari’noneessent,
1344 5659 1514 5714 etiam
1545 5659 1972 5731 quadru‘ploﬂde-

373 5731 607 5786 teriores
643 5730 754 5785 illis
793 5731 1032 5785 habendi
1060 5730 1191 5785 sint.
1225 5732 1502 5786 Caeterum
1547 5729 1694 5802 quod
1725 5729 1796 5784 ad
1827 5729 1969 5802 alias

369 5819 460 5856 res
489 5808 722 5874 spectat,
755 5802 894 5856 nihil
906 5807 992 5858 est
1019 5802 1168 5874 quod
1194 5800 1630 5874 Sacramentarii
1658 5800 1968 5874 Donatistis

369 5872 608 5930 conferri
621 5874 859 5948 possint,
887 5890 1017 5931 cum
1035 5872 1113 5942 hi,
1136 5874 1329 5947 paucis
1340 5873 1679 5948 quibusdam
1696 5872 1959 5946 exceptis,

2065 535 2256 590 tirent.

2143 608 2223 676 (α)
2246 605 2560 675 Euagrius]
2602 602 2825 676 Saepius
2843 603 3218 676 Hieronymus
3257 601 3478 674 Evagrii
3506 619 3658 676 nunc

2067 682 2133 730 ut
2160 673 2492 748 presbyteri,
2522 673 2671 730 nunc
2689 673 2753 728 ut
2763 673 2868 748 sibi
2884 673 3465 748 charissimi,_nnnc’ut
3480 673 3662 748 sancti

2067 743 2342 802 meminit:
2384 747 2522 802 Vide
2549 763 2698 812 eum,
2733 745 2894 816 epist.
2931 747 2968 798 5
2997 743 3134 816 et_6,
3161 745 3232 800 ad
3258 746 3654 813 Florentium;

2067 821 2228 890 epist.
2263 819 2351 885 41,
2385 820 2455 874 ad
2488 814 2794 890 Ruffinum;
2829 817 2991 890 epist.
3021 814 3108 890 49,
3142 817 3213 870 ad
3243 817 3655 890 Innocentium;

2067 887 2228 962 epist.
2251 889 2345 954 43,
2391 891 2461 945 ad
2492 887 2900 962 Chromatium,
2931 888 3196 962 Jovinum
3221 893 3279 962 et
3314 887 3658 962 Eusebium;

2067 959 2202 1041 item
2246 963 2306 1041 in
2333 963 2466 1041 Vita
2521 959 2722 1041 hlalchi
2765 959 3024 1041 monachi
3054 959 3292 1041 captivi,“
3316 975 3364 1014 c.
3405 959 3426 1016 l
3457 979 3468 1026 ;
3503 959 3662 1041 etin

2067 1035 2340 1088 Chronico
2387 1031 2630 1099 Eusebii,
2679 1046 2827 1085 anno
2865 1029 2911 1102 27
2951 1029 3240 1084 Aureliani
3277 1031 3656 1102 imperatoris,

2067 1105 2276 1160 Christi
2318 1103 2448 1171 273,
2496 1103 2592 1160 ubi
2630 1119 2760 1158 eum
2789 1118 2856 1156 ex
2886 1101 3104 1173 familia
3130 1101 3456 1173 Pompeiani
3475 1101 3658 1169 ducis,

2064 1182 2434 1246 cognomento
2462 1174 2682 1241 Franci,
2698 1173 2795 1244 qui
2814 1172 3114 1228 Zenobiam
3127 1171 3350 1240 devicit,
3376 1173 3662 1244 originem

2063 1247 2268 1302 ducere
2297 1252 2581 1303 asseverat

2142 1319 2440 1390 Evagrium
2463 1319 2605 1373 Vitas
2641 1317 2811 1388 hujus
2839 1315 3373 1390 interpretemresse,
3399 1315 3550 1390 clare
3570 1333 3664 1390 asi-

2071 1391 2206 1446 serit
2231 1385 2389 1446 divus
2425 1385 2820 1460 Hieronymus,
2852 1393 2918 1441 ut
2942 1385 3184 1460 vidimus
3208 1385 3267 1440 in
3311 1387 3533 1460 Elogio.
3554 1387 3662 1444 Cui

2072 1457 2779 1517 consentiuntomnia'mss.
2811 1457 3153 1529 exemplaria
3173 1474 3296 1528 qua;
3317 1458 3539 1529 Evagrii
3562 1474 3663 1514 no-

2071 1549 2202 1587 men
2232 1533 2360 1588 huic
2389 1533 2528 1587 Vitae
2557 1531 2880 1602 praeﬁgunt.

2142 1605 2263 1682 _Non
2277 1605 2502 1682 defuere
2520 1600 2712 1682 tamen
2731 1600 2827 1682 qui
2839 1600 3182 1682 Hieronymo
3191 1600 3337 1682 hanc
3346 1600 3662 1682 gersionem

2069 1675 2156 1729 vel
2185 1676 2553 1746 scriptionemr
2572 1672 2842 1746 tribuant.
2885 1671 3140 1746 Hilarion
3168 1671 3318 1726 enim
3346 1672 3656 1746 Veroneus,

2071 1742 2378 1800 monachus
2406 1743 2770 1806 Cassinensis,
2797 1742 3123 1813 praefatione
3163 1749 3296 1798 ante
3341 1743 3658 1798 doctrinam

2011 1788 2053 1846 Β
2069 1818 2354 1896 Dorothei,
2377 1817 2582 1896 Latine
2603 1831 2718 1896 aee
2733 1788 3076 1896 c'oiiversam.
3098 1814 3192 1896 ait
3214 1835 3236 1866 ι
3259 1815 3662 1896 Hieronymum

2067 1889 2294 1943 Antonii
2329 1888 2586 1943 monachi
2609 1886 2795 1942 Vitam
2824 1885 2906 1939 ita
2931 1885 3305 1953 transtulisse,
3333 1891 3401 1940 ut
3429 1885 3570 1940 nihil
3597 1886 3658 1940 in

2069 1976 2137 2014 ea
2179 1960 2326 2016 desit
2369 1977 2433 2014 ex
2472 1976 2660 2022 sensu,
2691 1973 2818 2011 cum
2850 1957 3034 2012 multa
3071 1957 3258 2012 desint
3294 1974 3361 2012 ex
3391 1956 3598 2012 verbis.
3625 1975 3654 2009 υ

2066 2032 2310 2103 Joannes
2327 2047 2548 2102 quoque
2569 2028 3192 2103 Grynaeus,praefatione
3209 2027 3660 2103 Orthodoxogra-

2067 2103 2212 2172 phiae
2240 2099 2378 2156 ’ait':
2417 2099 2664 2158 «'Vitam
2709 2099 2940 2154 Antonii
2985 2105 3233 2170 γραφικῶς
3280 2099 3658 2171 Hieronymus

2065 2173 2360 2246 descripsit
2389 2193 2411 2223 ι

2139 2263 2246 2345 sed
2277 2264 2546 2344 majorem
2567 2263 2828 2345 cuiquam
2858 2259 3264 2342 dubitationem
3286 2259 3517 2345 injicere
3536 2275 3664 2330 pos-

2067 2333 2141 2388 sit
2172 2330 2464 2396 Baronius,
2504 2334 2599 2404 qui
2629 2330 2877 2404 aliquam
2912 2348 3032 2404 suae
3065 2330 3354 2404 opinionis
3377 2330 3656 2404 rationem

2071 2405 2270 2460 afferre
2313 2401 2551 2459 videtur.
2584 2401 2742 2459 Nam
2757 2409 2918 2458 notat
2970 2403 3039 2456 ad
3070 2401 3429 2473 Martyrolog.
3468 2401 3654 2473 Rom.,

2069 2477 2138 2548 17
2170 2477 2318 2541 Jan.,
2343 2483 2636 2548 postquam
2668 2475 2784 2546 egit
2810 2475 2879 2528 de
2908 2473 3069 2548 ΑριῘὲ
3085 2472 3313 2548 Antonii
3328 2489 3395 2548 ex
3409 2472 3659 2548 Athana-

2069 2547 2152 2600 sio
2181 2547 2239 2601 in
2281 2543 2544 2602 Latinum
2575 2543 2891 2601 sermonem
2929 2543 3000 2598 ab
3030 2543 3266 2614 Evagrio
3309 2543 3656 2598 Antiocheno

2068 2619 2260 2683 versis,
2284 2619 2395 2672 ait:
2429 2637 2454 2670 α
2480 2617 2750 2672 Praestitit
2767 2618 2872 2671 hoc
2901 2617 3081 2687 ipsum
3099 2615 3248 2687 idem
3273 2615 3434 2669 divus
3463 2615 3657 2687 Hiero:

2064 2689 2611 2760 nymus,postulante
2631 2685 3086 2760 Pammachio,_ut
3112 2686 3231 2760 ipse
3248 2689 3560 2760 profitetur,
3583 2685 3658 2740 ad

2065 2757 2323 2814 eumdem
2363 2759 2612 2814 scribens
2642 2760 2802 2831 epist.
2845 2759 2970 2831 lOl,
3001 2757 3070 2831 de
3100 2758 3228 2828 Opt.
3259 2773 3388 2828 gen.
3421 2757 3653 2831 in_t_.erp.,

2065 2848 2233 2911 quam
2247 2832 2400 2911 illam
2413 2848 2534 2911 esse
2548 2827 2810 2911 puta—mus
2825 2847 2947 2902 qua:
2959 2827 3652 2911 habeturrprze'manibugq

2065 2897 2240 2968 l'dem,
2275 2909 2414 2957 tom.
2453 2897 2754 2957 III-Annal
2785 2941 2798 2967 ,
2841 2897 2988 2954 anno
3023 2897 3237 2954 Christi
3283 2897 3408 2964 358,
3447 2915 3512 2952 ex
3544 2898 3658 2953 divi

2065 2973 2393 3045 Hieronymi
2422 2973 2657 3045 epistola
2693 2971 3048 3045 l01,deducit
3077 2987 3205 3025 eum
3236 2987 3300 3026 ex
3319 2971 3510 3025 Graeco
3535 2985 3658 3024 ver-

2061 3045 2195 3099 tisse
2215 3043 2403 3100 Vitam
2437 3043 2614 3100 sancti
2642 3043 2893 3098 Antonii.

2136 3135 2288 3204 Legi,
2317 3133 2490 3204 relegi
2521 3133 3165 3204 epistolamillamquam
3195 3129 3332 3204 citat
3355 3129 3652 3204 Bar_oniu_s,

2063 3221 2176 3260 non
2206 3199 2398 3270 semel;
2429 3199 2530 3259 nec
2556 3199 2668 3258 tale
2699 3203 2853 3274 quid,
2875 3199 3038 3274 quale
3055 3202 3274 3274 asserit,
3289 3199 3652 3274 deprehendi.

2064 3276 2172 3330 Sed
2202 3276 2488 3348 imposuit.
2519 3281 2584 3330 ut
2615 3271 2792 3348 video,
2815 3271 3266 3348 viroimiiltijuga
3294 3271 3530 3348 le<_Etione
3560 3289 3656 3327 oc-

2061 3343 2592 3429 cupato_,_'non.b_ene
2609 3346 2886 3417 perlectus
2916 3343 3313 3428 Hieronymus.
3346 3343 3656 3429 Pestquam

2062 3413 2210 3472 enim
2241 3417 2398 3472 divus
2430 3413 2806 3488 Hieronymus
2818 3417 3100 3471 versiones
3130 3413 3280 3488 suas,
3310 3413 3519 3488 quibus
3533 3431 3658 3488 non

2063 3489 2230 3544 verba
2249 3488 2446 3552 verbis,
2475 3489 2570 3543 sed
2603 3484 2910 3542 sententias
2953 3486 3250 3542 sententiis
3283 3484 3652 3558 exprimebat,

2063 3560 2315 3630 exemplo
2362 3559 2646 3614 Ciceronis
2691 3558 3048 3622 defendisset,
3103 3558 3294 3630 itaque
3330 3556 3390 3630 se
3429 3556 3657 3612 Eusebii

2064 3629 2377 3686 Chronicon
2405 3637 2536 3684 ante
2571 3629 2764 3700 viginti
2797 3630 3020 3684 circiter
3046 3629 3223 3684 annos
3243 3629 3473 3683 vertisse
3492 3644 3653 3700 asse—

2061 3702 2286 3769 ruisset,
2317 3719 2388 3756 ne
2417 3702 2499 3756 vel
2521 3699 2731 3756 ethnici
2751 3707 2993 3766 tantum,
3011 3700 3098 3755 vel
3126 3717 3226 3754 sua
3249 3700 3422 3755 solius
3447 3699 3656 3754 nitere-

2061 3778 2156 3828 tur
2179 3773 2532 3836 auctoritate,
2567 3772 2726 3826 addit
2765 3777 2822 3827 et
2851 3772 3083 3826 alterius
3117 3771 3360 3842 (Evagrii
3397 3771 3609 3825 scilicet
3633 3811 3649 3838 ,

2063 3861 2230 3915 quem
2260 3850 2449 3898 tamen
2461 3861 2573 3898 non
2603 3844 2876 3907 nominat)
2898 3843 3000 3896 viri
3019 3841 3332 3915 saculosuo
3347 3841 3653 3915 claritesti-

2061 3913 2334 3970 monium.
2372 3915 2639 3980 «Verum,
2677 3931 2748 3969 ne
2777 3931 3050 3978 meorum,
3085 3913 3288 3984 inquit,
3313 3913 3652 3984 scriptorum

2062 4003 2230 4057 parva
2256 3986 2331 4040 sit
2349 3985 2670 4050 auctoritas,
2691 4002 3014 4057 quanquam
3042 3985 3148 4039 hoc
3160 3982 3382 4039 tantum
3413 3982 3653 4055 probare

2060 4057 2349 4122 voluerim,
2398 4075 2490 4112 me
2537 4073 2761 4128 semper
2800 4057 2871 4111 ab
2899 4055 3276 4128 adolescentia
3311 4071 3424 4128 non
3458 4055 3648 4122 verba,

2057 4129 2154 4182 sed
2180 4097 2494 4208 eenteiiti_as
2521 4095 2892 4208 transtulisse;
2923 4127 3105 4208 qualis
3133 4143 3305 4208 super
3323 4127 3427 4208 hoc
3443 4095 3653 4208 genere

2059 4200 2479 4270 praefatiuncula
2507 4200 2582 4253 sit
2609 4199 2668 4252 in
2710 4199 2874 4270 libro,
2907 4197 3018 4270 quo
3064 4197 3212 4270 beati
3242 4197 3485 4270 Antonii
3522 4197 3655 4270 Vita
3707 4243 3718 4253 .

2057 4268 2394 4326 describitur
2423 4270 2655 4338 (scilicet
2673 4269 2744 4324 ab
2773 4268 3009 4340 Evagrio
3037 4268 3408 4340 Antiocheno,
3438 4269 3503 4322 ut
3530 4268 3652 4340 ipse

2055 4347 2300 4396 testatur
2324 4343 2382 4395 in
2398 4341 2543 4396 catal
2598 4341 2800 4396 illustr.
2827 4339 3034 4396 Eccles.
3058 4339 3339 4411 scriptor.,
3367 4355 3488 4411 cap.
3518 4339 3648 4411 125)

2056 4413 2233 4484 ipsius
2260 4412 2495 4467 lectione
2523 4428 2814 4484 cognoscite.
2856 4431 2878 4462 ι
2909 4412 2979 4466 Et
3005 4410 3155 4484 subit
3170 4409 3304 4466 eam
3333 4409 3654 4484 praefatiun-

2055 4480 2260 4548 chlam,
2295 4500 2416 4555 quae
2441 4483 2572 4538 huic
2594 4480 2700 4555 ipsi
2737 4481 2880 4555 Vitae.
2910 4482 3240 4555 praeﬁgitur.
3259 4499 3306 4555 _¢
3335 4480 3425 4555 Ex
3452 4481 3563 4536 alia
3590 4480 3652 4536 in

2055 4555 2223 4609 aliam
2236 4551 2487 4626 linguam
2503 4551 2763 4626 expressa
2771 4553 2841 4608 ad
2857 4551 3651 4626 verbum’translatio,serisum

2055 4626 2255 4708 operit,
2281 4623 2542 4708 etuveluti
2561 4623 2686 4708 [aeto
2705 4625 2962 4708 gramine
2981 4631 3114 4708 sata.
3129 4623 3469 4708 strangulat.
3501 4623 3652 4706 pum

2056 4693 2204 4753 enim
2235 4696 2456 4751 casibus
2486 4703 2540 4752 et
2558 4693 2754 4767 figuris
2779 4695 2949 4751 servit
2976 4695 3174 4767 oratio,
3201 4693 3348 4767 quod
3364 4693 3518 4750 brevi
3547 4712 3652 4767 po-

2056 4775 2207 4824 terat
2224 4767 2457 4823 indicari
2473 4765 2751 4830 sermone,
2775 4767 2941 4838 longo
2958 4765 3172 4838 ambitu
3196 4765 3541 4838 circumacta
3549 4765 3654 4822 'vix

2057 4839 2311 4922 explicat.
2324 4916 2330 4922 _
2342 4839 2458 4922 Hec
2476 4838 2652 4910 igitur
2669 4855 2776 4922 ego
2785 4837 3090 4922 vitane,_ite
3102 4837 3328 4922 beatum
3343 4837 3653 4892 Antonium

2055 4909 2372 4982 te'petente
2397 4909 2742 4982 transposui,
2783 4915 2847 4965 ut
2876 4909 3016 4982 nihil
3036 4909 3182 4982 desit
3205 4926 3269 4964 ex
3299 4925 3486 4971 sensu,
3519 4925 3651 4963 cum

2056 4980 2266 5054 aliquid
2292 4981 2438 5036 desit
2465 4998 2530 5035 ex
2557 4980 2761 5036 verbis.
2793 4980 2903 5054 Alii
2941 4980 3183 5053 syllabas
3211 4985 3564 5052 aucupentur
3593 4985 3653 5035 et

2055 5052 2294 5120 litteras,
2321 5062 2385 5108 tu
2420 5068 2606 5124 quaere
2635 5052 2991 5108 sententiam.
3031 5071 3054 5104 ι

2123 5141 2312 5204 Vides,
2346 5142 2540 5212 lector,
2557 5141 2690 5212 quid
2719 5141 3022 5197 Baronium
3045 5140 3104 5196 in
3118 5155 3370 5198 errorem
3389 5141 3646 5212 traxerit.

2054 5213 2185 5268 Haec
2203 5213 2351 5268 enim
2370 5211 2672 5266 verba.iloc
2688 5215 2866 5280 igitur
2885 5229 2976 5280 ego
3005 5215 3344 5276 vitans,etc.,
3366 5227 3478 5266 ncn
3513 5211 3649 5266 Hie-

2054 5285 2277 5356 ronymi
2304 5289 2441 5356 sunt
2464 5283 2536 5356 ad
2557 5283 3104 5356 Pammachium.sed
3135 5282 3359 5356 Evagrii
3375 5299 3441 5356 ac
3473 5280 3650 5356 Iuno:

2055 5353 2321 5419 centium,
2339 5361 2403 5409 ut
2422 5354 2513 5409 hic
2527 5353 2697 5409 habes
2725 5354 2784 5408 in
2801 5353 3226 5425 praefatiuncula
3244 5353 3385 5409 Viue
3414 5353 3648 5425 Antonii

2055 5425 2364 5498 praemissa.
2393 5426 2565 5496 Cujus
2594 5424 2924 5498 auctoritate
2951 5441 3083 5498 suas
3113 5441 3336 5498 quoque
3362 5424 3649 5498 versienes

2051 5494 2246 5553 tuetur
2273 5494 2664 5568 Hieronymus.
2694 5497 2753 5568 Si
2782 5496 2934 5551 enim
2961 5497 3078 5552 haec
3107 5494 3358 5568 [initiatio
3377 5495 3488 5550 divi
3509 5494 3648 5551 Hie-

2052 5568 2274 5640 ronymi
2293 5565 2459 5640 esset,
2485 5565 2594 5622 non
2614 5567 2845 5640 dixisset
2862 5585 3034 5640 supra
3065 5587 3078 5622 :
3108 5565 3130 5621 ἱ
3157 5568 3379 5640 Verum,
3394 5584 3468 5622 ne
3495 5583 3648 5640 meo-

2051 5637 2176 5695 rum
2201 5639 2538 5710 scriptorum
2567 5655 2737 5710 parva
2757 5639 2830 5695 sit
2850 5637 3178 5708 auctoritas,
3207 5661 3235 5692 υ
3268 5639 3474 5711 quibus
3501 5637 3644 5696 insi-

2051 5717 2192 5768 nuat
2227 5727 2287 5766 se
2308 5711 2544 5766 alterius
2566 5711 2959 5768 auctoritatem
2988 5713 3411 5768 advocaturum.

2119 5801 2278 5874 Adde
2297 5801 2446 5872 quod
2470 5800 2528 5856 in
2537 5801 2768 5874 prologo
2779 5803 2855 5874 ad,
2865 5802 3055 5858 Vitam
3065 5801 3237 5874 Pauli
3252 5799 3419 5874 primi
3437 5799 3645 5874 eremi-

2045 5877 2120 5930 ιω
2141 5872 2516 5948 Hieronymus
2538 5872 2654 5933 ait:
2702 5872 2731 5928 ἃ
2757 5873 2903 5940 Quia
2928 5873 3000 5930 de
3033 5872 3282 5931 Antonio
3299 5877 3424 5931 tam
3447 5872 3646 5930 Graue
