4046 6212
424 301 533 362 127
1463 299 1558 356 DE
1591 299 1784 357 VITIS
1820 299 2117 357 PATRUM
2152 298 2368 356 LIBER
2403 298 2694 356 PRIMUS.
3607 293 3709 352 {28

425 431 613 504 ipsum
642 431 792 505 quod
820 427 1085 485 recordor
1101 423 1332 480 Antonii
1365 422 1444 495 (2)
1467 430 1524 480 et
1552 441 1649 480 vos
1679 441 1806 480 cum
1835 423 2211 480 admiratione
2230 423 2544 492 audientes,
2565 422 2679 480 scio
2701 423 2824 495 ejus
2852 421 3206 496 propositum
3232 435 3438 493 cupere
3467 418 3704 476 sectari:

429 522 677 594 perfecta
697 526 782 575 est
807 518 1084 590 siquidem
1111 515 1182 570 ad
1205 515 1470 569 virtutem
1499 515 1607 581 via,
1639 515 1946 570 Antonium
1966 514 2108 568 scire
2140 513 2265 585 quis
2287 513 2475 568 fuerit.

500 610 645 679 Ergo
676 613 740 662 ut
767 607 1014 661 breviter
1050 605 1251 693 dicam,
1293 609 1351 657 et
1383 603 1662 669 omnibus,
1695 621 1818 676 qua:
1851 604 1920 658 de
1967 620 2033 658 eo
2063 603 2424 658 referentium
2465 618 2650 657 sermo
2689 601 2924 672 jactavit
2957 600 3187 664 credite,
3240 604 3298 654 et
3335 597 3574 653 minima
3611 616 3712 655 vos

429 697 741 752 existimate
761 696 985 751 audisse
1013 695 1082 749 de
1111 691 1394 759 makimis;
1427 693 1559 764 quia
1585 709 1696 747 non
1737 692 1960 762 ambigo
1986 707 2088 746 nec
2135 709 2230 746 eos
2259 692 2448 746 omnia
2495 691 2742 762 potuisse
2793 694 2924 758 ιο
2963 705 3316 760 cognoscere,
3355 704 3482 743 cum
3519 695 3576 742 et
3609 705 3714 760 ego

429 790 663 854 rogatus
691 801 725 838 a
743 783 917 850 vobis,
953 787 1394 854 quantacunque
1419 798 1521 854 per
1549 782 1845 854 epistolam
1876 780 2284 852 signiﬁcavero,
2308 797 2421 836 non
2449 779 2686 851 aequalia
2715 779 2822 834 sim
2849 780 2973 848 ejus
3001 778 3219 834 meritis
3233 782 3584 835 narraturus.
3603 778 3714 833 Sed

431 879 486 926 et
515 890 609 927 vos
646 889 842 928 omnes
883 872 1014 926 hinc
1064 873 1395 944 navigantes
1436 871 1686 927 studiose
1719 868 2148 942 percontemini,
2183 884 2314 938 quo,
2349 867 2582 938 singulis
2620 883 2742 938 quae
2785 871 2996 920 norunt
3041 864 3432 932 referentibus,
3463 881 3716 938 congrua

429 961 712 1033 dignaque
740 961 886 1017 tanti
915 961 1159 1016 nominis
1187 963 1386 1018 relatio
1407 962 1772 1033 compleatur.
1801 956 2178 1030 Disponebam
2208 956 2402 1027 itaque
2440 961 2568 1028 post
2595 955 2892 1010 lectionem
2921 955 3238 1009 litterarum
3262 959 3574 1010 vestrarum
3606 955 3712 1011 ali-

430 1067 571 1121 quos
598 1051 668 1106 ad
700 1069 789 1105 me
821 1052 1122 1106 monachos
1152 1052 1410 1119 invitare,
1453 1057 1510 1107 et
1538 1050 1778 1105 maxime
1809 1066 1904 1102 eos
1933 1047 2031 1118 qui
2074 1045 2267 1101 crebro
2301 1045 2371 1098 ad
2409 1061 2540 1099 eum
2566 1044 2649 1098 ire
2674 1049 3098 1110 consueverant,
3139 1049 3202 1098 ut
3232 1043 3454 1115 plenius
3496 1043 3713 1116 aliquid

429 1136 740 1203 addiscens,
772 1153 1010 1191 munera
1028 1136 1186 1191 vobis
1210 1138 1426 1208 majora
1453 1136 1921 1190 transmitterem.
1958 1133 2068 1186 Sed
2099 1133 2368 1205 quoniam
2393 1138 2451 1187 et
2471 1132 2844 1204 navigationis
2870 1139 3128 1204 tempora
3155 1131 3506 1191 labebantur.
3535 1137 3593 1188 et
3616 1133 3715 1187 lit-

428 1229 681 1280 terarum
709 1226 948 1296 portitor
972 1225 1457 1281 vehementissime
1487 1224 1806 1289 festinabat,
1837 1223 1962 1278 ideo
1983 1239 2051 1276 ea
2079 1239 2202 1294 quae
2227 1228 2284 1277 et
2306 1222 2426 1294 ipse
2446 1237 2710 1276 noveram
2741 1221 3084 1293 (frequenter
3110 1221 3263 1276 enim
3295 1237 3426 1276 eum
3458 1221 3697 1290 visitavi)

432 1313 511 1384 (3]
537 1320 594 1369 et
623 1331 745 1385 quae
769 1313 840 1367 ab
870 1330 936 1368 eo
957 1313 1144 1378 didici,
1178 1315 1274 1385 qui
1315 1314 1383 1368 ad
1417 1314 1775 1385 praebendam
1801 1312 1851 1365 ei
1883 1328 2089 1382 aquam
2119 1327 2230 1365 non
2263 1310 2557 1382 paululum
2585 1309 2856 1381 temporis
2887 1327 3015 1364 cum
3047 1327 3112 1364 eo
3139 1309 3272 1364 fecit
3297 1309 3392 1378 (4),
3425 1309 3713 1366 dilectioni

432 1408 630 1457 vestrae
660 1402 908 1456 indicare
937 1403 1231 1473 properavi
1265 1421 1277 1454 :
1307 1401 1606 1472 utrobique
1635 1417 1829 1456 curam
1871 1400 2122 1454 veritatis
2151 1399 2382 1465 habens,
2417 1405 2481 1454 ut
2509 1415 2691 1469 neque
2733 1399 2860 1470 plus
2899 1399 3104 1470 aliquis
3137 1398 3390 1464 audiens,
3420 1399 3718 1454 miraculo-

433 1505 558 1543 rum
585 1489 1002 1560 congestionem
1032 1506 1143 1544 non
1172 1490 1381 1556 credat,
1409 1507 1512 1544 nec
1543 1507 1774 1545 rursum
1796 1489 2014 1546 meritis
2045 1491 2167 1561 ejus
2199 1489 2465 1546 inferiora
2493 1505 2854 1560 cognoscens,
2887 1505 2998 1544 non
3030 1493 3190 1560 putet
3208 1489 3444 1560 dignum
3463 1507 3587 1546 esse
3607 1490 3714 1546 mi-

431 1578 622 1634 raculo
654 1595 752 1650 pro
777 1577 922 1632 tanti
951 1579 1193 1633 nominis
1224 1579 1362 1633 viro.

1791 1893 2346 2080 VITA

511 2136 640 2190 CAP.
675 2137 718 2192 Ι.
766 2167 828 2178 -ι
863 2137 1143 2192 Antonius
1193 2137 1272 2210 (5)
1319 2137 1597 2193 nobilibus
1641 2139 2030 2212 religiosisque
2047 2139 2181 2200 Aab
2200 2156 2452 2194 sororem
2473 2138 2788 2205 reservatis,
2815 2153 2937 2208 quae
2957 2141 3015 2191 et
3039 2151 3176 2192 sexu
3205 2140 3264 2191 et
3281 2139 3452 2191 etate
3469 2133 3706 2190 videba-

438 2225 766 2295 parentibus
787 2233 972 2293 natus,
996 2227 1054 2280 in
1075 2226 1318 2298 [Egypto
1341 2227 1612 2282 oriundus
1632 2227 1738 2282 fuit
1753 2228 1849 2295 (6),
1873 2234 2034 2283 tanta

435 2331 663 2368 suorum
687 2316 932 2369 nutritus
954 2333 1109 2383 cura,
1128 2321 1192 2370 ut
1218 2315 1357 2370 nihil
1379 2316 1530 2370 aliud
1547 2323 1751 2388 praeter
1768 2322 2031 2388 parentes

437 2401 780 2475 domumque
793 2406 1248 2475 cognosceret.Et
1269 2422 1393 2459 eum
1411 2407 1531 2476 jam
1556 2423 1694 2477 puer
1724 2413 1889 2469 esset,
1915 2423 2029 2462 non

436 2509 496 2547 se
541 2493 744 2548 litteris
781 2494 993 2548 erudiri
1026 2496 1114 2564 (7),
1148 2511 1260 2549 non
1291 2494 1495 2566 ineptis
1531 2495 1832 2551 infantium
1865 2497 2031 2567 jungi

437 2598 636 2652 passus
676 2589 762 2636 est
801 2582 1040 2649 fabulis;
1068 2583 1165 2637 sed
1192 2583 1291 2638 Dei
1329 2583 1606 2638 desiderio
1635 2586 1898 2656 flagrans,
1935 2602 2028 2640 se—

439 2671 683 2724 cundum
726 2671 874 2742 quod
914 2671 1187 2742 scriptum
1225 2678 1310 2726 est
1343 2673 1486 2738 (Gen.
1520 2677 1670 2742 xxv),
1704 2673 2032 2729 innocenter

438 2757 730 2813 habitabat
757 2759 907 2814 domi
947 2759 1038 2829 (8).
1072 2761 1157 2814 Ad
1187 2761 1476 2815 ecclesiam
1515 2779 1738 2834 quoque
1772 2780 1901 2817 cum
1932 2781 2032 2835 pa-

439 2847 694 2902 rentibus
737 2865 883 2920 saepe
917 2849 1270 2915 conveniens,
1302 2867 1404 2904 nec
1436 2850 1714 2906 infantum
1757 2853 2029 2921 lascivias,

441 2953 543 2990 nec
573 2953 874 3008 puerorum
893 2938 1291 3008 negligentiam
1313 2939 1662 3006 sectabatur;
1685 2941 1782 2995 sed
1813 2947 2035 2996 tantum

440 3041 508 3078 ea
533 3042 656 3096 quae
680 3026 1012 3097 legebantur
1038 3027 1378 3093 auscultans,
1415 3029 1716 3084 utilitatem
1739 3037 2038 3102 przecepto~

443 3131 572 3168 rum
603 3115 727 3170 vita:
762 3116 1117 3170 institutione
1147 3115 1434 3182 servabat;
1481 3135 1593 3172 non
1635 3119 1770 3185 suis,
1805 3126 1869 3174 ut
1897 3122 2036 3175 solet

442 3202 541 3257 illa
570 3209 728 3274 tetas,
749 3221 859 3276 .pro
885 3205 1053 3258 variis
1077 3209 1134 3258 et
1159 3204 1413 3259 delicatis
1441 3205 1578 3260 cibis
1598 3223 1845 3279 unquam
1873 3209 2038 3263 ιωίίἰο

445 3291 580 3358 fuit;
609 3309 722 3347 non
747 3309 888 3348 escae
920 3293 1191 3348 mollioris
1221 3293 1604 3351 blandimenta
1638 3302 1882 3352 sectatus
1911 3305 2036 3366 est;

446 3381 536 3435 his
557 3383 737 3436 solum
775 3399 898 3453 quae
937 3383 1222 3438 dabantur
1256 3390 1572 3452 contentus,
1622 3386 1764 3441 nihil
1795 3387 2038 3458 amplius

441 3471 748 3543 requisivit.

2112 2233 2207 2282 tur
2236 2227 2534 2282 inﬁrmior.

2184 2318 2314 2370 CAP.
2347 2317 2446 2370 III.
2483 2343 2543 2353 -
2571 2316 2790 2370 Rursus
2818 2319 3009 2369 autem
3053 2313 3346 2368 ecclesiam
3391 2313 3701 2384 ingressus,

2111 2422 2238 2460 cum
2261 2405 2510 2459 audisset
2531 2405 2831 2460 Dominum
2853 2404 2911 2458 in
2933 2403 3230 2474 Evangelio
3251 2402 3528 2457 dicentem
3551 2419 3562 2454 :
3590 2402 3712 2456 No-

2115 2494 2211 2549 lite
2232 2494 2478 2564 cogitare
2502 2493 2572 2548 de
2601 2493 2846 2548 crastino
2879 2494 3094 2560 (Matth.
3129 2497 3221 2560 v1),
3255 2491 3542 2562 reliquam
3576 2507 3718 2562 quo-

2115 2600 2223 2654 que
2253 2583 2566 2654 portionem
2587 2581 2928 2654 pauperibus
2957 2580 3270 2649 distribuit;
3295 2596 3477 2651 neque
3502 2597 3560 2634 se
3587 2597 3717 2633 ver-

2117 2671 2228 2726 sari
2265 2688 2462 2742 passus
2488 2677 2576 2724 est
2604 2671 2777 2736 domi,
2811 2671 2909 2724 sed
2947 2687 3137 2724 sorore
3170 2668 3426 2724 ﬁdelibus
3471 2685 3537 2724 ac
3562 2669 3720 2723 notis

2115 2760 2425 2831 virginibus
2445 2761 2926 2823 commendata,ut
2953 2775 3149 2814 earum
3182 2757 3496 2812 nutriretur
3529 2774 3716 2812 exem-

2117 2850 2228 2920 plo,
2252 2850 2372 2921 ipse
2393 2851 2515 2920 jam
2543 2849 2803 2903 omnibus
2824 2848 3007 2902 saeculi
3028 2847 3261 2902 vinculis
3281 2846 3439 2914 liber,
3455 2863 3720 2918 asperum

2117 2944 2289 3009 atque
2319 2939 2559 2993 arduum
2591 2938 2832 3009 arripuit
2860 2937 3202 2992 institutum.
3479 2952 3486 2958 ·

2190 3028 2438 3083 Necdum
2464 3033 2652 3082 autem
2674 3032 2792 3081 tam
2821 3026 3016 3081 crebra
3045 3031 3208 3080 erant
3231 3025 3290 3080 in
3320 3025 3558 3097 Egypto
3587 3041 3714 3080 mo-

2119 3117 2387 3180 nasteria,
2419 3133 2602 3188 neque
2644 3116 2873 3170 omnino
2904 3115 3202 3186 quisquam
3231 3114 3415 3169 aviam
3457 3113 3720 3169 solitudi-

2122 3222 2253 3258 nem
2282 3211 2542 3271 noverat;
2577 3205 2672 3260 sed
2696 3205 3013 3276 quicunque
3034 3206 3092 3258 in
3111 3202 3320 3258 Christi
3339 3202 3607 3258 servitute
3636 3202 3716 3257 si-

2120 3293 2405 3366 bimetipsi
2431 3295 2694 3366 prodesse
2723 3293 3002 3366 cupiebat,
3017 3310 3130 3348 non
3150 3293 3314 3364 longe
3343 3309 3379 3347 a
3400 3308 3506 3346 sua
3523 3292 3721 3347 villula

2120 3389 2416 3455 separatus
2443 3383 2864 3438 instituebatur.
2882 3383 3016 3438 Erat
3034 3383 3210 3453 igitur
3232 3381 3290 3436 in
3318 3381 3504 3452 agello
3533 3381 3718 3436 vicino

2057 3489 2296 3555 Bsenex
2324 3473 2573 3544 quidam,
2618 3473 2792 3527 vitam
2831 3472 3144 3527 solitariam
3171 3487 3204 3525 a
3245 3471 3430 3542 prima
3469 3473 3719 3525 sectatus

515 3560 644 3616 CAP.
663 3557 739 3615 II.
766 3590 830 3601 —
862 3561 997 3616 Post
1014 3567 1253 3618 mortem
1283 3570 1473 3618 autem
1504 3568 1824 3634 parentum,
1857 3580 2038 3619 anno-
2121 3567 2313 3616 aetate:
2340 3562 2487 3616 hunc
2503 3561 2781 3616 Antonius
2805 3577 2930 3616 cum
2954 3561 3205 3627 vidisset,
3227 3559 3523 3614 aemulatus
3540 3564 3629 3614 est
3643 3560 3717 3615 ad

441 3663 568 3701 rum
597 3648 820 3702 circiter
849 3649 1042 3704 decem
1073 3657 1130 3705 et
1150 3656 1274 3705 octo
1305 3668 1406 3706 seu
1440 3651 1655 3720 viginti,
1689 3668 1817 3706 cum
1847 3669 2037 3707 sorore

443 3735 747 3790 admodum
786 3739 1018 3807 parvula
1052 3739 1370 3806 derelictus,
1401 3745 1458 3794 et
1503 3739 1703 3794 domus
1735 3746 1792 3794 et
1829 3741 2038 3796 sororis

443 3825 736 3879 honestam
749 3843 939 3880 curam
959 3827 1208 3898 gerebat.
1233 3829 1481 3884 Necdum
1498 3846 1627 3884 vero
1643 3847 1738 3884 sex
1759 3831 2039 3886 ﬂuxerant

445 3928 684 3978 menses,
719 3914 920 3986 quibus
950 3916 1020 3970 ad
1050 3917 1339 3972 ecclesiam
1365 3923 1446 3985 (ut
1472 3918 1702 3985 solebat)
1717 3936 2034 3986 accurrens,

445 4003 847 4058 recordabatur
876 4006 1154 4076 quomodo
1179 4011 1236 4061 et
1255 4007 1514 4078 apostoli,
1538 4007 1798 4062 omnibus
1811 4010 2033 4080 spretis,

446 4091 621 4146 secuti
655 4091 892 4147 fuissent
923 4095 1269 4150 Salvatorem
1301 4097 1516 4163 (Matth.
1551 4103 1605 4160 xl
1632 4114 1642 4149 :
1675 4103 1733 4151 et
1760 4097 1944 4162 multi,
1977 4103 2042 4152 ut

444 4179 652 4251 legitur
680 4180 739 4236 in
764 4181 917 4237 Actis
947 4184 1328 4254 apostolorum
1345 4186 1544 4252 (Actor.
1568 4185 1663 4251 Iv),
1681 4185 2039 4242 facultatibus

447 4268 563 4324 suis
608 4270 866 4338 venditis,
907 4273 1093 4344 pretia
1138 4274 1206 4328 ad
1261 4274 1432 4346 pedes
1476 4290 1671 4328 eorum
1707 4275 2042 4330 detulissent

445 4359 738 4431 egentibus
766 4361 1078 4433 partienda,
1111 4380 1300 4434 quaeve
1327 4368 1427 4417 aut
1451 4369 1664 4434 quanta
1691 4381 1818 4435 spes
1838 4364 2040 4420 iisdem

445 4448 694 4519 reposita
719 4453 871 4503 esset
894 4450 954 4502 in
981 4449 1135 4502 caelis
1163 4451 1378 4516 (00103:.
1413 4455 1474 4518 ι).
1514 4451 1673 4506 Talia
1700 4467 1889 4506 secum
1919 4453 2038 4506 vol-

445 4553 599 4602 vens,
633 4535 863 4592 intravit
889 4536 1204 4604 ecclesiam,
1237 4542 1294 4592 et
1323 4539 1526 4593 accidit
1553 4546 1619 4594 ut
1643 4545 1779 4595 tunc
1799 4557 2038 4612 evange-

445 4624 586 4678 lium
614 4625 896 4696 legeretur
912 4624 1010 4693 (9),
1027 4625 1086 4679 in
1115 4641 1224 4696 quo
1251 4626 1523 4681 Dominus
1535 4627 1672 4683 dicit
1689 4629 1760 4683 ad
1780 4629 2034 4684 divitem:

453 4713 512 4769 Si
541 4713 622 4768 vis
641 4713 920 4784 perfectus
933 4729 1074 4780 esse,
1086 4714 1246 4780 vade,
1267 4713 1445 4770 vende
1461 4717 1759 4772 omniatua
1776 4699 2040 4788 quaecun-

2118 3649 2348 3706 bonum.
2398 3651 2466 3705 Et
2495 3651 2676 3721 primo
2717 3649 2944 3721 quidem
2986 3649 3258 3722 incipiens
3288 3649 3458 3704 etiam
3489 3649 3628 3720 ipse,
3655 3649 3718 3704 in

2118 3739 2254 3795 locis
2272 3739 2562 3812 paululum
2579 3739 2752 3794 avilla
2765 3738 3160 3794 remotioribus
3180 3737 3445 3794 manebat
3464 3757 3482 3794 :
3502 3739 3704 3794 exinde

2118 3835 2328 3895 autem,
2362 3830 2408 3884 si
2437 3846 2602 3900 quem
2633 3827 2958 3899 vigilantem
2988 3828 3048 3883 in
3074 3829 3180 3882 hoc
3208 3827 3395 3882 studio
3425 3843 3717 3898 compere-

2118 3924 2227 3983 rat,
2263 3919 2586 3990 procedens,
2600 3917 2888 3990 quterebat
2901 3923 2966 3972 ut
2979 3917 3100 3988 apis
3114 3916 3551 3988 prudentissima
3569 3935 3582 3984 ;
3611 3933 3720 3971 nec

2121 4008 2192 4062 ad
2221 4006 2600 4062 habitaculum
2621 4023 2787 4061 suum
2801 4012 2931 4061 ante
2949 4005 3256 4070 remeabat,
3275 4005 3380 4060 nisi
3403 4006 3526 4076 ejus
3545 4022 3716 4077 quem

2121 4095 2381 4168 cupiebat
2405 4096 2686 4151 frueretur
2709 4094 3060 4167 aspe’ctibus;
3093 4100 3148 4150 et
3172 4095 3270 4150 sic.
3289 4100 3579 4166 tamquam
3593 4111 3718 4150 mu-

2121 4201 2256 4240 nere
2285 4185 2465 4240 mellis
2483 4189 2728 4256 accepto,
2747 4183 2939 4240 abibat
2960 4184 3031 4239 ad
3050 4183 3296 4239 sua.Tali
3319 4183 3522 4238 ibidem
3549 4183 3718 4238 insti-

2121 4280 2279 4328 tutus
2307 4273 2552 4338 exordio,
2606 4289 2733 4327 cum
2779 4290 2880 4344 per
2911 4273 3032 4328 dies
3059 4273 3310 4344 singulos
3351 4273 3431 4327 ita
3459 4271 3715 4327 animum

2121 4362 2434 4428 roboraret,
2475 4367 2540 4416 ut
2575 4378 2678 4417 nec
2716 4377 2887 4434 opum
2926 4367 3307 4434 paternarum,
3337 4377 3440 4416 nec
3481 4377 3718 4416 suorum

2121 4451 2469 4507 meminisset
2491 4450 2768 4518 afﬁnium,
2784 4467 2949 4506 omne
2974 4451 3144 4506 etiam
3172 4450 3583 4506 desideriumet
3608 4451 3719 4505 sol-

2122 4540 2469 4596 licitudinem
2493 4557 2628 4611 erga
2651 4539 2706 4594 id
2737 4541 2887 4612 quod
2916 4545 3163 4612 cceperat
3191 4544 3492 4600 exerceret.
3514 4555 3719 4610 opera-

2121 4629 2290 4684 batur
2312 4628 2572 4684 manibus
2599 4629 2736 4695 suis,
2753 4629 2933 4684 sciens
2953 4629 3236 4700 scriptum
3266 4643 3387 4684 esse
3419 4647 3431 4682 :
3465 4627 3574 4692 Qui
3603 4645 3719 4683 non

2123 4723 2407 4790 operatur,
2440 4734 2553 4772 non
2585 4718 2888 4773 manducet
2912 4718 2998 4788 (ΙΙ
3029 4719 3204 4784 Thess,
3259 4719 3370 4788 In).
3403 4717 3722 4772 Mercedem

451 4818 558 4872 que
591 4801 780 4866 habes,
801 4807 859 4856 et
881 4802 952 4857 da
973 4803 1332 4874 pauperibus,
1350 4813 1408 4859 et
1431 4805 1574 4870 veni,
1598 4822 1833 4877 sequere
1860 4823 1968 4872 me,
1989 4813 2104 4872 etC
2127 4813 2318 4863 tamen
2349 4807 2533 4879 operis
2558 4807 2663 4869 sui,
2706 4807 2888 4879 pretio
2935 4807 3096 4879 panis
3145 4811 3394 4878 excepto,
3426 4805 3722 4877 egentibus

447 4887 678 4944 habebis
701 4890 1029 4945 thesaurum
1059 4891 1114 4946 in
1145 4893 1282 4946 etrlo
1297 4894 1510 4957 (Matth.
1541 4894 1804 4960 x1x).Quo
1825 4895 2036 4957 audito,

449 4977 612 5049 quasi
628 4978 896 5034 divinitus
915 4979 1238 5051 hujusmodi
1253 4988 1384 5038 ante
1413 4982 1742 5036 memoriam
1763 4985 2042 5056 concepis-

447 5073 551 5133 set,
583 5073 642 5122 et
657 5067 830 5123 veluti
858 5074 1087 5140 propter
1099 5087 1160 5125 se
1177 5071 1293 5128 haec
1313 5076 1460 5126 esset
1481 5071 1768 5144 Scriptura
1781 5073 2036 5140 recitata,

447 5157 516 5211 ad
535 5174 594 5211 se
614 5157 966 5212 Dominicum
989 5160 1159 5215 traxit
1179 5161 1499 5231 imperium;
1515 5160 1818 5232 statimque
1829 5179 2043 5234 regres-

446 5263 560 5313 sus,
584 5248 962 5318 possessiones
997 5265 1136 5319 quas
1167 5249 1409 5304 habebat
1433 5250 1700 5304 vendidit.
1721 5252 1918 5306 Arura:
1938 5267 2041 5305 au-

445 5340 560 5390 tem
583 5342 745 5391 erant
771 5337 822 5390 ei
849 5342 1113 5392 trecenta;
1139 5336 1356 5399 uberes,
1383 5343 1440 5392 et
1465 5339 1626 5394 valde
1655 5340 1879 5411 optima:
1903 5340 2033 5409 :10),

448 5441 588 5496 quas
617 5425 812 5480 vicinis
835 5426 1068 5496 largitus
1090 5431 1192 5482 est.
1207 5443 1278 5481 ne
1297 5426 1356 5481 in
1376 5427 1566 5498 aliquo
1588 5434 1688 5483 aut
1707 5428 1814 5482 sibi
1833 5434 1933 5484 aut
1947 5446 2041 5484 so-

446 5515 559 5570 rori
589 5515 847 5569 molestia
865 5515 1210 5586 gigneretur.
1229 5517 1444 5572 Caetera
1466 5534 1614 5584 vero,
1630 5534 1752 5589 quae
1783 5517 1840 5572 in
1869 5517 2043 5573 mobi-

443 5603 591 5658 libus
637 5603 974 5676 possidebat,
1019 5605 1278 5661 universa
1321 5606 1604 5660 vendidit:
1650 5612 1707 5660 et
1735 5611 2038 5678 aggregato

445 5709 556 5748 non
585 5694 782 5766 exiguo
812 5695 1012 5766 pretio,
1037 5695 1420 5768 indigentibus
1442 5695 1616 5764 dedit,
1640 5693 1830 5769 paucis
1849 5701 2039 5753 tamen

2123 4895 2486 4968 largiebatur.
2521 4901 2640 4963 θα
2671 4895 2883 4951 Orabat
2908 4897 3250 4968 frequenter,
3271 4896 3476 4968 quippe
3507 4895 3606 4967 qui
3632 4896 3724 4950 d1-

2122 4985 2336 5040 dicerat
2349 4985 2496 5057 quod
2525 4989 2810 5056 oporteret
2825 4984 2948 5039 sine
2975 4983 3392 5040 intermissione
3417 4983 3726 5040 Dominum

2123 5089 2282 5128 orare
2311 5076 2368 5141 (1
2398 5075 2574 5129 Thess.
2610 5079 2686 5136 v).

2193 5162 2485 5217 Auditioni
2500 5162 3096 5235 etiamScripturarum
3109 5162 3188 5218 ita
3204 5163 3453 5218 studium
3469 5177 3723 5217 commo-

2123 5251 2382 5316 dabat,ut
2406 5251 2627 5306 nihilex
2643 5253 2765 5324 ejus
2787 5252 2976 5307 animo
2997 5251 3312 5320 laberetur;
3337 5251 3436 5307 sed
3458 5251 3726 5307 universa

2123 5340 2346 5396 Domini
2378 5347 2658 5413 praecepta
2689 5342 3026 5407 custodiens,
3059 5342 3392 5397 memoriam
3422 5357 3522 5414 pro
3561 5340 3725 5398 libris

2122 5428 2358 5484 haberet
2383 5430 2433 5500 (ι
2451 5429 2624 5498 l).Sic
2634 5447 2795 5486 suam
2822 5431 2992 5486 vitam
3010 5431 3332 5497 instituens,
3351 5430 3422 5486 ab
3441 5430 3726 5485 universis

2121 5517 2388 5572 fratribus
2421 5535 2562 5590 puro
2605 5519 2950 5591 diligebatur
2976 5521 3216 5588 atlectu;
3249 5527 3307 5576 et
3339 5518 3622 5579 omnibus,
3653 5519 3729 5575 ad

2123 5623 2262 5678 quos
2299 5608 2486 5663 studio
2515 5607 2764 5664 discendi
2801 5609 3089 5682 pergebat,
3129 5609 3416 5676 obediens,
3467 5605 3727 5680 proprias

2121 5695 2473 5769 singulorum
2501 5699 2715 5769 gratias
2743 5699 3066 5756 hauriebat:
3096 5701 3266 5772 hujus
3293 5697 3722 5766 continentiam,
