3990 6194
270 283 387 340 129

1352 282 1524 338 VITA
1560 283 1771 341 BEATI
1808 286 2114 343 ANTONII
2151 288 2476 355 ABBATIS,

3450 307 3559 364 430
3634 265 3643 269 ’

268 408 690 499 jucunditatem
712 406 1212 475 illiussectabatur;
1232 406 1397 499 istius
1411 407 1881 499 lenitatem,illius
1898 414 2153 471 Aautem
2181 429 2303 484 ego,
2337 413 2434 468 sed
2461 414 2647 484 gratia
2682 415 2803 485 Dei,
2835 433 2959 490 quae
2988 436 3210 479 mecum
3239 432 3326 481 est
3354 431 3407 499 (l
3431 431 3555 487 Cor.

270 498 886 570 vigilantiam,alterius
904 499 1124 570 legendi
1137 496 1507 552 aemulabatur
1518 497 1875 568 industriam;

272 587 445 643 istum
470 590 852 660 jejunantem,
873 588 1033 643 illum
1052 587 1210 642 humi
1241 587 1621 658 quiescentem
1640 587 1880 642 miraba-

271 682 401 744 tur;
451 677 692 732 alterius
720 677 1074 749 patientiam,
1108 675 1339 731 alterius
1385 675 1877 731 mansuetudinem

269 766 634 837 przedicabat.
665 767 930 822 Omnium
963 783 1186 838 quoque
1204 765 1467 820 vicariam
1489 782 1625 836 erga
1653 783 1713 820 se
1737 766 1878 820 reti-

266 871 409 909 nens
439 856 802 923 charitatem,
833 863 1005 927 atque
1023 854 1298 910 universis
1322 852 1593 910 virtutum
1621 854 1875 926 partibus

267 944 562 1015 irrigatus,
612 946 686 1000 ad
736 946 927 1000 sedem
976 945 1263 1017 propriam
1303 943 1745 1015 regrediebatur.
1790 944 1873 999 Ibi

266 1050 458 1088 secum
487 1035 755 1090 universa
781 1039 1151 1106 pertractans,
1175 1033 1427 1089 omnium
1451 1033 1508 1087 in
1537 1050 1596 1087 se
1616 1032 1764 1088 bona
1782 1033 1872 1087 ni-

264 1121 497 1178 tebatur
544 1124 878 1195 exprimere.
915 1125 1111 1195 Neque
1168 1139 1300 1177 vero
1337 1122 1632 1177 adversum
1659 1138 1870 1177 coaevos

265 1212 576 1284 aliquando
603 1213 950 1279 movebatur,
993 1213 1089 1267 sed
1119 1229 1187 1267 ea
1213 1212 1603 1267 tantummodo
1645 1213 1874 1267 ﬂamma

265 1303 496 1372 egregio
525 1302 648 1357 viro
675 1302 961 1358 crescebat
986 1302 1046 1357 in
1080 1307 1326 1373 pectore,
1347 1319 1418 1356 ne
1438 1302 1717 1356 secundus
1745 1303 1869 1357 cui-

262 1406 440 1461 quam
466 1392 532 1446 in
555 1391 840 1463 praedictis
867 1391 1129 1463 operibus
1158 1391 1523 1446 inveniretur.
1556 1392 1626 1446 Et
1654 1392 1760 1446 hoc
1788 1391 1870 1446 ita

259 1478 527 1548 faciebat,
552 1488 619 1536 ut
639 1499 767 1537 cum
795 1498 991 1536 omnes
1017 1480 1198 1551 gloria
1223 1481 1483 1547 anteiret,
1500 1479 1761 1535 omnibus
1778 1485 1867 1534 ta-

260 1586 396 1624 men
418 1571 628 1626 charus
657 1576 822 1626 esset.
852 1572 1002 1625 Nam
1023 1576 1080 1625 et
1092 1569 1261 1624 vicini
1281 1574 1339 1624 et
1349 1569 1626 1635 monachi,
1640 1570 1712 1623 ad
1729 1586 1868 1640 quos

257 1676 413 1731 saepe
431 1659 712 1725 veniebat,
735 1660 1046 1715 Antonium
1066 1658 1631 1725 videntes,Deicolam
1649 1674 1866 1713 nuncu-

1959 504 2068 571 xv).

2032 591 2321 645 Postremo
2334 609 2460 647 cum
2473 610 2575 647 nec
2588 594 2691 649 hoc
2702 604 3034 667 argumento
3053 601 3344 661 destruere
3367 616 3558 679 posset

1957 678 2264 734 Antonium
2286 681 2453 736 draco
2474 685 2817 747 teterrimus,
2843 694 2900 742 et
2922 689 3137 746 videret
3162 710 3222 748 se
3243 678 3466 768 semper
3485 698 3555 753 ab

1958 768 2007 837 ej
2016 785 2079 822 us
2100 769 2536 839 cogitationibus
2551 775 2764 844 repelli,
2791 779 3097 834 secundum
3114 784 3261 853 quod
3281 786 3554 858 scriptum

1956 863 2043 911 est
2081 861 2279 925 (Marc.
2314 864 2408 928 Ix),
2445 862 2689 916 stridens
2717 864 2977 947 dentibus
3001 874 3056 923 et
3100 872 3334 941 ejulans,
3371 878 3552 946 qualis

1957 952 2059 1011 est,
2093 948 2224 1001 talis
2254 950 2454 1004 merito
2484 952 2791 1022 apparebat
2818 961 2875 1009 et
2902 948 3059 1012 vultu
3087 978 3099 1013 :
3133 978 3275 1031 puer
3290 964 3552 1022 horridus

1956 1041 2124 1107 atque
2152 1038 2331 1108 niger,
2364 1039 2433 1093 ad
2463 1041 2585 1111 ejus
2623 1059 2682 1096 se
2709 1060 2897 1113 genua
2917 1048 3260 1117 provolvens,
3294 1053 3543 1111 humana

1954 1140 2085 1178 voce
2097 1125 2284 1192 flebat,
2304 1127 2521 1182 dicens:
2556 1129 2760 1185 Multos
2781 1134 2995 1202 seduxi,
3022 1136 3294 1206 plurimos
3310 1140 3499 1215 decepi
3525 1164 3538 1212 ;

1956 1229 2105 1268 nunc
2130 1221 2320 1269 autem
2350 1222 2415 1270 ut
2441 1234 2476 1271 a
2499 1220 2715 1273 caeteris
2743 1222 2970 1290 sanctis,
2999 1224 3078 1279 ita
3108 1231 3165 1280 et
3193 1232 3290 1282 tuo
3311 1246 3435 1284 sum
3466 1232 3550 1286 la-

1952 1300 2087 1356 bore
2125 1310 2442 1375 superatus.
2485 1306 2663 1370 Quem
2712 1326 2837 1364 cum
2868 1311 3245 1384 interrogaret
3273 1319 3550 1375 Antonius

1953 1391 2212 1462 quisnam
2242 1399 2409 1462 esset,
2447 1396 2543 1466 qui
2571 1397 2709 1451 talia
2744 1399 3089 1470 loqueretur,
3121 1404 3241 1459 ait:
3274 1406 3389 1477 Ego
3420 1426 3547 1464 sum

1949 1479 2333 1536 fornicationis
2350 1484 2691 1556 amicus,ego
2703 1488 3037 1545 multimoda
3048 1492 3342 1549 adversum
3355 1512 3550 1552 omnes

1949 1569 2330 1626 adolescentes
2351 1573 2721 1644 turpitudinis
2741 1593 2903 1632 arma
2924 1582 3144 1652 suscepi
3169 1601 3181 1650 ;
3213 1583 3343 1639 hinc
3359 1592 3415 1640 et
3441 1588 3552 1659 spi-

1948 1658 2090 1713 ritus
2110 1659 2496 1716 fornicationis
2522 1664 2822 1735 vocor(14).
2851 1667 3103 1731 Quantos
3130 1673 3328 1742 pudice
3366 1658 3550 1731 vivere

254 1748 475 1819 pabant
498 1768 512 1815 ;
535 1749 881 1821 indultisque
909 1754 1125 1804 natura;
1152 1746 1457 1815 vocabulis,
1472 1748 1701 1820 quidam
1720 1752 1785 1803 ut
1802 1749 1866 1802 ﬁ-
1884 1734 1931 1795 Β
1952 1747 2315 1819 disponentes
2330 1750 2527 1805 fefelli!
2553 1758 2689 1823 quot
2708 1755 2956 1810 tenuiter
2973 1734 3321 1830 incipientes,
3341 1764 3411 1817 ad
3432 1782 3550 1818 sor-

253 1836 417 1904 lium,
450 1839 550 1893 alii
576 1845 643 1893 ut
666 1839 898 1893 fratrem
917 1837 1230 1908 diligebant
1252 1835 1386 1909 (Ῑῖ).

326 1964 791 2019 Csp.IV.—Dum
816 1964 932 2019 haec
951 1967 1174 2034 gereret
1200 1961 1499 2031 Antonius,
1532 1961 1734 2033 quibus
1749 1978 1864 2016 om-

248 2052 416 2108 nium
428 2053 486 2108 in
497 2070 557 2108 se
570 2060 898 2125 provocarat
910 2050 1452 2118 aﬂ‘ectum,inimicus
1462 2050 1865 2106 nominisChri-

246 2144 427 2198 stiani
455 2143 733 2209 diabolus,
765 2142 1125 2214 impatienter
1147 2140 1331 2195 ferens
1361 2144 1548 2194 tantas
1578 2140 1637 2194 in
1663 2140 1859 2195 adole-

248 2230 990 2297 scentevirtutes,veteranis
1002 2247 1129 2284 eum
1140 2246 1441 2301 aggressus
1451 2234 1537 2283 est
1548 2228 1858 2286 fraudibus.

250 2322 321 2376 Et
336 2322 527 2394 primo
547 2321 773 2393 quidem
793 2325 1036 2384 tentans,
1061 2318 1109 2374 si
1129 2335 1238 2390 quo
1258 2318 1425 2373 modo
1461 2322 1648 2389 posset
1669 2316 1739 2371 ab
1767 2334 1859 2372 ar-

248 2419 419 2482 repto
437 2427 567 2466 eum
587 2410 846 2465 instituto
865 2409 1180 2475 detrahere,
1214 2407 1555 2461 immittebat
1573 2406 1623 2461 ei
1650 2423 1860 2461 memo-

247 2501 404 2555 riam
452 2499 890 2571 possessionum,
938 2497 1147 2553 sororis
1194 2495 1594 2560 defensionem,
1632 2496 1857 2567 generis

250 2589 636 2656 nobilitatem,
659 2605 911 2643 amorem
932 2603 1142 2653 rerum,
1163 2587 1369 2640 fluxam
1392 2585 1575 2640 saeculi
1595 2585 1852 2655 gloriam,

253 2696 402 2734 escae
423 2679 637 2733 variam
677 2677 1123 2741 delectationem,
1165 2679 1223 2729 et
1250 2674 1469 2746 reliqua
1504 2674 1628 2729 vita:
1659 2674 1859 2728 remis-

244 2769 422 2823 sioris
441 2767 849 2835 blandimenta;
868 2771 1151 2838 postremo
1163 2763 1388 2817 virtutis
1406 2763 1643 2817 arduum
1660 2764 1846 2830 ﬁnem,

244 2863 305 2912 et
327 2858 638 2911 maximum
668 2855 1027 2928 perveniendi
1047 2853 1318 2920 laborem,
1348 2868 1564 2907 necnon
1588 2857 1644 2906 et
1664 2868 1855 2924 corpo-

244 2946 328 3001 ris
352 2946 720 3018 fragilitatem
745 2943 1099 3016 suggerebat,
1124 2948 1181 2997 et
1200 2941 1379 2997 aetatis
1400 2942 1583 3012 spatia
1599 2941 1812 3013 prolixa
1836 2959 1848 2994 :

241 3053 484 3107 prorsus
511 3034 811 3089 maximam
841 3033 893 3088 ei
921 3032 1322 3104 cogitationum
1350 3028 1647 3099 caliginem
1674 3029 1850 3083 susci-

241 3124 430 3192 tabat,
458 3125 648 3180 volens
677 3140 807 3179 eum
839 3139 874 3177 a
895 3126 1047 3177 recto
1074 3119 1360 3193 proposito
1389 3134 1667 3173 revocare.

315 3251 630 3322 Postquam
668 3254 859 3304 autem
905 3246 1159 3302 diabolus
1205 3243 1552 3300 orationibus
1606 3244 1728 3314 ejus
1777 3244 1849 3298 ad

240 3341 561 3411 Deum,per
574 3338 855 3410 passionis
874 3337 1043 3391 ﬁdem
1054 3352 1115 3391 se
1128 3332 1404 3389 intellexit
1421 3332 1849 3395 elidi,consueta

240 3430 549 3484 adversum
591 3444 790 3483 omnes
818 3426 1197 3482 adolescentes
1226 3439 1385 3478 arma
1412 3421 1708 3492 arripiens,
1743 3438 1846 3477 no-

239 3519 465 3574 cturnis
482 3535 611 3574 eum
636 3516 988 3589 inquietabat
1003 3513 1296 3569 illecebris.
1313 3512 1382 3567 Et
1399 3510 1645 3583 primum
1666 3510 1845 3565 nocti-

236 3607 355 3663 bus
384 3608 585 3663 infesta
613 3606 974 3662 multitudine
1018 3608 1078 3658 et
1122 3600 1379 3658 horribili
1425 3605 1581 3656 metu
1628 3599 1844 3655 sonitus

238 3712 382 3751 eum
397 3696 682 3767 exagitare
701 3694 1027 3750 conabatur.
1048 3693 1156 3747 Per
1175 3691 1295 3746 dies
1314 3689 1486 3745 etiam
1499 3694 1618 3743 tam
1632 3688 1843 3759 apertis

237 3787 302 3840 in
323 3801 456 3840 eum
480 3786 610 3840 telis
629 3784 898 3851 irruebat,
922 3788 988 3838 ut
1005 3781 1193 3837 nullus
1213 3778 1543 3850 ambigeret,
1570 3778 1707 3849 quin
1724 3778 1840 3832 An-

238 3874 435 3929 tonius
454 3881 654 3930 contra
672 3873 959 3929 diabolum
988 3870 1303 3926 dimicaret.
1344 3869 1490 3924 Nam
1505 3873 1564 3922 et
1576 3867 1670 3922 ille
1690 3867 1846 3937 cogi-

236 3964 489 4018 tationes
503 3962 758 4018 sordidas
773 3961 1081 4017 conabatur
1103 3960 1372 4025 inserere,
1391 3963 1448 4011 et
1466 3956 1558 4010 hic
1570 3971 1663 4010 eas
1680 3961 1842 4010 oratu

237 4051 614 4106 submovebat
649 4051 893 4106 assiduo.
936 4050 1036 4105 Ille
1073 4047 1341 4103 titillabat
1375 4062 1572 4100 sensus
1597 4044 1843 4099 naturali

237 4141 427 4195 carnis
464 4141 705 4208 ardore;
747 4140 837 4194 hic
865 4139 993 4206 fide,
1028 4137 1232 4209 vigiliis
1271 4140 1330 4191 et
1366 4134 1595 4206 jejuniis
1641 4150 1842 4205 corpus

237 4246 411 4284 omne
438 4229 703 4284 vallabat.
739 4229 839 4284 Ille
878 4245 980 4300 per
1006 4232 1198 4282 noctes
1225 4224 1285 4279 in
1312 4223 1559 4296 pulchrae
1588 4222 1842 4276 mulieris

1945 1836 2044 1890 des
2089 1838 2356 1908 pristinas
2404 1840 2587 1895 redire
2616 1844 2866 1913 persuasi
2905 1846 2917 1898 ε
2968 1846 3084 1917 Ego
3133 1866 3278 1917 sum,
3317 1858 3549 1924 propter

1945 1942 2113 1997 quem
2136 1928 2410 1999 propheta
2450 1929 2637 2001 lapsos
2656 1931 2928 2003 increpat,
2948 1934 3138 1991 dicens
3161 1957 3172 1990 :
3208 1938 3419 2009 Spiritu
3437 1943 3546 1996 for-

1945 2014 2240 2071 nicationis
2258 2017 2473 2072 seducti
2494 2019 2628 2073 estis
2648 2018 2806 2081 (Oscae
2833 2028 2928 2092 IV),
2943 2029 2999 2078 et
3023 2041 3218 2080 revera
3245 2044 3347 2098 per
3376 2046 3466 2083 me
3487 2036 3545 2086 et

1945 2103 2027 2157 illi
2045 2104 2271 2159 fuerant
2288 2107 2651 2178 supplantati.
2679 2110 2794 2179 Ego
2825 2127 2950 2166 sum
2979 2114 3076 2183 qui
3096 2120 3153 2168 te
3186 2116 3371 2187 ipsum
3397 2135 3543 2190 saepe

1942 2194 2173 2255 tentavi.
2207 2201 2265 2248 et
2292 2212 2513 2267 semper
2550 2198 2809 2268 repulsus
2846 2217 2992 2255 sum.
3025 2203 3167 2257 Cum
3197 2205 3303 2260 hoc
3332 2208 3542 2263 Christi

1944 2282 2105 2337 miles
2120 2284 2387 2348 audisset,
2403 2285 2616 2355 gratias
2638 2302 2811 2357 agens
2831 2289 2965 2355 Deo,
2991 2297 3049 2345 et
3069 2292 3309 2363 largiore
3341 2296 3540 2351 adver-

1942 2386 2039 2425 sus
2064 2371 2355 2427 inimicum
2385 2373 2730 2430 confortatus
2747 2377 2998 2443 audacia,
3020 2380 3128 2434 ait:
3153 2383 3392 2438 Multum
3406 2402 3539 2457 ergo

1941 2457 2309 2531 despicabilis,
2340 2462 2695 2534 multumque
2724 2466 3158 2538 contemptibilis
3182 2485 3241 2524 es
3265 2490 3277 2539 ;
3319 2488 3452 2527 nam
3481 2479 3539 2528 et

1940 2547 2251 2604 obscuritas
2271 2555 2369 2605 tua
2388 2557 2446 2605 et
2464 2557 2599 2606 aetas
2614 2552 2969 2610 infirmarum
2989 2556 3148 2627 signa
3173 2565 3306 2614 sunt
3323 2577 3532 2617 rerum.

1938 2637 2108 2692 Nulla
2121 2637 2259 2692 mihi
2274 2639 2393 2709 jam
2415 2639 2486 2694 de
2506 2646 2563 2694 te
2574 2657 2709 2696 cura
2731 2648 2834 2696 est.
2861 2644 3135 2700 Dominus
3153 2647 3291 2701 mihi
3311 2649 3539 2720 adjutor

1937 2731 2039 2790 est,
2092 2731 2149 2781 et
2198 2743 2302 2798 ego
2350 2729 2638 2784 exsultabo
2684 2747 2853 2802 super
2887 2733 3143 2789 inimicos
3179 2752 3334 2791 meos
3370 2740 3532 2807 (Psal.

1937 2820 2131 2883 cxvn).
2185 2817 2258 2870 Et
2282 2817 2493 2885 statim,
2526 2819 2596 2872 ad
2626 2836 2818 2875 vocem
2862 2824 3159 2893 cantantis,
3195 2826 3534 2896 phantasma

1938 2904 2087 2975 quod
2108 2905 2418 2973 videbatur,
2445 2908 2691 2962 evanuit.

2008 2993 2139 3047 CAP.
2170 2994 2240 3050 V.
2275 3024 2330 3037 --
2371 2996 2502 3050 Haec
2530 3003 2718 3051 autem
2766 2999 2998 3056 Antonii
3028 3007 3225 3057 contra
3248 3003 3534 3061 diabolum

1873 3052 1917 3114 Ο
1933 3080 2041 3136 fuit
2066 3081 2249 3152 prima
2274 3083 2523 3151 victoria,
2549 3085 2662 3140 imo
2678 3052 2855 3141 virtus

1933 3170 2028 3241 qui
2050 3176 2338 3241 peccatum
2367 3171 2427 3226 in
2448 3190 2616 3227 carne
2644 3174 3054 3240 condemnavit.
3079 3184 3203 3246 38
3233 3186 3297 3235 ut
3317 3183 3532 3252 justiﬁ-

1931 3259 2075 3313 catio
2106 3260 2248 3330 legis
2275 3275 2335 3315 1n
2358 3260 2517 3315 nobis
2542 3263 2933 3334 compleretur,
2962 3268 3058 3337 qui
3089 3285 3201 3323 non
3222 3273 3529 3327 secundum

1931 3364 2159 3403 carnem
2181 3348 2555 3416 ambulamus,
2592 3351 2688 3405 sed
2719 3354 3026 3408 secundum
3057 3357 3318 3428 spiritum
3351 3362 3525 3429 (Rom.

1929 3441 2068 3507 vm).
2095 3438 2201 3491 Sed
2234 3454 2417 3510 neque
2440 3440 2686 3495 Antonio
2707 3442 3067 3498 securitatem
3100 3445 3256 3500 dedit
3274 3447 3366 3501 hic
3382 3464 3528 3503 unus

1925 3525 2266 3597 triumphus,
2298 3544 2401 3582 nec
2427 3527 2647 3583 diabolo
2676 3531 2850 3585 semel
2874 3530 3064 3587 fracta:
3082 3533 3333 3590 defecere
3360 3536 3526 3596 vires.

1927 3613 2075 3669 Nam
2098 3621 2156 3670 et
2173 3616 2299 3683 iste,
2323 3623 2389 3671 ut
2408 3617 2496 3672 leo
2535 3618 2763 3689 rugiens
2783 3621 2831 3689 (Ῑ
2858 3622 2967 3674 Pet.
2999 3623 3073 3691 v),
3099 3623 3385 3693 quaerebat
3411 3627 3529 3680 adis

1925 3707 2047 3758 tum
2076 3720 2178 3776 per
2206 3721 2374 3776 quem
2400 3712 2591 3777 posset
2621 3705 2968 3778 irrumpere;
3007 3715 3064 3764 et
3090 3710 3184 3765 ille
3215 3712 3530 3784 Scriptura-

1925 3808 2052 3847 rum
2081 3794 2278 3849 doctus
2306 3794 2548 3866 eloquio,
2577 3796 2785 3851 multas
2815 3813 2934 3852 esse
2963 3798 3283 3855 daemonum
3312 3801 3529 3873 captio-

1925 3898 2027 3936 nes
2046 3884 2254 3951 (Ephes.
2287 3884 2385 3953 γι),
2409 3885 2601 3938 solerti
2632 3886 2981 3956 propositum
3011 3887 3202 3944 labore
3233 3890 3523 3960 servabat;

1926 3970 2288 4026 considerans
2314 3972 2447 4043 quia
2475 3979 2666 4044 posset
2694 3974 2933 4030 Satanas
2962 3976 3022 4030 in
3055 3977 3239 4033 carnis
3267 3979 3527 4034 collucta-

1924 4059 2077 4114 tione
2097 4065 2413 4132 superatus,
2434 4078 2706 4117 novarum
2725 4064 2991 4119 adversus
3004 4081 3064 4119 se
3084 4067 3293 4121 artium
3318 4069 3527 4123 machi-

1922 4165 2026 4203 nas
2055 4149 2238 4204 acrius
2267 4151 2862 4207 commovere.ldcirco
2887 4154 3067 4224 magis
3094 4171 3160 4208 ac
3187 4157 3367 4226 magis
3397 4156 3525 4211 sub-

1919 4237 2158 4309 jugabat
2198 4255 2401 4310 corpus
2429 4255 2613 4306 suum,
2647 4256 2718 4294 ne
2770 4240 2946 4294 victor
3000 4242 3260 4309 aliorum,
3299 4245 3360 4298 in
3397 4245 3522 4300 aliis

234 4318 563 4373 vertebatur
591 4324 874 4383 ornatum,
906 4316 1063 4370 nulla
1093 4314 1356 4370 amittens
1388 4313 1660 4383 ﬁgmenta
1686 4309 1842 4365 lasci-

1942 4327 2240 4382 rinceretur
2260 4328 2316 4399 (Ι
2329 4328 2449 4383 Cor.
2480 4331 2582 4396 ιχ).
2605 4328 2917 4399 Disponens
2936 4328 3112 4399 igitur
3133 4330 3347 4385 duriori
3367 4348 3427 4386 se
3447 4334 3523 4386 vi-

232 4407 338 4462 Via?
361 4434 374 4472 ς
407 4408 501 4462 hic
523 4407 752 4462 Ultrices
776 4407 1048 4478 8811601133
1072 4406 1328 4459 ﬂammas
1357 4407 1414 4457 et
1432 4401 1682 4455 ἀοῖονθω
1711 4417 1836 4455 νεῖ·
1854 4410 1901 4471 D
1920 4422 1990 4471 tae
2019 4416 2142 4485 lege
2169 4415 2572 4486 constringere,
2588 4433 2715 4470 cum
2745 4433 2940 4472 omnes
2970 4416 3376 4489 infatigabilem
3390 4419 3521 4474 ado-

233 4496 413 4550 mium
444 4496 764 4560 recordans,
786 4496 1016 4567 ingestae
1044 4493 1149 4548 sibi
1177 4492 1398 4547 libidini
1428 4488 1761 4562 opponebat.

1942 4504 2179 4559 escentis
2202 4504 2544 4559 mirarentur
2570 4505 2901 4560 instantiam
2930 4505 3068 4575 (15),
3101 4488 3356 4561 sanctum
3383 4508 3520 4562 tole-

306 4604 410 4658 Ille
451 4603 733 4659 lubricum
769 4601 1159 4658 adolescentia:
1210 4600 1322 4655 iter
1352 4598 1479 4669 (l3),
1520 4603 1576 4652 et
1616 4597 1688 4652 ad
1714 4596 1836 4651 rui-
1918 4599 2114 4649 ranter
2140 4593 2355 4648 ferebat
2395 4593 2665 4661 laborem,
2698 4596 2831 4666 quia
2874 4595 3199 4656 voluntaria;
3235 4595 3518 4652 servitutis

230 4710 368 4747 nam
384 4692 548 4747 facile
569 4691 932 4765 proponebat;
956 4690 1046 4746 hic
1066 4695 1279 4745 aeterna
1300 4687 1475 4744 futuri
1490 4686 1687 4758 judicii
1716 4691 1834 4740 tor-
1916 4685 2148 4756 longum
2174 4683 2234 4738 in
2255 4684 2357 4738 Dei
2378 4700 2546 4755 Opere
2568 4684 2837 4754 studium,
2860 4683 3326 4741 consuetudinem
3340 4684 3401 4740 in
3421 4702 3518 4742 na-

230 4788 427 4837 menta
453 4781 837 4847 considerans,
885 4781 1119 4836 illaesam
1159 4778 1361 4833 animae
1391 4776 1697 4850 puritatem
1735 4791 1836 4847 per
1915 4779 2106 4828 turam
2134 4777 2396 4828 verterat.

226 4876 585 4926 tentamenta
599 4870 873 4928 servabat.
896 4871 1013 4925 Ista
1031 4874 1221 4924 autem
1241 4867 1431 4923 omnia
1462 4866 1533 4920 ad
1553 4864 1831 4919 confusio-
1985 4862 2117 4916 CAP.
2135 4862 2231 4916 VI.
2263 4893 2322 4905 -
2348 4861 2554 4917 Inediae
2584 4868 2774 4916 autem
2800 4866 2857 4916 et
2885 4860 3201 4932 vigiliarum
3222 4861 3516 4918 intentum

228 4976 363 5014 nem
381 4958 595 5014 diaboli
626 4958 835 5014 fiebant
859 4978 872 5026 ;
914 4958 1010 5030 qui
1035 4957 1185 5013 enim
1212 4956 1454 5011 similem
1489 4971 1549 5009 se
1569 4955 1686 5009 Deo
1705 4952 1829 5008 fieri
1912 4952 2133 5024 patiens
2153 4956 2293 5018 erat,
2319 4957 2383 5005 ut
2398 4951 2849 5005 incredulitatem
2870 4949 3078 5005 viribus
3102 4950 3362 5006 vinceret.
3385 4952 3515 5006 Per-

224 5065 393 5120 posse
418 5047 796 5116 existimabat,
829 5064 981 5103 nunc
1008 5047 1078 5102 ab
1096 5047 1278 5101 adole:
1292 5049 1451 5100 cente
1483 5050 1548 5099 ut
1579 5043 1825 5097 miserri—
1911 5040 2176 5096 noctabat
2200 5041 2259 5096 in
2281 5046 2535 5095 oratione
2559 5038 2886 5111 saepissime,
2931 5038 3133 5094 edebat
3151 5041 3326 5095 semel
3346 5040 3405 5094 in
3422 5041 3512 5096 die

224 5154 356 5191 mus
382 5136 791 5206 deludebatur;
832 5142 889 5193 et
917 5137 1012 5210 qui
1041 5141 1237 5191 contra
1265 5150 1491 5189 carnem
1516 5139 1574 5188 et
1600 5133 1826 5204 sangui—
1909 5136 2039 5203 post
2074 5130 2207 5185 solis
2245 5146 2525 5192 occasum,
2554 5144 2963 5198 nonnunquam
3001 5126 3172 5183 biduo
3210 5129 3511 5201 triduoque

224 5242 357 5281 nem
375 5225 659 5292 saeviebat,
686 5226 756 5281 ab
789 5226 1033 5292 homine,
1059 5224 1157 5297 qui
1186 5240 1413 5278 carnem
1448 5221 1710 5294 portabat
1729 5223 1825 5277 eli-
1906 5220 1987 5275 sic
2016 5235 2370 5291 permanens,
2406 5224 2610 5289 quarta
2637 5217 2867 5271 demum
2887 5216 2977 5271 die
3002 5216 3378 5274 reﬁciebatur.
3411 5219 3512 5275 Su-

222 5314 764 5386 susest.Adjuvabat
793 5316 943 5371 enim
962 5331 1185 5370 servum
1215 5330 1381 5369 suum
1399 5312 1689 5379 Dominus,
1727 5312 1823 5383 qui
1908 5308 2098 5363 mebat
2115 5325 2245 5363 vero
2267 5324 2471 5379 panem
2502 5313 2560 5362 et
2586 5308 2691 5375 sal,
2728 5312 3037 5378 potumque
3066 5320 3226 5377 aqua:
3275 5324 3508 5379 perpar-

219 5404 402 5458 nostri
425 5405 615 5476 gratia
652 5422 881 5460 carnem
914 5404 1245 5476 suscipiens,
1277 5402 1569 5457 victoriam
1601 5401 1823 5473 corpori
1905 5415 2057 5453 vum.
2090 5398 2170 5452 De
2217 5396 2479 5451 carnibus
2508 5413 2639 5451 vero
2683 5402 2739 5451 et
2766 5397 2896 5451 vino
2926 5402 3113 5451 tacere
3143 5396 3345 5450 melius
3372 5401 3508 5467 puto

220 5500 417 5548 contra
446 5492 733 5548 diabolum
756 5494 999 5566 largitus
1015 5498 1117 5559 est,
1148 5502 1231 5560 ut,
1251 5491 1487 5562 singulis
1502 5491 1583 5545 ita
1611 5496 1826 5545 certan-
1909 5503 2076 5559 quam
2104 5486 2411 5557 quidquam
2442 5485 2646 5553 dicere,
2670 5485 2893 5557 quando
2923 5501 3028 5539 nec
3054 5483 3205 5556 apud
3232 5483 3508 5555 plurimos

218 5587 388 5657 tibus,
422 5587 798 5662 apOItolicum
825 5584 1023 5642 liceret
1048 5582 1299 5656 proferre
1320 5596 1664 5637 sermonem:
1698 5580 1826 5636 Non
1910 5576 2143 5649 quidem
2171 5574 2582 5631 monachorum
2603 5573 2924 5632 istiusmodi
2954 5571 3171 5646 adquid
3191 5571 3513 5645 reperiatur
