3990 6194
480 302 579 362 131

1520 295 1615 351 DE
1651 294 1841 351 vms
1877 253 2174 350 Imaum
2210 292 2425 350 LIBER
2458 292 2752 348 eamus.

3649 292 3762 352 132

478 426 665 493 Quieti
693 430 882 480 autem
902 421 1157 478 membra
1183 421 1513 499 concedens,
1523 422 1695 492 junco
1713 424 1970 475 contexto
1994 423 2081 474 at-
2100 422 2144 480 Α
2160 418 2458 474 adversum
2486 435 2577 474 me
2602 422 2812 484 castra,
2844 433 2958 473 non
2996 416 3220 474 timebit
3248 428 3345 474 cor
3370 433 3562 473 meum
3576 419 3760 490 (Paul.

482 534 590 589 que
620 515 799 571 cilicio
828 512 1109 568 utebatur.
1142 512 1560 582 Nonnunquam
1582 510 1752 564 etiam
1782 526 1951 580 super
1987 525 2087 563 nu-

478 607 610 661 dam
644 606 878 659 humum
901 601 1148 673 jacebat.
1176 607 1466 672 unguenta
1495 600 1721 672 penitus
1752 598 2077 670 repudians.

479 694 712 750 Dicebat
739 692 888 747 enim
922 690 1157 745 minime
1185 707 1346 760 posse
1379 689 1679 755 utentium,
1716 696 1775 742 et
1810 687 2085 759 praecipue

474 787 746 856 juvenum
772 796 1007 851 corpora
1027 778 1299 844 roborari,
1316 779 1364 832 si
1380 778 1487 832 olei
1498 784 1686 832 essent
1704 777 1934 831 lenitate
1951 776 2086 830 mol-

481 873 620 942 lita;
669 879 928 942 oportere
959 885 1090 922 vero
1116 884 1344 938 asperos
1365 868 1520 921 carni
1550 866 1768 920 labores
1798 865 2084 937 imperari,

482 960 789 1016 secundum
843 957 1095 1029 Apostoli
1127 961 1485 1027 praeceptum,
1529 956 1800 1010 dicentis:
1853 954 2088 1019 Quando

482 1050 757 1115 inﬁrmor,
804 1054 940 1102 tunc
978 1046 1177 1100 fortior
1204 1062 1328 1099 sum
1359 1047 1437 1112 (ΙΙ
1464 1045 1586 1099 Cor.
1615 1048 1731 1111 xu).
1764 1042 2091 1098 Asserebat-

486 1156 596 1210 que
624 1154 852 1194 sensum
883 1136 1059 1190 animi
1079 1134 1161 1189 sic
1188 1148 1348 1205 posse
1382 1133 1731 1199 reviviscere,
1765 1133 1813 1187 si
1842 1132 2092 1203 corporis

486 1229 688 1283 fuisset
715 1228 959 1298 impetus
974 1224 1259 1295 fatigatus.
1282 1223 1443 1277 Unde
1456 1239 1559 1277 nec
1572 1229 1892 1294 temporum
1913 1220 2091 1291 longi-

484 1317 681 1372 tudine
694 1314 950 1370 laborum
976 1313 1181 1367 merita
1208 1311 1498 1383 pensabat,
1514 1311 1611 1365 sed
1624 1327 1814 1365 amore
1830 1315 1889 1364 et
1906 1308 2090 1363 famu-

486 1407 606 1460 latu
632 1408 939 1475 spontaneo
983 1417 1223 1472 semper,
1257 1406 1527 1471 tanquam
1557 1400 1615 1453 in
1646 1397 1934 1470 principiis
1961 1413 2090 1451 con-

486 1495 738 1551 stitutus.
767 1493 837 1547 ad
864 1491 1173 1562 profectum
1193 1488 1365 1543 divini
1385 1494 1569 1543 metus
1591 1487 1932 1543 desiderium
1960 1501 2089 1541 con-

488 1583 718 1639 citabat.
768 1581 1051 1650 Novisque
1094 1578 1324 1649 cupiens
1355 1577 1550 1647 augeri
1581 1576 1884 1648 praeterita,
1917 1591 2089 1646 supra

488 1670 787 1725 memorati
810 1668 1064 1724 Doctoris
1080 1683 1405 1721 sermonum
1420 1664 1835 1731 recordabatur,
1858 1663 1955 1735 qui
1974 1663 2084 1720 ait:

2166 512 2326 571 xum).
2358 508 2517 564 Talia
2565 524 2630 562 eo
2677 507 2918 565 dicente.
2951 506 3229 563 bonorum
3277 508 3456 563 hostis
3483 507 3760 575 diabolus,

2167 597 2478 652 admiratus
2498 596 2646 668 quod
2672 602 2798 668 post
2819 602 2905 651 tot
2918 596 3151 652 verbera
3170 597 3369 652 fuisset
3390 614 3562 652 ausus
3581 614 3766 652 rever-

2167 688 2232 753 ti,
2246 686 2607 757 ebngregatis
2640 685 2872 741 canibus
2907 687 3043 752 suis,
3074 693 3134 741 et
3154 687 3378 759 proprio
3397 703 3458 741 se
3476 687 3665 741 furore
3685 687 3768 740 di-

2169 776 2423 831 lanians:
2451 776 2688 839 Videtis,
2710 776 2812 841 ait,
2841 776 2973 847 quia
2994 792 3099 831 nec
3117 776 3318 848 spiritu
3359 776 3763 841 fornicationis,

2169 882 2272 919 nec
2300 864 2547 937 corporis
2576 864 2863 919 doloribus
2892 876 3211 937 superatus,
3234 866 3467 937 insuper
3496 866 3768 921 audacter

2170 954 2394 1009 lacessit
2427 971 2549 1009 nos.
2594 954 2800 1009 Omnia
2823 970 2983 1009 arma
3010 955 3293 1027 corripite,
3326 955 3512 1010 acrius
3540 972 3576 1009 a
3602 954 3766 1009 nobis

2171 1043 2590 1114 impugnandus
2616 1049 2717 1097 est.
2744 1043 2982 1110 Sentiat,
3004 1044 3230 1098 sentiat.
3263 1042 3441 1098 Debet
3458 1044 3600 1099 scire
3627 1060 3769 1116 quos

2172 1137 2449 1203 provocet.
2495 1132 2663 1197 Dixit,
2712 1137 2769 1186 et
2792 1132 2863 1187 ad
2887 1132 3168 1187 hortantis
3195 1148 3384 1187 vocem
3415 1132 3768 1188 audientium

2169 1220 2337 1276 turba
2351 1222 2654 1286 consensit,
2668 1221 2800 1292 quia
2817 1221 3143 1276 innumeras
3154 1220 3411 1276 diabolus
3429 1221 3599 1276 habet
3616 1227 3769 1276 artes

2170 1311 2427 1365 nocendi.
2463 1311 2691 1366 Sonitus
2720 1310 2897 1382 igitur
2923 1310 3251 1382 repentinus
3278 1310 3576 1382 increpuit,
3592 1310 3673 1365 ita
3705 1318 3771 1365 ut

2170 1400 2291 1454 loco
2302 1400 2555 1454 funditus
2578 1399 2811 1470 agitato,
2849 1404 2907 1453 et
2925 1399 3232 1471 parietibus
3247 1399 3559 1471 patefactis,
3582 1400 3772 1455 multi-

2170 1489 2310 1542 faria
2331 1489 2648 1544 daemonum
2687 1488 2886 1543 exinde
2903 1488 3071 1543 turba
3100 1506 3160 1544 se
3182 1488 3494 1544 effunderet
3516 1507 3529 1557 ;
3551 1505 3685 1544 nam
3714 1494 3773 1543 et

2168 1576 2477 1632 bestiarum
2508 1583 2566 1632 et
2591 1577 2933 1648 serpentium
2966 1578 3176 1633 formas
3195 1578 3514 1645 induentes,
3536 1595 3771 1633 omnem

2167 1666 2424 1738 protinus
2471 1666 2656 1721 locum
2696 1667 2978 1737 replevere
3006 1666 3319 1738 phantasiis
3351 1671 3480 1733 ω
3506 1666 3758 1733 leonum,

488 1759 782 1814 Praeterita
827 1757 1174 1822 obliviscens,
1207 1762 1265 1810 et
1301 1755 1360 1809 in
1402 1755 1655 1809 futurum
1701 1754 2088 1809 convalescens
2114 1761 2489 1833 Btaurorum,
2514 1756 2797 1827 luporum,
2821 1755 3100 1827 aspidum,
3132 1756 3496 1828 serpentium,
3530 1755 3774 1826 scorpio-

487 1849 716 1920 (Philz'p.
766 1858 863 1907 III).
913 1846 1247 1901 Meminerat
1295 1860 1515 1915 quoque
1547 1844 1679 1898 Elise
1706 1843 1991 1915 prophetae
2015 1842 2097 1896 di-

489 1937 700 1991 centis:
754 1936 909 1990 Vivit
937 1935 1229 1997 Dominus,
1257 1934 1349 1987 cui
1393 1938 1515 1986 asto
1551 1931 1717 1986 hodie
1748 1937 1879 1986 ante
1910 1931 2093 2002 ipsum

492 2026 599 2097 (III
626 2027 747 2093 Reg.
790 2027 944 2092 xvnu)
972 2042 986 2090 ;
1024 2029 1083 2078 et
1101 2021 1414 2077 disserebat
1436 2038 1537 2075 cur
1563 2022 1720 2075 hodie
1749 2026 1900 2075 esset
1928 2036 2097 2091 appo-

495 2114 687 2177 situm,
714 2113 849 2184 quia
876 2130 989 2167 non
1019 2110 1380 2182 computabat
1408 2110 1555 2164 Elias
1582 2108 1928 2181 praeteritum
1957 2114 2097 2162 tem-

493 2220 619 2275 pus,
636 2202 734 2257 sed
755 2207 1027 2273 tanquam
1050 2200 1299 2271 quotidie
1324 2199 1383 2252 in
1413 2198 1721 2273 certamine
1736 2198 2093 2264 constitutus,

491 2292 667 2346 talem
693 2308 752 2346 se
775 2290 1024 2362 praebere
1064 2288 1343 2359 cupiebat,
1368 2287 1594 2360 qualem
1624 2286 1835 2341 sciebat
1861 2287 2096 2357 dignum

493 2383 595 2437 Dei
640 2398 766 2437 esse
827 2378 1237 2451 conspectibus.
1268 2394 1473 2449 purum
1498 2377 1685 2444 corde,
1740 2383 1800 2432 et
1832 2381 2094 2449 paratum

500 2469 728 2526 obedire
755 2470 1027 2524 voluntati
1059 2469 1202 2539 ejus.

568 2562 699 2615 CAP.
731 2560 855 2614 VII.
881 2589 952 2599 —
980 2557 1161 2627 Igitur
1183 2561 1409 2611 sanctus
1428 2555 1706 2611 Antonius
1722 2571 1910 2610 secum
1930 2572 2096 2627 repu-

496 2656 625 2704 tans
651 2652 911 2720 oportere
936 2645 1037 2701 Dei
1066 2645 1339 2699 famulum
1366 2660 1432 2699 ex
1451 2644 1709 2699 instituto
1734 2644 1927 2715 magni
1964 2645 2098 2699 Elia:

498 2738 813 2807 exemplum
843 2752 1063 2806 capere,
1082 2740 1139 2789 et
1165 2734 1236 2788 ad
1262 2734 1401 2788 illud
1428 2733 1711 2805 speculum
1742 2734 1913 2788 vitam
1938 2750 2099 2788 suam

512 2825 717 2881 debere
755 2840 1110 2896 componere,
1161 2823 1233 2876 ad
1262 2823 1519 2893 sepulcra
1561 2838 1676 2876 non
1705 2822 1871 2892 longe
1901 2839 1935 2876 a
1970 2822 2100 2876 villa

498 2915 803 2969 constituta
829 2913 1079 2979 secessit,
1111 2911 1210 2966 uni
1234 2911 1303 2965 de
1332 2909 1571 2981 cognitis
1593 2909 1873 2965 mandans
1898 2915 1964 2964 ut
1988 2916 2101 2965 sta-

503 3005 642 3061 tutis
665 3003 865 3058 diebus
896 3001 1001 3056 sibi
1033 3000 1303 3056 alimenta
1330 2999 1593 3054 deferret.
1641 3000 1710 3053 Et
1741 3015 1868 3054 cum
1899 2999 1958 3053 in
1982 3015 2099 3053 una

2177 1860 2332 1907 num,
2366 1860 2583 1899 necnon
2628 1851 2685 1899 et
2712 1843 3013 1915 pardorum
3040 1849 3211 1916 atque
3240 1859 3521 1899 ursorum.
3555 1845 3625 1899 Et
3653 1844 3774 1898 hac

2176 1932 2395 2003 singula
2408 1931 2721 1987 secundum
2742 1949 2902 1987 suam
2920 1933 3235 1987 fremebant
3254 1938 3537 1991 naturam.
3561 1931 3773 2002 Rugie-

2177 2021 2274 2075 bat
2294 2022 2399 2087 leo,
2434 2021 2685 2076 occidere
2710 2022 2898 2076 volens
2923 2040 2935 2090 ;
2960 2028 3156 2080 taurus
3178 2022 3401 2093 mugitu
3427 2026 3485 2076 et
3512 2020 3775 2076 cornibus

2181 2110 2535 2178 minabatur;
2557 2127 2787 2182 serpens
2799 2109 2961 2165 sibilo
2982 2109 3351 2182 personabat;
3384 2111 3645 2182 luporum
3670 2109 3777 2163 im-

2177 2198 2751 2270 petusingerebantur
2766 2218 2778 2267 ;
2795 2199 3004 2270 pardus
3022 2198 3430 2267 discoloriter(!
3443 2199 3496 2268 9)
3528 2198 3775 2253 auctoris

2178 2287 2266 2341 sui
2288 2287 2621 2342 calliditates
2644 2288 2831 2341 varias
2853 2287 3154 2342 indicabat.
3168 2288 3375 2343 Truces
3396 2288 3649 2342 omnium
3659 2287 3778 2341 vul-

2176 2382 2288 2443 tus,
2309 2381 2366 2430 et
2399 2376 2543 2430 vocis
2557 2376 2800 2431 horridae
2822 2377 2982 2431 dirus
2997 2377 3246 2434 auditus.
3275 2376 3553 2431 Antonius
3582 2376 3778 2446 flagel-

2176 2465 2323 2519 latus
2372 2471 2541 2537 atque
2570 2466 2859 2522 confossus
2898 2464 3177 2520 sentiebat
3211 2465 3435 2537 quidem
3466 2464 3777 2536 asperiores

2178 2555 2428 2625 corporis
2457 2554 2696 2620 dolores,
2741 2555 2838 2609 sed
2876 2554 3293 2626 imperterritus
3319 2553 3559 2608 durabat
3586 2558 3778 2607 mente

2180 2642 2453 2713 pervigili.
2476 2643 2545 2696 Et
2570 2642 2703 2696 licet
2741 2643 3015 2713 gemitum
3043 2642 3275 2697 vulnera
3304 2643 3488 2696 carnis
3506 2642 3782 2713 exprime-

2181 2737 2327 2797 rent,
2352 2747 2520 2785 sensu
2541 2736 2732 2785 tamen
2751 2732 2898 2785 idem
2932 2748 3290 2803 perminens,
3324 2731 3485 2802 quasi
3504 2731 3572 2785 de
3592 2730 3780 2785 inimi-
3850 2782 3861 2789 .

2182 2819 2261 2873 cis
2282 2819 2519 2886 luderet,
2543 2819 2904 2891 loquebatur:
2941 2821 2998 2875 Si
3016 2821 3216 2875 virium
3238 2820 3451 2891 aliquid
3468 2819 3776 2887 haberetis,

2182 2907 2465 2963 sufficeret
2493 2925 2639 2963 unus
2667 2908 2736 2962 ad
2765 2909 3020 2980 praelium
3047 2928 3059 2976 ;
3109 2909 3206 2963 sed
3238 2909 3502 2980 quoniam
3535 2908 3779 2963 Domino

2180 3014 2275 3052 vos
2296 3002 2597 3051 enervante
2608 2997 2947 3068 frangimini,
2957 2998 3317 3053 multitudine
3328 2997 3556 3053 tentatis
3570 2996 3779 3051 inferre

498 3091 889 3162 memoria(16)
908 3089 1273 3163 supradictus
1285 3088 1598 3144 fratereum
1610 3087 1918 3159 clausisset,
1945 3088 2097 3142 solus
2115 3091 2158 3152 C.
2180 3092 2442 3154 terrores,
2489 3104 2616 3142 cum
2644 3087 2749 3142 hoc
2777 3088 2963 3159 ipsum
3014 3087 3361 3142 infirmitatis
3386 3087 3654 3142 indicium
3681 3087 3774 3153 sit,

497 3183 709 3238 ibidem
739 3180 1083 3236 morabatur.
1128 3180 1382 3233 Metuens
1432 3194 1565 3248 ergo
1608 3176 1861 3232 diabolus
1890 3194 1962 3231 ne
2006 3194 2100 3232 ac-

502 3289 663 3327 cessu
686 3270 957 3341 temporis
988 3285 1239 3323 eremum
1253 3283 1475 3338 quoque
1501 3265 1746 3321 habitari
1760 3266 1989 3332 faceret,
2020 3267 2101 3321 ita

502 3378 632 3416 eum
662 3359 982 3430 aggregatis
1012 3356 1343 3412 satellitibus
1375 3355 1510 3419 suis,
1543 3352 1698 3409 varia
1717 3355 1866 3409 caede
1895 3355 2103 3409 lacera-

501 3451 598 3517 vit,
635 3455 699 3503 ut
726 3448 936 3503 doloris
964 3446 1292 3517 magnitudo
1318 3450 1376 3499 et
1404 3449 1619 3498 motum
1649 3442 1898 3498 auferret
1920 3450 1977 3498 et
2003 3460 2101 3498 vo-

500 3556 642 3605 cem.
691 3539 834 3592 Nam
885 3546 943 3590 et
986 3537 1105 3606 ipse
1134 3540 1330 3605 postea
1357 3550 1503 3604 saepe
1540 3531 1835 3597 referebat,
1871 3532 2104 3587 vulnera

500 3628 674 3682 fuisse
700 3633 820 3680 tam
851 3624 1061 3695 gravia.
1097 3628 1161 3677 ut
1193 3622 1455 3676 universa
1490 3621 1783 3675 hominum
1819 3625 2103 3676 tormenta

502 3719 873 3786 superarent;
907 3712 1003 3766 sed
1033 3711 1133 3765 Dei
1163 3710 1531 3781 providentia,
1577 3725 1700 3779 qua;
1724 3724 2015 3779 nunquam
2043 3710 2103 3764 in

505 3821 565 3859 se
596 3801 951 3874 sperantibus
981 3801 1158 3863 deest,
1190 3798 1537 3853 conservavit
1564 3814 1714 3852 eum.

576 3892 703 3946 Alio
751 3890 861 3955 die,
896 3889 943 3943 is
971 3904 1141 3959 quem
1170 3903 1340 3958 supra
1368 3887 1612 3941 diximus
1637 3885 1813 3941 frater
1854 3886 2100 3954 advenit,

506 3980 658 4035 cibos
684 3978 940 4033 deferens
962 3981 1244 4041 assuetos;
1273 3981 1443 4047 atque
1466 3991 1593 4029 eum
1609 3976 1892 4045 jacentem
1912 3974 1972 4029 in
1994 3980 2107 4030 ter-

507 4087 572 4123 ra
598 4068 1049 4127 semimortuum.
1075 4065 1273 4120 fractis
1292 4064 1526 4131 foribus,
1554 4064 1784 4119 invenit.
1808 4064 1986 4128 Quem
2006 4064 2108 4119 im-

507 4158 752 4229 positum
779 4155 1051 4221 humeris,
1077 4154 1146 4208 ad
1176 4153 1380 4209 villula
1408 4151 1752 4207 domicilium
1778 4158 2003 4223 reporta
2014 4152 2101 4207 vit.

509 4248 631 4312 Quo
660 4245 873 4311 audito,
892 4244 1091 4314 ingens
1120 4241 1431 4297 vicinorum
1453 4246 1622 4313 atque
1641 4241 1897 4296 affinium
1922 4240 2110 4296 multi-

509 4336 646 4391 tudo
667 4349 1022 4398 concurrens,
1056 4331 1215 4386 triste
1244 4330 1303 4385 in
1333 4330 1519 4385 medio
1548 4329 1716 4401 positi
1743 4328 1957 4384 funeris
1987 4329 2111 4384 red-
2138 4342 2145 4347 '

510 4423 678 4479 debat
699 4422 960 4478 ofﬁcium.
981 4422 1051 4476 Et
1059 4422 1180 4491 jam
1201 4419 1385 4474 media
1405 4418 1586 4474 noctis
1612 4423 1773 4490 parte
1799 4423 2112 4490 transgres-

511 4530 592 4579 sa,
638 4511 825 4583 gravis
853 4508 1153 4581 pervigiles
1181 4507 1433 4562 omnium
1466 4506 1656 4562 oculos
1677 4506 1887 4562 vicerat
1921 4523 2104 4579 sopor.

511 4602 653 4657 Tum
682 4599 961 4655 Antonius
984 4596 1175 4652 anima
1197 4595 1487 4667 paululum
1502 4595 1772 4650 redeunte
1800 4594 2109 4666 suspirans,

513 4689 747 4743 elevavit
791 4691 987 4759 caput;
1020 4684 1237 4740 caeteris
1265 4700 1397 4739 vero
1428 4683 1544 4738 alta
1575 4682 1763 4754 quiete
1793 4683 2108 4755 prostratis,

513 4792 661 4841 eum,
693 4793 728 4830 a
756 4792 865 4846 quo
886 4774 1106 4830 delatus
1136 4772 1340 4839 fuerat,
1366 4771 1596 4842 vigilare
1617 4771 2113 4843 conspexit:eum-

517 4881 624 4935 que
650 4871 798 4919 nutu
825 4863 1118 4929 advocans,
1139 4860 1449 4917 obsecravit
1475 4864 1558 4924 ut,
1586 4859 1739 4914 nullo
1769 4860 1993 4931 penitus
2024 4877 2115 4914 ex-

517 4952 706 5019 citato,
737 4952 808 5006 ad
835 4952 1136 5023 pristinum
1158 4967 1218 5005 se
1231 4950 1467 5005 referret
1494 4947 1898 5005 habitaculum.

590 5042 720 5096 CAP.
745 5040 894 5095 VIII.
929 5070 993 5080 —
1021 5039 1254 5094 Relatus
1284 5055 1438 5110 ergo,
1464 5038 1629 5108 juxta
1649 5036 2111 5092 consuetudinem

520 5130 672 5185 solus
699 5129 905 5183 iterum
935 5127 1301 5198 permanebat
1328 5146 1340 5195 ;
1374 5133 1433 5181 et
1460 5131 1610 5180 stare
1632 5125 1858 5197 quidem
1887 5130 2116 5197 propter

520 5223 774 5274 recentes
792 5217 987 5289 plagas
1009 5232 1121 5270 non
1142 5221 1383 5286 poterat,
1418 5231 1588 5270 orans
1617 5230 1747 5269 vero
1777 5219 2110 5285 prostratus,

522 5314 651 5380 post
705 5306 1018 5361 orationem
1060 5304 1212 5359 clara
1240 5320 1371 5357 voce
1401 5301 1654 5357 dicebat:
1705 5303 1842 5357 Ecce
1871 5302 1962 5357 hic
1988 5319 2113 5357 sum

523 5413 626 5468 ego
655 5393 953 5458 Antonius,
977 5408 1089 5448 non
1126 5390 1281 5462 fugio
1322 5397 1506 5445 vestra
1533 5391 1861 5459 certamina,
1893 5391 2117 5446 etiamsi

523 5486 743 5556 majora
761 5482 994 5550 faciatis,
1017 5481 1207 5537 nullus
1226 5496 1317 5535 me
1327 5477 1652 5551 separabita
1664 5479 1937 5535 charitate
1954 5478 2116 5534 Chri-

524 5574 599 5631 sti
631 5573 800 5645 (Rom.
852 5575 988 5642 vni).
1039 5565 1432 5640 Psallebamue
1461 5565 1688 5624 dicens:
1721 5565 1781 5625 Si
1809 5565 2116 5624 consistant

2182 3177 2330 3247 quod
2354 3175 2825 3231 irrationabilium
2837 3176 3072 3231 induitis
3083 3175 3289 3231 formas
3299 3176 3625 3231 bestiarum.
3644 3176 3785 3231 Rur-

2183 3281 2421 3336 sumque
2456 3266 2759 3329 conﬁdens,
2794 3264 3013 3319 aiebat:
3051 3265 3109 3320 Si
3140 3265 3273 3337 quid
3296 3265 3511 3325 valetis.
3546 3266 3595 3319 si
3629 3263 3782 3320 vobis

2184 3353 2243 3407 in
2263 3370 2354 3407 me
2376 3360 2713 3425 potestatem
2743 3354 3017 3408 Dominus
3039 3353 3212 3421 dedit,
3247 3370 3374 3409 ecce
3403 3359 3605 3425 praesto
3630 3370 3778 3420 sum,

2184 3442 2445 3497 devorate
2457 3459 2801 3497 concessum.
2826 3442 2883 3497 Si
2902 3459 3032 3497 vero
3051 3459 3162 3497 non
3178 3442 3431 3514 potestis,
3457 3458 3560 3497 cur
3572 3443 3786 3498 frustra

2183 3531 2715 3601 nitimini?Signum
2737 3531 2883 3585 enim
2915 3531 3095 3586 crucis
3115 3537 3173 3586 et
3199 3532 3337 3587 ﬁdes
3364 3532 3435 3586 ad
3456 3532 3782 3599 Dominum,

2184 3619 2632 3690 inexpugnabilis
2662 3618 2823 3674 nobis
2852 3635 3047 3675 murus
3079 3626 3183 3674 est.
3216 3620 3396 3675 Multa
3422 3626 3621 3675 contra
3650 3636 3787 3676 san-

2186 3713 2336 3763 ctum
2365 3709 2672 3763 Antonium
2696 3708 2994 3773 minantes,
3018 3708 3331 3764 fremebant
3349 3709 3616 3764 dentibus
3643 3709 3785 3777 suis,

2186 3796 2336 3868 quod
2364 3796 2553 3851 nullus
2585 3813 2781 3852 eorum
2810 3802 3163 3853 tentamenta
3187 3804 3625 3870 consequeretur
3650 3799 3787 3853 effe-

2186 3891 2328 3952 ctus,
2363 3886 2461 3941 sed
2492 3886 2734 3941 maxime
2753 3903 2785 3941 e
2810 3887 3093 3942 contrario
3117 3887 3445 3959 gigneretur
3470 3887 3675 3943 illusio.

2260 4011 2395 4066 CAP.
2419 4011 2515 4066 IX.
2542 4041 2611 4052 —
2648 4012 2771 4066 Non
2804 4010 3009 4067 oblitus
3036 4013 3200 4067 Jesus
3236 4011 3345 4081 (18)
3378 4012 3793 4069 colluctationis

2190 4099 2334 4154 servi
2354 4098 2461 4165 sui,
2508 4099 2688 4154 eidem
2720 4105 3004 4172 protector
3038 4100 3218 4156 factus
3247 4107 3335 4155 est
3385 4101 3637 4173 Denique
3657 4119 3794 4156 cum

2191 4186 2436 4242 elevaret
2449 4189 2656 4256 oculos,
2686 4189 2823 4243 vidit
2841 4189 3081 4261 desuper
3100 4190 3320 4245 culmen
3346 4190 3573 4261 aperiri,
3597 4194 3671 4255 et,
3695 4190 3797 4245 de-

2191 4275 2370 4331 ductis
2398 4276 2667 4342 tenebris,
2702 4277 2923 4332 radium
2970 4278 3041 4332 ad
3073 4294 3132 4333 se
3174 4277 3312 4332 lucis
3342 4278 3605 4334 inﬂuere.
3654 4279 3797 4334 Post

2191 4366 2351 4436 cujus
2379 4366 2691 4436 splendoris
2744 4366 3047 4420 adventum
3095 4382 3197 4421 nec
3240 4366 3555 4421 daemonum
3584 4366 3796 4437 aliquis

2129 4445 2474 4525 Dapparuit,
2517 4460 2574 4509 et
2617 4454 2865 4526 corporis
2908 4454 3068 4509 dolor
3113 4455 3389 4527 extemplo
3437 4455 3651 4509 deletus
3681 4462 3793 4510 est.

2193 4541 2510 4597 xEdiflcium
2538 4559 2778 4615 quoque,
2810 4543 2957 4615 quod
2974 4543 3141 4615 paulo
3165 4550 3294 4599 ante
3316 4543 3649 4598 dissolutum
3669 4543 3798 4598 fue-

2194 4636 2301 4697 rat,
2327 4630 2702 4686 instauratum
2718 4636 2821 4687 est.
2845 4632 2999 4687 Illico
3022 4633 3374 4704 pmsentiam
3397 4632 3799 4687 Dominiintel-

2194 4719 2332 4774 lexit
2366 4719 2665 4788 Antonius,
2698 4726 2755 4775 et
2780 4736 2846 4775 ex
2884 4720 3084 4776 intimo
3114 4727 3337 4793 pectore
3363 4721 3594 4775 trahens
3625 4720 3802 4791 longa

2195 4808 2454 4880 suspiria,
2489 4808 2560 4863 ad
2588 4809 2779 4864 lumen
2803 4808 2950 4881 quod
2977 4810 3028 4864 ei
3068 4816 3407 4882 apparuerat
3437 4808 3795 4881 loquebatur,

2196 4897 2405 4952 dicens:
2430 4896 2536 4952 Ubi
2566 4914 2709 4965 eras,
2741 4897 2883 4953 bone
2904 4896 3073 4953 Iesu?
3094 4897 3190 4953 ubi
3213 4915 3338 4953 eras
3359 4898 3384 4952 7
3412 4898 3596 4963 Quare
3618 4914 3731 4952 non
3764 4915 3802 4952 a

2196 4986 2470 5058 principio
2491 4986 2793 5053 atfuisti,ut
2819 5003 3050 5042 sanares
3068 4987 3299 5042 vulnera
3326 4987 3488 5042 mea?
3505 4987 3573 5041 Et
3591 5002 3690 5040 vox
3724 4987 3800 5041 ad

2198 5100 2327 5138 eum
2343 5084 2488 5138 facta
2507 5090 2611 5149 est,
2654 5084 2872 5140 dicens:
2906 5086 3135 5152 Antoni,
3170 5085 3261 5139 hic
3291 5101 3466 5151 eram,
3504 5084 3601 5139 sed
3624 5100 3804 5155 expe-

2195 5179 2415 5234 ctabam
2439 5180 2626 5236 videre
2657 5187 2939 5237 certamen
2960 5188 3145 5237 tuum.
3162 5183 3325 5237 Nunc
3338 5188 3548 5245 autem,
3566 5181 3696 5252 quia
3715 5182 3803 5234 di-

2195 5276 2453 5332 micando
2467 5278 2704 5334 viriliter
2717 5296 2830 5334 non
2850 5280 3088 5343 cessisti,
3106 5297 3331 5352 semper
3349 5278 3660 5334 auxiliabor
3670 5277 3800 5346 tibi,

2200 5380 2256 5428 et
2283 5373 2482 5429 faciam
2506 5376 2634 5430 tein
2658 5377 2813 5432 omni
2834 5376 2967 5432 orbe
2999 5378 3300 5433 nominari.
3325 5378 3426 5432 His
3448 5375 3673 5442 auditis,
3698 5394 3803 5430 ex-

2198 5487 2453 5542 surgens,
2478 5473 2537 5527 in
2566 5478 2788 5529 tantum
2817 5473 3132 5543 roboratus,
3152 5474 3351 5530 orabat
3372 5480 3437 5530 ut
3460 5473 3807 5544 intelligeret

2198 5584 2258 5623 se
2278 5566 2406 5641 plus
2425 5568 2702 5642 recepisse
2717 5575 2852 5626 tunc
2871 5569 3077 5629 virium
3099 5587 3270 5646 quam
3293 5577 3426 5628 ante
3448 5569 3798 5644 perdiderat.
