4046 6212
329 201 438 258 133

1433 203 1602 261 VITA
1638 207 1848 262 BEATI
1884 206 2186 264 ANTONII
2224 208 2546 265 ABBATIS.

3509 217 3610 275 134

331 326 470 382 Erat
493 332 687 384 autem
716 333 851 384 tunc
862 330 1140 385 Antonius
1153 346 1332 386 annos
1343 336 1509 387 natus
1527 333 1758 404 triginta
1769 335 1927 405 quin-
1941 341 1993 399 Α
2019 335 2282 405 metipsos
2313 335 2476 388 sinite
2505 333 2788 406 deludere.
2817 335 3013 404 Itaque
3051 336 3160 390 illis
3179 341 3608 410 revertentibus,

331 435 462 489 que.

405 509 538 562 CAP.
561 509 684 563 X.-
706 509 915 564 Exinde
945 527 1072 565 cum
1101 511 1388 566 voluntate
1408 518 1668 583 prompta
1690 531 1792 584 per
1821 531 1932 568 me-

327 598 444 651 rita
472 597 735 668 religiosa
763 606 1158 665 succresceret,
1196 602 1401 656 vadens
1425 602 1495 655 ad
1547 603 1931 672 supradictum

327 703 548 754 senem,
599 687 933 758 precabatur
949 698 1012 743 ut
1031 689 1090 743 in
1109 691 1331 744 deserto
1353 690 1670 745 habitarent
1698 692 1924 762 pariter.

328 778 616 832 Causante
659 777 754 831 illo
785 778 961 832 senile
992 796 1168 834 zevum
1197 785 1254 833 et
1281 780 1363 834 rei
1401 781 1729 847 novitatem,
1779 782 1930 835 solus

326 867 624 922 contendit
653 867 724 921 ad
783 873 1052 934 montem,
1103 875 1160 923 et
1207 869 1384 923 eremi
1413 869 1596 923 adhuc
1644 870 1929 924 monachis

325 957 557 1027 ignotas,
586 957 713 1011 vitae
733 963 902 1028 rupto
924 964 1096 1018 metu.
1127 958 1272 1011 viam
1295 966 1529 1013 conatus
1551 964 1635 1013 est
1663 961 1924 1030 pandere.

329 1046 444 1100 Sed
469 1063 573 1101 nec
589 1052 726 1101 tunc
745 1048 983 1101 cessavit
1008 1047 1375 1118 infatigabilis
1397 1049 1774 1115 adversarius;
1797 1066 1928 1103 nam

326 1136 606 1206 impedire
635 1137 756 1207 ejus
783 1137 1133 1208 propositum
1147 1138 1693 1207 volens,argenteum
1715 1138 1930 1192 discum

325 1225 387 1279 in
411 1227 616 1280 itinere
643 1227 898 1296 projecit;
917 1243 1024 1298 quo
1047 1227 1468 1291 viso,Antonius
1492 1227 1677 1280 callidi
1699 1228 1930 1282 artiﬁcis

326 1316 561 1384 agnovit
581 1315 1144 1386 astutiam,stansque
1160 1315 1494 1387 intrepidus,
1511 1322 1567 1369 et
1585 1316 1799 1370 discum
1817 1323 1930 1371 tor-

324 1405 411 1458 vis
455 1406 684 1459 intuens
722 1406 916 1471 oculis,
972 1405 1084 1459 doli
1139 1412 1422 1460 auctorem
1454 1405 1513 1458 in
1539 1406 1928 1475 phantasmaIe

325 1493 669 1565 objurgabat
687 1495 924 1565 argenti,
948 1494 1084 1548 talia
1109 1511 1298 1548 secum
1319 1500 1587 1566 reputans
1611 1514 1621 1548 :
1653 1495 1810 1549 Unde
1839 1497 1928 1550 hic

322 1583 385 1638 in
439 1585 664 1638 deserto
708 1584 938 1637 discus?
993 1583 1178 1638 avium
1212 1585 1316 1637 hoc
1343 1585 1453 1637 iter
1479 1590 1583 1650 est,
1613 1585 1768 1638 nulla
1796 1591 1928 1639 sunt

2013 425 2102 477 hic
2117 424 2444 478 remanebat
2463 425 2688 488 illaesus,
2707 441 2806 477 nec
2821 441 3069 495 unquam
3097 425 3153 480 in
3179 429 3484 485 certamine
3505 432 3612 486 las-

2017 513 2266 567 sabatur.
2290 514 2688 568 Accedentium
2721 519 2908 567 autem
2941 523 3244 585 augmenta
3265 519 3615 588 profectuum

2012 604 2098 656 vel
2127 603 2384 657 debilitas
2411 603 2866 674 repugnantium,
2901 605 3202 659 maximum
3235 609 3357 677 ejus
3381 617 3608 664 conten-

2012 692 2152 745 tioni
2173 693 2423 746 levamen
2445 693 2795 755 addiderant,
2812 700 2867 746 et
2889 695 3009 763 ejus
3035 695 3223 749 animo
3237 700 3612 754 constantiam

2012 782 2737 852 suggerebant.Rursusque
2766 782 2835 836 ad
2858 799 3107 836 eremum
3119 785 3467 842 venientibus
3497 795 3614 843 tur-

2010 869 2094 924 bis
2113 887 2234 941 quze
2257 873 2374 941 jam
2403 878 2687 926 mortuum
2730 889 2859 926 eum
2875 889 2933 925 se
2947 872 3403 930 existimaverant
3423 895 3611 950 reper-

2010 964 2168 1013 turos
2192 959 2323 1028 (‘20),
2344 961 2437 1014 ille
2449 960 3068 1031 psallebatintrinsecus
3093 981 3103 1014 :
3135 963 3407 1034 Exsurgat
3435 967 3602 1036 Deus,

2012 1055 2070 1102 et
2095 1050 2440 1120 dissipentur
2484 1051 2696 1104 inimici
2736 1054 2876 1121 ejus,
2903 1058 2957 1104 et
2981 1051 3203 1120 fugiant
3240 1054 3336 1123 qui
3369 1056 3609 1111 oderunt

2013 1155 2140 1192 eum
2177 1157 2208 1192 a
2247 1140 2384 1192 faeie
2414 1141 2554 1210 ejus.
2590 1141 2747 1194 Sicut
2776 1141 2964 1194 deﬁcit
2993 1141 3201 1206 fumus,
3221 1141 3513 1212 deficiant;
3548 1153 3611 1201 ut

2010 1227 2270 1297 liquescit
2297 1244 2426 1281 cera
2446 1244 2479 1280 a
2511 1228 2649 1282 facie
2674 1229 2838 1299 ignis,
2873 1229 2953 1282 ita
2970 1234 3204 1298 pereant
3232 1240 3547 1300 peccatores
3578 1251 3612 1288 a

2011 1316 2150 1370 facie
2165 1317 2265 1371 Dei
2282 1319 2440 1378 (Psal.
2475 1321 2665 1388 vau).
2709 1320 2777 1372 Et
2791 1319 2995 1371 iterum
3031 1336 3041 1370 :
3071 1318 3278 1373 Omnes
3303 1323 3613 1389 gentescir-

2010 1406 2418 1460 cumdederunt
2445 1423 2553 1473 me,
2587 1412 2642 1460 et
2665 1407 2721 1460 in
2751 1408 2980 1461 nomine
3001 1407 3228 1461 Domini
3256 1409 3527 1466 vindicavi
3551 1413 3609 1466 in

2010 1494 2088 1548 eis
2125 1498 2285 1549 lPsal.
2321 1498 2510 1564 cxvn).

2081 1584 2211 1636 CAP.
2245 1585 2395 1638 XIII.
2428 1616 2492 1624 —
2516 1585 2606 1639 Sic
2633 1585 2911 1639 Antonius
2940 1589 3102 1642 annis
3133 1590 3330 1659 viginti
3361 1591 3610 1644 solitarie

319 1674 569 1745 vestigia
590 1674 1056 1741 commeantium;
1086 1675 1276 1745 lapsus
1297 1675 1365 1728 de
1395 1675 1630 1740 sarcina,
1662 1692 1773 1746 pra;
1807 1691 1928 1728 ma-
1947 1661 2320 1740 Btransactis,
2371 1680 2538 1744 atque
2567 1673 2634 1727 ab
2665 1674 2955 1729 hominum
3006 1685 3333 1748 segregatus
3380 1695 3611 1750 conspe-

319 1765 627 1834 gnitudine
654 1765 830 1818 latere
853 1781 964 1818 non
995 1763 1214 1834 potuit;
1256 1763 1354 1817 sed
1389 1769 1446 1817 et
1475 1764 1569 1834 qui
1608 1764 1930 1835 perdiderat

320 1870 604 1919 reversus,
638 1852 706 1908 ob
730 1853 1092 1907 solitudinem
1149 1853 1416 1918 locorum,
1470 1853 1776 1907 invenisset
1806 1871 1930 1924 pro-

320 1941 468 1996 fecto
491 1941 642 2013 quod
672 1943 1007 1996 ruerat.Hoc
1037 1942 1360 2008 artificium,
1384 1941 1790 2008 diabole,tuum
1821 1949 1923 2009 est,

319 2047 436 2085 non
456 2031 734 2102 impedies
759 2032 1104 2085 voluntatem
1123 2047 1328 2097 meam,
1343 2037 1639 2102 argentum
1655 2040 1818 2086 tuum
1839 2037 1926 2086 te-

321 2137 454 2174 cum
488 2121 566 2174 sit
595 2121 653 2174 in
682 2120 1072 2192 perditionem.
1108 2121 1237 2176 Haec
1261 2121 1357 2174 illo
1386 2120 1825 2189 dicente,d1scus
1863 2127 1929 2175 ut

320 2210 517 2264 fumus
545 2227 579 2264 a
611 2209 750 2264 facie
787 2210 934 2281 ignis
955 2209 1198 2264 evanuit.

397 2300 532 2354 CAP.
581 2300 676 2353 XI.
699 2325 763 2336 —
787 2299 998 2353 Dehinc
1027 2316 1137 2353 non
1168 2303 1233 2353 ut
1270 2303 1401 2352 ante
1430 2299 1489 2352 in
1510 2300 1922 2370 phantasmate,

323 2388 426 2442 sed
454 2388 744 2459 ingentem
775 2389 899 2442 auri
939 2405 1181 2442 massam
1199 2388 1767 2458 jacenteminitinere
1793 2404 1926 2442 con-

322 2479 536 2548 spexit.
570 2478 780 2531 Verum
809 2478 954 2531 hanc
981 2484 1170 2532 utrum
1183 2475 1436 2530 diabolus
1455 2477 1820 2542 simulaverit,
1854 2494 1926 2531 an

320 2567 397 2620 ad
415 2567 731 2620 Antonium
756 2565 1252 2637 comprobandum,
1278 2566 1409 2636 quia
1436 2582 1538 2620 nec
1565 2565 1711 2620 veris
1728 2566 1926 2637 opibus

319 2653 696 2721 inescaretur,
745 2654 924 2708 virtus
955 2654 1202 2708 caelestis
1249 2654 1574 2715 ostenderit,
1610 2653 1920 2727 ignoratur.

321 2743 442 2796 Hoc
464 2749 659 2796 tamen
687 2741 1034 2813 agnovimus,
1055 2742 1188 2813 quia
1212 2743 1362 2814 quod
1389 2742 1568 2796 visum
1591 2749 1692 2806 est,
1722 2758 1924 2796 aurum

317 2831 449 2886 fuit.
479 2833 555 2885 At
583 2832 674 2885 ille
702 2832 1150 2902 magnitudinem
1179 2832 1490 2886 admiratus
1513 2831 1785 2886 radiantis
1805 2825 1924 2885 me-

318 2921 669 2991 talli,rapido
689 2922 1042 2992 cursu,quasi
1057 2921 1338 2992 quoddam
1349 2921 1552 2975 vitaret
1582 2921 1921 2988 incendium,

2010 1761 2190 1816 ctibus
2204 1762 2695 1832 perduravit.Cum
2708 1780 2840 1834 ergo
2859 1766 3162 1820 multorum
3184 1775 3240 1821 et
3259 1768 3606 1838 prOpositum

2011 1850 2222 1904 imitari
2273 1851 2636 1922 cupientium,
2669 1860 2725 1906 et
2753 1860 3014 1908 notorum
3055 1856 3358 1910 multitudo
3381 1858 3451 1910 ad
3477 1875 3606 1911 eum

2010 1947 2609 2005 concurreret,necnon
2624 1947 2680 1995 et
2695 1943 3028 2012 patientium
3051 1944 3274 1999 infinita
3300 1963 3360 1998 se
3388 1952 3609 2000 caterva

2009 2030 2455 2098 conglomeraret
2479 2029 2602 2094 (2-1),
2635 2031 2860 2085 tandem
2884 2049 3025 2102 pene
3049 2034 3169 2103 jam
3201 2051 3300 2104 per
3330 2035 3443 2088 vim
3473 2035 3608 2088 fori-

2008 2116 2112 2172 bus
2130 2119 2518 2189 evulsis,quasi
2541 2135 2605 2172 ex
2622 2119 2810 2190 aliquo
2829 2122 3039 2175 caelesti
3065 2122 3221 2176 aditu
3251 2129 3608 2178 consecratus

2010 2208 2273 2277 apparuit
2295 2207 2404 2275 (2'2)
2417 2207 2860 2278 .Obstupuerunt
2879 2211 3122 2263 universi
3146 2217 3204 2264 et
3223 2212 3336 2265 oris
3363 2213 3607 2282 gratiam

2010 2301 2067 2349 et
2098 2297 2346 2367 corporis
2374 2296 2725 2366 dignitatem,
2756 2299 2904 2368 quod
2942 2316 3043 2353 nec
3064 2317 3165 2370 per
3194 2300 3440 2370 quietem
3461 2302 3608 2356 intu-

2010 2392 2232 2438 muerat
2263 2385 2392 2454 (23),
2425 2402 2528 2438 nec
2548 2386 2797 2456 jejuniis,
2849 2388 3282 2460 daemonumque
3301 2391 3605 2445 certamine

2007 2473 2204 2527 faciem
2244 2476 2366 2544 ejus
2383 2475 2565 2545 pallor
2583 2474 2896 2542 obsederat;
2928 2477 3026 2530 sed
3050 2495 3080 2531 e
3108 2479 3408 2544 contrario,
3443 2479 3604 2549 quasi

1999 2563 2147 2616 nihil
2177 2563 2448 2634 temporis
2467 2563 3030 2635 exegisset,antiquus
3045 2566 3423 2621 membrorum
3439 2567 3606 2620 decor

2009 2653 2399 2722 perseveravit.
2426 2654 2533 2707 Pro
2561 2659 2770 2723 quanto
2802 2654 3232 2725 miraculol-quae
3251 2656 3306 2708 in
3322 2656 3418 2709 illo
3431 2655 3606 2710 animi

2007 2741 2224 2812 puritas
2246 2742 2380 2796 fuit!
2405 2743 2706 2812 Nunquam
2735 2742 3018 2796 hilaritate
3038 2743 3216 2798 nimia
3239 2746 3519 2799 resolutus
3548 2745 3606 2798 in

2008 2829 2183 2884 risum
2213 2836 2611 2900 est,nunquam
2629 2831 3013 2885 recordatione
3032 2833 3243 2902 peccati
3254 2833 3488 2888 tristitia
3507 2850 3607 2887 ora

2009 2919 2300 2984 contraxit,
2317 2936 2429 2973 non
2454 2920 2672 2989 magnis
2685 2921 3032 2990 stupentium
3045 2938 3103 2974 se
3125 2922 3303 2975 elatus
3325 2929 3410 2976 est
3427 2923 3608 2977 laudi-

319 3009 395 3062 ad
426 2981 678 3075 montem
705 2981 881 3080 usque
899 2981 1174 3082 .perreitit,
1204 3011 1391 3082 ibique
1409 3011 1639 3065 ﬂumine
1666 2981 1924 3065 transva;
1945 2983 2127 3062 Cbus.
2162 2981 2316 3062 Nihil
2340 3009 2396 3061 in
2426 3008 2521 3061 illo
2546 2981 2814 3062 indecens
2853 3009 3114 3076 solitudo,
3157 3011 3300 3064 nihil
3339 3028 3602 3082 asperum

317 3097 700 3164 dato,invenit
727 3099 1020 3154 castellum
1049 3101 1352 3165 desertum,
1387 3101 1615 3170 plenum
1667 3099 1752 3167 (ob
1786 3106 1926 3154 tem-

319 3203 430 3257 pus
459 3193 519 3240 et
541 3187 924 3258 solitudinem)
955 3195 1354 3244 venenatorum
1379 3189 1793 3253 animalium,in
1815 3206 1924 3260 quo

317 3295 382 3331 se
410 3279 762 3332 constituens
808 3295 984 3332 novus
1011 3279 1213 3349 hospes
1267 3278 1555 3332 habitavit.
1616 3279 1817 3333 Statim
1853 3278 1924 3332 ad

317 3368 446 3436 ejus
475 3368 780 3421 adventum
811 3368 1010 3438 ingens
1029 3367 1195 3422 turba
1220 3367 1584 3438 serpentium,
1614 3368 1773 3438 quasi
1802 3385 1926 3438 per-

316 3462 636 3510 secutorem
664 3457 1198 3528 passa,profugit.At
1215 3456 1307 3511 ille
1337 3457 1621 3510 obstructo
1646 3456 1923 3527 lapidibus

317 3545 577 3608 introitu,
585 3561 760 3616 panes
771 3546 1048 3600 mensium
1059 3552 1243 3614 sex,ut
1254 3544 1504 3600 Thebaeis
1515 3561 1635 3599 mos
1667 3551 1752 3598 est
1787 3546 1920 3613 (l9),

315 3650 512 3689 secum
533 3635 843 3690 recondens
873 3639 1022 3702 (nam
1051 3635 1244 3690 crebro
1259 3652 1361 3706 per
1377 3651 1590 3689 annum
1615 3635 1922 3706 incorrupti

316 3723 526 3777 durare
543 3725 747 3790 solent)
779 3741 996 3779 necnon
1012 3730 1069 3779 et
1096 3725 1363 3795 exiguum
1375 3723 1586 3777 habens
1607 3739 1784 3794 aquae,
1829 3739 1920 3776 so-

316 3811 542 3866 litarius
562 3812 942 3883 perdurabat;
976 3829 1254 3884 nusquam
1289 3813 1418 3866 inde
1436 3812 1759 3883 procedens,
1783 3827 1923 3866 nun-

318 3917 495 3971 quam
532 3901 782 3972 aliquem
837 3902 1166 3972 suscipiens,
1191 3902 1474 3956 intentum
1497 3906 1559 3956 ut
1580 3917 1705 3955 cum
1760 3901 1842 3954 bis
1863 3900 1920 3954 in

318 4006 470 4044 anno
499 4007 605 4062 per
629 3996 839 4045 tectum
888 3991 1130 4062 desuper
1157 4007 1328 4062 panes
1357 3989 1652 4062 acciperet,
1702 3989 1920 4043 nullum

318 4095 448 4132 cum
470 4079 855 4134 deferentibus
884 4079 1117 4143 haberet
1133 4080 1462 4151 alloquium.

389 4169 506 4224 CAP
553 4170 753 4224 XII.-
785 4169 979 4224 Multis
1009 4169 1200 4241 igitur,
1231 4169 1454 4224 videndi
1484 4186 1612 4224 eum
1643 4167 1918 4223 desiderio

316 4266 372 4312 et
401 4259 597 4312 studio
617 4258 960 4329 requirendi,
993 4265 1123 4313 ante
1152 4258 1356 4313 ostium
1389 4260 1510 4329 ejus
1539 4257 1919 4329 pernoctanti-

2007 3097 2331 3168 quotidiana
2361 3114 2485 3150 cum
2509 3097 2764 3151 hostibus
2784 3098 2932 3152 bella
2950 3100 3325 3163 contulerant;
3347 3101 3442 3154 sed
3454 3107 3600 3155 tem-

2006 3193 2201 3257 perata
2243 3202 2399 3240 mens
2441 3186 2642 3256 aequali
2672 3187 2740 3240 ad
2768 3194 2968 3241 cuncta
3008 3187 3292 3241 ferebatur
3320 3189 3596 3244 examine.

2007 3275 2468 3345 Plurimosigitur
2478 3274 2545 3328 ab
2560 3275 2866 3330 immundis
2879 3275 3167 3346 spiritibus
3181 3284 3238 3329 et
3251 3278 3602 3331 inﬁrmitati-

2007 3364 2112 3419 bus
2145 3365 2307 3418 variis
2337 3364 2438 3437 Dei
2465 3365 2648 3434 gratia
2673 3382 2772 3435 per
2792 3365 3099 3417 Antonium
3120 3364 3598 3420 liberavit.Sermo

2006 3455 2128 3524 ejus
2182 3454 2299 3508 sale
2335 3453 2592 3507 conditus
2631 3452 3022 3507 consolabatur
3068 3461 3313 3518 moestas,
3367 3454 3601 3508 docebat

2006 3543 2227 3608 inscios,
2260 3541 2632 3596 concordabat
2679 3543 2872 3609 iratos,
2904 3542 3161 3596 omnibus
3185 3543 3428 3596 suadens
3458 3543 3599 3596 nihil

2005 3632 2183 3686 amori
2232 3632 2440 3685 Christi
2465 3631 2936 3701 anteponendum.
2972 3631 3437 3702 Proponebatque
3468 3637 3598 3686 ante

2004 3721 2192 3775 oculos
2211 3720 2485 3774 bonorum
2521 3720 2962 3789 magnitudinem
3013 3720 3354 3786 futurorum,
3408 3725 3465 3774 et
3501 3721 3602 3774 Dei

2005 3809 2441 3874 clementiam,et
2455 3808 2726 3862 beneﬁcia
2739 3808 3028 3862 retexebat
3043 3809 3434 3879 indulta,quod
3469 3826 3600 3880 pro-

2003 3897 2125 3967 prio
2157 3898 2296 3951 Filio
2327 3914 2426 3951 suo
2470 3914 2582 3951 non
2612 3898 2924 3968 pepercerit
2961 3899 3130 3965 Deus,
3157 3898 3254 3951 sed
3278 3915 3379 3969 pro
3409 3904 3602 3952 nostra

2004 3986 2255 4040 omnium
2269 3987 2448 4040 salute
2469 4003 2596 4039 eum
2619 3986 3095 4056 tradiderit(Rom.
3122 3991 3254 4054 vm).
3275 3987 3391 4040 Nec
3421 4003 3597 4050 mora,

2002 4075 2165 4145 plura
2194 4074 2542 4129 audientium
2563 4075 2732 4128 corda
2759 4075 2830 4128 ad
2862 4075 3240 4129 humanarum
3258 4092 3448 4129 rerum
3473 4092 3602 4129 con-

2003 4168 2278 4234 temptum
2309 4164 2424 4217 haec
2463 4165 2586 4233 ejus
2600 4180 2703 4218 sua
2713 4165 2786 4216 sit
2809 4163 3072 4228 oratio,et
3092 4163 3408 4218 habitandae
3425 4163 3599 4217 eremi

2004 4252 2151 4306 istud
2173 4255 2294 4323 ejus
2320 4252 2608 4306 exordium
2643 4252 2767 4304 fuit.

314 4346 830 4412 bus,audiebantur
859 4353 922 4401 ut
939 4347 1086 4418 vulgi
1111 4365 1266 4402 voces
1284 4349 1576 4402 adversum
1593 4347 1920 4410 Antonium,
1941 4335 1990 4395 D
2068 4343 2200 4396 CAP.
2242 4342 2387 4395 XIV.
2419 4371 2482 4381 —
2516 4341 2661 4404 Quid
2691 4357 2826 4394 sane
2847 4346 2902 4394 et
2955 4341 3014 4394 in
3040 4339 3452 4394 Arsinoitarum
3499 4355 3598 4409 op-

315 4437 713 4508 tumultusque
743 4436 1049 4491 dicentium
1072 4455 1082 4490 :
1108 4437 1252 4500 Quid
1271 4443 1326 4491 te
1348 4437 1555 4490 nostris
1581 4436 1790 4506 ingeris
1819 4436 1921 4488 ha-

317 4523 580 4579 bitaculis
604 4524 628 4578 ‘?
683 4526 814 4597 quid
845 4525 946 4580 tibi
973 4533 1030 4581 et
1059 4526 1322 4580 deserto?
1371 4525 1620 4580 Abscede
1654 4543 1688 4579 a
1715 4524 1920 4578 finibus

319 4614 538 4680 alienis,
567 4630 681 4668 non
711 4622 869 4686 potes
899 4615 1274 4681 hichabitare,
1306 4631 1418 4669 non
1438 4621 1659 4669 nostras
1689 4613 1921 4668 insidias

319 4703 620 4757 sustinere.
655 4704 725 4758 Et
758 4703 942 4775 primo
972 4704 1220 4775 quidam,
1253 4703 1350 4775 qui
1379 4703 1514 4758 foris
1549 4710 1711 4758 erant
1729 4701 1920 4757 existi-

318 4791 556 4845 mabant
602 4790 820 4861 aliquos
843 4791 1099 4848 homines
1145 4793 1311 4846 scalis
1340 4792 1611 4863 appositis
1641 4791 1918 4858 introisse,

319 4878 510 4950 ibique
541 4879 907 4938 contendere.
958 4881 1263 4952 Postquam
1293 4887 1484 4936 autem
1513 4898 1614 4952 per
1659 4895 1922 4934 cavernas

319 4968 1024 5040 introspicientes,nullum
1044 4969 1610 5037 viderunt,daamones
1629 4969 1921 5024 intellexe-

320 5064 454 5111 runt
483 5065 682 5112 contra
703 5074 833 5112 eum
861 5059 1215 5114 contendere.
1240 5065 1298 5113 et
1323 5060 1497 5114 nimio
1523 5064 1677 5113 metu
1707 5065 1922 5130 perter-

320 5147 432 5212 riti,
466 5147 704 5201 Antonii
732 5148 1004 5222 auxilium
1027 5147 1375 5220 ﬂagitabant.
1407 5151 1482 5202 At
1510 5149 1603 5202 ille
1624 5155 1750 5213 40
1779 5148 1921 5201 ostio

321 5236 709 5308 propinquans
757 5237 827 5290 ad
873 5238 1240 5292 consolandos
1264 5237 1486 5304 fratres,
1521 5254 1591 5291 ne
1633 5237 1917 5303 timerent,

322 5331 488 5394 atque
519 5333 587 5377 ut
607 5323 741 5378 inde
754 5325 1454 5396 recederent,precabatur,
1479 5324 1921 5396 trepidantibus-

323 5429 428 5483 que
456 5411 750 5468 asserebat
773 5412 988 5468 cunctis
1012 5431 1046 5468 a
1086 5413 1430 5469 daemonibus
1457 5413 1631 5469 incuti
1662 5419 1875 5468 metum
1906 5431 1916 5466 :

323 5500 552 5573 Signate
581 5517 700 5572 vos,
731 5501 1014 5575 inquiens,
1047 5507 1105 5560 et
1131 5499 1278 5559 abite
1305 5501 1506 5572 securi,
1537 5501 1799 5574 ipsosque
1832 5515 1923 5557 se-

2004 4430 2132 4501 pido
2157 4430 2261 4498 (24)
2285 4424 2506 4500 gestum
2529 4430 2738 4495 sit,non
2761 4429 3013 4484 transibo
3031 4429 3271 4484 silentio.
3305 4429 3452 4482 Nam
3472 4444 3599 4481 cum

2003 4519 2202 4574 fratres
2221 4519 2388 4573 vellet
2408 4518 2666 4581 invisere,
2695 4525 2751 4573 et
2788 4519 3031 4573 rivulum
3053 4518 3300 4572 ﬂuminis
3337 4516 3470 4582 Nili,
3506 4515 3601 4586 qui

2003 4609 2292 4663 crocodilis
2305 4614 2361 4663 et
2380 4609 2571 4662 multis
2584 4608 2740 4662 saevis
2764 4608 3014 4661 ﬂuminis
3026 4606 3217 4660 bestiis
3233 4605 3434 4676 plenus
3455 4610 3596 4671 erat,

2000 4698 2363 4752 transvadare
2395 4703 2543 4752 esset
2561 4713 2787 4751 necesse
2811 4695 2948 4766 ('25),
3000 4701 3115 4748 tam
3146 4710 3274 4748 cum
3303 4693 3599 4751 comitibus

2006 4787 2122 4840 suis
2142 4787 2401 4841 transivit
2417 4787 2644 4848 illmsus,
2687 4801 2855 4855 quam
2878 4784 3008 4837 inde
3036 4781 3256 4836 redibat
3279 4781 3596 4836 incolumis.

2006 4876 2330 4946 Rursusque
2350 4876 2405 4928 in
2424 4874 2674 4945 pristinis
2693 4871 2976 4926 laboribus
2993 4887 3372 4942 perseverans,
3394 4871 3600 4925 multos

2007 4965 2329 5035 magisterio
2361 4981 2461 5017 suo
2491 4964 2694 5016 fratres
2717 4961 3175 5027 conﬁrmavit,ita
3194 4967 3259 5015 ut
3281 4960 3435 5014 brevi
3462 4964 3602 5013 tem-

2004 5071 2140 5126 pore
2171 5054 2414 5124 plurima
2438 5054 2638 5106 fierent
2680 5051 3023 5105 monasteria
3066 5050 3194 5119 (26).
3247 5050 3432 5104 Novos
3460 5049 3602 5102 anti-

2006 5159 2256 5214 quosque
2287 5141 2608 5207 monachos,
2649 5157 2750 5211 pro
2765 5147 2929 5194 aetate
2951 5141 3036 5194 vel
3059 5145 3329 5210 tempore,
3365 5143 3601 5208 paterno

2004 5231 2402 5286 moderabatur
2426 5230 2646 5283 affectu.

2077 5322 2204 5374 CAP.
2237 5319 2419 5372 XV.—
2445 5318 2698 5381 Quadam
2726 5323 2914 5372 autem
2939 5318 3047 5384 die,
3074 5333 3201 5371 cum
3230 5321 3456 5369 sanctus
3486 5316 3601 5369 An-

2004 5409 2191 5465 tonius
2213 5425 2246 5462 a
2275 5414 2628 5478 congregatis
2650 5406 2916 5460 fratribus
2939 5410 3235 5475 rogaretur
3258 5409 3322 5457 ut
3345 5403 3426 5456 eis
3447 5403 3605 5458 insti-

2005 5497 2217 5554 tutoria
2245 5497 2548 5570 largiretur
2577 5502 2873 5569 praecepta,
2897 5509 3024 5550 cum
3044 5490 3373 5566 prophetica
3400 5490 3604 5547 nducia
