4046 6212
439 281 554 341 135
1469 269 1563 325 DE
1596 268 1788 324 VITIS
1824 267 2122 324 PATRUM
2159 269 2374 326 LIBER
2411 267 2702 325 PRIMUS.
3628 266 3734 325 136

443 409 696 465 exultans
724 418 933 467 vocem,
957 398 1144 454 aiebat
1157 395 1228 450 ad
1251 411 1474 450 omnem
1495 395 1723 466 quidem
1753 393 2043 449 mandato-
2059 395 2102 453 A
2127 409 2251 448 rere
2281 394 2430 466 quod
2453 391 2724 448 exlabore
2734 395 3019 448 transacto
3034 391 3496 465 instantisoperis
3521 391 3734 448 habere

443 516 572 555 rum
592 495 942 566 disciplinam
975 487 1292 558 Scripturas
1313 502 1474 557 posse
1503 485 1759 538 sufficere
1783 483 1884 550 (‘27)
1905 501 1916 549 ;
1939 481 2038 536 sed
2119 482 2320 538 debeat
2338 484 2678 541 libertatem.
2711 482 2808 536 sed
2837 482 2962 552 jugi
2997 482 3184 536 studio
3232 484 3315 548 (ut
3343 482 3402 536 in
3434 483 3734 554 Evangelio

445 595 502 642 et
523 589 627 642 hoc
673 581 945 654 optimum
982 577 1119 637 fore,
1164 575 1212 628 si
1251 575 1462 628 mutuis
1493 589 1552 627 se
1574 572 1809 626 invicem
1837 571 2038 624 fratres
2123 571 2306 640 [Lucae
2333 572 2434 642 xu]
2483 572 2757 641 scriptum
2806 576 2907 634 est)
2941 569 3198 624 eamdem
3228 587 3453 642 semper
3503 571 3735 626 exhibet

445 671 794 732 sermonibus
833 667 1276 722 consolarentur.
1325 655 1395 716 Et
1421 679 1516 716 vos
1553 677 1706 732 ergo,
1739 660 1943 730 inquit,
1977 664 2042 712 ut
2123 661 2544 726 servitutem,ut
2557 666 2616 714 et
2632 659 3104 729 Dominoplacere
3120 659 3313 730 possit,
3333 666 3391 713 et
3417 676 3488 714 ne
3517 665 3731 714 metum

445 764 590 839 patri
613 760 814 814 referte
825 773 948 828 quae
965 753 1161 818 nostis,
1196 758 1252 805 et
1265 768 1368 821 ego
1391 767 1516 839 quae
1535 767 1635 839 per
1663 750 1888 839 longam
1906 752 2043 801 mta-

444 837 559 907 tem
589 852 918 903 consecutus
943 860 1068 898 sum
1099 841 1260 912 quasi
1278 840 1408 894 ﬁliis
1430 838 1832 892 indicabo.Hoc
1847 837 1923 890 sit
1950 853 2048 890 au-

442 946 559 994 tem
589 938 833 1010 primum
845 933 1059 988 cunctis
1080 931 1138 985 in
1153 945 1452 984 commune
1471 925 2047 991 mandatum,nullum

443 1027 502 1081 in
530 1025 740 1096 arrepti
765 1021 1037 1096 propositi
1064 1020 1256 1090 vigore
1271 1019 1594 1084 lassescere,
1613 1015 1710 1070 sed
1729 1014 1889 1086 quasi
1909 1013 2048 1067 inci-

442 1116 690 1188 pientem
711 1128 918 1184 augere
932 1125 1155 1180 semper
1169 1107 1370 1162 debere
1382 1105 1531 1177 quod
1551 1104 1799 1176 cmperit,
1822 1119 2052 1174 praeser-

440 1207 545 1260 tim
572 1221 702 1259 cum
721 1203 982 1258 humanae
995 1199 1121 1253 vitae
1142 1196 1343 1268 spatia,
1380 1193 1684 1250 aeternitati
1704 1197 2046 1264 comparata,

443 1293 773 1349 brevissima
803 1291 918 1345 sint
942 1305 1008 1344 ac
1038 1303 1225 1359 parva.
1261 1287 1348 1340 lta
1377 1300 1625 1348 exorsus,
1658 1281 1952 1354 paululum
1971 1279 2050 1334 si-

446 1383 586 1452 luit;
623 1387 679 1436 et
724 1379 1036 1434 admiratus
1067 1375 1296 1430 nimiam
1325 1373 1427 1428 Dei
1481 1373 1826 1442 largitatem,
1856 1385 2052 1424 rursus

444 1471 668 1542 adjecit,
701 1470 892 1523 dicens
929 1485 940 1520 :
999 1467 1065 1520 In
1090 1462 1355 1536 praesenti
1386 1463 1491 1516 hac
1519 1461 1634 1514 vita
1663 1459 1900 1530 aequalia
1919 1463 2054 1514 sunt

443 1577 547 1634 pro
568 1576 758 1615 rerum
785 1553 1222 1612 commutatione
1237 1551 1591 1615 commercia,
1605 1565 1708 1603 nec
1730 1549 1946 1618 majora
1961 1563 2052 1600 re-

444 1649 581 1721 cipit
607 1647 678 1703 ab
719 1652 941 1701 emente
988 1643 1084 1714 qui
1118 1641 1326 1696 vendit.
1378 1638 1680 1694 Promissio
1709 1651 1899 1692 autem
1928 1636 2053 1691 vitae

2125 749 2375 803 lucretur
2401 753 2458 802 et
2481 748 2744 814 verbera;
2777 747 2858 802 sic
2880 753 2936 802 et
2977 764 3080 803 nos
3109 748 3313 803 divinis
3333 749 3592 820 congruit
3631 765 3733 820 pa-

2127 853 2251 890 rere
2280 837 2590 908 praeceptis,
2624 836 2860 890 scientes
2884 837 3036 906 quod
3066 853 3260 908 aequus
3295 836 3390 891 ille
3428 837 3738 892 retributor

2129 925 2186 978 in
2215 941 2325 995 quo
2349 942 2626 996 quemque
2650 925 2942 990 invenerit,
2963 925 3022 980 in
3037 942 3102 980 eo
3115 927 3192 980 sit
3197 925 3732 998 judicaturus,quod

2131 1015 2458 1086 prophetica
2508 1032 2609 1086 per
2664 1015 3007 1069 Ezechielem
3056 1032 3186 1070 voce
3235 1020 3480 1070 testatur
3522 1017 3730 1086 (Επειδὴ.

2135 1107 2353 1172 xxxm).
2385 1105 2532 1158 Nam
2565 1109 2624 1158 et
2663 1103 2855 1158 infelix
2897 1104 3071 1158 Judas
3098 1110 3329 1176 propter
3356 1105 3524 1159 unius
3552 1104 3734 1158 noctis

2131 1191 2500 1264 impietatem,
2517 1191 2670 1248 omni
2699 1193 2966 1264 praeteriti
2987 1193 3256 1265 temporis
3274 1193 3464 1248 labore
3484 1193 3734 1265 privatus

2132 1287 2236 1336 est.
2286 1281 2498 1336 Idcirco
2527 1283 2804 1337 tenendus
2842 1288 2927 1337 est
2956 1281 3255 1337 continuus
3282 1283 3528 1337 instituti
3557 1283 3732 1354 rigor,

2132 1369 2469 1426 habentibus
2493 1371 2673 1427 Deum
2693 1371 3106 1438 auxiliatorem,
3132 1372 3280 1426 sicut
3298 1371 3570 1444 scriptum
3599 1376 3689 1425 est
3717 1389 3731 1422 :

2133 1459 2278 1523 Quia
2292 1459 2445 1514 omni
2468 1460 2803 1532 proponenti
2823 1459 3031 1516 bonum
3043 1461 3194 1516 Deus
3203 1465 3540 1532 cooperatur
3561 1461 3709 1530 (Rom
3719 1499 3732 1512 .

2133 1553 2274 1617 vm).

2204 1636 2290 1690 Ad
2319 1637 2580 1691 inertiam
2605 1643 2795 1691 autem
2813 1637 3158 1705 calcandam,
3172 1638 3428 1710 Apostoli
3456 1643 3738 1710 praecepta

444 1707 822 1808 sempiterna»
858 1733 956 1787 vili
1002 1707 1183 1803 pretio
1231 1733 1608 1800 comparatur.
1651 1727 1934 1796 Scriptum
1965 1727 2052 1778 est
2066 1707 2484 1796 Breplicemus,
2540 1725 2744 1797 quibus
2795 1742 2856 1781 se
2909 1726 3059 1780 mori
3114 1707 3365 1798 quotidie
3419 1707 3738 1782 tastabatur

447 1827 601 1882 enim
635 1825 795 1880 :Dies
825 1823 950 1876 vitae
971 1825 1174 1876 nostrze
1201 1816 1561 1889 septuaginta
1586 1815 1757 1882 anni;
1791 1815 1838 1868 si
1858 1818 2050 1868 autem

444 1917 689 1970 multum
717 1910 1167 1982 (‘28),octoginta;
1186 1905 1458 1978 quidquid
1477 1905 1760 1975 reliquum
1772 1907 1877 1970 est,
1893 1901 2051 1956 labor

449 2010 509 2059 et
533 2004 693 2058 dolor
720 2007 808 2056 est
848 2002 1019 2067 (Psal.
1045 2000 1280 2062 Lxxx1x).
1321 1993 1556 2059 Quando
1579 2009 1712 2063 ergo
1741 1991 2046 2062 octoginta,

449 2098 552 2149 aut
605 2096 852 2156 centum,
883 2093 946 2142 ut
990 2087 1250 2152 multum,
1297 2083 1460 2138 annis
1489 2081 1827 2146 laborantes,
1859 2079 1918 2134 in
1947 2080 2050 2134 Dei

445 2198 616 2254 opere
643 2178 964 2243 vixerimus,
998 2192 1112 2230 non
1134 2173 1255 2246 pari
1267 2178 1523 2244 tempore
1549 2169 1839 2241 regnaturi
1856 2185 2051 2224 sumus

445 2272 504 2326 in
531 2270 720 2325 futuro
745 2286 759 2336 ;
792 2267 888 2321 sed
919 2281 1020 2337 pro
1051 2263 1214 2318 annis
1264 2261 1560 2334 praedictis,
1609 2259 1863 2314 omnium
1892 2256 2052 2312 nobis

448 2359 783 2416 saeculorum
815 2371 990 2426 regna
1015 2352 1355 2408 tribuentur.
1370 2351 1497 2404 Non
1525 2354 1737 2403 terram
1759 2346 2054 2402 haeredita-

444 2446 753 2510 bimus,sed
773 2445 978 2499 caelum
1001 2461 1015 2510 ;
1061 2457 1264 2512 corpus
1283 2453 1505 2510 quoque
1533 2443 1864 2508 corruptum
1883 2435 2056 2490 relin-

455 2540 713 2607 quentes,
766 2532 1012 2603 idipsum
1064 2546 1193 2584 cum
1233 2525 1653 2598 incorruptione
1701 2523 2052 2595 recipiemus.

453 2626 620 2695 Ergo,
648 2621 827 2687 ﬁlioli,
861 2637 972 2674 non
1003 2635 1098 2673 vos
1118 2622 1219 2672 aut
1230 2616 1457 2672 taedium
1475 2613 1762 2684 defatiget,
1789 2617 1890 2666 aut
1902 2627 2057 2666 vane

452 2713 646 2784 gloriae
678 2711 918 2766 delectet
941 2707 1172 2762 ambitio
1211 2725 1222 2760 :
1275 2707 1399 2760 Non
1427 2709 1561 2758 sunt
1588 2702 1736 2756 enim
1765 2700 2056 2771 condignae

455 2801 743 2874 passiones
772 2799 943 2869 hujus
973 2794 1263 2866 temporis,
1307 2793 1379 2848 ad
1429 2795 1892 2863 superventuram
1937 2789 2056 2861 glo-

453 2891 599 2946 riam
628 2906 750 2961 quae
770 2885 1110 2942 revelabitur
1137 2884 1196 2938 in
1225 2881 1384 2937 nobis
1410 2883 1582 2945 (Rom.
1607 2887 1743 2948 vm).

520 2981 720 3046 Nemo,
755 2993 884 3032 cum
913 2972 1228 3045 despexerit
1257 2970 1550 3035 mundum,
1577 2969 1870 3040 reliquisse
1893 2983 1953 3022 se
1968 2983 2056 3021 ar-

2134 1819 2185 1878 (l
2209 1815 2329 1869 Cor.
2349 1815 2468 1882 xv):
2501 1814 2763 1869 similiter
2789 1820 2848 1869 et
2877 1831 2979 1870 nos
3009 1815 3272 1871 humanae
3298 1815 3632 1871 conditionis
3657 1815 3743 1869 vi-

2129 1908 2249 1956 tam
2270 1902 2574 1974 ancipitem
2609 1908 3003 1971 retractantes,
3037 1921 3151 1959 non
3179 1904 3556 1976 peccabimus.
3592 1905 3737 1959 Cum

2131 1991 2283 2046 enim
2312 1991 2538 2046 excitati
2566 2008 2601 2046 a
2637 2009 2860 2063 somno,
2881 1992 2953 2047 ad
2989 2009 3280 2064 vesperam
3316 2009 3418 2048 nos
3447 1992 3736 2065 pervenire

2132 2079 2471 2146 dubitemus,
2506 2087 2564 2136 et
2590 2079 2766 2152 quieti
2794 2097 3030 2153 corpora
3059 2081 3445 2149 concedentes,
3475 2083 3546 2136 de
3593 2081 3736 2136 lucis

2132 2185 2245 2223 non
2271 2170 2618 2224 conﬁdamus
2637 2169 2900 2235 adventu,
2935 2176 2993 2225 et
3016 2169 3227 2242 ubique
3260 2175 3475 2226 natura
3519 2186 3584 2224 ac
3611 2171 3739 2225 vitae

2132 2257 2358 2313 incerta:
2390 2273 2685 2326 memores,
2717 2259 2818 2312 Dei
2845 2274 2948 2313 nos
2969 2258 3349 2330 intelligamus
3386 2259 3743 2330 providentia

2133 2346 2439 2417 gubernari
2463 2365 2476 2414 ;
2499 2347 2603 2401 hoc
2631 2347 2797 2402 modo
2845 2363 2960 2402 non
2989 2347 3402 2419 delinquemus,
3421 2353 3526 2402 aut
3546 2347 3742 2418 aliqua

2135 2435 2321 2506 fragili
2363 2435 2668 2507 cupiditate
2722 2435 3076 2508 raptabimur
3107 2455 3119 2504 ;
3170 2437 3269 2491 sed
3299 2452 3401 2492 nec
3431 2435 3744 2492 irascemur

2138 2525 2364 2596 quidem
2385 2525 2651 2579 adversus
2679 2525 2946 2596 aliquem,
2979 2541 3083 2579 nec
3109 2529 3366 2580 terrenos
3394 2541 3741 2596 congregare

2135 2615 2432 2669 thesauros
2459 2613 2806 2668 ambiamus:
2840 2613 2976 2686 quin
2999 2614 3185 2685 potius
3229 2620 3389 2669 metu
3425 2613 3743 2685 quotidiani

2136 2719 2407 2769 recessus,
2441 2708 2499 2757 et
2536 2703 2870 2774 sejungendi
2919 2703 3167 2774 corporis
3188 2703 3315 2774 jugi
3347 2703 3736 2769 meditatione,

2135 2791 2328 2846 omnia
2347 2791 2558 2846 caduca
2579 2790 3196 2846 calcabimus.Cessabit
3224 2791 3528 2846 mulierum
3555 2808 3737 2856 amor,

2135 2879 2382 2935 libidinis
2411 2880 2799 2951 exstinguetur
2813 2880 3156 2948 incendium,
3187 2880 3426 2935 invicem
3454 2880 3616 2935 nobis
3645 2881 3744 2934 de-

2135 2968 2254 3024 bita
2281 2975 2477 3024 nostra
2503 2969 3000 3036 donabimus,ante
3019 2971 3209 3025 oculos
3235 2985 3458 3041 semper
3469 2969 3742 3024 habentes

448 3069 698 3124 bitretur
725 3065 996 3137 ingentia,
1030 3061 1162 3134 quia
1203 3059 1386 3115 omnis
1411 3066 1581 3125 terra,
1613 3057 1685 3113 ad
1715 3055 2056 3112 inﬁnitatem
2077 3058 2346 3122 Cultimaa
2371 3057 2756 3113 retributionis
2785 3059 3106 3114 adventum:
3127 3059 3261 3130 quia
3291 3059 3473 3129 major
3494 3058 3738 3114 formido

451 3160 777 3229 comparata
797 3149 1272 3216 cmlorum,brevis
1287 3166 1350 3204 ac
1379 3164 1550 3220 parva
1577 3151 1680 3202 est.
1711 3146 1768 3202 Si
1793 3163 1926 3216 ergo
1952 3161 2051 3199 nec

2136 3147 2331 3219 judicii
2352 3153 2408 3202 et
2428 3163 2726 3218 poenarum
2744 3147 2918 3202 timor
2942 3147 3400 3213 horridus,simul
3437 3153 3496 3202 et
3515 3146 3741 3202 lubricae

405 3280 416 3290 -
449 3247 706 3302 universo
735 3243 856 3300 orbi
877 3235 2056 3308 renuntiantes,dignumaliquidhabitacu-
2135 3237 2320 3291 carnis
2359 3235 2638 3290 incentiva
2674 3235 2777 3303 (3i)
2825 3235 3096 3303 dissolvit,
3129 3243 3186 3291 et
3213 3243 3472 3292 ruentem
3490 3235 3742 3290 animam

449 3337 521 3392 lis
553 3350 852 3408 possumus
863 3345 1226 3402 compensare
1245 3326 1580 3392 caelestibus,
1599 3342 1658 3380 se
1671 3324 2055 3395 unusquisque
2138 3325 2297 3394 quasi
2329 3341 2395 3378 ex
2419 3324 2607 3395 aliqua
2628 3341 2767 3395 rupe
2793 3330 3076 3379 sustentat
3101 3323 3239 3386 (3'2).
3273 3325 3406 3380 Ideo
3418 3341 3523 3397 que
3543 3341 3742 3396 precor

448 3427 781 3488 consideret,
817 3428 875 3478 et
901 3421 1092 3476 statim
1116 3418 1412 3487 intelliget,
1446 3414 1629 3488 parvis
1657 3413 1840 3468 aruris
1879 3419 1937 3468 et
1961 3429 2058 3483 pa-
2137 3418 2203 3468 ut
2231 3413 2300 3466 ad
2331 3413 2500 3466 ﬁnem
2555 3412 2825 3484 propositi
2862 3413 3016 3468 omni
3045 3412 3236 3467 labore
3263 3413 3563 3468 tendamus
3585 3413 3741 3481 (Phi-

451 3515 706 3581 rietibus,
758 3513 843 3566 vel
873 3510 1092 3565 modica
1136 3507 1260 3562 auri
1296 3505 1552 3576 portione
1581 3507 1920 3572 contempta,
1955 3517 2057 3554 nec
2139 3504 2236 3571 (ip.
2270 3502 2561 3570 In).Nemo
2599 3506 2726 3572 post
2761 3507 2985 3571 tergum
3018 3501 3322 3573 respiciens
3352 3502 3458 3556 Lot
3484 3500 3743 3556 imitetur

450 3603 684 3674 gloriari
699 3617 758 3656 se
773 3595 1165 3667 debere,quasi
1180 3609 1386 3663 magna
1405 3590 1698 3657 dimiserit;
1714 3589 2052 3654 nbctaedere,
2139 3605 2368 3644 uxorem
2401 3591 2548 3658 (Gen.
2581 3594 2688 3658 xix)
2720 3590 3037 3661 praesertim
3084 3607 3214 3645 cum
3240 3590 3514 3645 Dominus
3539 3589 3744 3644 dixerit

449 3691 612 3764 quasi
649 3692 754 3756 ιιι
790 3703 960 3758 parva
997 3685 1072 3738 sit
1098 3687 1444 3752 recepturus.
1469 3679 1545 3734 Ut
1571 3677 1721 3732 enim
1749 3677 2060 3732 contemnit
2139 3679 2358 3734 nullum
2380 3685 2681 3750 ponentem
2712 3695 2945 3734 manum
2976 3696 3148 3751 super
3177 3684 3430 3734 aratrum
3472 3685 3530 3734 et
3557 3677 3740 3750 respi-

439 3780 662 3850 -aliquis
681 3793 852 3833 unam
868 3789 1072 3830 aeream
1091 3769 1511 3826 drachmam.ad
1525 3766 2056 3822 drachmascentum
2139 3767 2378 3822 cientem
2420 3775 2749 3834 retrorsum,
2811 3767 3049 3838 dignum
3090 3784 3212 3823 esse
3251 3784 3426 3839 regno
3467 3767 3738 3822 caelorum

455 3883 658 3922 aureas
687 3861 1128 3934 conquirendas,
1151 3860 1234 3914 ita
1252 3857 1548 3928 etiam,qui
1576 3855 1749 3910 totius
1777 3855 1928 3910 orbis
1955 3855 2056 3910 do-
2139 3857 2314 3928 (Lucae
2340 3859 2433 3926 IX).
2464 3855 2760 3928 Respicere
2804 3861 2997 3912 autem
3038 3862 3348 3912 retrorsum
3400 3855 3543 3910 nihil
3582 3855 3774 3914 aliutk

457 3955 697 4010 minium
713 3950 1034 4023 dereliquit,
1053 3947 1377 4019 centuplum
1392 3946 1461 4000 de
1479 3943 1802 4000 melioribus
1814 3943 2058 4016 praemiis
2141 3948 2228 3999 est
2249 3960 2416 4016 quam
2432 3943 2491 3998 in
2520 3961 2584 3999 eo
2606 3944 2878 4016 poenitere
2909 3945 3058 4017 quod
3089 3945 3343 4018 coeperis,
3361 3950 3420 4000 et
3441 3943 3744 3999 mundanis

454 4046 513 4100 in
544 4041 771 4098 sublimi
801 4041 932 4095 sede
965 4037 1216 4109 recipiet.
1241 4035 1327 4090 Ad
1356 4050 1660 4099 summum,
1692 4032 1830 4088 illud
1851 4031 2060 4104 perspi-
2139 4049 2336 4102 rursus
2363 4032 2657 4088 desideriis
2681 4032 2938 4104 obligari.

455 4149 582 4189 cere
603 4130 890 4194 debemus,
925 4127 1074 4199 quod
1115 4125 1219 4180 etsi
1243 4129 1465 4178 nostras
1494 4121 1730 4176 velimus
1773 4125 2056 4176 retentare
2209 4121 2413 4188 Nolite,
2457 4138 2663 4194 quaeso,
2688 4122 2914 4177 virtutis
2941 4127 3214 4194 tanquam
3243 4120 3590 4193 impossibile
3643 4136 3744 4174 no-

455 4221 697 4287 divitias,
731 4220 854 4290 lege
884 4215 1082 4272 mortis
1110 4213 1181 4269 ab
1209 4213 1346 4285 ipsis
1357 4211 1703 4266 devellamur
1721 4209 1902 4277 inviti,
1919 4215 1984 4264 ut
1998 4209 2057 4263 in
2138 4226 2268 4264 men
2305 4226 2524 4281 pavere,
2554 4227 2656 4266 nec
2673 4210 3034 4283 peregrinum
3053 4210 3208 4266 vobis
3241 4215 3339 4266 aut
3362 4211 3559 4282 procul
3587 4209 3742 4282 posi-

449 4311 593 4366 libro
643 4305 990 4364 Ecclesiastis
1045 4305 1208 4372 (Eccl.
1243 4307 1304 4370 ιι)
1353 4300 1624 4372 scriptum
1673 4305 1758 4354 est
1780 4297 1909 4366 (‘29).
1945 4299 2112 4372 Cur_
2137 4304 2260 4354 tum
2280 4299 2537 4354 videatur
2557 4299 2658 4354 hoc
2701 4299 2969 4366 studium,
3005 4299 3155 4372 quod
3201 4315 3271 4354 ex
3320 4304 3512 4354 nostro
3534 4298 3746 4370 pendet

453 4416 587 4471 ergo
616 4415 729 4454 non
758 4396 995 4451 facimus
1016 4369 1086 4448 de
1131 4369 1483 4446 necessitate
1495 4388 1761 4443 virtutem
1780 4385 1895 4457 (30)
1913 4387 1938 4440 ?
1958 4403 2060 4441 cur
2077 4369 2372 4442 Darbitrio
2400 4386 2524 4458 (33;.
2559 4388 2743 4459 Hujus
2783 4389 2966 4460 operis
3019 4369 3233 4443 homini
3287 4388 3498 4443 inserta
3536 4369 3748 4442 natura

450 4505 565 4544 non
599 4487 670 4542 ad
703 4483 976 4541 lucranda
1011 4497 1185 4552 regna
1219 4477 1469 4534 coelestia
1497 4477 1645 4532 ultro
1683 4475 2057 4548 relinquimus
2139 4480 2225 4530 est
2250 4474 2383 4546 (34),
2418 4481 2476 4530 et
2499 4476 2777 4548 ejusmodi
2805 4494 2896 4532 res
2914 4483 3017 4540 est,
3045 4494 3168 4548 quae
3189 4483 3442 4532 nostram
3488 4481 3746 4530 tantum-

454 4577 602 4649 quod
631 4575 772 4631 lucis
800 4573 965 4628 istius
1003 4572 1114 4624 ﬁne
1144 4567 1494 4640 perdendum
1523 4566 1653 4620 est?
1683 4565 1838 4620 Nihil
1861 4580 2056 4619 eorum
2139 4565 2305 4620 modo
2334 4571 2619 4637 exspectat
2648 4565 3010 4621 voluntatem.
3043 4565 3217 4620 Graeci
3247 4565 3433 4620 studia
3455 4569 3746 4618 transma-

451 4662 600 4720 curae
612 4664 687 4718 sit
702 4659 1190 4730 Christianis,quae
1205 4671 1397 4710 secum
1416 4653 1639 4708 auferre
1653 4669 1765 4707 non
1781 4658 2054 4724 possunt;
2141 4653 2269 4708 rina
2313 4658 2598 4708 sectentur
2621 4653 2762 4726 (35),
2811 4660 2869 4710 et
2893 4654 2952 4709 in
2986 4655 3171 4710 alieno
3201 4653 3334 4709 orbe
3383 4651 3744 4713 constitutos,

452 4753 592 4806 illud
614 4752 799 4823 potius
827 4749 1100 4805 debemus
1132 4748 1415 4816 expetere,
1449 4741 1598 4813 quod
1626 4757 1727 4796 nos
1774 4741 1943 4796 ducat
1987 4741 2060 4796 ad
2141 4741 2396 4797 inanium
2420 4743 2738 4798 litterarum
2762 4747 3016 4814 quaerant
3053 4743 3352 4814 magistros
3377 4759 3390 4810 ;
3421 4740 3583 4796 nobis
3610 4756 3745 4795 vero

463 4839 690 4904 caelum,
722 4837 1059 4910 sapientiam
1087 4834 1314 4898 scilicet,
1367 4829 1707 4896 castitatem,
1749 4829 2050 4900 justitiam.
2142 4831 2298 4886 nulla
2317 4830 2706 4903 proﬁciscendi
2737 4829 2870 4902 (36),
2905 4831 3061 4909 nulla
3100 4830 3503 4886 transfretandi
3536 4830 3747 4884 ﬂuctus

451 4929 738 4992 virtutem,
773 4943 995 4982 sensum
1019 4923 1368 4998 pervigilem,
1421 4935 1734 4993 pauperum
1761 4935 1972 4986 curam,
1991 4920 2055 4974 ﬁ-
2137 4919 2442 4975 necessitas
2471 4919 2750 4986 imminet,
2777 4919 2836 4974 in
2864 4918 3018 4974 omni
3056 4918 3188 4974 sede
3209 4924 3487 4974 terrarum
3529 4916 3747 4971 consti-

454 5018 584 5072 dem
614 5016 672 5070 in
721 5015 942 5070 Christo
999 5013 1311 5076 robustam,
1353 5009 1607 5064 animum
1638 5007 1735 5062 irae
1764 5008 2049 5074 victorem,

456 5104 921 5178 hospitalitatem.
952 5103 1080 5156 Haec
1099 5105 1396 5164 sectantes,
1429 5095 1780 5151 mansionem
1808 5095 1969 5152 nobis
1995 5097 2056 5152 in

451 5201 607 5252 terra
619 5189 1269 5265 quietorum,secundum
1286 5185 1652 5257 Evangelium
1679 5187 1900 5253 (Joann.
1918 5191 2050 5256 xlv),

453 5277 1350 5357 praeparabimus.Consideremus
1366 5275 1590 5330 Domini
1605 5291 1728 5329 esse
1756 5290 1856 5329 nos
1870 5274 1981 5328 fam
1989 5291 2054 5328 u-

452 5375 555 5438 los,
589 5377 648 5426 et
665 5368 991 5425 servitutem
1011 5365 1213 5420 debere
1243 5364 1295 5418 ei
1329 5380 1365 5417 a
1391 5380 1502 5434 quo
1543 5362 1716 5418 creati
1733 5379 1946 5416 sumus.
1980 5363 2056 5418 Ut

452 5462 606 5519 enim
635 5474 827 5515 servus
838 5453 1109 5528 praeteriti
1131 5454 1316 5524 gratia
1346 5451 1669 5518 famulatus,
1691 5467 1933 5522 praesens
1955 5455 2056 5506 aut

445 5552 706 5609 futurum
732 5561 847 5604 non
875 5541 1184 5601 contemnit
1219 5539 1540 5612 imperium,
1571 5555 1675 5595 nec
1701 5539 1873 5596 audet
1899 5555 2054 5595 asse-

2135 5015 2262 5064 tuta
2314 5013 2448 5064 sunt
2503 5024 2676 5079 regna
2727 5008 3014 5064 caelorum.
3054 5007 3215 5062 Unde
3261 5013 3318 5062 et
3362 5005 3639 5063 Dominus
3685 5005 3748 5059 in

2138 5097 2438 5169 Evangelio
2469 5097 2564 5151 ait:
2584 5097 2842 5168 Regnum
2856 5097 2956 5152 Dei
2975 5097 3128 5151 intra
3153 5113 3252 5152 vos
3269 5101 3354 5151 est
3373 5098 3541 5163 (Luca:
3566 5097 3694 5162 va.)
3728 5113 3742 5148 :

2136 5186 2315 5241 virtus
2339 5203 2461 5258 quae
2489 5185 2547 5240 in
2572 5185 2732 5240 nobis
2759 5191 2863 5251 est,
2883 5191 3130 5240 mentem
3147 5191 3368 5240 tantum
3379 5182 3617 5256 requirit
3635 5183 3749 5237 hu-

2139 5275 2497 5330 manam.Cui
2526 5274 2678 5329 enim
2705 5273 2941 5329 dubium
2961 5280 3049 5329 est
3077 5274 3206 5345 quia
3224 5269 3498 5328 naturalis
3541 5271 3749 5326 anima:

2139 5363 2374 5436 puritas,
2407 5362 2454 5417 si
2485 5364 2641 5418 nulla
2690 5362 2862 5417 fuerit
2907 5361 3252 5418 extrinsecus
3291 5361 3453 5416 sorde
3504 5359 3744 5431 polluta,

2138 5451 2263 5506 fons
2292 5451 2366 5505 sit
2394 5457 2452 5505 et
2471 5451 2627 5522 origo
2649 5451 2903 5507 omnium
2931 5449 3206 5506 virtutum
3225 5450 3250 5504 ?
3267 5450 3480 5505 Bonam
3506 5464 3631 5502 eam
3649 5464 3752 5502 ne-

2140 5555 2292 5596 cesse
2321 5545 2410 5595 est
2437 5539 2710 5594 creaverit
2734 5539 2914 5595 bonus
2939 5539 3190 5595 Creator.
3209 5537 3368 5604 Quod
3383 5536 3431 5592 si
3453 5537 3595 5592 forte
3608 5552 3750 5591 cun-
