3990 6194
322 251 423 309 137

1408 254 1578 310 VITA
1615 255 1825 311 BEATI
1862 256 2166 312 ANTONII
2203 256 2525 312 ABBATIS.

3498 255 3602 315 138

316 375 629 440 ctabimur,
661 377 959 430 audiamus
985 378 1178 431 Iesum
1209 376 1389 431 ﬁlium
1418 379 1571 432 Nave
1602 380 1806 451 populo
1837 379 1925 433 di-
1946 386 1992 441 Α
2014 397 2141 435 vero
2167 386 2364 435 contra
2392 378 2694 434 monachos
2710 383 2767 431 et
2783 378 3027 447 virgines
3049 379 3473 447 Christi,odium
3491 388 3598 438 est.

316 471 545 519 centem
580 484 592 517 :
629 465 863 519 Rectum
893 465 1059 519 facite
1095 481 1192 520 cor
1228 472 1475 521 vestrum
1518 469 1593 525 ad
1623 469 1927 523 Dominum

315 556 505 609 Deum
536 553 709 608 Israel
746 557 919 619 (Josue
942 558 1112 617 XXIV).
1128 556 1243 610 Nec
1271 557 1518 611 Joannes
1538 557 1821 612 dissonam
1842 562 1930 612 tu-

316 644 389 697 lit
409 644 483 698 de
508 644 715 697 virtute
744 643 1107 709 sententiam,
1140 645 1450 714 praedicans
1478 664 1489 698 :
1537 646 1737 701 Rectas
1765 646 1928 701 facite

316 733 559 787 semitas
586 735 709 803 ejus
733 735 904 799 (Luca
926 732 1020 802 III].
1049 733 1338 803 Siquidem
1362 735 1464 787 hoc
1480 740 1566 788 est
1586 741 1793 788 rectam
1808 753 1928 790 esse

317 823 597 888 animam,
617 838 744 875 cum
762 822 885 892 ejus
912 821 1239 892 principalis
1266 822 1559 893 integritas
1582 824 1737 877 nulla
1764 824 1927 878 vitio-

316 928 451 966 rum
472 911 600 965 labe
624 912 957 981 maculatur;
978 911 1023 964 si
1044 918 1305 965 naturam
1323 912 1641 973 mutaverit,
1667 928 1931 983 perversa

318 1007 460 1055 tunc
499 1000 708 1055 dicitur
726 1019 739 1067 ;
762 1000 812 1054 si
830 999 977 1054 bona
995 1000 1238 1054 conditio
1260 1006 1528 1063 servetur,
1557 1007 1613 1054 et
1632 1001 1809 1055 virtus
1819 1006 1923 1055 est.

318 1091 594 1145 Animam
623 1094 875 1144 nostram
904 1089 1319 1143 commendavit
1336 1089 1496 1143 nobis
1517 1089 1928 1154 Dominus,ser—

317 1196 525 1233 vemus
552 1178 873 1249 depositum
903 1178 1071 1249 quale
1109 1177 1445 1248 accepimus.
1480 1179 1659 1232 Nemo
1705 1177 1930 1232 causari

320 1272 516 1340 potest
532 1267 878 1321 extrinsecus
907 1267 1100 1333 situm,
1134 1267 1282 1338 quod
1321 1267 1381 1321 in
1427 1283 1487 1321 se
1535 1267 1812 1321 nascitur:
1852 1268 1931 1320 fa-

320 1363 549 1411 cturam
596 1372 759 1410 suam
790 1356 884 1426 qui
922 1355 1053 1409 fecit
1086 1361 1373 1426 agnoscat,
1403 1372 1545 1427 opus
1570 1373 1735 1411 suum
1775 1356 1932 1410 inve-

320 1447 448 1500 niat
478 1452 546 1499 ut
572 1446 802 1502 creavit.
830 1443 1047 1499 Sufﬁcit
1069 1443 1231 1498 nobis
1260 1445 1537 1498 naturalis
1565 1450 1833 1513 ornatus;
1861 1461 1934 1499 ne

321 1536 621 1606 deturpes,
647 1536 837 1599 homo,
860 1534 1007 1605 quod
1039 1533 1141 1587 tibi
1173 1533 1395 1603 largitio
1418 1534 1606 1587 divina
1637 1534 1927 1588 concessit.

322 1625 521 1695 Opera
551 1623 655 1677 Dei
682 1623 984 1676 immutare
1005 1622 1164 1687 velle,
1197 1622 1447 1692 polluere
1468 1628 1571 1676 est.

2010 470 2216 524 Eorum
2238 468 2453 522 semitis
2481 468 2711 538 laqueos
2745 468 3119 538 praetendunt,
3150 486 3346 524 eorum
3384 477 3601 527 mentes

2010 558 2198 628 impiis
2223 563 2393 627 atque
2422 556 2695 611 obscaenis
2722 557 3149 626 cogitationibus
3178 559 3439 614 nituntur
3452 576 3602 615 ever-

2010 650 2156 713 tere;
2182 646 2279 699 sed
2309 645 2449 699 nihil
2470 644 2622 699 vobis
2650 644 2708 698 in
2736 645 2840 698 hoc
2860 648 3090 701 terroris
3119 646 3412 702 incutiant.
3446 649 3604 705 Fide-

2010 733 2149 787 lium
2179 734 2331 788 enim
2361 734 2708 788 orationibus
2745 740 2914 805 atque
2938 736 3169 805 jejuniis
3197 737 3268 791 ad
3298 738 3603 793 Dominum

2011 823 2203 876 statim
2224 828 2524 890 corruunt;
2546 839 2646 877 nec
2666 828 2855 877 tamen
2869 823 2917 876 si
2934 824 3225 894 paululum
3241 827 3599 894 cessaverint,

2013 929 2239 982 prorsus
2268 913 2489 982 plenam
2520 912 2729 983 putetis
2749 929 2871 977 esse
2893 913 3201 968 victoriam.
3218 915 3412 969 Solent
3431 917 3601 970 etiam

2010 1001 2183 1055 saucii
2211 1001 2437 1071 gravius
2460 1018 2774 1071 assurgere,
2807 1007 2864 1055 et
2888 988 3107 1055 mutata
3134 1008 3255 1057 arte
3290 1006 3599 1075 pugnandi,

2010 1106 2135 1144 cum
2168 1090 2226 1143 in
2255 1090 2592 1160 cogitatione
2618 1090 2760 1143 nihil
2790 1090 3025 1160 egerint,
3054 1091 3351 1161 pavoribus
3366 1098 3601 1161 terrent,

2011 1184 2361 1233 assumentes
2390 1195 2539 1233 nunc
2564 1178 2885 1244 mulierum,
2918 1195 3070 1233 nunc
3094 1178 3421 1248 bestiarum,
3457 1199 3607 1238 nunc

2012 1267 2358 1338 serpentium
2383 1268 2832 1331 formas,necnon
2856 1273 2914 1321 et
2934 1268 3183 1339 ingentia
3209 1270 3465 1340 quaedam
3490 1287 3606 1329 cor-

2013 1372 2169 1426 pora,
2202 1363 2259 1410 et
2288 1372 2464 1427 usque
2489 1356 2560 1409 ad
2590 1360 2799 1410 tectum
2832 1356 3032 1411 domus
3070 1363 3391 1428 porrectum
3416 1365 3603 1430 caput,

2014 1445 2263 1499 inﬁnitas
2291 1445 2503 1515 species
2532 1450 2590 1498 et
2616 1444 2857 1498 militum
2888 1450 3157 1499 catervas.
3176 1446 3311 1510 Quae
3329 1449 3520 1502 omnia
3537 1449 3610 1504 ad

2014 1534 2260 1604 primum
2287 1534 2549 1604 quodque
2569 1533 2746 1587 crucis
2762 1533 2983 1604 signum
2999 1541 3339 1589 evanescunt
3355 1535 3483 1605 (39).
3509 1538 3609 1592 His

2015 1638 2235 1692 quoque
2258 1622 2465 1692 agnitis
2486 1622 2830 1676 fallaciarum
2864 1623 3062 1688 modis,
3102 1623 3380 1693 incipiunt
3407 1643 3611 1696 praesa-

399 1712 554 1767 lllud
582 1712 755 1766 etiam
782 1712 1018 1765 sollicite
1047 1712 1337 1782 providere
1352 1711 1639 1779 debemus,
1662 1717 1726 1765 ut
1744 1717 1934 1783 tyran-
1956 1699 2002 1757 Β
2024 1708 2165 1777 gire,
2205 1715 2258 1763 et
2285 1709 2601 1764 futurorum
2631 1710 2851 1764 dierum
2873 1719 3103 1767 eventus
3128 1713 3269 1767 velle
3286 1715 3608 1785 praedicere.

337 1802 534 1856 nicam
564 1801 665 1855 ira;
686 1817 1017 1871 superemus
1045 1800 1344 1865 insaniam,
1365 1800 1501 1871 quia
1528 1801 1800 1872 scriptum
1821 1806 1936 1855 est:

2026 1799 2279 1870 Cumque
2309 1806 2367 1853 et
2392 1799 2449 1853 in
2465 1799 2551 1854 his
2581 1800 2885 1871 contempti
2913 1799 3141 1867 fuerint,
3161 1801 3343 1872 ipsum
3358 1803 3479 1872 jam
3495 1819 3611 1858 sum

327 1890 639 1946 Iracundia
664 1890 769 1942 viri
779 1890 1059 1960 justitiam
1081 1889 1182 1943 Dei
1205 1906 1314 1942 non
1334 1894 1600 1960 Operatur
1621 1893 1755 1953 (Jac.
1782 1895 1846 1953 1).
1873 1890 1943 1943 Et
2023 1889 2287 1959 nequitiae
2314 1889 2621 1960 principem
2648 1906 2712 1942 ac
2737 1890 2910 1944 totius
2940 1890 3073 1944 mali
3102 1892 3505 1959 summitatem,
3539 1893 3611 1947 ad

332 1981 548 2034 iterum
581 1998 593 2032 :
637 1978 987 2033 Desiderium
1015 1978 1414 2049 concupiscens
1440 1979 1587 2049 parit
1624 1984 1934 2049 peccatum,

330 2086 445 2140 quo
472 2068 747 2140 perfecto,
781 2084 932 2121 mors
969 2067 1220 2138 gignitur
1270 2068 1474 2135 (Ibid.).
1528 2067 1737 2122 Divina:
1790 2067 1937 2121 vocis

328 2163 683 2229 praeceptum
711 2163 799 2211 est
831 2160 1007 2221 (Prov.
1041 2158 1139 2226 1v),
1172 2161 1237 2210 ut
1251 2155 1374 2226 jugi
1390 2156 1646 2210 custodia
1672 2161 1938 2211 tueamur

329 2249 587 2301 animam
618 2252 891 2310 nostram,
910 2250 1035 2310 ιιπ
1066 2244 1199 2315 quia
1217 2245 1548 2299 exercitatos
1574 2245 1645 2299 ad
1674 2246 1938 2316 supplan-

244 2362 253 2367 θ
326 2336 573 2390 tandum
604 2334 877 2389 habemus
906 2333 1182 2398 inimicos,
1202 2334 1483 2388 daemones
1500 2333 1729 2400 scilicet,
1744 2340 1939 2387 contra

328 2442 473 2497 quos
494 2424 681 2490 nobis,
708 2422 1021 2477 secundum
1058 2422 1426 2493 apostolicam
1448 2422 1934 2487 contestationem,

326 2532 525 2586 pugna
552 2513 677 2567 sine
704 2511 1122 2566 intermissione
1141 2516 1244 2565 est.
1276 2513 1352 2565 At
1370 2511 1521 2565 enim
1546 2529 1557 2563 :
1592 2512 1717 2565 Non
1739 2517 1824 2566 est
1845 2528 1941 2566 no-

327 2603 417 2657 bis
445 2601 775 2657 colluctatio
802 2600 1069 2655 adversus
1100 2616 1327 2654 carnem
1365 2605 1421 2654 et
1458 2601 1812 2671 sanguinem,
1840 2600 1937 2655 sed

331 2693 608 2747 adversus
638 2690 987 2763 principatus
1016 2694 1073 2742 et
1087 2694 1393 2760 potestates
1412 2689 1582 2759 hujus
1603 2689 1818 2754 mundi,
1845 2689 1939 2743 ad-

333 2799 531 2837 versus
561 2780 847 2852 spiritalia
874 2779 1138 2850 nequitiae
1162 2779 1219 2832 in
1249 2778 1568 2833 coelestibus
1598 2781 1803 2850 (Ephes.
1834 2780 1936 2850 v1).

331 2871 543 2941 Ingens
567 2885 771 2924 eorum
789 2867 957 2922 turba
984 2867 1157 2921 istum
1182 2867 1433 2938 pervolat
1462 2885 1667 2932 aerem,
1683 2884 1796 2922 non
1815 2884 1939 2939 pro-

332 2961 425 3014 cul
449 2977 486 3013 a
510 2959 678 3014 nobis
708 2958 958 3012 hostium
986 2962 1209 3010 caterva
1237 2956 1516 3010 discurrit.
1552 2957 1621 3011 Et
1643 2956 1938 3011 diversita-

2021 1977 2331 2032 subsidium
2362 1978 2450 2032 sui
2484 1978 2805 2033 certaminis
2831 1985 3049 2034 vocant.

2092 2067 2221 2120 CAP.
2253 2067 2398 2121 XVI.
2429 2096 2494 2107 -—
2518 2066 2725 2121 Crebro
2748 2068 2990 2139 denique
3011 2070 3289 2124 Antonius
3313 2070 3484 2125 talem
3499 2088 3534 2125 a
3552 2088 3613 2126 se

2015 2156 2197 2209 visum
2226 2156 2511 2210 diabolum
2550 2156 2854 2223 asserebat,
2899 2158 3121 2228 qualem
3155 2165 3212 2213 et
3245 2160 3444 2215 beatus
3483 2162 3608 2229 Job,

2018 2245 2256 2299 Domino
2288 2246 2587 2309 revelante,
2622 2252 2956 2317 cognoverat
2994 2249 3105 2315 (Job
3128 2252 3264 2309 xm).
3302 2249 3461 2305 Oculi
3489 2252 3612 2321 ejus

2019 2350 2083 2386 ac
2112 2334 2161 2387 si
2182 2334 2391 2405 species
2421 2334 2680 2399 Luciferi,
2705 2352 2770 2390 ex
2797 2352 2892 2389 ore
2921 2337 3044 2406 ejus
3065 2337 3375 2407 procedunt
3401 2338 3614 2409 lampa-

2019 2423 2116 2476 des
2146 2423 2403 2477 incensae.
2425 2423 2619 2478 Crines
2645 2425 3151 2495 quoqueincendiis
3169 2432 3530 2497 sparguntur,
3555 2434 3614 2483 et

2019 2527 2085 2565 ex
2128 2512 2359 2566 naribus
2406 2513 2528 2582 ejus
2575 2512 2763 2567 fumus
2804 2514 3113 2583 egreditur,
3159 2515 3318 2585 quasi
3370 2516 3613 2571 fornacis

2019 2602 2309 2655 aestuantis
2350 2601 2549 2655 ardore
2578 2600 2904 2657 carbonum.
2934 2603 3139 2656 Anima
3164 2604 3287 2673 ejus
3316 2610 3381 2658 ut
3407 2621 3609 2675 pruna,

2021 2689 2252 2743 ﬂamma
2278 2706 2407 2743 vero
2437 2704 2502 2743 ex
2550 2706 2646 2743 ore
2688 2691 2810 2760 ejus
2836 2692 3209 2761 glomeratur.
3242 2692 3384 2747 Cum
3412 2693 3612 2763 hujus-

2021 2777 2172 2831 modi
2191 2777 2500 2831 terroribus
2529 2778 2679 2832 visus
2693 2785 2780 2832 est
2800 2779 3057 2850 princeps
3075 2780 3413 2849 daemonum,
3430 2781 3614 2853 inquit

2019 2866 2317 2931 Antonius,
2373 2873 2430 2920 et
2479 2866 2730 2936 ingentia
2767 2885 2930 2939 saepe,
2983 2874 3046 2922 ut
3083 2869 3217 2932 dixi,
3249 2871 3610 2941 promittens,

2019 2954 2325 3026 impietatis
2353 2971 2470 3010 suae
2508 2956 2715 3011 defurit
2752 2956 2944 3027 lingua
2980 2958 3359 3030 magniloqua.
3388 2960 3468 3014 De
3502 2976 3614 3031 qua

332 3056 450 3103 tem
471 3049 710 3120 quidem
732 3063 929 3102 eorum
955 3062 1069 3100 non
1081 3050 1166 3099 est
1186 3062 1322 3099 meze
1343 3045 1632 3116 parvitatis
1644 3062 1938 3116 exponere,
1960 3048 2003 3106 Ο
2020 3044 2291 3098 Dominus
2318 3044 2705 3114 triumphavit,
2737 3046 2807 3098 ad
2836 3046 2939 3099 Job
2968 3047 3157 3100 dicens
3189 3049 3370 3117 (Ibid)
3407 3066 3418 3101 :
3451 3048 3612 3103 Arbi-

332 3139 432 3191 sed
464 3139 616 3192 hanc
637 3135 949 3206 majoribus
976 3134 1217 3189 concedo
1246 3134 1542 3188 rationem.
1569 3134 1727 3198 Quod
1749 3139 1938 3189 autem

332 3227 395 3280 in
426 3232 699 3298 promptu
716 3230 820 3290 est,
853 3229 910 3277 et
938 3223 1199 3293 ignorare
1229 3239 1340 3277 non
1362 3223 1602 3293 expedit,
1626 3223 1783 3277 dolos
1797 3224 1939 3277 scili-

332 3322 424 3370 cet
445 3332 649 3370 eorum
679 3314 974 3368 adversum
1013 3328 1116 3364 nos
1148 3310 1485 3383 compositos
1516 3310 1761 3366 breviter
1788 3312 1937 3366 indi-

332 3404 496 3459 cabo.

408 3495 530 3548 Hoc
558 3492 811 3564 primum
865 3491 1133 3546 debemus
1181 3488 1463 3544 mentibus
1512 3489 1759 3559 afﬁgere,
1803 3489 1943 3542 nihil

333 3585 521 3638 Deum
550 3582 748 3636 fecisse
800 3580 948 3653 quod
995 3581 1209 3634 malum
1253 3583 1342 3634 est
1372 3577 1504 3646 (37),
1551 3594 1654 3632 nec
1706 3577 1777 3631 ab
1818 3579 1940 3647 ejus

334 3671 701 3727 institutione
712 3670 1029 3724 daemonum
1041 3668 1274 3739 cmpisse
1286 3667 1562 3738 principia
1576 3685 1588 3719 :
1606 3667 1941 3738 perversitas

336 3763 469 3821 ista,
503 3777 619 3814 non
648 3764 883 3823 naturae,
932 3758 1031 3821 sed
1080 3756 1382 3811 voluntatis
1425 3761 1511 3809 est
1556 3754 1771 3809 vitium.
1806 3755 1942 3810 Boni

336 3850 573 3913 etenim,
606 3852 802 3917 utpote
821 3863 855 3900 a
874 3847 990 3900 Deo
1010 3844 1238 3909 conditi,
1271 3860 1337 3897 ex
1356 3844 1581 3915 proprio
1614 3843 1819 3897 mentis
1848 3860 1940 3897 ar-

335 3939 512 3992 bitrio
541 3936 613 3990 ad
642 3942 823 3989 terras
852 3952 1015 3989 ruere
1045 3935 1115 3987 de
1135 3933 1318 3999 caelis;
1365 3932 1552 4003 ibique
1582 3932 1640 3986 in
1670 3931 1812 3985 caeni
1828 3948 1943 3986 sor-

338 4027 507 4082 dibus
536 4025 794 4089 volutati,
819 4022 1153 4095 gentilitatis
1172 4021 1375 4092 impias
1399 4020 1739 4075 constituere
1757 4020 1939 4075 cultu-

339 4133 464 4183 ras;
491 4121 552 4170 et
578 4131 729 4169 nunc
757 4114 828 4167 de
848 4112 1008 4167 nobis
1022 4115 1359 4183 torquentur
1380 4109 1606 4177 invidia,
1624 4115 1794 4180 atque
1813 4109 1941 4163 uni-

338 4221 505 4259 versa
535 4204 687 4256 mala
707 4217 1055 4256 commovere
1070 4216 1183 4254 non
1203 4204 1441 4265 cessant,
1474 4215 1545 4253 ne
1561 4198 1815 4270 pristinis
1844 4214 1940 4252 eo-

339 4311 469 4348 rum
500 4292 727 4347 sedibus
754 4291 1137 4345 succedamus.

2020 3137 2206 3186 tratur
2218 3132 2366 3186 enim
2384 3133 2594 3187 ferrum
2620 3139 2683 3187 ut
2702 3135 2909 3204 paleas,
2923 3140 3290 3190 aeramentum
3313 3140 3379 3190 ut
3396 3137 3613 3208 lignum

2021 3221 2327 3292 putridum,
2360 3222 2541 3276 maria
2570 3227 2633 3275 ut
2661 3228 2892 3289 terram,
2910 3228 3186 3277 tartarum
3206 3225 3467 3295 profundi
3483 3231 3612 3280 tan-

2021 3327 2190 3381 quam
2218 3310 2496 3381 captivum
2527 3311 2839 3375 mstimavit,
2855 3311 3116 3382 abyssum
3147 3317 3211 3366 ut
3233 3313 3614 3369 deambulato-

2020 3400 2187 3452 rium.
2221 3400 2328 3453 Per
2358 3400 2688 3471 prophetam
2714 3417 2935 3471 quoque
2955 3400 3421 3472 increpat,dicens
3445 3421 3456 3456 :
3484 3404 3615 3457 Per-

2023 3504 2264 3558 sequens
2294 3489 2765 3558 comprehendam
2806 3491 3001 3557 (Exodi
3029 3488 3140 3556 xv),
3176 3496 3233 3545 et
3258 3507 3485 3546 omnem
3518 3508 3610 3547 or-

2021 3575 2148 3630 bem
2175 3582 2457 3631 terrarum
2486 3594 2658 3631 manu
2688 3594 2814 3631 mea
2838 3584 2903 3631 ut
2923 3578 3117 3632 nidum
3147 3578 3426 3646 obtinebo,
3462 3587 3521 3637 et
3551 3586 3617 3636 ut

2023 3682 2126 3719 ova
2154 3666 2419 3719 derelicta
2447 3665 2695 3720 auferam
2733 3668 2912 3737 (Isaiae
2936 3671 3019 3735 Χ).
3077 3668 3168 3722 Sic
3195 3668 3424 3739 iniquus
3449 3670 3614 3725 fune-

2024 3771 2149 3809 reas
2168 3771 2429 3809 evomens
2444 3771 2627 3819 voces,
2651 3755 2793 3809 bene
2815 3754 3118 3810 viventium
3129 3757 3346 3828 aliquos
3357 3759 3615 3831 frequen-

2023 3844 2406 3913 terillaqueat,
2438 3844 2536 3897 sed
2566 3859 2667 3897 nos
2698 3861 2800 3897 nec
2826 3845 2949 3915 ejus
2978 3845 3474 3915 pollicitationibus
3492 3866 3615 3905 cre-

2023 3932 2174 3997 dere,
2217 3949 2320 3986 nec
2348 3932 2530 3986 minas
2568 3932 2869 3986 formidare
2912 3934 3217 4002 debemus;
3274 3936 3418 3991 fallit
3463 3938 3615 3992 enim

2022 4020 2364 4091 frequenter,
2404 4020 2655 4091 nihilque
2684 4038 2876 4075 verum
2905 4024 3205 4093 promittit.
3242 4025 3387 4079 Nam
3421 4026 3468 4080 si
3500 4044 3614 4082 non

2024 4110 2316 4164 mendacia
2340 4114 2541 4163 cuncta
2559 4110 2900 4181 loqueretur,
2943 4113 3221 4181 quomodo
3248 4114 3386 4168 talia
3421 4121 3479 4170 et
3495 4121 3612 4171 tam

2022 4198 2243 4252 inﬁnita
2266 4198 2618 4269 promittens,
2647 4199 2813 4252 hamo
2826 4200 3006 4253 crucis
3036 4206 3100 4254 ut
3122 4201 3289 4255 draco
3301 4203 3614 4260 aduncatus

2023 4304 2059 4341 a
2078 4286 2321 4341 Domino
2352 4291 2438 4340 est
2468 4285 2601 4352 (’10),
2625 4292 2682 4340 et
2701 4287 2941 4357 capistro
2968 4288 3175 4358 ligatus
3193 4296 3258 4343 ut
3265 4290 3607 4359 jumentum,

408 4383 650 4437 Diversa
674 4387 866 4435 autem
895 4395 1091 4434 eorum
1120 4384 1178 4432 et
1195 4378 1404 4449 partita
1434 4376 1686 4447 nequitia
1703 4381 1790 4430 est
1808 4372 1937 4447 (38).
1959 4367 2007 4426 D
2023 4382 2081 4431 et
2105 4375 2265 4446 quasi
2294 4374 2633 4446 mancipium
2652 4375 2948 4446 fugitivum
2972 4377 3188 4432 vinctus
3203 4378 3429 4444 circulo,
3448 4385 3505 4433 et
3526 4397 3613 4434 ar-

341 4472 585 4535 Quidam
612 4469 764 4524 enim
783 4469 856 4523 ad
884 4484 1170 4522 summum
1199 4466 1436 4521 nocendi
1462 4466 1726 4521 verticem
1754 4482 1942 4536 perve-

339 4577 498 4623 nere,
519 4559 616 4613 alii
648 4576 712 4613 ex
741 4557 1160 4629 comparatione
1174 4557 1430 4628 pejorum
1447 4555 1707 4609 videntur
1718 4571 1839 4608 esse
1868 4554 1942 4608 le-

338 4650 560 4714 viores;
591 4653 765 4719 atque
810 4662 1004 4701 omnes
1051 4663 1153 4717 pro
1202 4644 1572 4716 possibilitate
1609 4644 1832 4709 virium,
1862 4643 1944 4696 di-

340 4755 505 4793 versa
531 4742 733 4791 contra
762 4735 1013 4806 singulas
1045 4750 1335 4805 sumpsere
1364 4733 1691 4789 certamina.
1729 4732 1939 4787 Idcirco

340 4826 725 4882 necessarium
741 4830 828 4880 est
845 4825 1057 4880 donum
1075 4823 1377 4895 spirituum
1395 4821 1890 4876 discernendorum
1905 4837 1940 4875 a

340 4917 584 4971 Domino
614 4920 809 4986 petere
828 4914 880 4979 (Ι
904 4914 1026 4968 Cor.
1059 4916 1170 4982 xu),
1204 4918 1270 4966 ut
1287 4912 1565 4982 possimus
1585 4910 1940 4964 tamtraudes

342 5022 542 5060 eorum
568 5020 743 5076 quam
763 5002 953 5057 studia
970 5001 1341 5073 pervidentes,
1373 5001 1638 5054 adversus
1661 4999 1941 5069 disparem

343 5111 594 5166 pugnam
624 5109 805 5148 unum
842 5091 1144 5146 Dominicze
1182 5089 1362 5144 crucis
1407 5089 1623 5142 elevare
1658 5088 1938 5142 vexillum.

346 5185 463 5238 Hoc
498 5198 737 5237 munere
764 5181 974 5235 Paulus
1001 5183 1247 5250 accepto,
1281 5177 1515 5231 docebat
1545 5177 1736 5230 dicens
1770 5196 1782 5230 :
1818 5177 1942 5231 Non

345 5274 496 5327 enim
527 5274 654 5343 ejus
673 5271 1001 5342 ignoramus
1029 5267 1266 5323 astutias
1293 5268 1373 5334 (II
1397 5268 1519 5323 Cor.
1555 5267 1639 5335 II).
1668 5265 1752 5319 Ad
1784 5266 1943 5335 cujus

345 5362 664 5433 exemplum
704 5360 876 5414 etiam
911 5374 1014 5413 nos
1042 5361 1265 5428 oportet
1292 5372 1359 5410 ex
1385 5355 1474 5409 his
1502 5371 1624 5425 quae
1668 5354 1818 5425 passi
1847 5371 1944 5408 su-

343 5468 491 5515 mus,
524 5449 742 5505 mutuis
770 5465 875 5503 nos
897 5447 1133 5501 invicem
1158 5446 1437 5500 instruere
1462 5442 1832 5497 sermonibus.

411 5539 630 5595 Hostile
660 5537 776 5610 illis
801 5540 999 5591 contra
1035 5552 1231 5592 omnes
1280 5532 1650 5599 Christianos,
1705 5531 1944 5587 maxime

585 5639 864 5699 ΡΑτιιοι..
908 5635 1187 5697 LXXIII.

2024 4465 2179 4518 milia
2206 4464 2353 4518 labia
2381 4465 2696 4535 perforatus
2726 4467 2838 4531 (Job
2858 4465 2968 4536 XL),
2993 4466 3209 4521 nullum
3231 4467 3458 4522 omnino
3471 4469 3612 4523 ﬁde-

2024 4554 2161 4609 lium
2190 4554 2459 4608 devorare
2487 4553 2869 4624 permittitur?
2889 4556 3048 4609 Nunc
3058 4554 3392 4610 miserabilis
3413 4562 3477 4612 ut
3490 4575 3615 4629 pas-

2024 4660 2132 4705 ser,
2165 4643 2235 4697 ad
2280 4643 2476 4698 ludum
2520 4643 2773 4697 irretitus
2811 4660 2846 4697 a
2883 4644 3104 4697 Christo
3160 4650 3247 4698 est
3281 4643 3418 4716 (41),
3465 4663 3615 4703 nunc

2021 4732 2253 4786 comites
2278 4748 2409 4786 suos
2432 4731 2592 4802 quasi
2615 4731 2935 4802 scorpiones
2955 4737 3013 4785 et
3032 4738 3339 4803 serpentes,
3356 4735 3613 4792 calcaneo

2023 4819 2470 4874 Christianorum
2504 4819 2815 4875 substratos
2859 4821 3055 4889 gemit.
3101 4821 3203 4876 Ille
3230 4823 3327 4893 qui
3356 4824 3617 4880 universa

2021 4909 2201 4962 maria
2229 4926 2262 4962 a
2282 4926 2342 4963 se
2359 4909 2544 4962 deleta
2559 4909 2877 4979 plaudebat,
2892 4909 2986 4964 ille
3004 4909 3099 4981 qui
3118 4910 3310 4966 orbem
3329 4918 3613 4968 terrarum

2023 5014 2194 5051 manu
2224 5014 2325 5052 sua
2353 4998 2531 5051 teneri
2561 4996 2945 5068 pollicebatur,
2960 5016 3086 5054 ecce
3115 5017 3149 5054 a
3168 4999 3320 5055 vobis
3349 5003 3610 5069 vincitur,

2025 5102 2150 5141 ecce
2177 5104 2266 5140 me
2278 5087 2569 5140 adversum
2600 5103 2660 5140 se
2689 5086 2984 5157 prohibere
3001 5105 3112 5143 non
3124 5095 3309 5161 potest
3327 5091 3615 5163 disputan-

2024 5180 2160 5229 tem.
2194 5174 2619 5229 Contemnenda
2640 5180 2743 5241 est,
2771 5176 2948 5243 ﬁlioli,
2964 5179 3187 5248 penitus
3203 5196 3332 5233 cum
3352 5180 3613 5236 inanibus

2010 5263 2206 5318 verbis
2233 5262 2474 5334 superba
2498 5265 2807 5335 jactantia;
2838 5266 3458 5338 fulgorille,quilucere
3476 5271 3616 5324 sesi-

2026 5353 2222 5417 mulat,
2255 5369 2365 5406 non
2394 5353 2510 5407 veri
2538 5354 2802 5424 splendor
2813 5360 2899 5409 est
2916 5356 3165 5422 luminis,
3188 5358 3285 5411 sed
3304 5358 3507 5428 quibus
3527 5375 3615 5412 ar-

2024 5458 2190 5495 surus
2202 5446 2288 5494 est
2298 5441 2511 5495 indicat
2530 5442 2804 5497 ﬂammas.
2821 5444 2962 5497 Nam
2977 5444 3123 5499 dicto
3141 5445 3305 5500 citius
3325 5447 3607 5509 recedens,

2026 5547 2255 5586 suarum
2278 5547 2469 5586 secum
2501 5532 2673 5587 refert
2689 5532 2988 5588 simulacra
3012 5550 3326 5604 poenarum.

3339 5636 3376 5692 5
