3990 6194
413 307 518 378 139

1425 317 1519 372 DE
1556 304 1746 371 VITIS
1784 301 2082 370 Parium
2118 303 2331 370 LIBER
2368 301 2658 372 ramos.

3571 291 3680 375 14d

481 446 992 504 Solentetiamcum
1007 441 1388 497 modulatione
1411 412 1812 511 hennunquam
1833 447 2003 511 appa-
2023 428 2242 507 Arnim,
2275 443 2465 495 tamen
2503 443 2698 496 eadem
2745 449 2894 496 nunc
2939 431 3266 513 explicanda
3313 439 3446 496 sunt
3486 430 3675 507 latius,

409 535 597 592 rentes
624 535 880 608 peallere,
914 533 1056 604 proh
1084 530 1270 585 nefas!
1311 531 1382 584 ad
1417 530 1532 583 haec
1561 529 1616 584 ét
1645 529 1866 600 impure
1905 539 2002 584 ore

409 635 567 682 sacra
593 625 1005 696 Scripturarum
1021 621 1241 691 eloquia
1258 619 1621 673 meditantur.
1656 619 2002 688 Frequenter

411 716 563 770 enim
584 712 898 784 legentibus
923 711 1101 775 nobis,
1118 709 1276 780 quasi
1299 709 1446 762 Echo
1472 709 1542 761 ad
1565 713 1820 762 extrema
1835 707 2002 761 verba

409 804 534 870 43
589 801 946 873 respondent.
987 799 1341 854 Dormientes
1389 805 1608 868 quoque
1660 796 1904 850 oscitant
1929 796 2000 849 ad

409 890 705 950 orandum.
727 895 786 944 ut
813 881 986 944 totius
1003 887 1180 942 noctis
1201 903 1459 941 somnum
1491 885 1765 957 eripiant;
1788 884 2000 956 pleros-

409 997 516 1052 que
539 981 730 1046 etiam,
755 980 889 1034 dum
919 995 977 1032 se
1005 978 1064 1032 in
1089 976 1488 1031 monachorum
1511 974 1783 1028 nobilium
1805 972 2000 1027 habitu

405 1069 772 1134 transferunt,
802 1067 1104 1122 monachos
1133 1069 1408 1128 coercent,
1433 1069 1490 1118 et
1518 1063 1773 1135 pristina,
1799 1062 2000 1134 quibus

409 1159 614 1214 conscii
635 1163 786 1225 sunt,
806 1163 1033 1228 peccata
1057 1155 1372 1226 imputant;
1397 1152 1494 1206 sed
1523 1152 1850 1223 spernendae
1871 1153 2002 1206 sunt

409 1257 604 1303 eorum
632 1247 1060 1318 increpationes,
1085 1251 1141 1298 et
1159 1243 1576 1297 admonitiones
1597 1239 1911 1312 jejunandi,
1929 1240 2003 1292 vi-

406 1337 670 1408 giliarum
702 1343 923 1406 quaque
951 1323 1313 1387 fraudulenta
1339 1331 1642 1401 suggestio.
1665 1329 1750 1385 Ob
1773 1329 1829 1383 id
1851 1329 2001 1384 enim

408 1425 713 1480 familiares
734 1422 894 1478 nobis
919 1423 1130 1494 Species
1160 1428 1472 1484 assumunt,
1495 1426 1559 1473 ut
1583 1419 1860 1472 affinitate
1888 1418 2000 1471 vir—

405 1519 595 1572 tutum
619 1515 903 1578 nocentes,
934 1510 1150 1565 facilius
1179 1511 1329 1564 virus
1373 1509 1730 1571 interserant,
1762 1512 1819 1561 et
1845 1507 2004 1561 irino-

407 1615 596 1660 dentes
625 1615 873 1674 quOSque
901 1613 1000 1672 per
1030 1599 1269 1670 speciem
1303 1595 1611 1651 honestatis
1633 1595 1861 1650 elidant.
1886 1595 1999 1650 Ima

408 1691 669 1766 possﬁbile
689 1693 882 1761 postea”
907 1690 1225 1758 durumque
1255 1685 1358 1740 hoc
1388 1685 1638 1740 studium
1675 1685 1996 1756 praedicant,

2083 531 2216 600 quia
2236 539 2348 584 non
2380 531 2716 585 mediocrem
2747 532 2909 585 affert
2941 531 3202 602 repetitio
3226 532 3530 590 eautelam.

2152 617 2496 674 Adveniente
2518 619 3108 686 Domino,destructus
3139 625 3226 674 est
3251 620 3511 674 inimicus
3544 607 3672 688 (42),

2044 715 2058 724 ‘
2083 713 2140 762 et
2161 721 2326 762 omne
2355 705 2577 780 penitus
2603 710 2724 780 ejus
2745 707 2916 764 robur
2943 707 3214 780 elanguit.
3255 701 3492 780 Propter
3529 708 3678 780 quod

2083 797 2336 868 pristinae
2354 798 2578 852 virtutis
2599 810 2832 864 memor,
2868 798 3026 869 quasi
3048 803 3324 870 tyrannus
3349 799 3470 868 jam‘
3492 813 3680 852 senes-

2085 901 2234 952 cens,
2266 896 2392 941 cum
2413 887 2592 941 ruisse
2623 904 2683 942 se
2711 887 2917 952 videat,
2961 885 3016 941 in
3047 885 3350 958 perniciem
3387 892 3682 957 grassatur

2083 975 2422 1044 humanam;
2453 991 2554 1030 nec
2582 981 2772 1031 tamen
2787 981 2972 1048 potest
2986 977 3212 1031 ﬁrmum
3243 967 3360 1030 Deo
3380 971 3575 1046 pectus
3593 981 3684 1029 (:04

2081 1063 2419 1135 gitationum
2453 1071 2510 1119 et
2536 1066 2866 1120 cacterarum
2899 1056 3160 1119 fraudum
3189 1070 3310 1118 arte
3338 1069 3681 1136 periret-tere.

2083 1154 2228 1208 Nam
2259 1149 2382 1208 luce
2409 1153 2614 1208 clarius
2629 1161 2716 1208 est
2727 1153 2992 1226 quoniam
3006 1145 3314 1208 adversarii
3332 1152 3528 1218 nostri,
3550 1161 3680 1207 cum

2083 1257 2186 1296 nec
2215 1241 2463 1296 humana
2490 1256 2658 1297 carne
2686 1243 2798 1297 sint
2827 1243 3070 1314 septi,ut
3091 1243 3312 1296 causari
3334 1243 3572 1305 valeant,
3592 1241 3680 1295 id-
3770 1269 3778 1276 -

2084 1332 2230 1384 circo
2251 1347 2352 1384 nos
2378 1347 2412 1386 a
2439 1347 2498 1386 se
2528 1337 2640 1386 non
2663 1341 2827 1404 posse
2848 1323 3124 1403 superari,
3149 1331 3297 1402 quia,
3324 1331 3514 1385 clauso
3534 1331 3682 1384 ostio

2081 1419 2348 1476 interiore
2400 1419 2530 1486 (43),
2588 1421 2796 1475 intrare
2839 1433 2951 1475 non
2996 1415 3235 1475 valeant.
3278 1412 3347 1474 Et
3391 1426 3587 1473 revera
3633 1419 3682 1472 si

2079 1505 2317 1563 fuissent
2348 1510 2450 1563 hoc
2478 1503 2662 1580 fragili
2693 1524 2925 1581 corpore
2953 1503 3218 1580 colligati,
3264 1500 3555 1562 obserirato
3585 1508 3675 1562 iti-

2081 1597 2272 1662 troitu,
2311 1598 2508 1652 iisdem
2547 1606 2850 1670 negaretur
2895 1615 3166 1654 accessus.
3206 1601 3350 1653 Cum
3376 1603 3565 1652 autem
3598 1594 3680 1664 (ut

2082 1685 2342 1754 diximus)
2367 1687 2470 1740 hoc
2499 1687 2898 1758 impedimento
2930 1687 3044 1741 sint
3079 1678 3262 1752 liberi,
3297 1692 3354 1740 et
3385 1673 3674 1740 abstracta

406 1761 473 1837 ut
491 1781 628 1836 dum
653 1787 952 1834 onerosum
985 1794 1107 1831 esse
1135 1775 1354 1829 videtur
1376 1774 1523 1846 quod
1552 1779 1794 1845 emptam
1809 1777 1910 1838 est,
1938 1785 2004 1826 ex
2023 1761 2066 1822 Β
2086 1779 2397 1844 penetrent,
2432 1779 2600 1846 atque
2630 1776 2688 1830 in
2719 1777 2872 1830 omni
2887 1775 3362 1830 licentervolitent
3379 1788 3528 1842 aere,
3563 1786 3680 1829 ma-

409 1869 798 1940 desperatione
827 1866 1078 1932 taedium,
1098 1872 1154 1919 et
1185 1879 1248 1918 ex
1284 1864 1448 1917 taedio
1481 1861 1742 1917 succedat
1759 1862 2000 1932 ignavia.
2087 1860 2352 1917 nifestum
2381 1870 2467 1918 est
2496 1861 2566 1918 ob
2597 1865 3016 1919 enervationem
3035 1873 3576 1934 eorumpermanere
3595 1873 3679 1919 ec-

410 1947 624 2014 ldcirco
650 1957 925 2028 propheta
952 1955 1158 2008 missus
1185 1969 1219 2007 a
1239 1952 1496 2016 Domino,
1517 1952 1771 2006 luctuosa
1785 1951 2002 2005 dentma
2085 1951 2266 2006 clesiaa
2292 1964 2492 2023 corpus
2520 1946 2776 2008 illmsum.
2809 1953 3062 2025 Denique
3083 1953 3352 2008 satellites
3382 1943 3679 2024 impiicum

407 2047 575 2113 tians,
607 2045 834 2100 sublimi
859 2061 989 2098 voce
1009 2042 1254 2096 dicebat:
1281 2040 1376 2095 Vae
1397 2041 1489 2111 qui
1510 2045 1668 2112 potat
1689 2040 2002 2111 proximum
2085 2039 2335 2112 principe
2352 2056 2456 2095 suo
2467 2037 2706 2109 diabolo,
2724 2055 2891 2114 quem
2913 2043 3237 2098 Salvatorin'
3257 2041 3558 2113 Evangelia
3576 2035 3680 2096 hos

407 2143 574 2190 suum
622 2127 980 2188 su‘bversione
1022 2131 1249 2185 turbida
1277 2131 1494 2204 (Hahae.
1537 2130 1620 2198 Ιῐ).
1670 2125 2005 2198 Hujusmodi
2088 2129 2350 2182 micidam
2390 2137 2447 2184 et
2477 2137 2695 2202 patrem
2725 2129 2955 2185 malitiae
2991 2130 3061 2186 ab
3096 2124 3256 2186 initio
3284 2123 3455 2186 fuisse
3495 2125 3684 2184 ﬁrmat

409 2239 560 2278 enim
588 2215 1030 2284 exhortamenta,
1048 2219 1581 2290 depravatoriasunt
1598 2215 1834 2280 itineris,
1857 2217 2005 2288 quod
2091 2217 2270 2284 (Joan.
2299 2223 2432 2288 vui),
2458 2217 2618 2274 nobis
2640 2217 2936 2275 adversum
2957 2237 3016 2274 se
3030 2215 3426 2275 dimicantibus
3439 2209 3682 2285 fortiter,

409 2311 564 2366 ducit
609 2311 679 2364 ad
732 2310 952 2364 coelum.
995 2309 1204 2362 Idcirco
1251 2315 1376 2360 cum
1431 2309 1674 2360 venisset
1731 2305 2002 2360 Dominus
2088 2303 2241 2360 nullo
2272 2297 2436 2362 modo
2465 2309 2784 2372 cessissent,
2813 2309 2861 2364 si
2880 2315 3128 2380 potestas
3147 2323 3341 2363 eorum
3359 2305 3685 2363 nonfuisset

409 2401 480 2455 ad
510 2400 781 2464 terras,et
807 2412 938 2452 vera
959 2398 1028 2450 de
1058 2414 1124 2452 eo
1137 2395 1592 2450 daemonesinviti
1610 2395 1996 2465 praedicarent,
2085 2393 2292 2450 ablata.
2325 2397 2468 2451 Nam
2486 2398 2532 2451 si
2565 2398 2824 2462 mentior,
2858 2415 2958 2453 cur
2985 2389 3163 2465 nobis,
3198 2391 3455 2462 Satanas,
3479 2397 3684 2469 parcis,

407 2493 558 2558 (vere
591 2489 742 2542 enim
771 2486 1030 2540 dicebant
1058 2487 1232 2556 [Lucas
1261 2485 1332 2554 iv]
1368 2504 1378 2538 :
1411 2485 1494 2538 Tu
1535 2501 1593 2538 es
1623 2483 1880 2538 Christus
1908 2483 2002 2538 Fia
2083 2485 2179 2554 qui
2211 2483 2417 2556 ubique
2451 2487 2753 2542 discurris?
2775 2501 2892 2554 cur,
2928 2487 3024 2558 qui
3050 2485 3203 2542 nullo
3232 2481 3509 2541 clauderis
3540 2479 3682 2552 loco,

408 2578 518 2631 lius
527 2577 628 2630 Dei
643 2575 1222 2643 vivi),vociferantium
1239 2589 1336 2627 ora
1349 2572 1764 2643 claudebat,qui
1788 2573 2004 2626 vinctas
2087 2572 2381 2627 adversum
2402 2581 2457 2628 te
2478 2574 2620 2629 bene
2633 2575 2934 2629 viventium
2963 2573 3438 2647 etdisputantiutn
3455 2583 3568 2629 non
3591 2580 3688 2646 po3

409 2665 704 2719 hominum
748 2664 970 2733 linguas
1020 2662 1286 2727 solvebat,
1329 2679 1399 2716 ne
1429 2675 1558 2714 cum
1589 2661 1866 2732 praeconio
1893 2659 2008 2714 veri
2088 2660 2174 2714 tes
2199 2659 2535 2717 labefactare
2565 2657 2984 2718 constantiam?

412 2751 795 2825 perversitatis
825 2767 1039 2806 venena
1067 2751 1396 2814 miscerent;
1418 2757 1475 2804 et
1488 2755 1552 2804 ut
1570 2767 1670 2804 nos
1687 2751 1808 2820 ejus
1829 2765 2010 2803 exem-t
2162 2742 2272 2804 Sed
2329 2745 2562 2806 tortasse
2611 2763 2713 2807 nos
2755 2751 2961 2823 diligis,
2995 2760 3135 2824 quas
3189 2743 3442 2824 quotidie
3469 2753 3692 2807 conaris

415 2844 530 2914 pio,
563 2842 782 2896 etiamsi
802 2841 1098 2912 profutura
1123 2841 1442 2904 suaderent,
1468 2839 1524 2893 in
1551 2839 1706 2893 nullo
1739 2839 1826 2892 his
1855 2852 2008 2892 coma
2091 2837 2734 2904 obruere;autcredibile
2749 2846 2828 2895 est
2844 2847 2901 2894 te
2915 2837 3316 2895 essebonitatis
3331 2837 3686 2912 magistrum,

412 2931 772 2985 moderemus
799 2941 1111 2996 assensum,
1145 2929 1276 3000 quia
1323 2928 1570 2999 profecto
1608 2943 1722 2982 non
1749 2927 2012 2998 congruit
2093 2933 2148 2980 et
2175 2927 2358 2981 fat/ere
2385 2929 2564 2999 magis
2585 2930 2812 3000 optimis
2841 2937 3010 3000 quam
3042 2929 3283 2984 nocere?
3309 2921 3379 2984 Et
3409 2923 3542 3001 quid
3568 2936 3686 2984 tam

412 3025 518 3074 ﬁds
551 3027 683 3090 past
713 3018 1031 3072 libertatem
1062 3035 1094 3071 a
1122 3017 1361 3072 Domino
1390 3030 1730 3080 concessam,
1764 3021 1822 3070 et
1859 3016 2009 3070 Seria
2030 3077 2066 3090 ﬂ
2093 3016 2321 3070 charum
2352 3017 2452 3070 tibi
2483 3034 2603 3072 esse
2631 3023 2816 3089 potest
2865 3030 3032 3089 quam
3070 3012 3290 3084 laedere,
3325 3017 3568 3072 maxime
3591 3027 3688 3072 eos

413 3077 709 3180 ptui-arum
739 3113 1017 3178 praecepta
1037 3107 1245 3174 vitalia,
1261 3123 1294 3160 a
1313 3105 1534 3160 diabolo
1564 3077 1782 3159 vivendi
1811 3121 2008 3176 capere
2025 3077 2070 3136 Ο
2093 3077 3692 3177 quituissceleribusviriliteriepugnant,secundumquod

411 3197 662 3262 consilia,
685 3197 781 3268 qui
801 3209 964 3250 suum
986 3196 1248 3249 deserens
1269 3191 1543 3260 ordinem,
1564 3205 1784 3248 sacrum
1804 3190 2010 3248 Christi

417 3284 1045 3355 taneravitimperium.
1069 3285 1374 3354 Propterea
1396 3283 1567 3336 etiam
1596 3282 1870 3336 Dominus
1881 3297 2010 3335 eum

352 3436 361 3445 κ
415 3374 488 3428 de
515 3369 818 3444 Scripturis
847 3373 1170 3443 loquentem
1187 3371 1420 3442 jubebat
1435 3375 1638 3438 tacere,
1661 3371 1795 3442 quia
1823 3385 2012 3441 pecca-

413 3455 522 3517 tari
545 3463 679 3516 dicit
698 3463 847 3516 Dens
876 3480 888 3514 :
925 3462 1109 3526 Quare
1138 3467 1200 3515 tu
1231 3476 1458 3514 enarras
1483 3460 1736 3530 justitias
1763 3476 1934 3524 meas,
1957 3461 2014 3512 et

415 3551 1070 3605 assumistestamentum
1086 3567 1272 3602 meum
1283 3565 1384 3620 per
1397 3566 1459 3602 os
1471 3549 1806 3613 tuum(Psal.
1826 3547 2012 3609 XLIX)?

416 3639 620 3694 Omnia
647 3639 928 3692 daemones
958 3638 1245 3700 simulant,
1280 3637 1676 3707 colloquuntur
1703 3651 1848 3706 saepe
1885 3651 2010 3688 curn

2092 3193 2361 3264 scriptum
2394 3199 2513 3247 est:
2540 3193 2674 3264 quia
2697 3193 3043 3249 abotninatio
3079 3199 3166 3248 est
3192 3195 3371 3266 pietas
3409 3193 3690 3266 peccatoi‘i

2097 3283 2282 3351 (Ecch'.
2308 3289 2364 3352 η.
2399 3282 2534 3346 Quis
2555 3287 2669 3336 tam
2703 3279 3011 3338 secundum
3041 3284 3112 3337 ad
3141 3280 3416 3338 malitiam
3441 3283 3694 3355 possidet

2094 3373 2288 3441 pectus
2302 3371 2328 3424 7
2338 3371 2462 3442 quis
2470 3372 2588 3426 tam
2611 3371 2910 3426 meditatas
2929 3371 3164 3442 implere
3178 3375 3416 3427 conatur
3427 3367 3691 3426 insidias?

2095 3460 2313 3514 Scimus
2328 3467 2384 3514 te
2395 3460 2838 3532 impurissimum
2852 3461 3107 3528 cadaver;
3121 3461 3328 3515 scimus
3339 3461 3472 3532 quia
3481 3461 3689 3515 idcircd

2095 3547 2332 3602 vivimus
2359 3548 2684 3616 Christiani,
2719 3553 2775 3603 et
2791 3555 2986 3620 contra
3013 3554 3070 3602 te
3081 3548 3240 3602 nobis
3253 3553 3339 3603 est
3352 3555 3549 3604 secura
3563 3563 3694 3603 con-

2093 3636 2326 3706 gressio,
2352 3637 2482 3707 quia
2511 3638 2834 3692 infirmatus
2855 3653 2916 3692 es
2947 3653 2980 3691 a
3007 3635 3265 3692 Domino.
3308 3635 3441 3692 Ideo
3467 3638 3536 3692 de
3575 3625 3692 3692 tuis

413 3727 702 3791 fratribus,
735 3737 881 3796 stripe
902 3741 1030 3779 cum
1062 3725 1228 3780 turba
1256 3726 1570 3779 inconditos
1596 3725 1838 3778 excitant
1867 3725 2014 3778 soni-
2095 3724 2406 3779 confoderis
2427 3725 2788 3798 jacuhs,quia
2808 3727 3174 3781 minationem
3193 3729 3348 3780 tuam
3374 3741 3486 3780 non
3508 3726 3693 3797 sequi-ﬁ

414 3822 530 3878 tas,
563 3825 766 3869 manus
791 3815 1242 3885 apprehendunt,
1277 3814 1521 3879 sibilant,
1566 3814 1902 3885 insipienter
1927 3831 2015 3868 ca-
2096 3819 2190 3866 tur
2217 3815 2445 3869 effectus
2470 3817 2649 3886 :quod
2670 3816 2716 3869 si
2738 3813 3001 3882 fallimur,
3022 3829 3123 3870 cur
3141 3831 3267 3868 cum
3286 3821 3502 3869 terrore
3517 3815 3693 3870 simus-

416 3905 704 3968 chinnant,
733 3909 798 3957 ut
825 3903 909 3956 vel
941 3903 997 3957 in
1027 3908 1234 3973 puncto
1255 3903 1464 3974 peccati
1509 3903 1891 3957 Christianum
1922 3920 2014 3974 pes
2095 3903 2228 3968 lato,
2247 3919 2350 3957 cur
2369 3903 2753 3974 magnitudine
2774 3915 3071 3976 corporum
3092 3905 3343 3958 nostram
3365 3903 3693 3975 aggrederis

417 3999 540 4047 etus
566 3993 868 4046 introeant.
888 3993 1141 4062 Cumque
1167 3991 1237 4046 ab
1253 3992 1529 4046 universis
1551 3992 1762 4045 fuerint
1782 3992 2010 4063 repulsi,
2096 3989 2301 4044 fidem?
2331 3991 2388 4046 Si
2416 3992 2760 4047 voluntatem
2792 3993 3049 4064 sequitur
3074 3991 3432 4064 possibilitas,
3465 3993 3690 4046 tantum

417 4083 486 4135 ad
505 4087 815 4135 extremum
831 4077 1175 4134 debilitatem
1199 4095 1358 4134 suam
1379 4081 1779 4134 lamentatione
1799 4085 2013 4134 testans
2094 4079 2197 4133 tibi
2229 4081 2367 4135 velle
2392 4081 2650 4136 sufficiat.
2679 4079 2732 4137 Is
2751 4081 2902 4136 enim
2918 4081 3185 4153 potentia?
3196 4095 3318 4136 mos
3330 4083 3433 4146 est,
3453 4091 3566 4135 non
3591 4091 3693 4135 ex-s

417 4175 535 4224 tur.
567 4169 916 4224 EtDominus
937 4169 1162 4240 quidem
1196 4170 1354 4239 quasi
1365 4170 1533 4236 Deus,
1557 4175 1612 4223 et
1630 4185 1743 4222 suae
1761 4169 2014 4224 conscius
2095 4175 2293 4224 tranea
2307 4167 2536 4224 fallaciae
2547 4169 3232 4240 adjumentaconquirere,
3256 4167 3352 4223 sed
3369 4169 3693 4224 suavirtute

418 4259 760 4330 majestatis,
793 4257 1178 4312 obmutescere
1200 4258 1288 4313 his
1316 4257 1630 4329 imperabat
1657 4277 1670 4324 ;
1702 4273 1806 4312 nos
1825 4265 2014 4312 autem
2096 4257 2330 4330 implere
2343 4259 2489 4330 quod
2503 4250 3694 4330 cupiat.Atnuncdumtheatralimutatione

420 4347 666 4418 vestigiis
696 4349 1386 4413 sanctorummbaerentes,
1409 4346 1664 4402 eamdem
1689 4346 2018 4417 gradiamur
2097 4348 2406 4401 formarum
2441 4346 2742 4418 (44),quasi
2773 4347 2970 4402 rudem
2997 4344 3293 4401 infantiam
3321 4347 3538 4401 scenica
3563 4345 3693 4424 44

420 4437 585 4494 Viam.
618 4437 714 4508 qui
742 4441 1083 4490 memoratas
1098 4436 1358 4490 subtilius
1370 4437 1618 4490 fallacias
1639 4437 2008 4508 pervidentes’,
2027 4425 2076 4487 D
2097 4435 2293 4489 niteris
2323 4435 2680 4503 simulatione
2702 4434 2987 4502 deludere,
3021 4435 3322 4490 exhaustas
3341 4435 3489 4489 Vires
3505 4435 3693 4490 mani-

419 4526 736 4580 eanebant:
764 4527 900 4581 Com
931 4524 1263 4578 consisteret
1281 4525 1579 4580 adversum
1611 4543 1701 4580 me
1732 4532 2009 4596 peccator,
2096 4524 2291 4578 festius
2305 4523 2943 4596 probas.Nunquidnam
2957 4537 3119 4580 verus
3137 4513 3232 4578 ille
3252 4521 3484 4595 angelus
3497 4527 3698 4578 contra.

418 4614 671 4668 obmutui
706 4653 719 4679 ,
771 4618 830 4667 et
866 4612 1196 4666 humiliatus
1244 4629 1369 4667 sum
1401 4653 1415 4678 ,
1469 4621 1526 4667 et
1590 4614 1719 4667 silui
1776 4627 1810 4667 a
1855 4614 2016 4668 bonis
2097 4613 2354 4684 Assyrios
2392 4613 2596 4668 missus
2625 4626 2660 4667 a
2687 4613 2928 4668 Domino
2945 4612 3004 4686 (1
3013 4607 3050 4668 ν
3065 4611 3184 4682 Reg.
3221 4617 3356 4680 ΧΠ),
3397 4615 3497 4667 aut
3519 4618 3695 4684 pupae

416 4701 590 4772 (Psal.
621 4700 868 4772 xxxviii).-
910 4701 978 4755 Et
1006 4701 1212 4756 iterum
1247 4720 1258 4754 :
1296 4702 1410 4772 Ego
1440 4717 1572 4756 vero
1600 4707 1870 4772 tanquam
1898 4717 2018 4756 suré

419 4789 525 4843 dus
553 4799 665 4843 non
712 4789 1028 4855 audiebam,
1061 4794 1118 4844 et
1159 4790 1304 4844 sicut
1360 4795 1552 4844 mutus
1600 4805 1710 4844 non
1759 4791 2017 4860 aperiens

419 4890 482 4932 os
529 4885 728 4944 suam;
781 4882 840 4932 et
877 4874 1067 4932 factus
1113 4890 1237 4933 sum
1298 4881 1361 4932 ut
1417 4879 1584 4932 homo
1621 4892 1732 4932 non
1781 4879 2016 4934 audiens

418 4967 587 5033 (Paul.
619 4971 850 5035 xx‘xvn).
879 4967 1140 5021 Christus
1163 4967 1449 5021 silentium
1496 4969 1560 5020 ut
1607 4967 1879 5022 Dominus
1907 4968 2016 5022 ima

421 5055 653 5125 paravit,
684 5069 791 5108 nos
816 5055 1040 5110 diabolo
1083 5053 1222 5110 nihil
1267 5055 1582 5120 credamus,
1617 5065 1674 5110 et
1706 5056 2010 5112 vincemus.

421 5143 480 5197 Si
509 5153 671 5198 amre
702 5144 1063 5214 compellunt,
1096 5145 1142 5196 si
1159 5143 1376 5214 jejunia
1404 5145 1661 5210 suadent,
1693 5153 1804 5199 non
1833 5155 1896 5200 ex’
1926 5161 2015 5199 eos

419 5245 546 5286 rum
569 5245 671 5286 nos
702 5233 948 5297 monitis,
974 5233 1071 5286 sed
1093 5247 1158 5286 ex
1179 5239 1371 5287 nostra
1381 5233 1790 5288 consuetudine
1809 5234 1866 5288 id
1887 5251 2016 5304 agas

397 5335 564 5374 'mus.
597 5321 849 5391 Denique
878 5318 1050 5374 etiam
1074 5321 1120 5375 si
1155 5322 1432 5376 irruentes
1470 5329 1708 5376 mortem
1747 5323 1910 5376 nobis
1933 5323 2016 5376 in-

417 5415 637 5462 tentare
657 5409 1192 5474 videantur,ridendi
1207 5409 1397 5480 potius
1418 5416 1736 5482 suntquam
1754 5412 2008 5479 timendi,

419 5498 554 5568 quia
570 5511 696 5552 cum
711 5499 826 5552 sint
847 5498 1078 5565 debiles,
1103 5499 1392 5553 minantur
1412 5503 1632 5565 cuneta,
1651 5509 1754 5554 nec
1780 5501 2007 5554 faciunt.

417 5587 688 5658 Equidem
738 5588 807 5642 de
839 5587 966 5642 istis
1002 5589 1125 5660 jam
1164 5588 1488 5643 transitorie
1526 5601 1618 5644 me
1665 5589 1870 5644 dixisse
1899 5604 2013 5644 mea

2099 4703 2282 4756 lorum
2303 4701 2458 4772 eguit
2469 4700 2752 4770 societate,
2773 4708 2869 4758 aut
2891 4703 3108 4758 sonitus
3127 4701 3397 4773 quaesivit,
3416 4708 3515 4756 aut
3528 4700 3696 4772 plank

2099 4804 2222 4860 sus;
2247 4795 2304 4846 et
2327 4807 2439 4846 non
2469 4791 2656 4863 potius
2678 4791 2906 4846 tacitam
2925 4803 3188 4846 exercens
3207 4795 3700 4862 potestatem,cen-

2097 4881 2220 4935 tum
2249 4881 2784 4952 octogintaquinque
2804 4879 2983 4936 millia
3003 4879 3538 4946 hostium,sermone
3549 4877 3701 4934 velo-

2099 4969 2238 5029 cius,
2247 4971 2410 5040 juxta
2415 4968 2665 5040 jubentis
2675 4967 2900 5025 Domini
2910 4967 3213 5042 prostravit
3229 4968 3561 5040 imperitas?
3575 4967 3700 5024 Vcs

2099 5065 2232 5128 ergo
2253 5067 2378 5112 cum
2400 5057 2626 5128 fragiles
2655 5059 2786 5114 sitis
2804 5057 3032 5126 Viribus,
3053 5058 3365 5130 perpetuus
3384 5070 3480 5112 vos
3499 5065 3698 5112 cons'eu

2097 5149 2291 5218 quitur
2316 5147 2598 5202 interitus.
2869 5201 2874 5206 .

2169 5231 2299 5289 CAP.
2334 5233 2506 5290 XVII.
2525 5257 2572 5276 ιι-
2592 5235 2666 5290 At
2687 5230 2835 5292 dicet
2854 5233 3056 5309 aliquis
3079 5255 3091 5290 :
3127 5227 3243 5292 Cur
3262 5235 3517 5292 diabolus
3537 5243 3698 5306 egre

2096 5323 2272 5389 diens,
2299 5323 2450 5378 beati
2479 5323 2586 5378 Job
2611 5335 2836 5380 omnem
2861 5315 2920 5380 in
2957 5327 3181 5380 ruinam
3210 5323 3433 5396 impulit
3459 5323 3696 5380 domum

2098 5415 2214 5471 (Job
2234 5413 2314 5482 1)?
2337 5428 2437 5467 cur
2455 5415 2578 5484 ejus
2607 5413 2804 5485 Opibus
2829 5412 3052 5486 penitus
3075 5413 3380 5486 dissipatis,
3411 5413 3693 5485 parietum

2096 5515 2317 5572 quoque
2339 5500 2704 5557 fundamenta
2715 5501 3062 5571 subvertens,
3075 5513 3252 5559 unum
3273 5509 3586 5558 numerose
3603 5508 3694 5556 εσι

2095 5589 2238 5645 bolis
2257 5589 2928 5664 coacerv'avitsepulcmm
2947 5589 3130 5664 (Ibid,
3148 5593 3248 5662 it)?
3277 5598 3378 5648 cur
3405 5591 3591 5663 ipsum
3614 5592 3690 5646 ad
