3990 6194
326 363 425 428 fit

1414 348 1583 415 VlTA
1621 348 1829 414 BEATI
1867 346 2170 415 ANTONII
2207 346 2528 417 Aesaris.

3500 352 3601 431 Mi

317 500 639 551 extremum
671 482 781 547 diri
809 492 1050 546 vulneris
1075 482 1323 544 novitate
1342 482 1660 573 percussit?
1682 487 1787 550 Qui
1817 475 1919 541 hoc
1940 473 1983 546 Ᾱ
2001 487 2092 540 nia
2107 486 2543 552 considerantes,
2564 484 2757 559 rapido
2769 486 3598 554 eursdsib‘iinvicenmuntiau‘t.

314 585 575 655 opponit,
594 583 787 637 audiat
799 599 828 635 e
841 582 1062 634 diverso
1079 594 1089 626 ε
1106 587 1219 633 non
1236 577 1517 631 diabolum
1535 577 1780 647 potuisse
1798 578 1917 641 hoc,

313 674 415 726 sed
446 673 770 733 Dominum,
799 688 833 723 a
861 687 971 740 quo
992 675 1238 726 potestas
1275 667 1571 721 adversum
1605 683 1704 719 nos
1735 666 1921 736 dupli-

312 762 459 814 citer
488 761 675 825 datur,
699 748 785 813 vel
812 759 883 812 ad
908 758 1164 828 gloriam,
1186 757 1231 809 si
1260 756 1580 827 probamur,
1607 755 1691 807 vel
1720 756 1788 808 ad
1812 772 1922 825 pm-

311 867 474 914 nam,
494 851 540 904 si
566 840 966 920 delinquimus.
984 847 1128 910 Quin
1148 845 1331 917 potius
1354 862 1416 898 ex
1442 845 1545 897 hoc
1573 843 1924 897 animadver-

313 943 419 1004 tat,
456 956 528 992 ne
566 942 761 991 contra
812 952 990 990 unum
1032 934 1257 1005 quidem
1303 920 1587 986 hominem
1637 932 1919 985 diabolum

313 1026 628 1099 quidquam
658 1027 924 1097 potuisse,
962 1025 1008 1077 si
1036 1041 1149 1077 non
1177 1028 1514 1093 potestatem
1555 1023 1857 1092 accepisset
1885 1040 1919 1075 a

312 1118 578 1171 Domino.
614 1116 813 1170 Nullus
838 1114 991 1168 enim
1015 1114 1161 1183 quod
1189 1130 1301 1166 suze
1331 1112 1561 1165 ditionis
1586 1118 1675 1170 est
1708 1111 1778 1164 ab
1807 1112 1916 1165 alio

310 1200 672 1276 deprecatur.
707 1204 816 1259 Sed
845 1203 978 1274 quid
1008 1190 1113 1255 Job
1141 1214 1408 1261 memoro,
1438 1210 1602 1270 quem
1631 1214 1731 1253 nec
1753 1214 1915 1269 expe-

309 1293 483 1347 titum
505 1295 689 1364 potuit
707 1292 967 1346 vincere?
982 1288 1078 1344 sed
1098 1302 1197 1343 nec
1216 1295 1409 1343 contra
1418 1290 1677 1357 jumenta
1692 1288 1916 1358 quidem

309 1384 455 1452 ejus,
466 1400 569 1437 nec
583 1385 777 1436 contra
792 1398 919 1435 oves
940 1379 1216 1441 suas,sine
1232 1392 1494 1432 concessu
1513 1378 1615 1431 Dei
1630 1378 1915 1447 proprium

307 1470 488 1525 robur
508 1471 779 1525 eXercuit.
804 1461 893 1523 Sic
919 1469 1087 1523 etiam
1112 1467 1478 1535 inEvan'gelio
1498 1465 1764 1536 scriptum
1790 1472 1875 1519 est
1899 1486 1909 1519 :

312 1559 617 1614 Dzemones
646 1564 833 1613 autem
867 1557 1141 1627 rogabant
1171 1570 1318 1620 enm,
1348 1554 1596 1608 dicentes
1621 1574 1630 1607 :
1672 1555 1731 1607 Si
1762 1542 1915 1624 ejicis

308 1668 416 1703 nos
435 1650 590 1715 hinc,
616 1650 775 1703 mitte
790 1658 891 1701 nos
903 1647 961 1700 in
978 1662 1205 1716 gregem
1228 1654 1521 1715 porcorum
1539 1643 1745 1713 (Matth.
1769 1650 1909 1709 vim.

308 1739 613 1802 Quomodo
631 1738 802 1808 igitur
816 1737 913 1806 qui
929 1746 1223 1807 porcorum
1245 1739 1516 1804 expetunt
1536 1739 1762 1797 mortes,
1780 1733 1915 1786 ima-

306 1829 508 1897 ginem
534 1814 640 1881 Dei
670 1822 977 1886 hominem,
1001 1830 1058 1877 et
1083 1828 1201 1876 tam
1221 1824 1451 1876 charum
1482 1822 1771 1876 Conditori‘
1802 1823 1920 1875 ani-

308 1918 427 1969 mal
467 1922 572 1969 suo
614 1914 874 1969 valebunt
906 1915 1034 1984 jure
1060 1908 1429 1983 pervertere?

384 2006 615 2076 Magna.
633 2002 1001 2068 dilectissimi,
1017 2002 1313 2055 adversum
1335 2000 1733 2070 daemonesUS)
1758 2012 1915 2056 arma

308 2090 576 2148 suntvita
589 2095 809 2147 sincera
821 2096 877 2146 et
889 2093 1223 2145 intemerata
1234 2080 1303 2143 ad
1319 2090 1495 2144 Deu‘m
1514 2090 1669 2143 ﬁdes.
1691 2088 1913 2145 Credite

304 2183 449 2236 mihi
491 2186 757 2253 experto:
791 2180 1136 2251 pertimescit
1165 2179 1401 2233 Satanas
1432 2183 1579 2231 recte
1610 2179 1912 2233 viventium

304 2272 550 2341 vigilias,
570 2271 868 2336 orationes,
882 2269 1118 2339 jejunia,
1140 2268 1643 2332 mansuetudinem,
1664 2270 1913 2323 volunta-

304 2361 451 2414 riam
487 2352 1062 2431 paupertatem,vanze
1082 2357 1274 2427 gloriae
1303 2362 1707 2427 contemptum,
1732 2348 1915 2410 humi-

302 2448 552 2513 litatem,
571 2447 1037 2511 misericordiam,
1056 2447 1152 2500 irae
1171 2445 1541 2507 dominatum,
1559 2451 1615 2498 et
1635 2446 1912 2516 praecipue

301 2555 517 2609 purum
537 2555 635 2591 cor
648 2554 783 2607 erga
800 2536 1008 2590 Christi
1025 2534 1468 2589 amoremNovit
1480 2536 1804 2588 teterrimus
1824 2552 1911 2588 co-

299 2620 489 2690 luber,
523 2644 589 2679 ex
619 2628 897 2696 praecepto
928 2620 1151 2678 Domini
1183 2623 1284 2677 sub
1306 2624 1589 2693 justorum
1624 2639 1683 2676 se
1722 2624 1910 2692 jacere

300 2715 577 2786 vestigiis,
604 2714 701 2784 qui
724 2714 803 2767 ait
828 2732 838 2765 :
862 2714 1001 2767 Ecce
1023 2712 1150 2766 dedi
1174 2708 1325 2765 vobis
1346 2715 1679 2782 potestatem
1697 2714 1910 2766 calcare

302 2822 480 2876 super
509 2808 799 2874 serpentes
829 2807 887 2856 et
914 2802 1252 2872 scorpiones,
1278 2806 1334 2854 et
1362 2810 1530 2871 super
1556 2818 1779 2855 onmem
1809 2802 1913 2854 vir-

304 2900 492 2947 tutem
525 2892 736 2946 inimici
770 2893 939 2955 (Lucae
966 2892 1042 2957 ii).

379 2982 437 3035 Si
469 2984 666 3034 autem
698 2984 755 3033 et
783 2978 1184 3032 divinationem
1232 2995 1291 3031 se
1322 2976 1528 3032 habere
1557 2978 1908 3043 simulantes,

307 3078 579 3124 venturos
609 3069 811 3123 fratres
840 3067 1238 3133 nuntiavcrint,
1275 3070 1330 3120 et
1358 3067 1636 3120 adfuerint
1663 3078 1800 3139 quos
1826 3084 1913 3121 ve-

2006 576 2110 630 Sed
2125 577 2166 629 si
2186 578 2326 630 forte
2348 578 2645 647 contigerit
2661 585 2723 632 ut
2740 578 2834 632 Dei
2849 586 2987 634 nutu
3012 574 3080 635 πᾶ
3097 582 3265 637 ﬁnem
3285 582 3468 655 Coepta
3487 590 3603 640 non

2004 666 2247 731 veniant,
2280 667 2385 719 hoc
2413 673 2517 732 est,
2550 667 2599 720 si
2631 672 2730 721 aut
2758 669 2941 722 viator
2967 681 2996 723 e
3026 671 3211 725 media
3244 666 3603 744 regrediatur'

2004 755 2112 818 via,
2144 761 2244 809 aut
2274 772 2555 827 suspensze
2579 756 2820 809 nubibus
2840 770 2997 828 aquae
3026 752 3097 813 ad
3123 751 3300 815 altum
3326 764 3453 817 cteli
3472 766 3602 818 car:

2006 843 2057 894 di
2068 859 2191 896 nem
2204 844 2684 910 deferantur,tunc
2698 846 3094 916 decipientiUm
3110 856 3220 904 una
3231 864 3356 904 cum
3368 842 3596 906 creden—

2005 924 2152 985 tibus
2173 951 2329 985 error
2348 932 2751 1004 aperitur.ilzec
2766 934 3096 1005 gentilitatis
3122 930 3274 993 fuere
3298 941 3592 1013 principia,

2004 1020 2089 1073 his
2103 1022 2525 1091 praesagitorum
2539 1023 2680 1077 dolis
2691 1024 2838 1095 apud
2851 1024 3083 1079 delubra
3094 1020 3409 1083 daemonum
3422 1046 3596 1100 quon-

1999 1109 2129 1162 dam
2152 1106 2521 1165 credebantur
2550 1113 2774 1167 oracula
2800 1132 2811 1164 :
2845 1130 2967 1185 quae
2992 1115 3236 1170 adventu
3258 1106 3481 1172 Domini
3498 1124 3595 1173 no-

1999 1199 2100 1251 stri
2119 1189 2249 1253 .lesu
2272 1200 2498 1266 Christi,
2526 1192 2731 1256 indicto
2761 1196 2865 1256 sibi
2888 1194 3115 1258 silentio
3135 1202 3261 1273 (i7),
3297 1201 3596 1262 obmutues

2000 1294 2150 1351 runt,
2184 1296 2439 1360 suosque
2464 1290 2755 1360 perdidere
2794 1293 3058 1363 captivos.
3113 1290 3251 1358 Quis
3289 1297 3470 1366 (rogo?
3497 1296 3596 1351 aut

2001 1377 2273 1431 medicum
2298 1388 2361 1430 ex
2386 1378 2769 1433 observatione
2795 1380 3137 1447 morborum,
3154 1388 3281 1436 cum
3308 1385 3507 1439 animae
3527 1392 3600 1440 ae:

1999 1467 2239 1519 stuantis
2254 1458 2573 1521 incendium
2601 1468 2668 1521 de
2694 1472 2960 1523 venarum
2978 1466 3147 1541 pulsu
3166 1474 3274 1526 levi
3289 1464 3595 1543 digitorum

1992 1556 2268 1608 scrutatur
2278 1561 2485 1610 attactu
2498 1557 2759 1621 ,divinam
2772 1558 3078 1614 arbitratur
3091 1551 3294 1616 habere
3307 1553 3597 1619 notitiam?

1998 1643 2134 1707 Quis
2151 1644 2584 1714 gubernatorem
2604 1646 2975 1717 navigationis
2995 1660 3109 1703 sua)
3129 1651 3274 1704 viam
3305 1653 3454 1706 inter
3468 1644 3595 1709 δωῗὶ

1997 1732 2178 1785 sidera
2194 1734 2573 1803 requirentem
2582 1737 2693 1804 ma‘j
2701 1738 2817 1789 esta
2825 1737 2895 1789 tis
2908 1737 3595 1807 honore‘veneratuﬂQuis

2000 1822 2239 1890 agrico‘i
2250 1836 2299 1875 in
2311 1822 2391 1875 .de
2411 1822 2582 1876 aridis
2604 1824 2813 1878 aestatis
2825 1818 3147 1891 fervoribus,
3164 1836 3263 1883 adt
3277 1830 3349 1884 de‘
3363 1820 3593 1887 hiemali

1942 1923 1982 1982 Β
2001 1926 2165 1980 aqua:
2186 1918 2279 1962 um
2298 1910 2556 1979 largitate
2580 1911 2659 1964 vel
2691 1906 2895 1982 frigore
2915 1910 3314 1985 disputantem,
3344 1935 3457 1973 non
3490 1934 3590 1991 po-

1998 1998 2111 2051 tius
2136 2000 2479 2069 experientia
2501 2001 2710 2065 laudat,
2726 2016 2895 2071 quam
2908 2003 2999 2056 dei
3019 2010 3309 2060 consecrat
3327 1998 3597 2064 nomine?

2065 2087 2294 2145 Verum,
2328 2092 2391 2141 ut
2434 2090 2802 2144 concedamus
2831 2092 3116 2163 paulisper
3153 2104 3282 2148 Vera
3311 2098 3599 2154 dat-mones
3687 2129 3694 2136 -

1996 2176 2276 2241 nuntiare,
2308 2178 2641 2247 respondete
2686 2179 2841 2245 mihi,
2876 2181 2998 2250 quis
3046 2176 3259 2237 fructus
3300 2192 3385 2239 est
3426 2190 3595 2243 no's‘se‘

1996 2264 2301 2318 venientia?
2314 2266 2582 2336 Nunquid
2600 2268 2700 2320 aut
2722 2268 2903 2321 sciens
2931 2270 3047 2323 haec
3069 2272 3370 2342 aliquando
3396 2272 3589 2331 lauda:

1996 2358 2219 2417 tos,aut
2237 2355 2465 2424 punitus
2479 2361 2561 2409 est
2581 2356 2869 2410 nesciens?
2887 2359 2955 2412 In
2965 2358 3065 2413 hoc
3081 2363 3472 2435 unusquisque
3484 2354 3591 2420 sibi

1994 2450 2289 2513 praeparat,
2314 2456 2411 2497 seu
2442 2449 2740 2509 tormenta,
2767 2461 2865 2499 seu
2884 2447 3142 2517 gloriam".
3166 2450 3211 2503 si
3231 2451 3316 2505 vel
3342 2444 3592 2524 negligat

1996 2530 2415 2601 Scripturarum
2446 2533 2731 2599 mandata,
2762 2535 2846 2588 vel
2874 2536 3058 2591 faciat.
3086 2538 3289 2593 Nullus
3316 2528 3385 2594 ob
3406 2542 3462 2595 id
3492 2550 3589 2598 no-

1993 2627 2172 2673 strum
2202 2621 2345 2675 hanc
2374 2621 2614 2692 arripuit
2632 2623 2823 2688 vitam,
2856 2629 2919 2678 ut
2946 2625 3151 2681 habeat
3178 2622 3589 2698 pa‘zescientiam

1993 2708 2329 2775 futurorum,
2360 2709 2455 2763 sed
2485 2716 2547 2764 ut
2574 2713 2865 2783 prmceptis
2894 2714 3117 2769 Demini
3146 2718 3271 2782 .-εδ
3300 2709 3584 2787 obe’diens,

1995 2798 2207 2850 amicus
2227 2798 2589 2869 esseincipiat
2604 2800 2671 2853 de
2692 2818 2869 2854 servo.
2888 2800 3211 2859 Curandum
3233 2812 3589 2880 eStnonpra}:

1995 2885 2136 2939 scire
2156 2898 2278 2956 quae
2316 2888 2564 2973 veniunt,
2596 2887 2693 2942 sed
2724 2883 2956 2961 implere
2979 2908 3100 2962 quae
3124 2895 3283 2964 jussa
3302 2890 3461 2964 sunt;
3487 2900 3590 2953 u'e‘c

1994 2975 2440 3029 institutionibus
2456 2975 2614 3030 bonis
2638 2979 2777 3032 hanc
2815 2980 3071 3049 ﬂagitare
3097 2984 3432 3053 mercedem,
3459 2990 3593 3042 cum

1995 3064 2173 3131 magis
2194 3064 2497 3119 debeamus
2517 3065 2807 3120 victoriam
2829 3074 3024 3123 contra
3043 3066 3329 3127 diabolum
3345 3067 3421 3128 ab
3438 3069 3597 3131 anxi-‘
3688 3084 3693 3091 '

306 3161 431 3239 nire
454 3155 852 3230 praedixerant,
872 3174 974 3210 nec
993 3156 1070 3211 sic
1084 3154 1220 3210 ﬁdes
1236 3159 1322 3209 est
1334 3152 1739 3210 commodanda
1760 3168 1914 3209 men-
1929 3160 1971 3220 C
1994 3153 2191 3205 liatore
2214 3153 2451 3208 Domino
2476 3154 2778 3224 pOStUlaPe~
2805 3148 2911 3211 Sed
2939 3158 2983 3210 Si
3007 3149 3149 3214 ἲὸΐῖθ
3175 3152 3379 3231 {inﬁdis
3402 3164 3508 3219 hO‘C
3526 3152 3590 3220 Ῐῗέ

306 3236 578 3302 dacibus:
613 3245 683 3300 ob
715 3246 768 3300 id
800 3247 952 3300 enim
981 3250 1311 3316 praecessere
1333 3245 1706 3303 venientesmt
1725 3236 1915 3299 credu-

307 3332 439 3391 litas
466 3337 572 3391 sibi
603 3343 837 3407 paretur
863 3338 929 3388 ex
957 3334 1171 3398 nuntio,
1198 3340 1254 3388 et
1275 3338 1466 3403 postea
1495 3334 1681 3387 aditus
1707 3337 1772 3386 ex
1801 3351 1914 3387 cre-

307 3416 549 3479 dulitate
577 3424 829 3478 fallaciis.
857 3424 1067 3477 Verum
1105 3422 1162 3475 in
1194 3423 1297 3476 hoc
1347 3423 1561 3475 nullum
1594 3414 1912 3476 Christiano

307 3514 478 3568 debet
508 3532 632 3568 esse
660 3513 1016 3573 miraculum,
1040 3530 1167 3565 cum
1198 3518 1309 3565 non
1328 3514 1550 3564 tantum
1577 3511 1673 3581 qui
1692 3511 1914 3564 levitate

307 3612 529 3658 naturze
549 3620 651 3674 per
665 3600 866 3656 cuncta
879 3598 1220 3667 discurrunt,
1237 3601 1459 3654 valeant
1480 3601 1769 3670 pervenire
1781 3618 1913 3669 gra-

308 3680 559 3758 dientes;
577 3692 679 3745 sed
688 3682 945 3744 homines
958 3707 1177 3761 quoque
1190 3706 1461 3758 equorum
1476 3689 1765 3742 velocitate
1778 3696 1915 3759 prai-

309 3782 473 3841 vecti,
498 3782 765 3835 nuntiant
786 3780 1095 3832 adfuturos.
1116 3780 1238 3831 Non
1263 3778 1412 3831 enim
1436 3794 1503 3831 ea
1526 3794 1647 3847 quae
1665 3777 1912 3831 nondum

312 3872 433 3924 ﬁeri
453 3876 641 3940 coepta
669 3875 802 3923 sunt
834 3865 1100 3931 referunt,
1136 3867 1267 3937 quia
1299 3868 1447 3920 Deus
1477 3868 1629 3919 Solus
1660 3867 1913 3919 conscius

311 3966 395 4011 est
411 3956 735 4012 futurorum
754 3960 912 4021 (Dan.
930 3958 1074 4025 xm);
1099 3956 1197 4009 sed
1217 3962 1456 4025 quorum
1484 3954 1834 4024 conspiciunt
1856 3954 1912 4007 in

309 4052 437 4100 actu
460 4047 711 4111 initium,
729 4063 923 4099 eorum
944 4043 1047 4098 sibi
1069 4050 1338 4115 tanquam
1355 4042 1504 4096 fures
1525 4043 1675 4114 apud
1690 4044 1918 4111 ignaros

310 4134 609 4189 ve’udicanf
640 4134 947 4188 notionem.
971 4130 1116 4187 Nam
1146 4136 1383 4204 quantos
1415 4138 1563 4187 nunc
1587 4133 1798 4202 putatis
1820 4131 1913 4201 qui

310 4224 533 4295 possint
574 4222 869 4278 velocitate
912 4222 1113 4297 puerili
1153 4222 1318 4277 istam
1346 4228 1551 4275 emtum
1582 4220 1919 4290 nostrosq‘ue'

312 4314 511 4366 contra
536 4330 596 4366 se
619 4314 929 4377 sermones,
949 4312 1079 4365 ante
1098 4312 1340 4365 relatum
1361 4311 1594 4380 alicujus
1617 4310 1706 4363 hic
1726 4308 1909 4380 positi,

314 4402 475 4472 longe
510 4401 872 4454 manentibus
905 4400 1188 4454 indicare?
1233 4392 1351 4454 Hoc
1395 4401 1543 4470 quod
1574 4399 1696 4452 dico
1738 4398 1909 4463 vobis,

1994 3240 2193 3295 ben‘ter
2212 3247 2481 3307 assUmat,
2504 3251 2566 3296 ut
2592 3240 2782 3298 futura
2809 3252 3124 3315 cognoscat,
3148 3249 3357 3304 habeat
3382 3258 3595 3323 purum

1996 3346 2117 3397 cor;
2144 3331 2275 3401 quia
2293 3331 2458 3384 credo
2479 3333 2723 3387 animam
2748 3335 2862 3387 Deo
2874 3335 3227 3403 servientem;
3244 3338 3290 3391 si
3310 3339 3369 3393 in‘
3386 3354 3452 3394 ea
3464 3344 3597 3412 per-'

1996 3420 2331 3473 sevcraverit
2355 3420 2678 3490 integritate
2710 3432 2821 3492 qua
2848 3429 2982 3477 nata
3007 3431 3093 3478 est
3133 3423 3262 3495 (i8),
3295 3428 3423 3498 plus
3448 3430 3597 3485 Scire’

1995 3524 2155 3577 posse
2188 3522 2359 3577 quam
2387 3509 2686 3564 daemones.
2705 3503 2856 3565 Talis
2885 3519 3008 3567 erat
3036 3515 3224 3569 anima
3243 3507 3443 3583 Eiiszei,
3467 3527 3589 3590 quae

1996 3596 2123 3649 aliis
2149 3596 2461 3666 incognitas
2492 3598 2723 3653 virtutes
2765 3600 3016 3655 faciebat.

2068 3680 2196 3739 Cir.
2224 3680 2420 3740 XVIII.
2440 3718 2503 3726 —
2521 3686 2681 3741 Nunc
2696 3690 2816 3759 jam
2836 3696 3064 3745 caeteras
3085 3692 3243 3747 vobis
3270 3693 3591 3750 daemonum

1996 3773 2278 3843 explicabo
2310 3766 2576 3829 fallacias.
2612 3778 2807 3831 Solent
2834 3784 2996 3834 nocte
3022 3782 3327 3849 venientes,
3361 3776 3590 3854 augeres

1995 3862 2095 3915 Dei
2125 3878 2184 3915 se
2214 3864 2444 3933 ﬁngere,
2473 3858 2700 3919 laudare
2730 3864 2995 3933 studium,
3025 3871 3217 3924 mirari
3236 3879 3592 3942 perseveran-

1995 3951 2152 4017 tiam,
2184 3948 2373 4005 futura
2412 3955 2642 4023 praemia
2668 3950 2935 4026 poiliCeri.
2970 3957 3125 4021 Quos
3155 3966 3285 4014 eum
3313 3962 3582 4027 videritis,

1996 4045 2114 4093 tam
2127 4057 2221 4093 vos
2237 4050 2407 4110 quam
2419 4042 2613 4096 domos
2625 4046 2837 4098 vestras
2853 4047 3031 4100 crucis
3045 4055 3261 4102 armate
3272 4044 3582 4120 signaculo,

1998 4134 2053 4182 et
2081 4128 2371 4184 confestim
2424 4133 2709 4188 Sotven‘tu'r
2746 4133 2803 4187 in
2841 4132 3083 4190 nihilum
3115 4140 3132 4190 εΔ
3159 4139 3293 4209 quia”
3330 4137 3591 4196 metuunt

1998 4214 2135 4271 i’tlud
2164 4220 2474 4289 trophaeum
2515 4221 2574 4274 in
2616 4234 2727 4291 quo
2762 4220 3016 4277 Salvator
3053 4241 3247 4280 aereas
3277 4222 3598 4299 cxspolian‘s'

1996 4312 2321 4376 potestates,
2355 4326 2448 4362 eas
2480 4310 2611 4363 fecit
2664 4312 2928 4365 ostentui.
2966 4312 3159 4367 Solent
3209 4315 3381 4385 etiam
3423 4316 3597 4370 variis

1997 4395 2445 4451 simulationibus
2474 4398 2728 4452 membra
2743 4402 3025 4470 torquere,
3046 4404 3103 4454 et
3124 4402 3328 4456 nostris
3348 4405 3591 4474 procaci-

315 4491 681 4561 perspieuu‘m‘
697 4490 819 4543 fieri
842 4490 1024 4560 potest
1043 4489 1328 4559 e'Xemplis.
1354 4484 1413 4541 Si
1435 4476 1556 4558 quis
1578 4503 1611 4540 a
1634 4475 2083 4541 Thebaide‘Dter
2110 4482 2310 4538 offerre
2339 4500 2401 4538 se
2438 4485 2662 4551 visibus,
2688 4493 2754 4541 ut
2782 4494 3026 4543 mentem
3050 4492 3269 4561 pavore,
3305 4494 3362 4545 et
3389 4496 3597 4563 Corpus

314 4582 413 4633 aut
456 4576 700 4649 alicujus
748 4579 993 4647 regionis
1036 4577 1238 4649 oppido
1276 4577 1508 4647 coeperit
1536 4576 1826 4647 proﬁcisci,
1861 4583 1918 4630 et

316 4668 463 4721 hunc
489 4668 775 4721 daemones
797 4666 1039 4721 viderint
1066 4667 1123 4727 in
1146 4665 1346 4720 itinere
1366 4664 1769 4728 ambulantem,
1796 4680 1917 4735 per-

315 4756 543 4811 nicitate
565 4751 881 4811 memorata
902 4760 1135 4826 possunt
1149 4748 1448 4826 praedicere
1477 4754 1810 4808 venientem.
1832 4755 1919 4808 Ita

314 4844 371 4899 et
392 4846 463 4900 de
494 4845 611 4899 Nili
642 4832 1015 4899 inundatione
1038 4845 1274 4899 solemni
1306 4842 1433 4912 (l6),
1467 4858 1592 4897 cum
1623 4842 1829 4897 multas
1858 4844 1915 4896 in

314 4921 602 5006 .ﬂh’iopia
632 4920 873 4988 viderint
892 4928 1176 5004 piuvias,e‘
1192 4933 1395 5004 quibus
1424 4926 1626 4986 fluvias
1650 4932 1918 4986 intumes-

315 5030 469 5086 cens,
501 5024 654 5078 ultra
681 5025 900 5078 alveum
933 5012 1163 5078 effluere
1185 5016 1488 5087 censuevit,
1510 5026 1917 5092 praecurrentes

317 5099 389 5165 ad
403 5102 734 5184 [Egyptian],
758 5111 1022 5169 nuntiant
1049 5110 1235 5164 amnis
1248 5111 1568 5165 adventum.
1594 5106 1711 5164 Hoc
1730 5118 1919 5164 autem

317 5204 373 5255 et
399 5190 677 5267 homines,
696 5201 744 5255 si
771 5188 885 5255 illis
905 5188 1210 5254 ceieritatis
1238 5206 1385 5254 esset
1412 5198 1573 5253 tanta
1600 5205 1823 5262 natura,
1841 5199 1919 5252 fa-

316 5290 417 5344 cile
446 5291 801 5345 nuntiarent.
833 5278 909 5344 ῆι
937 5280 1086 5343 enim
1115 5290 1432 5360 Speculator
1458 5289 1605 5343 beati
1644 5282 1820 5342 David
1847 5282 1921 5342 ad

315 5376 583 5433 verticem
610 5368 721 5433 loci
738 5368 993 5433 celsioris
1008 5369 1314 5433 ascendens
1334 5370 1411 5446 (/1
1427 5381 1546 5446 Reg.
1574 5379 1749 5444 xviiii,
1768 5376 1922 5448 prior

319 5476 485 5538 quam
499 5469 555 5522 hi
571 5469 669 5539 qui
690 5468 751 5521 in
769 5473 924 5522 terra
943 5471 1104 5521 erant
1125 5466 1467 5538 prospiciens
1485 5466 1791 5529 venientes,
1808 5474 1921 5519 non

318 5548 809 5627 quaedamincerta
831 5557 901 5610 de
922 5548 1144 5623 futuris,
1168 5550 1265 5610 sed
1286 5556 1354 5610 de
1378 5552 1470 5608 his
1487 5555 1585 5626 qui
1606 5555 1793 5608 venire
1815 5568 1920 5607 coe-

317 5653 517 5718 perant
546 5645 847 5701 amittebat
871 5665 884 5713 ;
913 5645 996 5699 sic’
1015 5640 1366 5700 et‘ciaeinone‘s
1388 5648 1525 5698 cura
1535 5642 1793 5715 perriin
1806 5646 1920 5697 om-

2000 4573 2230 4628 horrore
2281 4575 2620 4629 concutiant.
2655 4576 2763 4630 Sed
2793 4584 2849 4631 et
2877 4578 2936 4632 in
2977 4579 3077 4633 hoc
3129 4579 3271 4633 ﬁdes
3307 4568 3425 4634 Deo
3466 4582 3595 4636 tam

2000 4663 2159 4733 fugat
2187 4678 2280 4717 eos
2312 4664 2471 4735 quasi
2501 4665 2727 4719 inﬁrma
2762 4666 3021 4722 ludibria.

2070 4753 2194 4806 Non
2211 4756 2297 4806 est
2326 4760 2514 4807 autem
2538 4754 2780 4807 difficilis
2804 4754 3077 4809 horrei-um
3107 4756 3409 4827 Spiritum
3422 4760 3597 4814 marios

1999 4854 2235 4912 rumque
2273 4842 2531 4896 discretio
2552 4837 2683 4911 (i9),
2714 4856 2836 4913 quas
2853 4844 2934 4896 sic
2953 4845 3071 4898 Deo
3088 4830 3373 4901 tribuente
3392 4848 3596 4918 [haudid

1998 4934 2094 4981 tur
2125 4949 2135 4981 :
2174 4931 2507 4985 Sanctorum
2536 4931 2864 5000 angelorum
2888 4932 3143 4987 amabilis
3172 4937 3227 4987 et
3254 4926 3597 5007 nanquﬂles

2000 5024 2257 5088 aspectus
2293 5022 2397 5083 est,
2435 5019 2566 5088 quia
2594 5034 2705 5073 non
2734 5020 3082 5076 contendunt
3112 5032 3299 5094 neque
3324 5020 3588 5091 demam,

2002 5112 2183 5178 neque
2236 5108 2427 5162 audiet
2454 5106 2659 5176 aliquis
2688 5114 2879 5163 Vocem
2907 5120 3105 5166 eorum
3131 5131 3143 5179 ;
3186 5118 3393 5168 verum
3424 5115 3593 5169 tacite

2001 5197 2311 5266 leniterque
2360 5199 2739 5267 properantes,
2793 5201 3083 5267 gaudium,
3143 5200 3589 5268 exsultationem,

2002 5285 2264 5343 ﬁduciam
2294 5285 2613 5355 pectoribus
2648 5286 2970 5354 infundunt,
3004 5290 3279 5360 siquidem
3317 5294 3446 5346 cum
3483 5290 3593 5345 illis

2005 5378 2089 5427 est
2119 5374 2404 5441 Dominus,
2444 5376 2539 5446 qui
2571 5379 2656 5429 est
2684 5377 2806 5430 fans
2856 5381 2919 5431 et
2965 5379 3122 5449 origo
3166 5380 3390 5435 laetitiae.
3438 5380 3593 5435 Tunc

2004 5478 2165 5517 mens
2192 5468 2383 5518 nostra
2402 5481 2512 5518 non
2544 5460 2786 5532 turbida,
2811 5466 2907 5520 sed
2938 5468 3077 5521 lenis
3102 5472 3160 5521 et
3179 5469 3396 5539 placida
3421 5474 3593 5537 arrige“

2001 5553 2183 5606 lorum
2198 5554 2317 5607 luce
2341 5554 2621 5621 radiatur;
2644 5560 2779 5608 tunc
2795 5556 2987 5609 anima
3007 5552 3316 5611 caelestium
3335 5556 3593 5628 praenﬁoa

2003 5644 2134 5695 rem
2158 5640 2426 5697 aviditate
2452 5643 2727 5713 flagrans,
2753 5640 2987 5698 enim
3007 5645 3085 5715 (si
3119 5647 3331 5715 posset)
3356 5644 3594 5698 unum
