4046 6212
383 347 484 405 143

1400 347 1494 401 DE
1531 347 1719 402 VITIS
1754 344 2050 430 PATRUM
2087 345 2303 401 LIBER
2339 347 2626 405 PRIMUS.

3541 353 3646 412 144

379 473 629 546 corporis
643 471 1008 537 domicilio,et
1021 469 1288 524 membris
1301 470 1964 536 exoneratamortalibus,
1985 471 2278 530 Anomine
2304 477 2403 526 tuo
2433 473 2711 529 daemonia
2759 477 3044 547 ejecimus,
3079 483 3136 533 et
3173 479 3229 533 in
3273 480 3501 534 nomine
3547 484 3644 535 tuo

377 581 506 618 cum
534 563 620 617 his
641 578 780 633 quos
807 560 956 613 videt
983 559 1139 633 abire
1166 558 1398 613 festinat
1415 561 1485 614 ad
1505 561 1728 614 coelum.
1751 559 1967 613 Horum

377 657 538 706 tanta
566 631 880 720 benignitas
909 631 1013 714 est,
1036 652 1102 702 ut
1122 647 1168 702 si
1195 648 1318 718 quis
1347 665 1448 720 pro
1465 648 1781 703 conditione
1802 647 1968 718 fragi-

373 739 432 794 lil
442 739 549 794 atis
559 737 986 802 humanae,miro
997 736 1165 791 fuerit
1175 752 1366 791 eorum
1379 737 1596 807 fulgore
1610 736 1962 808 perterritus,

374 844 597 882 omnem
641 825 905 880 continuo
957 843 1022 880 ex
1080 826 1245 880 corde
1300 825 1558 880 auferant
1601 831 1833 879 metum.
1880 827 1968 880 Ita

372 915 598 970 Gabriel
627 932 754 970 cum
783 915 1062 970 Zacharia
1095 915 1418 986 loqueretur
1459 915 1518 968 in
1547 915 1760 986 templo
1797 915 1966 984 (Luca

371 1007 496 1075 x11);
531 1009 591 1060 et
615 1004 801 1076 angeli
831 1021 958 1059 cum
983 1003 1236 1058 divinum
1255 1003 1500 1074 Virginis
1525 1009 1750 1074 partum
1774 1007 1963 1073 pasto-

367 1093 523 1148 ribus
575 1093 904 1149 nuntiarent
935 1093 1145 1164 (Matth.
1196 1094 1412 1162 xxviii),
1440 1097 1499 1146 et
1547 1091 1643 1162 qui
1688 1091 1965 1146 Dominici

366 1183 616 1254 corporis
656 1183 901 1254 agebant
952 1181 1229 1251 excubias,
1281 1181 1492 1237 securis
1534 1181 1846 1234 videntium
1904 1195 1964 1234 se

366 1271 651 1327 mentibus
688 1272 1064 1337 ostendentes,
1105 1288 1176 1325 ne
1223 1275 1542 1325 metuerent
1587 1267 1957 1340 imperabant.

365 1361 549 1416 Metus
579 1361 731 1416 enim
759 1378 870 1416 non
896 1366 1118 1416 tantum
1147 1377 1214 1414 ex
1238 1376 1440 1431 pavore
1469 1358 1662 1424 animi,
1687 1361 1962 1428 qnantum

367 1465 434 1504 ex
461 1467 794 1522 magnarum
826 1466 1017 1505 rerum
1045 1466 1191 1521 saepe
1208 1448 1482 1503 incutitur
1505 1452 1752 1518 aspectu.
1779 1445 1964 1500 Pessi-

365 1555 587 1594 morum
616 1557 746 1595 vero
775 1540 960 1594 vultus
990 1544 1194 1604 truces,
1226 1537 1443 1592 sonitus
1489 1535 1718 1600 horridi,
1751 1533 1962 1589 sordidi

364 1628 660 1699 cogitatus,
681 1629 912 1700 plausus
941 1633 1238 1699 motusque
1260 1626 1802 1698 indisciplinatorum
1833 1624 1964 1678 ado-

2049 559 2286 614 virtutes
2335 563 2541 616 multas
2595 564 2826 620 fecimus
2852 565 3072 634 (Matt/1..
3106 568 3250 634 vn)?
3286 569 3647 640 respondebit

2049 649 2328 704 Dominus
2363 669 2374 703 :
2406 653 2586 706 Amen
2615 653 2737 707 dico
2763 653 2936 722 vobis,
2955 673 3066 712 non
3093 658 3220 712 novi
3248 675 3362 726 vos,
3377 659 3644 714 discedite

2049 753 2084 790 a
2103 755 2210 804 mc,
2236 740 2477 810 operarii
2504 741 2836 813 iniquitatis.
2853 745 2980 798 Non
3011 745 3160 799 enim
3192 747 3346 802 novit
3370 748 3643 802 Dominus

2047 826 2164 881 vias
2183 827 2502 899 impiorum.
2530 831 2648 884 Hoc
2666 849 2798 902 ergo
2829 850 3166 906 magnopere
3196 837 3564 906 postulemus,
3583 844 3646 892 ut

2047 915 2256 970 donum
2285 917 2586 988 spirituum
2614 920 3110 978 discernendorum
3140 941 3462 994 mereamur
3497 925 3644 980 acci-

2045 1019 2214 1072 pere;
2259 1023 2368 1076 quo
2391 1047 2406 1070 ,
2461 1009 2767 1064 secundum
2824 1011 3162 1067 sententiam
3201 1014 3640 1084 Scripturarum,

2046 1094 2200 1148 omni
2228 1095 2450 1166 spiritui
2481 1113 2593 1152 non
2621 1099 2916 1154 credamus
2947 1103 2996 1168 (1
3019 1105 3180 1156 Joan.
3211 1105 3310 1172 1v).

2118 1183 2248 1237 CAP.
2275 1185 2395 1240 XX.
2419 1217 2484 1226 —
2507 1186 2809 1243 Volueram
2838 1189 3064 1260 quidem
3087 1192 3208 1262 jam
3239 1192 3401 1247 ﬁnire
3426 1210 3642 1248 sermo-

2044 1290 2194 1340 nem,
2209 1280 2264 1328 et
2283 1274 2506 1330 silentio
2526 1293 2784 1347 premere
2809 1296 3153 1352 quaecunque
3172 1299 3310 1336 meae
3325 1282 3646 1338 acciderant

2047 1366 2164 1428 46
2188 1364 2480 1434 parvitati;
2505 1366 2603 1418 sed
2625 1383 2696 1420 ne
2722 1369 2932 1438 putetis
2959 1386 3049 1424 me
3077 1369 3289 1425 frustra
3305 1389 3645 1426 commemo-

2045 1468 2199 1506 rasse
2225 1469 2347 1524 quae
2378 1453 2599 1508 evenire
2641 1471 2754 1510 non
2801 1463 3046 1528 possent,
3079 1459 3284 1514 idcirco
3313 1460 3464 1524 (licet
3500 1461 3641 1515 insi-

2044 1541 2204 1612 piens
2239 1543 2388 1604 ﬁam,
2421 1549 2613 1598 tamen
2640 1545 2932 1609 Dominus,
2960 1547 3054 1618 qui
3079 1554 3305 1604 secreta
3330 1550 3534 1604 mentis
3554 1555 3642 1604 est

2045 1630 2342 1702 inspector,
2378 1633 2532 1687 novit
2555 1649 2667 1688 non
2696 1649 2786 1688 me
2813 1651 2981 1690 causa
3003 1637 3310 1706 jactantiaa,
3341 1639 3438 1692 sed
3467 1638 3638 1693 vestri

363 1716 446 1770 les
472 1722 700 1772 centum
732 1717 817 1772 vel
845 1718 1158 1784 latronum;
1179 1733 1208 1770 e
1241 1717 1444 1788 quibus
1469 1715 1762 1770 confestim
1792 1714 2227 1798 timorhgratia
2269 1721 2549 1792 profectus
2608 1723 2714 1778 hoc
2765 1724 2986 1793 facere),
3021 1743 3200 1797 pauca
3237 1727 3514 1798 replicabo
3567 1727 3638 1782 de

362 1804 584 1869 animae,
605 1805 860 1860 sensibus
871 1811 1066 1877 torpor
1087 1805 1360 1860 incutitur
1377 1823 1390 1872 ;
1405 1805 1594 1859 odium
1618 1803 1961 1858 Christiano-
1977 1783 2024 1842 B
2045 1809 2320 1879 plurimis.
2351 1812 2579 1876 Quoties
2602 1829 2691 1867 me
2724 1813 2912 1868 nimiis
2940 1815 3200 1870 laudibus
3231 1817 3428 1871 efferre
3451 1815 3638 1871 conati

363 1911 511 1962 rum,
539 1895 944 1950 monachorum
982 1912 1192 1950 mceror
1227 1901 1287 1949 et
1313 1895 1561 1960 taedium,
1595 1909 1824 1948 suorum
1869 1909 1961 1947 re-

361 1984 630 2052 cordatio,
662 1991 846 2040 metus
874 1986 1092 2048 mortis,
1135 1985 1336 2056 cupido
1375 1983 1656 2054 nequitiae,
1690 1983 1960 2038 lassitudo

361 2069 604 2136 virtutis,
645 2071 828 2126 cordis
874 2070 1175 2125 hebetatio.
1209 2071 1268 2124 Si
1312 2069 1485 2140 igitur
1527 2075 1655 2142 post
1697 2067 1958 2122 timorem

359 2159 592 2214 horrore
611 2166 960 2232 conceptum.
982 2159 1312 2216 successerit
1324 2159 1595 2231 gaudium
1618 2163 1674 2213 et
1689 2159 1759 2212 ad
1779 2159 1960 2214 Deum

360 2249 568 2306 fiducia
604 2255 774 2321 atque
811 2250 1110 2305 inell'abilis
1137 2249 1401 2316 cbaritas,
1451 2249 1668 2303 venisse
1716 2248 1958 2302 sciamus

359 2339 649 2406 auxilium,
669 2339 803 2411 quia
822 2339 1094 2394 securitas
1114 2339 1316 2395 animae
1336 2337 1628 2410 prtesentis
1647 2337 1957 2408 majestatis

360 2427 631 2484 indicium
657 2434 760 2482 est.
794 2428 886 2483 Sic
913 2445 1159 2500 namque
1201 2432 1260 2482 et
1303 2427 1588 2482 Abraham
1635 2427 1957 2498 patriarcha

358 2517 554 2572 videns
591 2517 792 2584 Deum,
823 2518 1050 2588 gavisus
1097 2522 1183 2572 est
1220 2519 1400 2584 (Joan.
1432 2519 1570 2586 VIII);
1613 2523 1671 2570 et
1712 2518 1956 2572 Joannes

357 2622 486 2660 cum
529 2607 768 2661 Mariam
818 2607 1204 2678 supervenisse
1263 2607 1516 2670 sentiret,
1548 2622 1670 2676 qua:
1715 2605 1772 2658 in
1813 2605 1956 2660 sacri

358 2695 572 2750 ventris
619 2696 862 2768 hospitio
911 2695 1293 2750 universitatis
1337 2693 1596 2765 gestabat
1641 2699 1950 2764 parentem,

359 2785 658 2840 exsultavit
683 2786 921 2840 necdum
977 2789 1146 2839 natus
1173 2785 1234 2838 in
1269 2783 1538 2855 gaudium
1594 2783 1764 2850 (Luca:
1803 2790 1863 2848 ι).
1895 2781 1955 2835 Si

359 2879 550 2928 autem
578 2873 804 2929 incussa
827 2873 1066 2930 formido
1103 2871 1496 2946 permanserit,
1535 2872 1714 2926 hostis
1742 2875 1829 2924 est
1858 2869 1954 2941 qui

358 2963 582 3018 videtur
612 2982 625 3018 :
657 2964 924 3036 quoniam
963 2981 1067 3018 nec
1103 2963 1351 3018 refovere
1400 2961 1573 3028 novit,
1607 2967 1672 3015 ut
1727 2958 1954 3030 Gabriel

358 3057 655 3124 paventem
701 3052 992 3124 Virginem
1039 3069 1110 3107 ne
1153 3052 1354 3107 timeat
1391 3051 1556 3122 jubet
1587 3051 1754 3118 (Luca:
1779 3049 1855 3116 I);
1899 3053 1956 3102 et

2043 1903 2192 1964 sunt,
2217 1916 2342 1954 cum
2365 1918 2399 1954 a
2423 1918 2513 1956 me
2541 1901 2599 1956 in
2616 1903 2842 1957 nomine
2863 1904 3085 1958 Domini
3113 1905 3408 1959 maledicta
3433 1906 3642 1976 recipe-

2043 1988 2170 2038 rent
2202 1985 2306 2054 (59)
2343 1985 2354 2038 Ξ
2391 1987 2610 2056 quoties
2647 1994 2952 2058 augmenta
2997 1989 3108 2043 Nili
3161 1989 3408 2044 ﬂuminis
3451 1991 3644 2044 futura

2043 2073 2320 2142 dixerunt,
2371 2092 2502 2130 cum
2533 2093 2568 2129 a
2591 2093 2681 2131 me
2727 2077 3029 2136 audirent:
3057 2079 3126 2132 Et
3162 2079 3268 2133 hoc
3297 2079 3365 2133 ad
3398 2084 3642 2133 vestram

2043 2163 2178 2233 quid
2203 2165 2450 2235 pertinet
2473 2167 2706 2221 curam?
2735 2167 2955 2238 quoties
2993 2168 3317 2222 minitantes
3347 2175 3413 2222 ut
3436 2167 3645 2222 milites

2042 2250 2265 2314 armati,
2298 2251 2706 2322 scorpionibus,
2740 2253 2925 2324 equis,
2964 2252 3185 2320 belluis,
3219 2258 3276 2308 et
3313 2253 3483 2307 variis
3527 2271 3645 2308 ser-

2038 2338 2298 2408 pentibus
2319 2339 2810 2396 eircumdederunt
2826 2359 2934 2408 me,
2952 2347 3010 2396 et
3029 2342 3259 2396 domum
3277 2341 3336 2396 in
3357 2358 3466 2414 qua
3483 2359 3640 2396 eram

2039 2427 2411 2496 repleverunt,
2444 2447 2569 2484 cum
2622 2447 2724 2502 ego
2775 2448 2806 2484 e
2858 2435 3056 2484 contra
3104 2431 3400 2502 psallerem
3432 2450 3444 2483 :
3479 2429 3636 2489 Hikin

2037 2515 2294 2570 curribus
2321 2523 2379 2571 et
2393 2518 2452 2572 hi
2475 2518 2534 2572 in
2563 2519 2854 2590 equis,nos
2874 2525 3064 2574 autem
3091 2519 3149 2573 in
3163 2519 3388 2573 nomine
3411 2518 3634 2573 Domini

2037 2604 2139 2658 Dei
2160 2606 2338 2660 nostri
2360 2607 2844 2677 magniﬁcabimur
2867 2609 3028 2675 (Psal-
3043 2611 3180 2674 XIX).
3213 2608 3284 2662 Et
3309 2607 3498 2662 statim
3531 2607 3636 2661 mi-

2036 2693 2337 2749 sericordia
2359 2695 2568 2750 Christi
2591 2697 2950 2767 fugabantur.
2985 2697 3239 2761 Quodam
3264 2704 3453 2751 autem
3485 2703 3630 2751 tem-

2035 2801 2170 2854 pore
2190 2801 2318 2838 cum
2339 2783 2553 2855 ingenti
2571 2786 2693 2840 luce
2705 2785 3008 2846 venientes.
3029 2787 3290 2840 dixerunt
3307 2786 3627 2852 :Venimus,

2033 2871 2260 2938 Antoni,
2300 2877 2559 2928 nostrum
2602 2873 2704 2928 tibi
2759 2874 3006 2946 praebere
3051 2875 3347 2946 fulgorem.
3385 2875 3453 2930 Et
3500 2892 3626 2945 ego,

2035 2960 2239 3014 clausis
2267 2961 2460 3028 oculis,
2497 2961 2629 3034 quia
2655 2963 2835 3018 lucem
2867 2963 3072 3018 diaboli
3103 2964 3450 3035 dedignabar
3476 2965 3628 3036 aspi-

2035 3065 2180 3114 cere,
2215 3049 2466 3116 orabam,
2503 3057 2558 3104 et
2585 3051 2732 3106 dicto
2762 3051 2926 3108 citius
2955 3052 3258 3124 impiorum
3287 3053 3478 3107 lumen
3533 3070 3630 3107 ex-

357 3139 524 3196 sicuti
563 3145 818 3212 pastores
846 3141 1044 3195 nuntio
1075 3139 1344 3194 consolati
1372 3143 1507 3192 sunt
1537 3138 1742 3203 (Ibid)
1775 3136 1950 3200 Quin-
1969 3135 2013 3196 Ο
2033 3137 2441 3208 stinguebatur.
2463 3141 2600 3194 Post
2613 3157 2834 3194 menses
2849 3145 3036 3194 autem
3059 3157 3266 3211 paucos
3299 3156 3425 3194 cum
3441 3157 3634 3194 coram

358 3229 473 3284 imo
527 3245 788 3301 pavorem
846 3229 1112 3300 duplicat,
1155 3233 1212 3283 et
1265 3243 1443 3299 usque
1489 3226 1560 3280 ad
1616 3225 1952 3298 profundam

358 3317 667 3390 impietatis
703 3319 937 3386 foveam,
969 3323 1034 3374 ut
1078 3317 1183 3372 sibi
1227 3316 1482 3372 homines
1526 3319 1954 3387 prosternantur

357 3407 616 3480 impellit.
649 3409 859 3464 Exinde
886 3408 1093 3464 misera
1117 3407 1424 3478 gentilitas,
1454 3403 1746 3459 dominica:
1775 3403 1951 3458 inter-

357 3496 618 3552 dictionis
646 3497 863 3568 ignara,
895 3498 1034 3552 falso
1078 3497 1360 3551 daemones
1398 3495 1532 3549 deos
1561 3493 1788 3565 opinata
1833 3498 1942 3548 est.

359 3586 808 3641 Christianorum
853 3593 1043 3640 autem
1089 3585 1324 3656 papulos
1367 3583 1452 3638 his
1479 3583 1713 3636 fallaciis
1740 3581 1950 3635 irretiri

358 3689 472 3729 non
491 3691 689 3745 passus
713 3679 799 3728 est
815 3675 1105 3740 Dominus,
1135 3673 1230 3744 qui
1259 3671 1542 3726 diabolum
1569 3671 1629 3724 in
1652 3669 1950 3741 Evangelio

357 3763 624 3818 audacter
652 3763 759 3817 sibi
803 3762 1176 3834 principatum
1225 3761 1478 3817 omnium
1515 3765 1948 3832 praesumentem

357 3851 584 3922 repulit,
613 3852 804 3906 dicens
837 3871 848 3905 :
881 3852 1036 3906 Vade
1073 3856 1244 3917 retro,
1279 3851 1506 3906 Satana.
1553 3849 1832 3922 Scriptum
1865 3857 1950 3906 est

357 3941 508 3997 enim
541 3958 554 3995 :
585 3941 888 3996 Dominum
925 3941 1106 3995 Deum
1135 3945 1296 3994 tuum
1335 3939 1611 4006 adorabis,
1646 3945 1704 3994 et
1731 3939 1814 3994 illi
1843 3941 1947 3995 soli

355 4030 562 4086 servies
585 4031 798 4100 (Matth.
832 4044 912 4096 Iv;
945 4031 1101 4084 Deut.
1133 4044 1188 4084 v1
1217 4034 1264 4084 et
1293 4031 1371 4100 κ).
1406 4029 1622 4084 Horum
1651 4029 1947 4084 verborum

355 4119 528 4176 etiam
548 4120 709 4176 nobis
732 4120 957 4176 licentia
975 4125 1061 4174 est
1081 4120 1312 4188 tributa;
1347 4119 1480 4192 quia
1497 4119 1700 4175 idcirco
1728 4120 1946 4177 locutus

355 4215 442 4266 est
489 4211 642 4278 talia,
687 4216 754 4266 ut
808 4209 1118 4268 similitudo
1165 4215 1646 4266 tentamentorum
1702 4210 1948 4266 auctoris

353 4301 533 4356 nostri
563 4300 919 4374 frangeretur
945 4301 1198 4374 eloquiis.

425 4393 556 4447 CAP.
577 4392 726 4448 XIX.
749 4429 812 4440 -
829 4393 975 4448 Illud
1000 4409 1240 4464 quoque,
1266 4391 1378 4447 mei
1397 4391 1732 4458 charissimi,
1758 4391 1948 4446 admo-

2033 3242 2124 3280 me
2164 3228 2488 3298 psallerent,
2517 3234 2574 3282 et
2601 3229 2670 3282 de
2701 3228 3002 3298 Scripturis
3033 3228 3258 3282 sibimet
3285 3229 3632 3284 sermocina-

2035 3317 2250 3377 rentur,
2281 3329 2384 3383 ego
2416 3318 2685 3383 tanquam
2723 3313 2926 3368 surdus
2956 3329 3068 3368 non
3099 3313 3416 3368 audiebam.
3460 3314 3629 3368 Com-

2033 3408 2328 3456 moverunt
2368 3401 2668 3473 aliquando
2710 3403 3127 3457 'monasterium
3180 3419 3370 3458 meum
3401 3401 3536 3471 (51),
3571 3409 3630 3457 et

2035 3507 2137 3560 ego
2169 3497 2356 3546 mente
2403 3490 2674 3546 immobili
2723 3493 3026 3548 Dominum
3071 3491 3426 3564 deprecabar.
3467 3493 3626 3564 Saepe

2033 3579 2317 3651 strepitus,
2351 3598 2496 3653 saepe
2534 3581 2878 3647 saltationes,
2935 3599 3081 3653 saepe
3135 3581 3328 3636 sibilos
3379 3581 3627 3652 ingesse-

2032 3674 2194 3736 runt;
2221 3675 2279 3724 et
2297 3686 2387 3724 me
2406 3671 2698 3742 psallente,
2723 3687 2893 3726 sonus
2915 3687 3110 3726 eorum
3131 3687 3192 3726 in
3217 3687 3380 3726 voces
3408 3670 3625 3725 ﬂebiles

2029 3757 2368 3813 vertebatur.

2101 3847 2433 3913 Creditisne,
2467 3849 2647 3912 filioli,
2681 3849 2826 3921 quod
2858 3849 3110 3904 dicturus
3137 3866 3264 3904 sum
3284 3848 3474 3903 vobis?
3493 3848 3623 3902 Vidi

2029 3935 2330 4006 aliquando
2374 3937 2659 3993 diabolum
2705 3939 2984 3994 excelsum
3013 3955 3262 4010 corpore,
3296 3937 3392 4009 qui
3421 3954 3482 3992 se
3519 3937 3624 3992 Dei

2029 4023 2295 4080 virtutem
2319 4032 2376 4080 et
2389 4027 2796 4098 providentiam
2827 4045 2996 4083 ausus
3019 4033 3105 4083 est
3133 4029 3335 4092 dicere,
3361 4033 3420 4082 et
3449 4027 3530 4081 ait
3549 4026 3620 4080 ad

2029 4129 2120 4168 me
2145 4131 2158 4168 :
2189 4115 2331 4179 Quid
2357 4117 2457 4184 vis,
2482 4123 2547 4172 ut
2575 4135 2609 4172 a
2636 4135 2727 4173 me
2744 4116 2845 4171 tibi
2873 4118 3130 4184 donetur,
3154 4117 3398 4172 Antoni?
3415 4118 3492 4171 At
3517 4133 3623 4186 ego

2028 4207 2383 4276 sputaculum
2414 4205 2527 4276 (52)
2554 4207 2867 4262 maximum
2895 4207 2955 4262 in
2983 4224 3046 4262 os
3086 4209 3210 4278 ejus
3245 4208 3622 4279 ingeminans,

2026 4299 2210 4350 totum
2238 4312 2328 4350 me
2355 4295 2415 4350 in
2443 4312 2574 4351 eum
2597 4296 2804 4350 Christi
2833 4297 3060 4351 nomine
3080 4303 3352 4362 armatus,
3378 4296 3620 4368 ingessi:

2028 4389 2085 4438 et
2110 4383 2302 4438 statim
2328 4385 2422 4440 ille
2463 4400 2728 4457 procerus
2752 4396 2979 4458 aspectu
3008 4387 3156 4442 inter
3180 4385 3392 4442 medias
3421 4403 3625 4442 manus

353 4499 478 4548 neo,
502 4487 568 4538 ut
589 4483 716 4538 vitae
743 4481 923 4554 magis
950 4482 1026 4536 sit
1052 4480 1226 4547 vobis,
1251 4497 1418 4552 quam
1441 4480 1728 4550 signorum
1747 4480 1948 4535 sollici-
1965 4473 2282 4550 Dexolevit.
2315 4475 2603 4544 Jejunanti
2651 4476 2822 4530 etiam
2850 4476 2990 4530 mihi
3018 4476 3168 4530 visus
3199 4483 3286 4531 est
3332 4481 3397 4532 ut
3424 4493 3624 4530 mona-

353 4571 511 4626 tudo.
527 4573 731 4627 Nullus
755 4588 822 4626 ex
848 4570 1000 4625 vobis
1029 4571 1146 4624 haec
1166 4568 1391 4635 faciens,
1415 4576 1514 4624 aut
1541 4570 1660 4641 ipse
1684 4569 1949 4641 superbia

353 4657 708 4726 intumescat,
723 4666 822 4715 aut
839 4659 1112 4732 despiciat
1129 4675 1226 4714 eos
1245 4658 1340 4730 qui
1359 4659 1541 4713 facere
1561 4675 1675 4714 non
1689 4663 1942 4730 possunt.

353 4747 843 4803 Conversationem
879 4749 1062 4818 magis
1098 4747 1426 4803 scrutamini
1457 4747 1806 4818 singulorum
1839 4765 1852 4801 :
1885 4749 1945 4804 in

353 4835 460 4890 hac
477 4835 594 4890 vita
609 4842 668 4890 et
683 4836 893 4892 imitari
909 4855 1005 4893 vos
1025 4854 1148 4910 quae
1167 4836 1414 4910 perfecta
1435 4841 1567 4890 sunt
1583 4837 1858 4904 convenit,
1883 4844 1942 4894 et

353 4924 588 4997 implere
620 4941 744 4996 quae
771 4926 992 4982 desunt.
1015 4927 1162 4982 Nam
1190 4926 1352 4997 signa
1379 4925 1561 4980 facere
1589 4942 1698 4980 non
1725 4932 1813 4981 est
1842 4944 1945 4982 no-

353 5019 482 5068 stra:
513 5013 821 5084 parvitatis,
851 5016 947 5070 sed
977 5015 1203 5070 Domini
1228 5015 1540 5087 potestatis,
1573 5015 1668 5086 qui
1694 5016 1765 5070 ad
1787 5015 1946 5071 disci-

353 5101 520 5172 pulos
533 5100 860 5172 gloriantes,
875 5103 934 5157 in
954 5103 1254 5175 Evangelio
1269 5105 1374 5160 ait:
1398 5106 1484 5161 Ne
1501 5105 1794 5176 gaudeatis
1815 5105 1947 5177 quia

354 5191 636 5246 daemones
690 5190 845 5246 vobis
887 5191 1124 5262 subjecti
1177 5199 1328 5260 sunt,
1369 5195 1468 5248 sed
1523 5195 1673 5266 quod
1717 5193 1948 5249 nomina

353 5285 538 5335 vestra
565 5279 774 5352 scripta
818 5285 954 5335 sunt
987 5281 1047 5334 in
1093 5282 1245 5337 caelis
1301 5285 1475 5350 (Luca:
1522 5286 1598 5354 Χ).
1643 5283 1947 5338 Nominum

355 5370 504 5424 enim
532 5370 591 5424 in
609 5369 752 5425 libro
767 5371 894 5426 vitae
924 5370 1279 5442 conscriptio.
1302 5373 1689 5428 testimonium
1717 5378 1804 5428 est
1832 5373 1944 5428 vir-

355 5459 494 5514 tutis
525 5465 583 5514 et
626 5460 856 5526 meriti;
906 5459 1156 5531 expulsio
1211 5465 1400 5514 autem
1450 5462 1690 5530 Satanae,
1721 5463 1946 5534 largitio

357 5549 659 5604 Salvatoris
687 5555 789 5604 est.
819 5548 978 5604 Unde
1008 5548 1098 5603 his
1127 5549 1224 5620 qui
1253 5566 1366 5604 non
1396 5550 1456 5604 in
1491 5550 1613 5606 vita;
1640 5551 1942 5616 laboribus,

355 5639 452 5695 sed
483 5639 542 5696 in
567 5639 839 5713 prodigiis
857 5639 1236 5710 exsultabant,
1269 5639 1586 5696 dicentibus
1621 5658 1634 5694 :
1664 5642 1864 5698 Nonne
1886 5641 1944 5697 in

2027 4564 2190 4630 chus;
2224 4569 2282 4618 et
2304 4581 2478 4636 panes
2495 4565 2846 4632 olferens,his
2875 4565 3226 4622 sermonibus
3257 4565 3533 4621 suadebat
3558 4570 3628 4620 ut

2027 4669 2298 4721 vescerer,
2315 4659 2373 4708 et
2395 4655 2530 4708 huic
2549 4655 2763 4727 aliquid
2789 4655 3144 4727 indulgerem
3165 4655 3523 4726 corpusculo:
3553 4654 3626 4709 Et

2026 4748 2110 4807 tu,
2131 4743 2334 4814 inquit,
2353 4745 2520 4800 homo
2541 4763 2621 4815 es,
2635 4750 2694 4799 et
2719 4746 2968 4800 humana
2985 4745 3290 4816 fragilitate
3313 4744 3625 4800 circumda-

2023 4833 2102 4888 ris
2124 4833 2314 4900 ;labor
2330 4835 2620 4905 paululum
2649 4835 3025 4907 conquiescat,
3051 4852 3122 4890 ne
3149 4835 3422 4907 aegritudo
3442 4833 3638 4890 subri-

2026 4924 2163 4994 piat.
2185 4924 2339 4979 Illico
2369 4924 2610 4978 luridam
2630 4924 2830 4980 faciem
2851 4925 3128 4996 serpentis
3151 4925 3386 4996 agnovi;
3411 4931 3470 4980 et
3495 4943 3624 4982 cum

2027 5013 2098 5068 ad
2109 5019 2375 5068 consueta
2388 5013 2597 5068 Christi
2606 5015 2960 5069 munimenta
2968 5013 3325 5085 confugerem
3335 5020 3450 5080 ,tan
3456 5031 3627 5086 quam

2027 5119 2127 5174 per
2145 5101 2448 5157 fenestram
2466 5103 2655 5158 fumus
2675 5103 3380 5169 laberetur,evanuit.Auri
3403 5119 3628 5176 quoque

2027 5190 2339 5262 decipulam
2359 5191 2498 5245 mihi
2516 5192 2576 5246 in
2601 5192 2822 5248 deserto
2846 5190 3171 5264 frequenter
3195 5193 3458 5259 tetendit;
3477 5192 3630 5264 quod

2026 5279 2152 5334 ideo
2183 5281 2470 5348 offerebat,
2503 5287 2567 5336 ut
2619 5285 2720 5336 aut
2745 5282 2866 5336 visu
2918 5281 3171 5336 irretiret
3224 5299 3316 5337 me
3343 5287 3444 5337 aut
3470 5287 3628 5337 tactu

2027 5372 2480 5426 commacularet.
2513 5371 2668 5442 Stepe
2699 5388 2920 5442 quoque
2947 5388 3039 5426 me
3068 5387 3104 5426 a
3137 5371 3483 5426 daemonibus
3511 5388 3628 5426 non

2027 5463 2241 5533 denego
2261 5461 2634 5516 verberatum.
2655 5460 2939 5516 Canebam
2958 5471 3150 5516 autem
3170 5462 3275 5516 sic:
3301 5461 3502 5516 Nullus
3531 5478 3626 5515 me

2026 5553 2310 5626 separabit
2361 5569 2396 5608 a
2423 5551 2696 5607 charitate
2736 5551 2941 5606 Christi
2969 5553 3144 5620 (Rom.
3173 5557 3312 5620 vm).
3344 5551 3430 5605 Ad
3459 5552 3623 5621 cujus

2025 5642 2172 5698 vocis
2199 5641 2474 5708 auditum,
2505 5641 2564 5696 in
2602 5657 2663 5697 se
2689 5641 2926 5698 invicem
2953 5641 3296 5708 defurentes,
3325 5657 3440 5698 non
3467 5657 3616 5708 meo,
