4046 6212
397 300 495 358 145

1468 317 1638 373 VITA
1676 300 1903 376 BEATI‘
1923 319 2225 377 ANTONII
2262 319 2586 375 ABBATIS.

3554 315 3660 376 ’146

386 429 483 483 sed
513 429 743 486 Domini
792 433 1127 505 fugabantur
1153 437 1408 511 imperio,
1442 442 1537 513 qui
1575 444 1653 498 ait
1685 445 1855 511 (Luca:
1881 443 2279 514 x):Anexuit.
2334 444 2457 498 Una
2512 446 2598 496 est
2652 458 2785 512 ergo
2841 441 2985 501 ratio
3042 439 3297 496 vincendi
3346 441 3656 511 inimicum,

387 518 514 572 Vidi
537 520 807 577 Satanam
839 526 997 595 quasi
1024 526 1212 597 fulgur
1238 530 1531 585 cadentem
1563 533 1632 587 de
1662 532 1818 587 caelo.
1853 534 1983 587 Haec

388 624 543 678 ergo,
568 611 745 677 ﬁlioli,
780 616 1070 685 apostolici
1090 634 1309 672 memor
1326 620 1555 691 eloquii,
1587 622 1644 675 in
1677 639 1766 675 me
1791 627 1979 676 trans-

385 697 641 765 formavi,
692 706 758 755 ut
810 706 1159 781 propositum
1211 713 1459 763 vestrum
1507 727 1609 764 nec
1663 711 1981 766 daemonum

384 791 588 854 terror,
618 805 721 844 nec
746 792 937 864 aliqua
964 795 1235 851 lassitudo
1266 798 1612 854 dissolveret.

457 876 569 931 Sed
590 880 858 949 quoniam
890 882 960 936 ob
980 891 1222 940 vestram
1242 887 1549 942 utilitatem
1575 889 1754 943 multa
1773 906 1983 944 memo-

384 965 583 1034 rando,
635 968 910 1040 insipiens
950 972 1130 1028 factus
1181 992 1325 1043 sum,
1378 982 1434 1031 et
1478 977 1649 1048 hujus
1698 978 1780 1033 rei
1827 978 1981 1033 vobis

386 1055 665 1126 impertiri
696 1060 860 1129 cupio
892 1062 1197 1130 notionem,
1223 1082 1391 1135 quam
1422 1083 1608 1121 veram
1642 1084 1774 1121 esse
1793 1069 1981 1121 nullus

384 1144 638 1216 ambigat
653 1148 1024 1204 audientium.
1043 1152 1605 1226 Pulsavitaliquando
1625 1156 1844 1211 daemon
1866 1173 1981 1211 mo-

384 1234 620 1288 nasterii
651 1237 859 1292 ostium
886 1258 897 1293 :
921 1241 1234 1310 egrediens,
1260 1243 1417 1297 video
1446 1243 1731 1298 hominem
1764 1245 1978 1299 enormi

381 1322 751 1392 sublimitate,
771 1334 1086 1397 porrectum
1104 1338 1274 1403 caput
1291 1349 1468 1403 usque
1490 1334 1564 1387 ad
1589 1334 1809 1388 coelum.
1835 1335 1979 1389 Cum

381 1409 454 1463 ab
500 1411 606 1466 hoc
651 1415 910 1485 quisnam
959 1426 1109 1474 esset
1137 1420 1503 1492 inquirerem,
1536 1423 1659 1476 ait:
1702 1423 1815 1493 Ego
1852 1440 1976 1477 sum

382 1499 645 1554 Satanas.
689 1504 758 1557 Et
786 1522 887 1575 ego
918 1524 929 1559 :
960 1507 1122 1573 Quid,
1165 1509 1417 1580 inquam,
1469 1510 1559 1564 hic
1587 1511 1836 1582 quaeris?
1876 1512 1979 1565 Re-

381 1589 646 1658 spondit:
686 1592 800 1646 Cur
825 1595 963 1649 mihi
991 1596 1203 1651 frustra
1229 1598 1513 1669 imputant
1540 1600 1844 1654 monachi?
1882 1617 1982 1654 cur

380 1678 521 1731 mihi
562 1696 759 1735 omnes
788 1683 1234 1740 Christianorum
1275 1688 1465 1759 populi
1496 1689 1883 1743 maledicunt?
1915 1689 1982 1742 Et

2064 535 2258 590 laetitia
2288 533 2616 605 spiritualis,
2642 532 2914 586 etanimze
2931 531 3234 585 Dominum
3265 548 3488 603 semper
3512 534 3681 604 cogi--

2062 624 2236 679 tantis
2251 624 2404 695 jugis
2434 621 2744 677 recordatio
2769 640 2780 675 :
2817 637 2938 691 qua:
2967 620 3284 674 daemonum
3316 622 3476 676 ludos
3497 624 3657 693 quasi

2063 714 2279 768 fumum
2331 712 2631 783 expellens,
2663 715 3032 781 persequetur
3074 709 3424 764 adversarios
3468 712 3656 782 potius

2063 820 2230 875 quam
2263 802 2498 856 timebit.
2520 802 2646 855 Non
2676 804 2760 853 est
2780 799 2929 853 enim
2949 798 3169 853 nescius
3182 799 3421 853 Satanas
3440 799 3657 870 ignium

2061 892 2401 956 futurorum,
2462 896 2519 945 et
2573 888 2863 943 aestuantis
2908 887 3179 957 gehennae
3234 888 3459 959 copiosa
3502 889 3659 943 novit

2063 980 2339 1056 incendia.

2134 1070 2243 1124 Sed
2281 1075 2346 1123 ut
2374 1086 2501 1123 mea
2523 1070 2643 1139 jam
2671 1067 2966 1122 claudatur
3004 1066 3204 1133 oratio,
3235 1065 3373 1121 illud
3402 1066 3461 1121 in
3486 1068 3655 1121 ﬁnem

2063 1175 2472 1212 commemoro:
2510 1158 2651 1212 Cum
2691 1157 2881 1227 aliqua
2917 1172 2977 1210 se
3014 1154 3169 1209 vobis
3197 1154 3462 1209 obtulerit
3496 1156 3653 1221 visio,

2062 1249 2329 1302 audacter
2348 1247 2635 1318 requirite,
2660 1245 2786 1316 quis
2815 1245 2891 1298 sit
2913 1245 3026 1307 ille,
3053 1248 3111 1298 et
3137 1244 3285 1297 unde
3320 1244 3562 1311 venerit;
3593 1236 3657 1299 ac

2063 1337 2184 1391 sine
2214 1354 2390 1402 mora,
2427 1336 2474 1389 si
2512 1342 2835 1389 sanctorum
2872 1333 3043 1387 fuerit
3079 1331 3363 1398 revelatio,
3405 1333 3659 1402 angelica

2063 1426 2442 1480 consolatione
2461 1425 2632 1479 timor
2650 1429 2901 1477 vertetur
2926 1422 2985 1475 in
3004 1421 3295 1492 gaudium.
3320 1420 3380 1476 Si
3394 1437 3524 1475 vero
3546 1420 3661 1475 dia-

2060 1514 2172 1567 boli
2202 1514 2373 1569 fuerit
2400 1513 2588 1568 oblata
2614 1512 2871 1567 tentatio.
2908 1510 3087 1565 ﬁdelis
3115 1510 3316 1564 animae
3337 1515 3663 1581 percuncta-

2061 1603 2307 1657 tionibus
2342 1607 2668 1667 evanescet;
2700 1601 2832 1673 quia
2860 1600 3167 1653 maximum
3210 1605 3297 1653 est
3341 1599 3661 1654 securitatis

2061 1692 2349 1757 indicium,
2380 1692 2730 1761 interrogare
2759 1690 3019 1760 quisnam
3064 1693 3151 1741 est
3196 1694 3254 1742 et
3281 1687 3449 1742 unde.
3484 1688 3577 1743 Sic
3605 1695 3663 1743 et

381 1784 521 1837 ego:
549 1770 709 1823 Juste
729 1770 959 1839 faciunt,
975 1774 1088 1828 tuis
1103 1775 1252 1829 enim
1272 1776 1595 1847 frequenter
1609 1762 2040 1832 molestanturB
2061 1782 2216 1835 Nave
2244 1781 2395 1835 ﬁlius
2420 1780 2589 1834 auxili
2600 1785 2813 1833 atorem
2840 1795 3003 1832 suum
3034 1777 3436 1847 interrogando
3457 1792 3660 1847 cogno-

380 1856 622 1911 insidiis.
646 1860 721 1913 At
749 1860 843 1915 ille
882 1861 995 1916 ait:
1020 1863 1173 1917 Nihil
1196 1881 1299 1934 ego
1321 1864 1481 1931 facio,
1502 1866 1599 1919 sed
1620 1866 1725 1937 ipsi
1746 1884 1806 1920 se
1834 1866 1976 1921 invi-

379 1962 504 1999 cem
558 1947 809 2003 turbant.
865 1951 1009 2006 Nam
1055 1969 1158 2023 ego
1205 1954 1542 2008 miserabilis
1592 1955 1773 2010 factus
1828 1971 1974 2011 sum.

382 2031 559 2106 Rogo,
579 2053 765 2092 nonne
786 2040 999 2111 legisti:
1028 2042 1171 2106 Quia
1189 2042 1737 2099 defeceruntinimici
1753 2044 1979 2099 frameae
2012 2074 2013 2077 η

381 2126 440 2179 in
474 2128 667 2193 ﬁnem,
706 2134 764 2182 et
797 2129 1050 2185 civitates
1092 2147 1287 2185 eorum
1322 2133 1648 2187 destruxisti
1678 2134 1838 2203 (Psal.
1866 2133 1980 2199 Ix)?

380 2215 465 2270 En
485 2215 702 2271 nullum
717 2219 837 2287 jam
860 2217 1036 2273 habeo
1058 2220 1260 2289 locum,
1288 2222 1498 2276 nullam
1521 2221 1775 2294 possideo
1792 2221 1981 2277 civita-

375 2312 518 2371 tem,
537 2307 659 2376 jam
685 2306 823 2361 mihi
840 2308 994 2362 nulla
1018 2315 1151 2363 sunt
1176 2327 1363 2365 arma:
1392 2328 1492 2383 per
1511 2329 1704 2365 omnes
1725 2302 1979 2366 nationes

376 2400 722 2466 cunctasque
743 2397 1055 2467 provincias
1078 2398 1285 2453 Christi
1307 2405 1571 2471 personat
1597 2416 1820 2466 nomen,
1854 2401 1981 2454 soli-

376 2484 608 2538 tudines
638 2503 860 2557 quoque
889 2489 1292 2543 monachorum
1322 2490 1605 2560 stipantur
1632 2489 1835 2543 choris.
1866 2489 1977 2561 Ipsi

373 2590 461 2639 se,
498 2590 705 2644 quaeso,
725 2580 1010 2643 tueantur,
1035 2583 1093 2631 et
1130 2594 1219 2632 me
1240 2578 1360 2632 sine
1379 2594 1550 2632 causa
1573 2594 1685 2631 non
1707 2579 1971 2632 lacerent.

380 2663 547 2717 Tunc
562 2680 665 2734 ego
694 2665 794 2718 Dei
815 2666 1057 2736 gratiam
1070 2684 1198 2721 cum
1216 2666 1503 2721 alacritate
1526 2667 1783 2725 miratus.
1808 2667 1886 2721 sic
1904 2668 1976 2722 ad

372 2769 511 2806 eum
542 2753 762 2808 locutus
790 2772 914 2809 sum
937 2773 949 2809 :
983 2757 1108 2810 Non
1136 2762 1248 2810 tuae
1278 2757 1517 2837 veritati,
1543 2774 1665 2828 quae
1686 2757 1841 2811 nulla
1868 2762 1970 2823 est,

372 2846 499 2895 tam
531 2859 732 2897 novam
763 2849 820 2898 et
847 2850 963 2898 tam
994 2845 1303 2899 inauditam
1355 2844 1573 2900 ascribo
1613 2845 1970 2900 sententiam.

2058 1870 2139 1923 vit
2170 1873 2346 1940 (Josue
2368 1872 2450 1939 v);
2474 1885 2577 1923 nec
2605 1867 2895 1922 Danielem
2915 1871 3339 1938 percontantem
3359 1866 3536 1921 latere
3554 1883 3658 1939 po—

2064 1959 2179 2013 tuit
2202 1958 2463 2012 inimicus
2492 1960 2655 2025 (Dan.
2687 1960 2761 2026 Χ).

2134 2048 2436 2119 Postquam
2467 2046 2744 2101 Antonius
2785 2045 3006 2101 dicendi
3032 2045 3201 2099 ﬁnem
3231 2043 3382 2109 fecit,
3414 2044 3658 2099 laetanti-

2061 2136 2166 2192 bus
2187 2136 2419 2201 cunctis,
2444 2135 2501 2189 in
2532 2136 2658 2190 aliis
2678 2135 2902 2199 virtutis
2921 2133 3124 2205 cupido
3153 2132 3568 2198 exardescebat,
3596 2133 3655 2187 in

2062 2226 2187 2280 aliis
2212 2224 2438 2279 inﬁrma
2458 2224 2806 2279 refovebatur
2829 2223 2985 2289 ﬁdes,
3010 2239 3075 2279 ex
3104 2222 3343 2276 aliorum
3373 2220 3658 2276 mentibus

2062 2314 2212 2369 falsae
2225 2315 2517 2385 opiniones
2541 2312 2910 2384 pellebantur,
2926 2328 2992 2365 ex
3003 2311 3244 2364 aliorum
3265 2309 3520 2365 sensibus
3541 2310 3660 2365 ina-

2061 2404 2217 2458 nium
2250 2409 2531 2457 terrorum
2561 2400 2876 2473 pellebatur
2897 2398 3150 2453 accensio
3179 2416 3190 2451 :
3224 2398 3507 2468 simulque
3533 2399 3659 2452 uni-

2060 2493 2223 2557 versi,
2256 2509 2383 2546 cum
2420 2494 2540 2562 jam
2571 2490 2889 2544 daemonum
2934 2487 3168 2542 insidias
3206 2490 3652 2551 contemnerent,
3746 2550 3761 2556 θ

2059 2581 2412 2635 mirabantur
2440 2581 2499 2634 in
2529 2579 2771 2634 Antonio
2820 2582 3038 2632 tantam
3084 2575 3328 2646 gratiam
3353 2573 3653 2646 spirituum

2058 2670 2752 2737 discernendorum,quam
2763 2665 3001 2720 Domino
3014 2663 3651 2734 tribuenteperceperat.

2131 2761 2261 2816 CAP.
2294 2759 2440 2813 XXI.
2476 2789 2536 2797 —
2581 2757 2755 2810 Erant
2795 2754 2970 2825 igitur
2996 2753 3056 2807 in
3091 2757 3283 2807 monte
3311 2752 3653 2808 monasteria

2056 2853 2328 2918 tanquam
2354 2846 2735 2911 tabernacula,
2769 2843 2937 2914 plena.
2965 2842 3167 2896 divinis
3196 2841 3383 2895 choris
3414 2841 3654 2912 psallen-

370 2931 525 2986 Nam
578 2948 705 2986 cum
756 2932 985 2988 fallaciae
1028 2939 1197 3006 caput
1240 2934 1331 2999 sis,
1367 2936 1471 2989 hoc
1516 2936 1636 2989 sine
1682 2935 1972 2990 mendacio
2055 2938 2201 2991 tium
2232 2936 2364 3006 (53),
2409 2936 2738 3008 legentium,
2769 2934 3090 2989 orantium:
3123 2937 3457 3005 tantumque
3490 2933 3654 3004 jeju-

372 3026 605 3075 coactus
636 3039 695 3076 es
725 3024 996 3077 conﬁteri.
1029 3024 1173 3077 Vere
1205 3024 1353 3078 enim
1372 3024 1534 3079 Jesus
1563 3029 1692 3079 tuas
1721 3024 1973 3079 funditus
2056 3028 2228 3081 nandi
2260 3033 2317 3081 et
2357 3026 2676 3097 vigiliarum
2715 3024 2972 3078 ardorem
3008 3028 3336 3077 cunctorum
3367 3021 3651 3078 mentibus

370 3110 602 3165 subruit
630 3112 793 3177 vires,
819 3118 875 3166 et
901 3113 1113 3167 honore
1139 3114 1383 3168 nudatus
1400 3114 1669 3184 angelico,
1705 3113 1972 3168 volutaris
1989 3116 2233 3176 Csermo
2263 3117 2386 3186 ejus
2428 3114 2735 3177 amaverat,
2779 3118 2844 3166 ut.
2868 3112 3071 3165 futurae
3100 3110 3218 3181 spei
3248 3109 3533 3177 aviditate,
3568 3109 3641 3164 ad

373 3200 434 3254 in
489 3200 770 3255 sordibus.
814 3202 914 3255 Vix
951 3203 1085 3257 dum
1124 3202 1293 3256 verba
1332 3203 1759 3274 compleveram,
1794 3208 1852 3257 et
1878 3203 1972 3257 ille
2055 3206 2386 3261 charitatcm
2400 3209 2653 3257 mutuam
2674 3196 3652 3269 etmisericordiasindigentibusex-

371 3288 636 3344 sublimis
646 3295 871 3362 aspectu
884 3291 1186 3346 Salvatoris
1200 3292 1582 3347 nominatione
1593 3293 1842 3362 dejectus
1864 3297 1967 3347 est.
2053 3294 2326 3348 hibendas
2336 3292 2460 3363 jugi
2476 3291 2662 3346 studio
2688 3289 3027 3350 laborarent,
3047 3288 3144 3358 qui
3166 3286 3447 3340 inﬁnitam
3463 3285 3648 3356 regio-

448 3379 585 3442 Quze
610 3395 744 3449 ergo
766 3382 906 3450 jam,
939 3397 971 3433 ο
996 3380 1170 3442 ﬁlioli,
1215 3381 1422 3453 poterit
1469 3382 1714 3435 residere
1742 3387 1971 3435 cuncta-
2054 3400 2182 3437 nem
2217 3382 2538 3453 quamdam,
2569 3384 2627 3432 et
2653 3378 2921 3449 oppidum
2951 3392 2987 3430 a
3019 3374 3308 3429 mundana
3351 3390 3646 3428 conversa-

370 3467 494 3521 tio?
522 3484 647 3538 quae
676 3468 975 3539 trepidatio
1000 3469 1250 3524 manebit
1278 3470 1553 3524 ulterius?
1582 3471 1718 3535 Quis
1751 3487 1853 3524 nos
1883 3487 1973 3525 eo-
2052 3472 2206 3526 tione
2226 3472 2561 3541 sejunctum,
2578 3467 2807 3539 plenum
2823 3464 3046 3536 pietatis
3068 3468 3125 3517 et
3143 3461 3376 3532 justitiae
3387 3460 3650 3516 videban-

372 3573 503 3610 rum
532 3556 698 3610 turbo
725 3558 932 3629 poterit
958 3559 1313 3613 convellere?
1361 3560 1579 3613 Secura:
1619 3559 1736 3613 sint
1769 3560 1971 3613 animae

370 3646 730 3717 singulorum
766 3666 777 3701 :
827 3664 939 3701 non
979 3648 1085 3701 sibi
1138 3648 1313 3718 ﬁngat
1349 3663 1493 3702 vana
1533 3649 1797 3719 cogitatio
1825 3666 1970 3703 vana

370 3735 730 3803 discrimina;
760 3753 872 3791 non
900 3736 1102 3808 aliquis
1130 3737 1330 3791 timeat
1358 3754 1392 3791 a
1433 3736 1656 3792 diabolo
1684 3737 1968 3793 sublatum

369 3825 443 3879 ad
468 3825 778 3897 praecipitia
794 3843 854 3880 se
874 3843 1035 3897 posse
1059 3826 1280 3881 deferri.
1304 3826 1556 3881 Pellatur
1582 3826 1763 3881 omnis
1784 3827 1971 3881 anxie-

368 3924 486 3983 tas;
512 3917 788 3971 Dominus
817 3917 984 3982 enim,
1008 3917 1104 3988 qui
1128 3922 1349 3971 nostros
1370 3918 1671 3988 prostravit
1690 3918 1965 3981 inimicos,

370 4022 631 4070 manens,
665 4013 728 4059 ut
755 4005 1029 4077 promisit,
1071 4006 1129 4060 in
1168 4005 1328 4060 nobis
1363 4008 1540 4071 (Joan.
1573 4007 1704 4075 x1v),
1738 4023 1772 4060 a
1803 4007 1969 4061 variis

369 4114 474 4151 nos
529 4096 749 4150 Satanas
798 4095 1038 4149 munivit
1068 4094 1403 4149 incursibus.
1433 4095 1517 4149 En
1544 4094 1662 4165 ipse
1691 4094 1962 4161 diabolus,

369 4186 467 4258 qui
498 4183 825 4255 hujusmodi
876 4200 1002 4239 cum
1048 4184 1164 4237 suis
1208 4182 1543 4238 satellitibus
1574 4188 1792 4237 exercet
1819 4190 1970 4238 astu-

368 4275 499 4340 tias,
527 4274 667 4328 nihil
697 4290 756 4328 se
785 4290 947 4345 posse
976 4278 1171 4327 contra
1196 4272 1544 4328 Christianos
1571 4272 1797 4326 fatetur.

2053 3568 2147 3616 tur
2171 3560 2434 3614 incolere.
2461 3557 2596 3622 Quis
2618 3561 2839 3610 tantum
2861 3553 3267 3607 monachorum
3279 3567 3483 3621 agmen
3504 3550 3650 3621 aspi-

2052 3650 2225 3713 ciens,
2246 3649 2372 3720 quis
2396 3646 2615 3701 virilem
2644 3645 2806 3698 illum
2834 3641 3142 3697 concordiae
3166 3646 3371 3695 emtum
3389 3655 3643 3705 cernens,

2050 3739 2109 3793 in
2131 3755 2240 3809 quo
2254 3737 2443 3791 nullus
2467 3751 2692 3799 nocens,
2710 3733 2873 3788 nulla
2890 3730 3164 3785 detractio
3182 3729 3523 3795 susurronis,
3546 3728 3646 3783 sed

2051 3825 2353 3881 multitudo
2376 3822 2781 3878 abstinentium
2798 3826 2855 3874 et
2864 3824 3149 3874 certamen
3170 3817 3480 3872 ofﬁciorum
3500 3822 3642 3884 erat,

2050 3933 2163 3970 non
2194 3915 2249 3968 in
2272 3915 2418 3967 hanc
2441 3912 2636 3967 statim
2664 3914 2987 3980 erumperet
3010 3924 3204 3962 vocem
3230 3925 3242 3960 :
3276 3907 3456 3971 Quam
3487 3905 3646 3961 bonae

2051 4005 2250 4059 domus
2269 4008 2397 4060 tuae.
2425 4000 2620 4055 Jacob!
2649 3998 3138 4062 tabernaculatua,
3163 3996 3645 4067 Israel,tanquam

2050 4109 2284 4148 nemora
2308 4088 2722 4154 obumbrantia,
2744 4093 3013 4158 tanquam
3040 4085 3334 4157 paradisus
3352 4101 3523 4155 super
3545 4085 3648 4140 ﬂu-

2054 4182 2187 4249 vios,
2211 4184 2481 4251 tanquam
2511 4177 2873 4232 tabernacula
2894 4193 3016 4246 quae
3033 4175 3143 4228 ﬁxa
3169 4178 3304 4227 sunt
3325 4190 3360 4227 a
3385 4173 3643 4236 Domino,

2050 4276 2320 4341 tanquam
2347 4268 2499 4322 cedri
2529 4267 2675 4321 circa
2704 4282 2879 4336 aquas
2910 4265 3099 4331 (Num.
3135 4263 3323 4331 xxrv)!

441 4366 571 4419 Iam
591 4380 741 4454 cura;
769 4362 1315 4454 Christianorum-et
1343 4361 1745 4454 monachorum
1786 4360 1861 4415 sit
1897 4378 1968 4416 ne
1989 4396 2037 4454 D
2122 4359 2251 4454 Cap.
2286 4358 2465 4454 XXII.
2522 4388 2539 4393 —
2584 4355 2731 4454 Dum
2781 4354 2899 4407 haec
2933 4352 3014 4405 ita
3030 4356 3325 4454 geruntur,
3355 4349 3557 4451 quibus
3587 4350 3645 4402 in

368 4472 473 4527 per
500 4470 699 4508 eorum
731 4452 993 4506 inertiam
1040 4451 1184 4505 vires
1212 4450 1558 4505 daemonibus
1587 4449 1966 4523 praebeantur.
1990 4438 2035 4454 ”
2053 4449 2176 4502 dies
2204 4447 2382 4501 beatae
2417 4446 2543 4499 vitae
2564 4443 2813 4499 studium
2842 4446 3134 4505 cresceret,
3173 4438 3455 4494 Antonius
3483 4454 3646 4491 man-

372 4544 521 4598 Nam
551 4541 748 4613 quales
778 4558 879 4596 nos
908 4542 970 4595 et
991 4545 1213 4594 nostras
1242 4539 1558 4611 repererint
1577 4539 1966 4609 cogitationes,

373 4631 517 4686 tales
548 4647 611 4684 se
638 4629 800 4684 nobis
825 4634 1092 4700 praestare
1119 4633 1546 4683 consueverunt.
1571 4628 1639 4682 Et
1668 4628 1713 4682 si
1746 4629 1892 4698 quod
1912 4628 1973 4682 in

373 4718 700 4792 pectoribus
718 4719 877 4773 mala:
893 4718 1096 4773 mentis
1113 4724 1170 4772 et
1189 4717 1410 4788 pavoris
1426 4733 1617 4772 semen
1634 4717 1967 4783 invenerint,

374 4808 533 4881 quasi
583 4807 851 4872 latrones,
885 4807 981 4878 qui
1027 4807 1250 4861 deserta
1279 4805 1535 4860 obtinent
1578 4806 1718 4871 loca,
1764 4810 1973 4876 caeptos

372 4899 670 4953 cumulant
698 4898 950 4962 timores,
980 4902 1038 4950 et
1064 4896 1366 4951 crudeliter
1393 4895 1771 4960 imminentes,
1796 4894 1975 4948 infeli-

374 5005 497 5042 cem
508 4987 755 5059 puniunt
768 4986 1036 5040 animam.
1053 4990 1114 5050 4
1125 4990 1174 5049 α
1201 4984 1258 5039 Si
1270 4989 1461 5039 autem
1475 4985 1688 5038 alacres
1701 4983 1973 5038 fuerimus

378 5078 432 5131 in
462 5076 726 5144 Domino,
760 5081 817 5130 et
848 5076 1164 5130 futurorum
1193 5073 1471 5129 bonorum
1493 5072 1694 5146 cupido
1716 5089 1818 5127 nos
1846 5089 1974 5126 suc-

376 5166 659 5233 cenderit;
691 5165 738 5219 si
778 5181 1001 5235 semper
1027 5164 1217 5218 omnia
1239 5163 1496 5217 manibus
1526 5162 1627 5217 Dei
1656 5161 1976 5217 committa-

377 5272 524 5321 mus,
572 5254 764 5309 nullus
812 5254 1130 5308 dtemonum
1178 5253 1248 5306 ad
1294 5252 1727 5323 expugnandum
1771 5249 1978 5304 valebit

378 5344 678 5411 accedere;
712 5342 891 5414 magis
907 5343 1075 5407 enim,
1101 5358 1228 5396 cum
1248 5341 1465 5394 munita
1482 5341 1539 5394 in
1567 5340 1788 5394 Christo
1809 5339 1978 5393 corda

377 5432 793 5505 conspexerint.
824 5431 1040 5485 confusi
1069 5435 1441 5484 revertentur.
1464 5430 1549 5483 Ita
1578 5433 1635 5483 et
1662 5427 1764 5481 Job
1790 5430 1975 5481 ﬁrma-

377 5530 500 5577 tum
528 5523 589 5576 in
632 5520 875 5576 Domino
893 5519 1149 5574 diabolus
1174 5518 1381 5589 refugit
1404 5537 1415 5585 ;
1450 5525 1508 5571 et
1534 5517 1977 5571 infelicissimum

379 5613 585 5671 Judam
634 5610 1004 5683 exspoliatum
1052 5608 1181 5673 ﬁde,
1230 5607 1462 5662 vinculis
1504 5605 1842 5680 captivitatis
1890 5604 1978 5659 in-

2053 4537 2275 4591 sionum
2324 4535 2383 4589 in
2432 4534 2570 4588 cmlo
2629 4533 2939 4605 positarum
3005 4529 3324 4593 recordans,
3394 4532 3452 4581 et
3503 4543 3648 4598 prte-

2054 4626 2229 4681 sentis
2248 4625 2373 4679 vita:
2390 4623 2700 4694 despiciens
2720 4621 3074 4685 inanitatem,
3098 4618 3258 4689 quasi
3279 4632 3447 4689 parva
3463 4622 3653 4670 essent

2056 4730 2423 4788 quaecumque
2442 4714 2563 4783 jam
2590 4716 2859 4783 gesserat,
2893 4713 3186 4781 separatus
3214 4724 3249 4761 a
3275 4704 3540 4761 fratribus
3568 4704 3652 4759 in-

2055 4803 2411 4859 stituebatur.
2446 4804 2699 4872 Cumque
2729 4818 2857 4855 eum
2889 4800 3005 4853 sive
3033 4798 3217 4853 cibum
3244 4797 3358 4851 sive
3389 4811 3649 4850 somnum

2054 4894 2347 4964 indulgere
2369 4891 2716 4962 corpusculo,
2738 4893 2836 4943 aut
2865 4886 3005 4940 alias
3026 4890 3251 4968 naturae.
3268 4884 3649 4950 necessitates,

2056 4987 2281 5052 cogeret
2308 4981 2559 5034 humana
2586 4975 2849 5040 conditio,
2877 4974 3017 5027 miro
3046 4971 3397 5026 afﬁciebatur
3415 4972 3649 5042 pudore,

2059 5071 2207 5143 quod
2235 5075 2452 5124 tantam
2485 5066 2686 5120 animae
2729 5063 3044 5117 libertatem
3069 5060 3275 5115 modici
3309 5060 3495 5115 carnis
3535 5065 3652 5121 ter-

2060 5159 2195 5214 mini
2218 5160 2559 5212 coercerent.
2597 5155 2741 5207 Nam
2772 5151 3094 5223 frequenter
3122 5167 3249 5205 cum
3277 5148 3544 5204 fratribus
3570 5164 3656 5203 se-

2059 5250 2214 5311 dens,
2247 5264 2279 5301 a
2313 5245 2436 5300 c1bo
2481 5244 2571 5299 cui
2623 5242 2808 5296 fuerat
2844 5232 3150 5312 appositus,
3195 5238 3468 5293 memoria
3514 5253 3651 5292 escae

2060 5336 2386 5409 spiritualis,
2442 5330 2875 5388 abstrahebatur
2946 5328 3157 5383 Edebat
3208 5333 3419 5394 tamen,
3460 5331 3657 5397 utpote

2059 5428 2247 5491 homo,
2277 5441 2421 5497 saepe
2450 5424 2621 5487 solus,
2654 5438 2800 5493 sazpe
2832 5435 2959 5474 cum
2988 5417 3274 5473 fratribus.
3300 5417 3369 5471 Et
3386 5433 3515 5471 cum
3540 5416 3657 5470 haec

2060 5514 2206 5568 mira
2221 5516 2307 5579 (ut
2322 5511 2567 5584 praedixi)
2594 5516 2805 5580 ageret,
2837 5523 2964 5563 cum
2994 5504 3319 5560 confusione
3341 5505 3545 5558 animae
3565 5502 3659 5556 ad-

2061 5604 2362 5660 hibendam
2395 5616 2733 5672 inagnOpere
2754 5596 2971 5670 corpori
2994 5593 3344 5665 diligentiam
3361 5591 3659 5663 persuade-
