4004 6196
379 354 474 414 151

1396 353 1490 408 DE
1527 353 1716 409 VITIS
1753 351 2049 408 PATRUM
2085 351 2299 407 LIBER
2335 344 2624 404 PRIMUS.

3541 341 3649 400 152

375 477 699 550 saepissime,
729 476 948 550 psallite
977 493 1224 548 vespere,
1257 483 1314 532 et
1343 495 1529 544 mane,
1552 483 1609 532 et
1632 477 1886 542 meridie,
1909 480 2037 538 etA
2055 475 2284 530 terrent.
2308 474 2432 528 Non
2455 473 2604 527 enim
2625 470 2852 526 Antonii
2883 475 2982 524 aut
2994 470 3324 540 cujusquam
3355 465 3649 522 hominum

379 569 648 622 mandata
664 567 1020 636 Scripturaru
1028 582 1080 619 m
1092 567 1375 622 revolvite.
1391 566 1780 622 Recordamini
1793 569 1977 636 gesto-

378 673 526 720 rum,
561 673 683 726 quae
703 653 880 708 sancti
897 655 1104 726 quique
1121 657 1392 724 fecerunt,
1425 663 1489 710 ut
1508 655 1744 727 exempli
1767 670 1977 708 memo-

381 745 468 798 ria
489 743 734 798 animam
767 743 963 798 incitet
1006 744 1077 798 ad
1112 745 1397 810 virtutem,
1434 744 1681 800 refrenet
1725 761 1760 799 a
1802 742 1972 797 vitiis.

382 830 665 888 Suadebat
673 831 840 884 etiam
847 831 970 902 jugi
982 833 1344 887 meditatione
1356 833 1712 888 retinendum
1725 833 1976 904 Apostoli

379 935 714 984 sermonem,
749 936 860 991 quo
897 921 1006 976 ait:
1039 921 1131 976 Sol
1159 937 1274 976 non
1305 922 1520 976 occidat
1553 938 1724 993 super
1750 921 1978 976 iracun-

379 1007 530 1063 diam
558 1012 805 1063 vestram
831 1010 1048 1081 (Ephes.
1071 1013 1170 1077 1v).
1201 1011 1328 1066 Non
1345 1016 1568 1065 tantum
1597 1016 1787 1065 autem
1811 1027 1982 1082 super

381 1096 731 1152 iracundiam
751 1099 929 1152 solem
949 1099 1200 1154 occidere
1227 1117 1340 1154 non
1401 1099 1604 1154 debere
1647 1099 1982 1172 interpreta-

379 1183 566 1252 batur,
595 1187 694 1241 sed
715 1192 773 1242 et
792 1203 962 1259 super
989 1189 1181 1242 omnia
1199 1189 1402 1243 delicta
1421 1189 1730 1252 hominum,
1755 1205 1826 1242 ne
1855 1205 1981 1260 pec-

383 1279 638 1332 catorum
667 1292 917 1348 unquam
942 1283 1267 1332 nostrorum
1290 1284 1390 1333 aut
1427 1279 1486 1332 in
1515 1284 1676 1332 nocte
1696 1279 1846 1343 luna,
1881 1283 1982 1332 aut

385 1363 444 1418 in
473 1364 564 1419 die
601 1365 704 1432 sol,
737 1371 909 1420 testes
938 1365 1320 1421 abscederent.
1354 1367 1511 1421 Illius
1542 1372 1764 1438 quoque
1793 1367 1984 1424 admo-

384 1452 558 1506 nebat
585 1453 848 1526 praacepti
877 1470 1156 1510 memores
1185 1471 1326 1516 esse,
1367 1456 1516 1526 quod
1559 1456 1693 1510 dicit
1733 1455 1804 1510 de
1853 1455 1976 1508 his:

2057 564 2286 619 omnino
2317 563 2458 616 hanc
2487 578 2610 616 esse
2640 559 3108 623 medicinam,sed
3125 557 3228 612 Dei
3257 557 3449 622 solius,
3469 556 3564 626 qui
3593 561 3653 610 et

2059 652 2260 724 quibus
2286 652 2472 719 vellet,
2496 656 2554 705 et
2572 666 2682 721 quo
2695 649 2864 703 vellet
2877 653 3130 719 tempore
3149 646 3311 699 daret
3326 644 3646 699 sanitatem.

2058 743 2147 798 Ita
2173 740 2552 795 consolatione
2581 755 2686 794 sua
2713 743 2770 792 et
2805 741 3032 792 vexatos
3081 733 3480 806 aequanimiter
3505 733 3652 788 ferre

2057 829 2448 896 tentationem,
2479 837 2537 882 et
2551 830 2674 899 jam
2695 826 2981 894 liberatos,
3001 841 3114 880 non
3135 823 3260 891 sibi,
3283 823 3380 878 sed
3399 823 3514 877 Deo
3527 839 3654 892 gra-

2056 920 2167 974 tias
2195 919 2404 974 referre
2429 917 2681 974 docebat.

2134 1010 2266 1063 CAP.
2297 1009 2494 1062 XXIX.
2525 1035 2587 1045 -—
2613 1007 2822 1060 Fronto
2850 1010 3041 1060 autem
3071 1003 3316 1076 quidam,
3345 1003 3432 1056 vir
3453 1019 3518 1058 ex
3546 1003 3656 1057 Pa-

2062 1097 2312 1162 laestinis,
2349 1097 2444 1167 qui
2474 1095 2836 1150 infestissimo
2866 1094 3144 1150 daemonio
3175 1092 3474 1148 vexabatur
3497 1093 3655 1162 (nam

2062 1194 2120 1242 et
2138 1187 2389 1257 linguam
2412 1187 2535 1256 ejus
2547 1185 2793 1239 laniabat
2809 1183 3092 1250 dentibus,
3126 1187 3184 1236 et
3211 1182 3499 1236 oculorum
3517 1181 3660 1236 nite-

2062 1277 2228 1330 batur
2246 1277 2436 1330 lumen
2457 1275 2852 1344 exstinguere),
2874 1271 3120 1344 perrexit
3133 1272 3202 1324 ad
3217 1277 3484 1336 montem,
3499 1286 3660 1340 roga-

2062 1365 2271 1436 batque
2298 1363 2527 1418 beatum
2557 1379 2748 1418 senem
2764 1368 2828 1416 ut
2859 1378 2960 1433 pro
2991 1378 3053 1416 se
3080 1360 3383 1416 Dominum
3411 1365 3655 1429 rogaret.

2067 1453 2262 1509 Oravit
2275 1452 2572 1518 Antonius,
2605 1452 2857 1523 dixitque
2876 1451 2946 1505 ad
2971 1467 3100 1505 eum
3129 1469 3141 1504 :
3169 1449 3326 1503 Vade
3351 1453 3408 1502 et
3433 1447 3662 1502 curabe-

386 1541 703 1613 Dijudieate
730 1543 1114 1614 vosmetipsos,
1141 1550 1200 1598 et
1227 1544 1460 1615 probate
1485 1545 1570 1616 (ΙΙ
1591 1545 1710 1599 Cor.
1744 1547 1893 1610 xm);
1921 1549 1986 1598 ut
2065 1543 2163 1596 ris.
2198 1542 2286 1596 Illi
2311 1541 2598 1596 incredulo
2628 1540 2754 1607 sibi,
2793 1545 2850 1594 et
2887 1539 3161 1593 violenter
3211 1537 3419 1592 ibidem
3467 1541 3662 1590 contra

388 1631 666 1685 rationem
695 1630 806 1684 diei
835 1631 1125 1703 noctisque
1152 1631 1439 1700 facientes,
1465 1634 1514 1687 si
1545 1633 1605 1688 in
1633 1651 1694 1687 se
1721 1632 1986 1686 delictum
2066 1636 2406 1703 praeceptum
2427 1629 2752 1696 remoranti,
2777 1629 2974 1684 eadem
3010 1625 3338 1699 geminabat
3361 1625 3659 1691 Antonius,

389 1719 906 1790 deprehendissent,
961 1737 1191 1792 peccare
1239 1722 1577 1778 desisterent
1605 1741 1618 1790 ;
1662 1721 1747 1776 sin
1795 1727 1983 1776 autem
2067 1720 2286 1774 dicens:
2315 1719 2418 1774 Hic
2435 1718 2619 1774 curari
2647 1735 2758 1772 non
2788 1717 3026 1790 poteris:
3061 1716 3345 1787 egredere,
3376 1721 3434 1768 et
3451 1714 3664 1768 calcata

387 1807 576 1861 nullus
605 1824 764 1862 error
791 1807 1120 1880 decepisset,
1143 1815 1565 1882 perseverantes
1591 1812 1871 1866 instarent
1893 1827 1988 1881 po-
2069 1809 2330 1880 Egypto,
2358 1809 2549 1863 statim
2569 1813 2625 1862 te
2637 1807 3022 1862 misericordia
3040 1805 3249 1860 Christi
3269 1799 3659 1874 consequetur.

388 1896 503 1950 tius
530 1896 774 1968 incepto,
803 1915 970 1968 quam
991 1900 1318 1970 arrogantia
1339 1900 1543 1954 tumidi
1575 1905 1674 1954 aut
1702 1899 1840 1954 alios
1855 1915 1988 1954 con-
2006 1897 2320 1972 BTandem
2347 1897 2602 1963 credidit,
2633 1902 2690 1951 et
2718 1896 2996 1967 profectus
3026 1901 3143 1961 est;
3167 1909 3234 1948 ac
3255 1893 3375 1948 visa
3401 1893 3660 1963 Egypto,

389 1990 728 2051 temnerent,
755 1992 858 2041 aut
881 1987 986 2040 sibi
1009 1988 1291 2057 justitiam
1319 1989 1697 2055 vendicarent,
1722 1989 1885 2059 juxta
1901 2004 1992 2042 su-

390 2073 900 2145 pradictiDoctoris
925 2074 1210 2147 eloquium
1233 2077 1497 2132 dicentis:
1532 2078 1718 2132 Nolite
1737 2077 1992 2148 judicare

392 2168 525 2218 ante
553 2167 776 2234 tempus
803 2165 853 2234 (Ι
877 2164 1000 2219 Cor.
1033 2167 1108 2234 IV)
1140 2185 1153 2232 ;
1179 2167 1358 2237 magis
1386 2167 1590 2221 debere
1616 2183 1711 2220 eos
1759 2165 1986 2232 Christi,

394 2253 484 2306 cui
515 2253 618 2308 soli
647 2254 864 2308 occulta
889 2259 1104 2325 patent,
1137 2271 1423 2310 reservare
1453 2257 1666 2326 judicio
1700 2257 1872 2322 (Rom.
1905 2258 1991 2325 ιι).

394 2343 600 2397 Multas
629 2359 752 2398 esse
783 2346 868 2409 (ut
881 2343 1156 2415 scriptum
1179 2348 1280 2414 est}
1305 2344 1422 2398 vias
1452 2361 1576 2415 quae
1603 2345 1864 2398 videntur
1887 2344 1991 2397 ho-

395 2431 642 2486 minibus
664 2433 851 2503 justas,
887 2432 986 2486 sed
1005 2432 1144 2487 fines
1165 2449 1362 2486 earum
1375 2433 1444 2487 ad
1466 2433 1805 2503 profundum
1819 2432 1994 2504 respi-

395 2537 521 2575 cere
548 2521 751 2575 inferni
784 2523 959 2590 (Prov.
973 2535 1067 2574 XIv
1082 2527 1284 2588 etxvn;
1317 2539 1464 2592 saepe
1491 2526 1683 2576 nostra
1707 2537 1818 2574 non
1831 2538 1994 2592 posse

397 2627 500 2666 nos
527 2609 843 2680 intelligere
869 2613 1117 2679 peccata,
1147 2626 1293 2680 saape
1337 2609 1454 2664 falli
1486 2609 1540 2664 in
1571 2610 1787 2664 ratione
1805 2615 1994 2680 gesto-

396 2715 528 2753 rum
555 2715 570 2765 ;
593 2697 748 2752 aliud
778 2713 900 2752 esse
919 2697 1020 2752 Dei
1049 2703 1250 2752 cuncta
1277 2698 1557 2752 cernentis
1579 2698 1876 2768 judicium,
1900 2697 1996 2769 qui

399 2803 512 2842 non
533 2803 599 2841 ex
627 2785 924 2857 superﬁcie
939 2802 1254 2856 corporum,
1279 2788 1378 2841 sed
1398 2803 1464 2841 ex
1490 2787 1762 2841 mentium
1781 2787 1999 2858 judicat

399 2875 638 2932 arcanis.
667 2876 912 2946 Equum
939 2881 1130 2930 autem
1155 2892 1277 2930 esse
1302 2892 1405 2930 nos
1436 2875 1597 2930 nobis
1636 2877 1898 2948 compati,
1942 2879 2000 2930 et

397 2965 637 3020 invicem
665 2981 838 3020 onera
866 2970 1061 3018 nostra
1087 2970 1312 3036 portare
1345 2965 1482 3032 (Gal.
1515 2969 1614 3034 v1),
1647 2970 1713 3019 ut
1737 2981 1998 3020 concesso

401 3055 656 3111 examine
703 3053 997 3122 Salvatori,
1049 3053 1304 3125 proprias
1347 3053 1714 3108 conscientias
1748 3065 1998 3108 nosmet-

401 3147 554 3218 ipsos
575 3143 892 3216 judicantes
919 3143 1290 3197 intueremur.

475 3235 708 3290 Necnon
724 3231 946 3288 dicebat
965 3247 1228 3302 magnam
1245 3247 1368 3286 esse
1389 3231 1461 3284 ad
1475 3229 1738 3285 virtutem
1759 3231 1925 3297 viam,
1951 3231 1999 3286 si

403 3322 612 3395 singuli
636 3323 722 3378 vel
746 3322 1108 3377 observarent
1133 3320 1282 3392 quod
1298 3325 1580 3391 gererent,
1602 3320 1686 3374 vel
1710 3320 2000 3374 universas

402 3413 682 3468 mentium
709 3411 1074 3482 cogitationes
1091 3407 1358 3463 fratribus
1379 3409 1670 3464 referrent.
1701 3410 1828 3464 Non
1849 3409 2000 3463 enim

403 3519 566 3575 posse
584 3501 828 3572 aliquem
849 3515 1098 3570 peccare,
1129 3515 1258 3552 cum
1269 3499 1550 3552 relaturus
1567 3503 1715 3552 esset
1742 3498 1812 3552 ad
1826 3498 2001 3552 alium

405 3607 750 3666 quaecunque
761 3593 1062 3660 peccasset,
1078 3590 1135 3640 et
1143 3585 1331 3640 subire
1354 3585 1621 3656 pudorem
1639 3587 1699 3640 in
1718 3586 2000 3656 publicum

403 3680 595 3752 turpia
612 3675 948 3750 proferendi.
966 3675 1219 3744 Denique
1236 3674 1454 3728 nullum
1479 3681 1801 3745 peccantem
1815 3692 1998 3730 coram

405 3769 518 3824 alio
547 3767 754 3822 audere
777 3779 1040 3836 peccare;
1070 3762 1291 3816 etiamsi
1337 3769 1547 3834 peccet,
1579 3768 1770 3817 tamen
1796 3769 1999 3818 testem

405 3857 582 3910 vitare
609 3847 838 3926 peccati,
873 3850 1103 3906 mentiri
1151 3851 1332 3922 magis
1360 3856 1419 3904 et
1463 3867 1690 3922 negare,
1741 3857 1798 3907 et
1843 3858 2000 3907 vetus

405 3944 673 4000 delictum
701 3957 843 3996 novo
872 3939 1162 3994 inﬁciandi
1181 3955 1388 4010 augere
1415 3940 1831 4012 delicto.Igitur
1842 3941 2001 4013 quasi

405 4033 510 4088 sub
540 4031 734 4098 oculis,
767 4029 970 4096 aiebat,
1002 4029 1227 4094 nostris,
1257 4035 1315 4083 et
1341 4029 1586 4100 cogitatu
1607 4028 2004 4086 confundimur

407 4127 466 4176 et
493 4126 641 4186 actu,
673 4119 722 4173 si
750 4117 942 4172 omnia
963 4117 1258 4172 referenda
1275 4117 1567 4183 faciamus,
1602 4120 1780 4174 multo
1809 4125 2000 4174 autem

404 4209 606 4281 magis,
635 4209 683 4262 si
712 4213 944 4280 peccata
970 4213 1166 4262 nostra
1183 4207 1423 4260 ﬁdeliter
1441 4207 1820 4262 describentes
1851 4209 2002 4280 dige-

405 4315 598 4354 ramus
627 4298 686 4353 in
707 4297 982 4353 ordinem.
1015 4297 1172 4351 Tunc
1192 4312 1324 4350 vero
1352 4297 1640 4351 annotatio
1671 4297 2000 4354 delictorum

401 4389 643 4444 fratrum
661 4385 944 4442 videbitur
955 4385 1152 4440 oculis.
1177 4385 1236 4440 Si
1265 4385 1590 4444 timebimus
1615 4387 1828 4458 peccati
1847 4405 2003 4443 ceras

2071 1986 2380 2041 secundum
2424 1985 2822 2057 professionem
2867 1985 3036 2050 senis,
3082 1999 3250 2055 quam
3299 1981 3350 2036 ei
3395 1979 3665 2036 Dominus

2073 2075 2257 2129 oranti
2285 2075 2646 2140 revelaverat,
2678 2073 2962 2128 infestatio
2989 2072 3226 2127 cessavit
3253 2071 3484 2125 inimici.

2145 2164 2278 2218 CAP.
2308 2165 2473 2218 XXX.
2513 2194 2579 2205 —
2607 2163 2772 2234 Virgo
2791 2179 2922 2217 vero
2945 2162 3220 2234 quaedam,
3253 2177 3376 2233 quae
3404 2160 3472 2214 de
3499 2158 3671 2212 Busi-

2073 2251 2152 2306 ris
2177 2253 2537 2324 Tripolitanae
2575 2253 2820 2322 regionis
2848 2249 2966 2323 (67)
3005 2251 3229 2305 civitate
3271 2249 3476 2304 ibidem
3523 2251 3664 2316 erat,

2065 2341 2345 2396 inauditis
2370 2359 2435 2396 ac
2451 2340 2729 2396 ﬂebilibus
2759 2339 2969 2396 morbis
2999 2339 3310 2396 laborabat.
3340 2339 3558 2395 Etenim
3573 2355 3670 2394 na-

2074 2431 2224 2485 rium
2253 2435 2646 2502 purgamenta,
2673 2430 2964 2485 oculorum
3001 2431 3284 2502 lacrymaa,
3315 2431 3540 2484 aurium
3564 2445 3670 2502 pu-

2075 2519 2255 2574 tridus
2284 2520 2488 2573 humor
2513 2519 2572 2573 in
2590 2523 2802 2573 terram
2829 2519 3032 2573 cadens
3049 2518 3341 2573 confestim
3370 2519 3429 2573 in
3453 2535 3672 2574 vermes

2076 2607 2458 2662 vertebantur.
2491 2607 2749 2677 Augebat
2775 2607 3157 2662 calamitatem
3186 2624 3388 2678 corpus
3425 2609 3672 2681 paralysi

2077 2696 2431 2762 dissolutum,
2457 2697 2646 2750 oculos
2661 2713 2882 2768 quoque
2892 2713 3182 2768 perversos
3201 2703 3397 2752 contra
3410 2703 3672 2752 naturam

2082 2785 2312 2840 habens.
2345 2785 2502 2840 Hane
2530 2793 2792 2856 parentes
2811 2787 2933 2856 ejus
2960 2785 3292 2852 deferentes,
3325 2803 3452 2840 cum
3473 2787 3543 2842 ad
3564 2789 3674 2842 An-

2080 2874 2298 2928 tonium
2327 2874 2631 2928 monachos
2660 2873 2743 2928 ire
2764 2874 3116 2942 didicissent;
3147 2875 3436 2930 credentes
3473 2875 3532 2930 in
3560 2877 3673 2931 Do-

2081 2963 2252 3028 mino,
2271 2963 2366 3034 qui
2389 2963 2731 3035 pertinacem
2752 2963 3042 3034 sanguinis
3059 2965 3274 3018 ﬂuxum
3303 2965 3360 3018 in
3377 2965 3674 3036 Evangelio

2080 3058 2234 3106 tactu
2261 3051 2495 3107 ﬁmbriae
2519 3059 2674 3107 stare
2699 3058 3040 3125 praeceperat
3077 3055 3290 3120 (Matth.
3327 3055 3400 3124 1x)
3443 3072 3672 3126 rogave-

2021 3148 2062 3209 Ο
2084 3145 2218 3195 runt
2245 3146 2309 3196 ut
2337 3141 2710 3196 miserabilem
2748 3143 2876 3196 filiae
2927 3142 3256 3196 comitatum
3304 3143 3670 3216 susciperent.

2081 3229 2199 3285 Illis
2226 3229 2598 3285 renitentibus
2613 3247 2739 3285 eam
2751 3247 2928 3302 usque
2940 3231 3010 3284 ad
3021 3231 3334 3286 Antonium
3347 3233 3672 3304 perducere,

2081 3336 2405 3374 remansere
2434 3326 2694 3391 parentes
2723 3321 2844 3390 ejus
2863 3320 2999 3375 foris
3030 3337 3159 3376 cum
3188 3321 3306 3375 filia
3331 3318 3501 3376 debili
3527 3323 3674 3394 apud

2082 3408 2310 3463 beatum
2339 3409 2712 3465 confessorem
2733 3415 2788 3463 et
2802 3410 3136 3464 monachum
3147 3411 3526 3482 Paphnutium
3541 3410 3674 3482 (68),

2084 3498 2182 3569 qui
2213 3498 2428 3552 effossis
2453 3515 2552 3570 pro
2576 3499 2798 3554 Christo
2815 3499 2989 3553 oculis
3017 3499 3120 3553 sub
3137 3499 3466 3554 Maximiano
3492 3517 3679 3572 perse-

2084 3591 2295 3655 cutore,
2329 3589 2430 3642 tali
2465 3588 2964 3643 dehonestamento
2993 3587 3091 3659 (69,
3117 3589 3678 3662 corporisplurimum

2081 3675 2448 3746 gloriabatur.
2463 3678 2845 3732 Pervenerunt
2855 3677 3029 3748 igitur
3055 3677 3125 3732 ad
3153 3679 3462 3733 Antonium
3490 3695 3681 3734 mona-

2083 3765 2190 3820 chi.
2224 3768 2476 3838 Cumque
2505 3766 2576 3821 de
2599 3766 2792 3822 morbo
2814 3767 3014 3838 puellae
3041 3767 3251 3822 referre
3273 3775 3332 3834 5
3347 3775 3383 3834 Ι
3422 3767 3682 3839 dispone-

2081 3859 2226 3920 rent,
2260 3855 2591 3910 relationem
2619 3872 2815 3910 eorum
2863 3855 3014 3910 senis
3055 3872 3241 3910 sermo
3278 3857 3582 3928 praevenit;
3621 3865 3681 3912 et

2083 3960 2306 3998 omnem
2363 3943 2664 3998 debilitatis
2709 3949 2765 3998 et
2809 3945 3030 4000 itineris
3073 3961 3252 4016 usque
3297 3945 3368 4000 ad
3423 3951 3679 4002 sanctum

2083 4032 2464 4104 Paphnutium
2491 4049 2738 4099 causam,
2774 4033 2934 4105 quasi
2963 4034 3082 4105 ipse
3110 4033 3476 4104 interfuisset,
3507 4052 3680 4108 expo-

2083 4122 2215 4175 suit.
2234 4121 2582 4192 Rogantibus
2593 4129 2783 4176 autem
2795 4138 2925 4176 eum
2947 4123 3255 4190 monachis,
3280 4129 3344 4178 ut
3352 4124 3680 4196 parentibus

2083 4227 2212 4264 cum
2241 4211 2355 4264 tilia
2375 4212 2802 4282 permitteretur
2822 4211 3128 4282 ingressus,
3143 4227 3254 4266 non
3275 4213 3566 4280 concessit,
3581 4213 3681 4270 sed

2085 4299 2192 4354 ait:
2227 4300 2331 4366 Ite,
2362 4305 2420 4354 et
2447 4299 2742 4354 invenietis
2770 4301 3033 4372 puellam,
3077 4300 3125 4355 si
3155 4317 3268 4355 non
3307 4306 3394 4355 est
3432 4309 3678 4370 mortua,

2087 4394 2356 4442 curatam.
2391 4388 2462 4442 Et
2489 4389 2695 4459 adjecit
2719 4407 2732 4444 :
2758 4389 2960 4444 Nullus
2989 4389 3156 4445 debet
3182 4391 3252 4444 ad
3282 4407 3466 4446 meam
3495 4391 3682 4446 humi-

406 4478 658 4534 conscias
681 4475 813 4546 (66),
857 4475 964 4546 ipsi
985 4491 1086 4528 nos
1115 4480 1354 4544 arguent
1399 4475 1602 4546 apices.
1624 4477 1692 4531 Et
1720 4478 1999 4548 quomodo
2021 4469 2295 4532 Dlitatem
2324 4477 2534 4544 venire,
2575 4479 2707 4549 quia
2755 4477 2980 4556 largitio
3025 4479 3378 4534 curationum
3425 4497 3540 4534 non
3595 4486 3682 4536 est

403 4565 792 4621 meretricibus
815 4563 1070 4618 membra
1099 4562 1415 4630 miscentes,
1463 4564 1883 4620 confunduntur
1925 4567 1995 4620 ad
2079 4565 2338 4620 humana;
2357 4566 2614 4633 miseriae,
2640 4567 2737 4622 sed
2757 4567 2785 4621 J
2791 4584 2890 4622 esu
2913 4567 3122 4623 Christi
3143 4567 3556 4635 misericordiae,
3581 4569 3679 4641 qui

401 4655 757 4727 praesentiam
784 4658 1132 4717 caeterorum,
1166 4652 1246 4706 ita
1279 4657 1337 4706 et
1374 4669 1476 4706 nos
1503 4653 1897 4708 erubescemus
1925 4655 1997 4709 ad
2077 4655 3073 4728 ubiqueinsecredentibuspraestare
3087 4657 3675 4713 consuevitauxilium.

402 4745 646 4811 litteras,
667 4744 716 4799 si
743 4744 861 4798 haec
893 4759 1146 4814 agamus.
1196 4741 1352 4794 Hanc
1404 4741 1625 4796 virtutis
1669 4744 2000 4813 gradiamur
2083 4743 2458 4809 Quamobrem
2491 4752 2546 4800 et
2574 4745 2689 4811 illa,
2722 4762 2822 4817 pro
2853 4762 2966 4817 qua
3001 4746 3211 4817 petitis,
3267 4747 3384 4800 suis
3421 4747 3680 4818 precibus

400 4835 568 4899 viam,
601 4839 659 4888 et
685 4850 921 4904 corpora
939 4831 1219 4887 mentibus
1249 4830 1632 4902 subjugantes,
1656 4819 1998 4904 perniciosas
2081 4833 2318 4888 liberata
2345 4838 2431 4889 est
2455 4852 2468 4902 ;
2500 4839 2558 4889 et
2576 4850 2704 4888 cum
2725 4835 2795 4889 ad
2825 4835 3126 4889 Dominum
3147 4851 3367 4890 orarem
3389 4852 3512 4907 ego,
3537 4837 3678 4891 mihi

401 4919 610 4976 diaboli
656 4926 1016 4976 conteramus
1064 4920 1316 4976 insidias.
1365 4919 1592 4975 Talibus
1645 4922 2000 4978 sermonibus
2079 4923 2430 4995 praescientia
2457 4923 2714 4978 sanitatis
2727 4924 2848 4994 ejus
2870 4923 3093 4978 indulta
3119 4929 3222 4978 est.
3248 4925 3416 4992 Dixit,
3435 4930 3494 4980 et
3507 4925 3678 4981 verba

397 5007 882 5080 hortamentisque
901 5015 960 5064 et
987 5010 1273 5064 venientes
1295 5009 1366 5064 ad
1388 5026 1448 5064 se
1477 5011 1779 5064 monachos
1795 5011 1997 5066 incita-
2081 5013 2202 5082 ejus
2231 5013 2430 5084 puellae
2459 5012 2816 5066 incolumitas
2845 5019 3038 5068 secuta
3067 5018 3170 5068 est.
3209 5014 3355 5068 Nam
3409 5019 3677 5070 exeuntes

397 5099 496 5152 bat
515 5099 586 5152 ad
606 5096 874 5163 studium,
889 5102 946 5151 et
970 5098 1313 5168 patientibus
1323 5097 1674 5166 condolebat,
1689 5100 1992 5171 pluresque

395 5203 594 5242 eorum
623 5186 896 5242 Dominus
916 5202 1018 5256 per
1043 5187 1351 5242 Antonium
1379 5187 1656 5242 liberavit.
1687 5189 1990 5260 Nunquam

395 5279 589 5329 tamen
611 5278 712 5328 aut
729 5273 798 5328 de
814 5273 1196 5328 incolumitate
1214 5282 1535 5332 curatorum
1559 5282 1643 5331 est
1671 5277 1900 5332 inflatus
1920 5278 1990 5332 ad

391 5364 653 5436 gloriam,
686 5367 786 5418 aut
809 5363 1170 5418 contristatus
1191 5364 1259 5418 de
1281 5364 1520 5419 obsessis
1537 5366 1718 5420 adhuc
1741 5367 1990 5438 corpori-

392 5453 498 5508 bus
517 5452 918 5519 murmuravit;
944 5452 1124 5522 magis
1139 5458 1329 5508 autem
1347 5455 1544 5508 eodem
1559 5473 1783 5527 semper
1800 5455 1990 5512 animo

393 5547 452 5596 et
476 5543 635 5597 vultu
661 5557 914 5607 manens,
945 5541 1158 5612 gratias
1185 5543 1301 5596 Deo
1322 5542 1614 5611 referebat,
1639 5545 1881 5600 suadens
1901 5561 1988 5598 oc-

392 5631 608 5707 cupatis
637 5635 702 5690 ut
731 5631 1138 5705 correptionem
1161 5647 1274 5708 qua
1291 5631 1652 5700 vexabantur,
1684 5634 1988 5709 patientius

2077 5101 2227 5156 foras
2255 5103 2326 5157 ad
2354 5103 2582 5157 beatum
2610 5102 3084 5173 Paphnutium,et
3102 5102 3277 5158 ﬁliam
3305 5103 3594 5174 sospitem,
3618 5110 3677 5160 et

2073 5197 2335 5262 parentes
2365 5192 2520 5246 laetos
2551 5196 2900 5262 repererunt.
3160 5193 3169 5206 '

2145 5281 2274 5334 CAP.
2304 5280 2498 5336 XXXI.
2548 5310 2610 5320 —
2643 5281 2769 5335 Non
2780 5281 2988 5335 multos
3021 5284 3210 5336 autem
3235 5285 3362 5352 post
3391 5280 3503 5335 ista
3529 5282 3670 5345 dies,

2073 5385 2202 5422 cum
2231 5367 2450 5423 duobus
2479 5367 2746 5423 fratribus
2762 5368 3023 5424 euntibus
3051 5369 3441 5424 adAntonium
3453 5371 3674 5442 aquain

2073 5457 2278 5512 itinere
2309 5457 2620 5524 defecisset,
2637 5463 2815 5512 etuno
2837 5459 2929 5512 siti
2961 5463 3202 5524 mortuo,
3236 5459 3380 5521 alter
3383 5461 3672 5529 jaceretin

2068 5551 2224 5599 terra
2250 5551 2490 5600 mortem
2501 5553 2848 5618 exspectans,
2876 5547 3155 5602 Antonius
3175 5547 3441 5602 sedensin
3453 5555 3666 5617 monte,

2070 5634 2330 5690 celeriter
2351 5637 2423 5691 ad
2449 5653 2508 5690 se
2537 5636 2678 5692 duos
2707 5637 3012 5692 monachos
3040 5637 3274 5703 vocavit,
3307 5636 3673 5708 quiforteibi-
