4004 6196
352 329 458 387 153

1426 340 1597 395 VITA
1633 341 1844 397 BEATI
1882 342 2185 398 ANTONII
2223 340 2545 395 ABBATIS.

3522 334 3619 390 154

346 455 477 510 dem
504 462 643 513 sunt
672 460 882 530 reperti
905 479 917 523 ;
951 466 1006 515 et
1026 461 1289 517 festinato
1309 466 1575 537 praecepit
1594 472 1659 521 ut
1687 468 1947 538 lagenam
1969 468 2013 526 A
2031 468 2244 533 (Matth.
2279 473 2408 536 xlv).
2435 467 2563 521 Ητθο
2593 470 2781 521 autem
2810 466 3153 534 Theodorus,
3186 463 3461 538 promisso
3487 466 3624 516 tem-

347 560 514 615 aquae
570 553 948 613 assumentes,
1004 551 1334 607 invaderent
1365 554 1475 607 iter
1504 556 1653 625 quod
1682 556 1836 610 ducit
1876 556 1946 610 ad

346 634 676 706 Egyptum,
695 637 942 709 dixitque
963 658 974 692 :
994 656 1140 695 unus
1154 658 1183 694 e
1195 641 1462 707 fratribus
1480 644 1590 699 huc
1604 644 1945 699 advenienti-

347 721 455 776 bus
483 724 652 779 modo
682 726 944 797 migravit
971 730 1041 783 ad
1071 730 1373 785 Dominum
1398 732 1593 800 ;alter,
1625 734 1807 788 sinon
1828 751 1948 789 suc-

345 814 643 867 curreritis
663 815 927 884 addetur;
949 818 1055 872 hoc
1078 819 1230 873 enim
1251 820 1390 875 mihi
1418 838 1567 876 nunc
1590 823 1773 878 oranti
1801 840 1953 880 reve-

346 900 533 955 latum
553 907 658 957 est.
683 904 773 959 Sic
785 905 866 959 ait
883 925 897 973 ;
916 912 974 961 et
994 908 1161 978 juxta
1184 916 1529 982 praeceptum
1548 913 1671 983 ejus
1691 914 1949 968 monachi

345 990 703 1060 festinantes,
720 995 1056 1051 exstinctum
1076 1014 1279 1069 corpus
1291 999 1601 1067 inveniunt,
1616 1007 1878 1074 terraque
1894 1002 1949 1058 id

348 1081 692 1150 operientes,
708 1082 947 1138 alterum
963 1085 1332 1142 refocillatum
1351 1105 1452 1143 suo
1464 1091 1776 1160 junxerunt
1786 1092 1953 1146 comi-

346 1169 517 1223 tatui.
526 1170 660 1224 Erat
673 1177 864 1226 autem
881 1174 1126 1244 spatium
1139 1175 1358 1231 itineris
1367 1178 1535 1232 unius
1547 1178 1678 1233 diei.
1692 1179 1952 1236 Fortasse

347 1257 561 1328 aliquis
589 1266 839 1329 quaerat:
875 1264 989 1318 Cur
1008 1280 1118 1318 non
1146 1272 1449 1337 antequam
1464 1274 1799 1335 moreretur,
1830 1270 1947 1325 An-

345 1347 545 1401 tonius
559 1348 798 1404 dixerit?
818 1352 1130 1423 Incongruo
1160 1371 1389 1426 prorsus
1421 1356 1757 1412 Christianis
1786 1375 1950 1430 argu-

346 1441 568 1501 mento,
593 1438 725 1508 quia
742 1456 856 1494 non
884 1442 1132 1508 Antonii,
1150 1444 1248 1497 sed
1267 1445 1369 1498 Dei
1393 1445 1669 1515 judicium
1686 1446 1808 1514 fuit,
1853 1448 1948 1519 qui

347 1528 409 1576 et
437 1524 510 1578 de
539 1527 853 1597 recedente,
878 1546 1047 1600 quam
1064 1532 1254 1598 voluit,
1282 1534 1617 1589 sententiam
1640 1536 1787 1600 tulit,
1812 1542 1867 1590 et
1881 1537 1950 1591 de

346 1611 584 1667 sitiente
606 1617 854 1671 revelare
872 1619 1136 1690 dignatus
1153 1626 1256 1675 est.
1273 1623 1389 1677 Hoc
1400 1628 1622 1678 tantum
1635 1625 1692 1678 in
1707 1625 1950 1680 Antonio

347 1700 614 1756 mirabile
670 1710 774 1771 est,
810 1708 960 1777 quod
987 1709 1043 1763 in
1075 1717 1266 1764 monte
1304 1712 1683 1767 remotissimo
1725 1714 1944 1781 sedens,

2029 572 2163 627 pore
2191 572 2304 610 non
2335 556 2492 622 dixit,
2520 560 2645 627 post
2668 556 2791 627 ejus
2810 562 3049 610 mortem
3074 556 3285 609 retulit.

2099 645 2356 700 Monachi
2376 662 2525 711 vero,
2560 644 2761 717 quibus
2787 645 3003 699 dixerat
3040 646 3320 700 Antonius
3346 645 3415 699 de
3444 649 3626 700 morte

2031 734 2342 802 Ammonis,
2365 739 2700 788 notaverunt
2710 734 2888 788 diem:
2911 738 2967 788 et
2979 733 3329 805 venientibus
3350 735 3418 790 de
3438 735 3626 791 Nitria

2032 822 2298 879 fratribus
2327 828 2456 895 post
2487 823 2606 877 dies
2632 822 2886 893 triginta,
2919 823 3265 879 sciscitantes
3292 830 3627 896 repererunt

2032 912 2129 966 illo
2156 912 2247 967 die
2276 911 2486 983 illaque
2504 913 2644 965 hora
2667 911 2942 967 dormisse
2969 913 3324 981 Ammonem,
3360 930 3470 985 qua
3498 915 3624 969 ani-

2033 1018 2186 1056 mam
2212 1002 2333 1073 ejus
2360 1002 2494 1057 ferri
2523 1018 2693 1056 senex
2717 1001 2952 1069 viderat;
2977 1002 3201 1073 utrique
3219 1002 3391 1073 igitur
3408 1003 3624 1074 purita-

2034 1094 2149 1145 tem
2179 1091 2383 1145 mentis
2399 1091 2456 1145 in
2476 1092 2721 1146 Antonio
2741 1091 2932 1145 mirati
2946 1096 3095 1157 sunt,
3119 1091 3396 1162 quomodo
3414 1092 3623 1146 reitam

2032 1180 2197 1251 longe
2216 1187 2388 1251 gestae
2408 1182 2600 1234 statim
2630 1181 2700 1234 ad
2729 1197 2858 1236 eum
2886 1181 3085 1236 fuisset
3112 1180 3330 1252 perlata
3358 1181 3622 1251 cognitio.

2103 1270 2231 1324 CAP.
2254 1268 2509 1325 XXXIII.
2544 1300 2610 1311 --
2640 1269 2945 1323 Archelaus
2996 1285 3217 1339 quoque
3257 1285 3461 1334 comes,
3498 1285 3625 1323 cum

2031 1365 2162 1403 eum
2190 1349 2498 1404 invenisset
2524 1350 2585 1403 in
2613 1348 2875 1403 exteriori
2905 1353 3094 1402 monte
3146 1347 3279 1416 (73),
3308 1348 3527 1418 rogavit
3554 1353 3619 1402 ut

2031 1443 2220 1492 oraret
2247 1454 2348 1509 pro
2377 1438 2694 1509 Polycratia
2718 1437 2847 1506 (74),
2868 1453 2990 1508 quae
3010 1436 3067 1490 in
3088 1436 3366 1491 Laodicea
3380 1436 3626 1505 erat(75)

2034 1526 2101 1579 ad
2110 1526 2353 1580 mirabili
2376 1532 2433 1581 et
2447 1526 2667 1580 Christo
2683 1525 2875 1580 dedita
2885 1526 3119 1595 virgine.
3135 1524 3462 1579 Patiebatur
3476 1524 3625 1578 enim

2032 1617 2304 1686 pessimos
2347 1616 2622 1670 stomachi
2652 1620 2709 1668 et
2735 1614 2928 1668 lateris
2949 1614 3186 1679 dolores,
3220 1630 3359 1684 quos
3392 1612 3628 1683 jejuniis

2032 1705 2222 1758 nimiis
2235 1705 2549 1777 vigiliisque
2568 1708 2936 1769 contraxerat,
2959 1709 3015 1757 et
3028 1708 3151 1757 erat
3159 1702 3383 1773 penitus
3400 1706 3518 1755 toto
3534 1702 3622 1754 de-

346 1790 523 1844 corde
563 1793 820 1865 pervigili
872 1804 1069 1853 cuncta
1097 1801 1293 1870 procul
1314 1801 1515 1872 posita,
1541 1803 1777 1857 Domino
1808 1803 1949 1858 indi-
1966 1783 2011 1843 B
2033 1792 2158 1847 bilis
2173 1810 2421 1865 corpore.
2444 1795 2745 1865 Oravitque
2763 1793 3059 1858 Antonius,
3082 1797 3140 1846 et
3157 1791 3303 1844 diem
3322 1806 3431 1861 quo
3448 1789 3627 1844 oratio

346 1884 537 1946 caute,
568 1891 947 1952 cognosceret.

422 1969 561 2022 CAP.
582 1971 806 2027 XXXII.
820 2006 884 2018 —-
896 1976 1019 2030 Alio
1036 1994 1233 2032 rursus
1254 1978 1311 2033 in
1326 1984 1579 2052 tempore
1591 1999 1717 2036 cum
1732 1983 1954 2038 sederet

349 2052 412 2110 in
429 2065 646 2128 monte,
666 2066 725 2116 et
739 2063 933 2118 oculus
944 2064 1128 2121 subito
1140 2069 1469 2123 tetendisset
1489 2071 1545 2123 in
1566 2072 1790 2138 coelum,
1814 2073 1953 2128 vidit

347 2148 544 2204 nescio
575 2167 744 2223 quam
779 2153 1047 2220 animam,
1073 2156 1394 2212 laetantibus
1412 2158 1470 2212 in
1496 2160 1619 2230 ejus
1659 2176 1949 2216 occursum

352 2238 594 2308 angelis,
613 2240 683 2294 ad
695 2241 896 2296 coelum
927 2260 1178 2315 pergere.
1196 2247 1368 2317 Cujus
1389 2249 1691 2319 spectaculi
1706 2251 1953 2306 novitate

352 2327 721 2398 stupefactus,
738 2328 964 2386 beatum
986 2333 1125 2387 dixit
1135 2341 1457 2390 sanctorum
1476 2337 1728 2404 chorum,
1745 2340 1952 2394 oravit-

353 2433 470 2487 que
501 2422 566 2471 ut
591 2418 696 2471 sibi
716 2420 799 2473 rei
826 2423 1120 2491 praesentis
1148 2424 1363 2493 agnitio
1384 2426 1743 2498 panderetur.
1767 2429 1954 2484 Etsta-

350 2504 463 2559 tim
493 2522 598 2559 vox
627 2507 697 2562 ad
727 2525 856 2563 eum
886 2509 1033 2564 facta
1063 2518 1165 2580 est,
1198 2514 1457 2585 inquiens
1478 2515 1648 2570 istam
1671 2533 1793 2572 esse
1813 2520 1950 2573 Am-

354 2594 547 2648 monis
563 2597 823 2651 monachi
846 2599 1096 2654 animam
1130 2599 1235 2667 (70)
1260 2601 1354 2672 qui
1372 2603 1567 2658 Nitriae
1589 2605 1943 2664 morabatur.

2032 1882 2217 1937 fuerat
2243 1883 2391 1937 facta
2426 1884 2717 1939 annotavit
2743 1881 3068 1936 Archelaus.
3088 1880 3255 1934 Redit
3272 1878 3622 1944 Laodiceam,

2034 1978 2089 2028 et
2123 1972 2337 2035 invenit
2363 1975 2636 2046 virginem
2669 1972 3030 2026 incolumem.
3079 1969 3446 2023 Percontatus
3475 1967 3626 2020 diem

2032 2068 2309 2133 sanitatis,
2343 2065 2554 2138 reperit
2572 2069 2796 2134 tempus
2844 2059 3072 2114 medelze
3110 2074 3236 2112 cum
3265 2056 3627 2111 annotatione

2032 2181 2341 2236 congruere
2352 2163 2561 2226 52.Et
2587 2176 2782 2215 omnes
2801 2156 3064 2213 admirati
3090 2159 3240 2221 sunt,
3262 2158 3627 2223 agnoscentes

2036 2273 2101 2311 eo
2113 2262 2368 2326 tempore
2388 2252 2544 2306 illam
2562 2267 2596 2306 a
2614 2248 2853 2305 Domino
2872 2246 3041 2301 fuisse
3060 2261 3094 2298 a
3111 2243 3398 2298 doloribus
3419 2241 3626 2295 libera-

2036 2350 2174 2410 tam,
2194 2360 2304 2414 quo
2318 2357 2485 2396 orans
2527 2337 2805 2394 Antonius
2831 2334 3070 2409 proipsa
3088 2331 3399 2387 bonitatem
3432 2328 3626 2384 Salva-

2034 2433 2171 2489 toris
2195 2432 2575 2485 invocaverat.

2107 2523 2239 2577 CAP.
2268 2517 2520 2574 XXXIV.
2545 2552 2607 2563 —
2634 2517 2793 2586 Stepe
2839 2513 3010 2568 etiam
3051 2511 3122 2566 ad
3169 2529 3229 2566 se
3284 2506 3627 2564 venientium

2038 2610 2351 2674 turbarum,
2367 2612 2497 2661 ante
2516 2606 2635 2661 dies
2656 2610 2713 2660 et
2731 2620 2970 2662 menses.
3005 2606 3062 2655 et
3087 2616 3284 2656 causas
3294 2595 3547 2670 praedixit
3572 2598 3630 2650 et

355 2681 503 2735 Erat
530 2690 719 2738 autem
746 2687 988 2741 Ammon
1015 2688 1101 2741 vir
1116 2690 1468 2758 grandaevus,
1486 2692 1579 2763 qui
1601 2710 1957 2764 persevcran-

354 2776 452 2824 ter
472 2787 510 2824 a
537 2773 780 2843 pueritia
796 2791 975 2846 usque
994 2777 1064 2830 ad
1094 2784 1443 2833 senectutem
1473 2780 1529 2835 in
1546 2783 1842 2838 sanctitate
1872 2785 1962 2839 vi-'
2038 2787 2353 2854 rium,alios
2382 2783 2754 2847 imbecillitas,
2769 2780 3068 2837 nonnullos
3092 2777 3320 2835 obsessa
3348 2792 3381 2829 a
3411 2774 3621 2828 daemo-

356 2866 525 2913 xerat
546 2863 802 2929 (Ruf/51L,
831 2868 1011 2919 1.11.0.
1032 2866 1134 2932 98,-
1168 2869 1407 2937 Pallad.,
1445 2887 1490 2928 ο.
1530 2872 1579 2937 7,
1620 2871 1697 2940 8).
1749 2872 1957 2926 Itinere
2022 2869 2204 2931 nibus
2230 2891 2464 2946 corpora
2492 2870 2893 2944 pertrahebant
2926 2888 2937 2923 :
2968 2885 3132 2923 nemo
3158 2872 3348 2921 tamen
3377 2876 3627 2945 unquam

360 2965 589 3020 quoque
617 2950 835 3006 dierum
857 2954 1125 3009 tredecim
1144 2955 1281 3026 (71),
1301 2957 1547 3023 aNitria,
1576 2960 1728 3014 locus
1758 2960 1817 3015 in
1846 2979 1956 3032 quo
2043 2965 2384 3019 vexationem
2416 2968 2516 3017 aut
2532 2962 2934 3015 detrimentum
2954 2956 3219 3013 laboriosi
3259 2954 3478 3009 itineris
3497 2966 3631 3005 con«

360 3037 598 3093 sedebat
610 3041 910 3109 Antonius,
942 3042 1585 3103 dividebatur.Videntes
1606 3055 1796 3103 autem
1825 3067 1953 3105 eum
2042 3059 2271 3126 questus
2282 3050 2852 3121 est,regrediebantur
2862 3064 3056 3103 omnes
3066 3042 3440 3118 spiritalicibo
3457 3039 3625 3112 pleni.

361 3127 626 3182 monachi
646 3129 1045 3198 admirantem,
1080 3134 1175 3204 qui
1198 3142 1484 3203 venerant,
1520 3138 1802 3209 deprecati
1825 3138 2019 3201 suntC
2043 3144 2117 3197 At
2137 3142 2231 3195 ille
2253 3139 2773 3212 praecipiebat,,non
2800 3152 2917 3192 suae
2946 3136 3100 3190 laudi
3129 3134 3273 3187 hanc
3298 3127 3629 3184 admiratio-

361 3221 429 3271 ut
455 3232 685 3272 causam
714 3219 1015 3276 hilaritatis
1042 3222 1531 3290 ediceret.Quibus
1548 3227 1629 3281 ait
1647 3228 1812 3283 modo
1826 3230 1960 3283 Am-
2040 3248 2171 3285 nem
2185 3230 2254 3284 ab
2284 3230 2365 3284 eis
2396 3227 2666 3300 applicari
2686 3225 2890 3280 debere
2932 3244 2944 3291 ;
2995 3223 3093 3278 sed
3123 3220 3369 3283 Domini,
3401 3217 3497 3289 qui
3543 3215 3633 3270 sui

361 3321 593 3359 manem
615 3307 890 3378 quievisse
918 3326 1084 3382 quem
1115 3319 1345 3385 propter
1370 3314 1722 3386 frequentem
1739 3319 1861 3387 ejus
1888 3319 1959 3372 ad
2041 3320 2331 3374 notionem
2362 3316 2683 3372 hominibus
2702 3331 2804 3387 pro
2833 3313 3142 3385 capacitate
3161 3306 3522 3364 mortalitatis
3550 3305 3657 3358 in--

2037 2706 2314 2771 tempora.
2336 2698 2481 2752 Nam
2512 2694 2782 2766 quosdam
2796 2691 3019 2746 videndi
3031 2706 3159 2744 eum
3174 2692 3393 2743 tantum
3408 2683 3627 2739 deside-

360 3395 674 3451 Antonium
704 3407 1098 3467 commeatum,
1128 3408 1184 3456 et
1209 3409 1439 3474 propter
1465 3404 1847 3460 celebritatem
1878 3407 1962 3461 in-
2043 3408 2298 3463 dulserit.

360 3483 653 3539 dultorum
683 3487 787 3541 eia
812 3488 1051 3543 Domino
1077 3490 1365 3560 signorum
1403 3493 1613 3564 optime
1642 3501 1931 3551 noverant.
2116 3497 2248 3551 Car.
2280 3493 2503 3549 XXXV.
2545 3524 2609 3534 —
2642 3491 2897 3557 Quodam
2942 3495 3132 3543 autem
3175 3493 3449 3558 tempore,
3505 3498 3632 3537 cum

432 3574 519 3628 De
550 3574 754 3647 quibus
784 3577 954 3631 etiam
967 3579 1071 3633 hoc
1087 3596 1263 3634 unum
1279 3581 1578 3637 dicendum
1592 3585 1962 3640 estzNecesse
2046 3585 2249 3640 exisset
2277 3585 2348 3639 ad
2376 3582 2652 3637 exteriora
2690 3579 3051 3644 monasteria,
3085 3583 3142 3631 et
3168 3580 3399 3648 rogatus
3427 3576 3575 3651 esset
3601 3587 3637 3624 9.

364 3665 417 3719 ei
446 3664 557 3720 fuit
578 3665 881 3738 aliquando
894 3669 1104 3723 flumen
1129 3670 1354 3724 nomine
1383 3671 1597 3743 Lycum
1622 3672 1732 3743 (7'2)
1757 3673 1961 3728 subitis
2043 3674 2309 3730 fratribus
2338 3678 2402 3727 ut
2431 3674 2489 3726 in
2519 3672 2647 3733 navi
2669 3670 2910 3742 quadam
2939 3685 3067 3723 cum
3094 3664 3383 3721 monachis
3411 3661 3635 3734 proﬁci-

363 3754 529 3826 aquis
548 3755 886 3811 inundatum
916 3758 1277 3813 transvadare
1305 3760 1532 3830 (Ruf/in.
1553 3753 1601 3815 ἐι
1621 3763 1962 3829 Pallad.,su-
2046 3763 2328 3819 scentibus
2346 3766 2552 3827 oraret,
2568 3760 2837 3826 ascendit,
2857 3763 2914 3813 et
2933 3757 3085 3812 solus
3113 3773 3179 3811 ex
3209 3752 3469 3809 omnibus
3498 3749 3634 3804 odo-

358 3847 490 3914 pra)
514 3864 528 3911 ;
559 3847 888 3918 rogavitque
906 3847 1282 3914 Theodorum,
1317 3847 1414 3919 qui
1437 3866 1564 3904 cum
1583 3850 1704 3921 ipso
1735 3857 1874 3917 erat,
1899 3857 1966 3906 ut
2046 3870 2165 3908 rem
2198 3852 2374 3907 sensit
2392 3850 2766 3905 teterrimum.
2793 3845 3136 3903 Asserebant
3163 3842 3368 3908 cuncti,
3400 3838 3638 3913 piscium

363 3934 664 4004 paululum
693 3952 728 3989 a
744 3952 846 3989 suo
866 3941 1225 4007 separaretur
1247 3943 1493 4008 aspectu,
1546 3955 1614 3992 ne
1644 3940 1964 3995 nuditatem
2045 3942 2322 3996 salsorum
2342 3947 2399 3995 et
2424 3940 2769 3995 tarichorum
2789 3936 2900 4008 (76)
2913 3937 2970 3991 in
2990 3936 3118 3991 navi
3141 3934 3451 4006 positorum
3486 3930 3638 3984 hunc

364 4024 621 4096 corporis
678 4024 914 4079 invicem
970 4030 1209 4096 uterque
1263 4027 1665 4098 conspicerent.
1716 4029 1968 4083 Recessit
2049 4048 2169 4085 esse
2197 4036 2475 4102 putorem.
2506 4031 2582 4083 At
2608 4029 2700 4082 ille
2729 4026 2960 4081 alterius
2979 4025 3061 4080 rei
3090 4025 3325 4080 fetorem
3347 4037 3407 4075 se
3429 4018 3640 4073 sentire

362 4113 713 4179 Theodorus,
730 4114 1201 4169 nihilominusille
1218 4115 1465 4187 seipsum
1482 4132 1606 4170 cum
1629 4116 1842 4171 nudare
1855 4118 1965 4171 vel-
2049 4119 2364 4176 affirmavit.
2388 4118 2585 4173 Adhuc
2612 4119 2875 4187 loquente
2899 4116 3015 4181 illo,
3057 4112 3378 4168 adolescens
3408 4107 3635 4180 quidam

364 4202 467 4267 let,
485 4201 732 4257 erubuit.
753 4203 1105 4274 Cogitantem
1121 4209 1309 4258 autem
1323 4221 1451 4258 eum
1462 4204 1519 4258 in
1535 4205 1771 4259 alteram
1782 4207 1965 4278 ripam
2048 4225 2335 4280 possessus
2360 4225 2395 4261 a
2422 4208 2696 4272 daemone,
2715 4205 2813 4275 qui
2831 4204 3123 4276 procidens
3138 4203 3301 4272 juxta
3312 4198 3561 4253 carinam
3576 4212 3636 4249 se

362 4292 549 4346 virtus
577 4291 766 4346 divina
793 4293 1156 4365 transposuit.
1181 4293 1505 4364 Rursusque
1521 4294 1966 4362 Theodorus,vir
2047 4298 2203 4352 navis
2231 4296 2600 4351 absconderat
2640 4298 2888 4365 repente,
2917 4290 3263 4346 exclamavit.
3293 4288 3413 4352 Quo
3444 4285 3635 4340 statim

362 4385 426 4435 et
452 4380 576 4452 ipse
595 4381 711 4434 Deo
730 4381 981 4448 devotus,
996 4382 1274 4437 transiens
1286 4382 1356 4436 ad
1373 4399 1566 4437 senem
1580 4384 1773 4439 mirari
1796 4386 1964 4457 coepit
1995 4457 2006 4458 ί
2047 4403 2149 4458 per
2173 4386 2482 4440 Antonium
2503 4384 2563 4437 in
2581 4382 2809 4437 nomine
2830 4377 3242 4435 Domininostri
3270 4377 3298 4431 J
3304 4393 3403 4430 esu
3423 4373 3635 4428 Christi

362 4470 515 4541 quod
541 4475 660 4524 tam
687 4471 953 4525 velociter
969 4471 1202 4525 ﬂuvium
1235 4473 1666 4527 transvadasset.
1709 4474 1962 4545 Cumque
1983 4457 2261 4542 Deurato,
2285 4474 2607 4528 intellexere
2635 4471 2899 4535 universi,
2933 4468 3139 4523 diaboli
3161 4467 3319 4521 illum
3345 4463 3518 4519 fuisse
3530 4478 3635 4534 pu-

361 4557 509 4612 nihil
536 4559 791 4613 humoris
808 4559 868 4613 in
880 4559 1133 4631 pedibus,
1155 4561 1310 4615 nulla
1321 4561 1380 4616 in
1399 4561 1647 4617 vestibus
1660 4564 1782 4634 ejus
1800 4580 1961 4635 aquae
2045 4570 2246 4620 torem.
3646 4596 3655 4601 α

358 4647 530 4718 signa
547 4649 912 4721 conspiceret,
943 4650 1162 4720 rogavit
1190 4666 1319 4705 eum
1339 4655 1404 4705 ut
1434 4657 1552 4705 tam
1578 4652 1962 4707 incredibilem
2114 4654 2245 4708 CAP.
2277 4652 2524 4707 XXXVI.
2559 4683 2624 4693 —
2654 4651 2815 4706 Alius
2845 4664 3066 4721 quoque
3088 4647 3159 4701 ad
3181 4662 3310 4700 eum
3353 4644 3455 4711 vir,
3488 4642 3638 4697 inter

357 4737 795 4792 translationem
827 4738 987 4809 quasi
1036 4739 1153 4793 ﬁlio
1183 4745 1345 4811 pater
1373 4745 1692 4812 exponeret.
1724 4742 1964 4797 Nolente
2047 4759 2179 4796 suos
2194 4741 2415 4808 nobilis,
2440 4739 2812 4795 daemoniosus
2824 4738 3139 4802 adducitur,
3158 4741 3317 4790 tanta
3338 4748 3637 4806 oppressus

358 4826 460 4881 illo
475 4826 665 4881 dicere
696 4843 818 4898 quae
828 4828 1167 4895 acciderant,
1199 4830 1487 4901 amplexus
1507 4835 1593 4884 est
1620 4830 1789 4902 pedes
1818 4832 1959 4901 ejus,
2045 4831 2287 4897 insania,
2306 4836 2492 4885 utnon
2511 4830 2679 4884 sciret
2692 4844 2754 4883 se
2770 4844 2891 4882 esse
2912 4826 3060 4898 apud
3085 4825 3637 4889 Antonium,necnon

351 4916 683 4987 juravitque
722 4933 834 4970 non
881 4933 941 4971 se
988 4917 1373 4986 dimissurum,
1406 4919 1733 4990 priusquam
1764 4919 1871 4974 sibi
1905 4920 1963 4974 id
2046 4926 2103 4973 et
2122 4920 2371 4991 corporis
2391 4918 2776 4990 suisuperﬂua
2789 4912 3523 4980 eomederet.Quamobrem
3552 4928 3639 4967 ro-

359 5003 512 5077 quod
544 5004 1248 5062 celabatreferret.Videns
1268 5024 1399 5078 ergo
1429 5024 1597 5063 senex
1619 5008 1967 5064 contentiose
2044 5015 2211 5079 gatus
2232 5024 2400 5063 senex
2428 5006 2498 5060 ab
2542 5007 2628 5061 his
2670 5006 2760 5077 qui
2796 5022 2924 5059 eum
2956 5005 3307 5059 adduxerant
3323 5008 3387 5057 ut
3410 5019 3511 5074 pro
3542 5001 3638 5055 illo

356 5094 585 5149 vincere
612 5095 891 5149 volentem
936 5095 1187 5162 fratrem,
1226 5096 1411 5167 exegit
1431 5096 1676 5151 vicissim
1710 5096 1779 5151 ab
1808 5114 1874 5152 eo
1900 5103 1965 5153 ut
2044 5098 2344 5152 Dominum
2358 5095 2850 5160 oraret,intantum
2864 5091 3636 5165 juvenismiserieecondoluit,

361 5183 505 5238 nulli
542 5184 647 5238 hoc
658 5189 790 5239 ante
808 5200 968 5238 suam
987 5190 1225 5239 mortem
1241 5185 1532 5252 indicaret;
1548 5191 1717 5257 atque
1727 5187 1807 5241 ita
1826 5203 1959 5241 con-
2042 5192 2109 5241 ut
2128 5192 2246 5240 tota
2265 5191 2427 5241 nocte
2454 5184 2791 5256 pervigilans
2810 5200 2938 5239 cum
2961 5200 3046 5251 eo,
3078 5183 3344 5237 adversus
3372 5181 3640 5253 patientis

361 5272 549 5327 fessus
580 5279 669 5327 est
685 5290 747 5328 se
767 5273 1024 5328 subitoin
1042 5275 1277 5329 alteram
1302 5275 1483 5345 ripam
1502 5274 1675 5330 fuisse
1702 5281 1961 5347 transpo-
2046 5275 2322 5329 insaniam
2340 5274 2641 5329 laboraret.
2684 5274 2792 5328 Sed
2813 5290 2939 5328 cum
2963 5274 3084 5343 jam
3113 5273 3438 5337 lucesceret,
3456 5277 3511 5325 et
3539 5270 3641 5326 ob-

362 5362 559 5430 situm,
590 5378 776 5433 neque
818 5363 1046 5417 omnino
1093 5363 1259 5418 undis
1305 5364 1655 5435 impressisse
1690 5364 1960 5435 vestigia;
2047 5364 2483 5436 sessus,impetu
2515 5365 2574 5418 in
2598 5364 2904 5424 Antonium
2933 5362 3097 5423 facto,
3124 5362 3483 5416 vehementer
3511 5377 3638 5415 eum

362 5451 641 5507 Dominici
664 5452 914 5523 corporis
924 5452 1425 5507 hoctantummodo
1440 5452 1794 5525 privilegium
1812 5470 1960 5508 asse-
2047 5452 2378 5524 impulisset,
2402 5453 2566 5508 irasci
2578 5458 2870 5525 cmperunt
2890 5452 2986 5524 qui
2999 5468 3129 5507 eum
3145 5452 3516 5514 adduxerant,
3542 5465 3641 5504 cur

362 5558 517 5609 rens,
537 5548 595 5595 et
624 5558 820 5596 eorum
838 5542 1044 5614 quibus
1063 5541 1201 5614 ipse,
1223 5547 1289 5596 ut
1318 5542 1570 5613 apostolo
1595 5543 1777 5610 Petro,
1796 5542 1967 5598 dona-
2048 5541 2169 5596 seni
2196 5542 2417 5597 fecisset
2443 5543 2730 5614 injuriam.
2757 5542 2972 5607 Quibus
3000 5541 3279 5595 Antonius
3302 5539 3384 5593 ait
3407 5557 3418 5591 :
3454 5538 3640 5593 Nolite

360 5632 509 5689 verit
520 5636 586 5687 ut
605 5647 882 5703 aquarum
904 5632 1114 5686 levitati
1126 5632 1434 5690 humanum
1454 5644 1659 5705 corpus
1679 5633 1963 5688 insisteret
2046 5630 2288 5686 alienam
2308 5632 2529 5705 culpam
2552 5631 2745 5704 juveni
2776 5632 2981 5687 misero
3007 5629 3315 5685 ascribere:
3352 5627 3509 5682 furor
3533 5624 3640 5678 iste
