3990 6194
265 242 370 322 357

1354 253 1524 332 me
1561 254 1771 334 Bm;
1803 258 2109 338 mea:
2143 257 2468 338 mms-

3439 261 3544 320 158

256 402 550 451 revocare,
581 389 918 466 denuntians
935 393 1137 446 talium
1157 393 1432 448 amicitias
1457 400 1628 472 atque
1657 413 1866 450 sermo-

1959 397 2019 433 ne
2050 385 2107 434 et
2135 397 2239 450 ego
2267 397 2538 458 corruens
2556 381 2852 438 inteream.
2886 383 3004 440 Hoc
3027 383 3240 470 audito,
3264 381 3542 453 mirabilis

257 491 361 528 nes
390 477 773 551 perditionem
801 497 920 546 esse
951 483 1172 546 animae.
1208 483 1300 538 Sic
1322 484 1494 551 etiam
1511 485 1750 539 Arianos
1777 485 1868 540 de-

252 564 602 644 testabatur,
624 575 689 630 ut
711 568 972 622 omnibus
991 571 1204 626 diceret
1221 589 1324 626 nec
1337 575 1504 648 juxta
1525 589 1619 626 eos
1640 573 1868 644 quidem

254 671 388 707 esse
420 657 826 711 accedendum.
847 659 992 732 Nam
1022 677 1150 714 cum
1167 653 1446 716 venissent
1465 663 1694 733 quidam
1711 663 1870 717 Ario-

253 744 495 798 manitze
526 745 658 814 (8i).
690 753 914 818 reperta
935 765 1126 826 eorum
1143 756 1270 820 post
1297 741 1768 807 examinationem
1785 753 1868 823 in-

253 831 596 908 ﬁdelissima
641 840 812 913 secta,
855 836 1120 913 effugavit
1171 855 1266 892 eos
1306 838 1375 892 de
1413 845 1625 913 monte,
1676 840 1867 895 dicens

255 921 442 982 multo
474 911 836 1001 serpentibus
859 911 1163 1002 deteriores
1181 927 1380 981 horum
1403 909 1524 981 esse
1555 946 1863 1004 sermones.

257 1007 670 1064 Mentientibus
682 1018 871 1066 autem
887 1015 1114 1094 Arianis
1134 1015 1231 1080 (8:3?
1248 1015 1546 1086 aliquando
1562 1017 1863 1071 Antonium

257 1097 340 1150 ita
355 1105 422 1150 ut
444 1115 506 1152 se
521 1101 771 1166 credere,
791 1102 1104 1180 admiratus
1119 1121 1250 1170 eoru
1260 1122 1314 1158 m
1330 1095 1640 1174 audaciam,
1665 1107 1867 1185 et

256 1186 474 1250 doloris
497 1187 585 1242 ira
603 1195 936 1258 commotus,
961 1199 1304 1267 rogatusque
1323 1193 1392 1246 ab
1412 1194 1685 1266 episcopis
1699 1202 1867 1265 atque

259 1275 546 1329 universis
569 1277 1256 1345 fratribus,Alexandriam
1283 1282 1571 1337 descendit
1597 1274 1706 1350 l86)
1733 1302 1745 1350 ;
1769 1283 1870 1336 ibi-

258 1380 366 1434 que
396 1365 790 1430 Ariomanitas
817 1368 1037 1446 publico
1066 1387 1322 1424 sermone
1352 1371 1763 1438 condemnavit,
1789 1371 1870 1452 ul-

257 1454 462 1508 timam
494 1455 640 1509 hanc
659 1473 781 1510 esse
799 1458 1058 1532 haeresim
1080 1465 1138 1512 et
1154 1476 1559 1537 praecursorem
1590 1461 1869 1540 Antichri-

257 1543 330 1596 sti
361 1542 664 1597 afﬁrmans
689 1563 702 1611 ;
725 1533 1162 1616 p'rzedicavitque'
1179 1547 1237 1601 in
1269 1533 1473 1618 populo
1507 1548 1712 1602 Filium
1743 1533 1863 1612 Dei,

261 1647 374 1684 non
403 1631 712 1699 facturam,
746 1651 858 1688 non
901 1651 964 1688 ex
994 1626 1167 1702 nullis
1208 1636 1693 1703 exstantibus,sed
1732 1655 1867 1711 pro-

1952 487 2117 524 senex
2171 487 2205 524 a
2257 471 2418 525 nobis
2466 472 2806 538 admonitus,
2857 473 3048 528 volens
3076 481 3270 528 tamen
3309 476 3368 542 et
3402 472 3542 543 ipse,

1951 559 2243 630 paululum
2259 559 2789 632 substitit.Cumque
2804 562 3292 634 appropinquante
3304 553 3545 642 muliere

1951 649 2138 719 puella
2158 649 2375 719 jaceret
2394 650 2644 721 explosa,
2678 646 2859 726 oravit
2876 646 3090 728 tacitus
3122 651 3425 706 Dominum
3449 650 3544 728 ie-

1950 753 2096 803 sum,
2131 743 2188 792 et
2205 738 2276 792 ad
2305 738 2798 816 comminationem
2829 741 2952 811 ejus
2971 739 3417 836 statimspiritus
3443 738 3546 792 im-

1949 843 2126 898 purus
2171 843 2428 898 egressus
2467 832 2568 881 est.
2619 829 2814 882 Puella
2855 829 3166 908 incolumis,
3209 827 3448 904 populus
3483 827 3544 912 in

1949 915 2347 996 laudibusDei,
2375 929 2558 971 mater
2577 918 2633 970 in
2654 917 2859 987 gaudio
2889 918 3011 972 fuit.
3044 919 3168 988 Ipse
3184 913 3371 972 autem
3395 917 3546 971 laeta-

1927 1005 2133 1071 batur,
2168 1005 2300 1076 quia
2327 1007 2396 1059 ad
2427 997 2800 1060 deSideratam
2831 1000 3189 1060 solitudinem
3218 1006 3540 1079 repedabat.

1951 1095 2086 1148 Erat
2113 1101 2304 1148 autem
2333 1096 2491 1149 valde
2520 1096 2763 1166 sapiens,
2798 1101 2855 1150 et
2875 1096 2981 1172 hoc
3003 1095 3061 1149 in
3092 1113 3151 1165 se
3167 1087 3427 1170 mirabile
3448 1095 3546 1172 ha-

1949 1183 2136 1250 bebat,
2159 1185 2290 1256 quia
2310 1202 2437 1260 cum
2465 1185 2682 1240 litteras
2703 1201 2816 1239 non
2842 1185 3145 1262 didicisset,
3169 1182 3546 1260 ingeniosissi-

1951 1290 2078 1351 mus
2109 1281 2166 1328 et
2193 1275 2662 1345 prudentissimus
2693 1281 2832 1329 erat.

2023 1364 2152 1417 CAP.
2185 1364 2374 1417 XLIV.
2412 1397 2463 1406 —
2499 1365 2814 1438 Aliquando
2846 1364 3054 1438 etenim
3088 1362 3408 1438 philosophi
3435 1361 3546 1415 duo

1954 1450 2059 1520 (87)
2088 1451 2334 1527 gentiles
2361 1459 2638 1507 venerunt
2673 1455 2743 1508 ad
2773 1437 2922 1522 eum;
2947 1459 3210 1525 putantes
3239 1450 3547 1524 Antonium

1950 1557 2008 1593 se
2045 1557 2206 1613 posse
2246 1541 2520 1615 decipere.
2559 1543 2694 1596 Erat
2745 1559 2875 1612 vero
2907 1530 2962 1596 in
2995 1540 3279 1616 superiori
3333 1544 3542 1594 monte.

1950 1629 2101 1692 Quos
2126 1647 2253 1683 cum
2291 1630 2538 1697 vidisset,
2570 1648 2818 1712 paganos
2845 1616 3124 1686 intellexit
3161 1649 3225 1684 ex
3255 1631 3411 1684 vultu
3444 1648 3457 1695 ;
3491 1633 3550 1683 et

257 1721 472 1797 prium,
497 1721 666 1775 unius
687 1739 814 1776 cum
842 1701 1008 1778 Patre
1029 1723 1376 1790 substantiae,
1405 1741 1476 1778 ne
1497 1701 1758 1802 creatura
1776 1744 1871 1798 po—
1887 1701 1936 1788 β
1955 1719 2259 1789 Procedens
2289 1720 2360 1773 ad
2389 1737 2502 1788 80$,
2529 1701 3021 1794 p'ér'interprotem
3047 1719 3150 1784 (88l
3175 1720 3255 1774 ita
3283 1718 3451 1802 coepit
3470 1718 3548 1792 19'

261 1809 393 1872 tius,
430 1815 535 1862 aut
560 1811 810 1882 adoptio,
843 1819 943 1866 aut
971 1814 1274 1884 appellatio
1305 1803 1608 1879 videretur,
1633 1809 1868 1894 impium

261 1915 384 1950 esse
411 1898 612 1952 dicens
637 1895 723 1972 vel
763 1907 951 1955 mente
979 1903 1270 1974 concipere
1296 1921 1307 1955 :
1343 1903 1478 1956 Erat
1505 1904 1728 1974 quando
1758 1920 1870 1958 non

261 1993 403 2052 erat,
425 2004 558 2041 cum
572 1988 816 2042 Verbum
830 1975 928 2043 Dei
952 1991 1119 2054 Deus,
1145 1991 1236 2062 qui
1256 1998 1341 2045 est
1357 2009 1595 2064 semper,
1635 1992 1785 2047 Patri
1799 1993 1874 2046 sit

263 2085 604 2154 coaeternus,
639 2078 773 2147 quia
801 2095 867 2132 ex
894 2095 960 2132 eo
991 2086 1156 2133 natus
1187 2086 1272 2134 est
1303 2081 1490 2147 Patre,
1523 2081 1620 2150 qui
1650 2097 1874 2152 semper

263 2171 368 2217 est.
402 2164 571 2218 Unde
589 2155 815 2219 aiebat:
848 2168 988 2221 Cum
1014 2169 1238 2222 Arianis
1266 2169 1418 2222 vonis
1451 2169 1609 2224 nulla
1636 2171 1709 2224 sit
1737 2187 1872 2224 con-

261 2255 506 2322 junctlo.
542 2255 680 2318 Quae
711 2243 857 2308 enim
899 2257 1136 2310 societas
1173 2258 1284 2312 luci
1323 2258 1393 2312 ad
1423 2258 1688 2312 tenebras
1709 2261 1734 2312 ?
1761 2259 1874 2313 Vos

268 2331 522 2396 ﬁdeliter
544 2344 856 2409 credentes,
891 2346 1195 2422 Christiani
1215 2329 1350 2400 estis
1373 2365 1386 2414 ;
1415 2347 1498 2400 illi
1527 2347 1791 2414 Verbum,
1817 2348 1873 2402 id

271 2439 356 2484 est
387 2431 618 2510 Filium,
644 2433 740 2502 qui
768 2451 834 2486 ex
853 2435 968 2504 Deo
998 2434 1164 2507 Patre
1185 2441 1288 2509 est,
1323 2441 1638 2490 creaturam
1668 2437 1871 2490 docen-

269 2527 372 2584 tes,
405 2521 569 2574 nullo
591 2521 884 2594 intervallo
906 2540 939 2575 a
965 2522 1228 2592 gentibus
1257 2531 1610 2594 separantur,
1627 2526 1720 2600 qui
1752 2543 1870 2579 ser-

266 2607 428 2662 viunt
461 2616 736 2663 creatura:
765 2611 952 2684 potius
984 2628 1148 2682 quam
1181 2612 1451 2678 Creatori,
1479 2614 1574 2684 qui
1595 2622 1681 2667 est
1707 2613 1873 2668 bene-

269 2697 452 2752 dictus
501 2698 559 2751 in
610 2699 814 2770 saecula
843 2702 1008 2768 (Romi
1056 2684 1292 2772 l).'Ipsa,
1329 2702 1465 2756 mihi
1499 2702 1726 2768 credite,
1758 2703 1872 2756 ira-

267 2793 510 2840 scuntur
527 2788 831 2850 elementa,
855 2794 911 2842 et
921 2789 1104 2843 omnis
1124 2795 1320 2864 contra
1332 2791 1604 2845 Arianum
1626 2790 1872 2845 furorem

267 2875 591 2942 secundum
648 2877 902 2947 Apostoli
961 2877 1190 2950 dictum,
1249 2878 1563 2954 ingemiscit
1615 2885 1875 2954 creatura

275 2966 448 3031 (Rom.
488 2967 629 3040 vni),
662 2956 810 3036 quod
858 2965 963 3020 sibi
1010 2965 1530 3039 Dominum'suum,
1571 2948 1671 3040 per
1706 2985 1874 3040 quem

273 3052 488 3118 omnia,
517 3059 576 3107 et
605 3035 805 3125 iniquo
837 3055 1028 3109 omnia
1054 3055 1202 3110 facta
1219 3062 1351 3110 sunt
1381 3035 1548 3127 (Itoni.
1569 3055 1665 3124 Χῖ),
1691 3037 1875 3111 videat

341 3231 479 3286 CAP.
513 3233 685 3302 XLII.
813 3233 942 3288 Haec
982 3234 1125 3289 tanti
1153 3234 1258 3290 viri
1281 3235 1600 3306 praedicatio
1639 3235 1876 3310 exprimi

268 3337 383 3374 non
410 3327 606 3392 potest
625 3328 901 3392 quantum
939 3323 1010 3377 ad
1041 3324 1208 3378 ﬁdem
1238 3324 1473 3395 populos
1503 3323 1870 3378 roboraverit.

269 3409 647 3491 Laetabantur'
685 3411 893 3486 quippe
932 3412 1193 3490 hostilem
1241 3417 1298 3466 et
1325 3413 1548 3466 Christo
1583 3412 1872 3491 inimicam

273 3498 533 3552 haeresim
552 3485 1016 3554 anathematizari
1038 3501 1106 3572 ab
1128 3485 1386 3556 Ecclesiae
1411 3485 1688 3555 columna.
1706 3487 1873 3556 Nulla

273 3593 407 3640 tunc
440 3594 598 3653 :etas,
631 3589 820 3642 nullus
868 3606 1032 3643 sexus
1076 3590 1227 3643 domi
1270 3591 1560 3644 remansit.
1593 3591 1772 3645 Taceo
1805 3591 1874 3644 de

278 3676 653 3730 Christianis:
686 3677 892 3748 pagani
917 3695 1138 3750 quoque
1167 3685 1225 3733 et
1253 3679 1357 3750 ipsi
1381 3679 1656 3734 idolorum
1689 3695 1876 3734 sacer-

1955 1807 2049 1877 qui
2076 1827 2086 1860 :
2109 1808 2294 1885 Quare
2309 1813 2424 1862 tam
2437 1809 2602 1879 longe
2615 1810 2684 1880 ad
2706 1809 2938 1864 stultum
2962 1809 3249 1863 hominem
3267 1799 3546 1880 sapientes

1954 1895 2013 1950 se
2042 1913 2240 1950 vexare
2259 1898 2558 1952 voluerunt
2573 1899 2596 1950 ’ἶ
2611 1898 2728 1952 Illis
2757 1897 3215 1960 dicentibus,non
3240 1913 3362 1950 esse
3387 1895 3546 1970 illum

1953 1985 2210 2050 stultum,
2253 1987 2350 2040 sed
2389 1991 2446 2040 et
2473 1986 2708 2040 nimium
2759 1987 3088 2058 sapientem,
3130 1985 3426 2055 vigilanter
3451 2000 3545 2050 re-

1953 2074 2209 2149 spondit:
2243 2075 2300 2130 Si
2317 2075 2388 2128 ad
2409 2076 2645 2148 stultum
2669 2075 2917 2138 venistis,
2943 2075 3261 2149 superﬂuus
3281 2079 3368 2138 est
3392 2072 3550 2136 labor

1953 2147 2138 2216 vester
2170 2183 2182 2230 ;
2214 2163 2478 2238 siautem
2519 2165 2730 2236 putatis
2758 2181 2848 2218 me
2866 2147 3177 2235 sapientem
3204 2180 3346 2232 esse,
3380 2169 3436 2216 et
3465 2177 3551 2216 sa-

1955 2252 2226 2326 pientiam
2258 2251 2482 2316 habere,
2500 2250 2710 2306 bonum
2735 2259 2819 2307 est
2845 2257 2910 2306 ut
2930 2249 3230 2325 imitemini
3260 2252 3408 2322 quod
3426 2268 3552 2322 pro-

1956 2341 2118 2407 batis,
2155 2341 2287 2412 quia
2313 2341 2459 2395 bona
2489 2342 2745 2414 convenit
2764 2341 2994 2395 imitari.
3030 2341 3088 2396 Si
3107 2357 3209 2411 ego
3239 2341 3310 2394 ad
3339 2326 3434 2402 vos
3462 2357 3552 2394 ve-

1957 2431 2185 2507 nissem.
2228 2448 2324 2484 vos
2353 2431 2638 2504 imitarer:
2669 2431 2764 2484 sed
2787 2431 2920 2508 quia
2945 2447 3041 2484 vos
3069 2421 3140 2484 ad
3169 2446 3258 2498 me
3289 2429 3449 2508 quasi
3480 2429 3551 2482 ad

1955 2521 2265 2594 sapientem
2296 2520 2546 2586 venistis,
2570 2517 2916 2587 estote,sicut
2937 2536 3038 2589 ego
3055 2535 3199 2592 sum,
3222 2507 3546 2580 Christiani.

1955 2605 2709 2680 Abscesseruntlphilosophi
2742 2649 2755 2672 ,
2789 2614 3091 2680 utrumque
3146 2606 3416 2684 mirantes
3440 2646 3454 2672 ,
3495 2611 3554 2660 et

1955 2714 2192 2752 acumen
2221 2698 2454 2768 ingenii,
2484 2704 2540 2752 et
2569 2698 2890 2768 dazmonum
2919 2696 3292 2770 expulsiones.

1951 2769 1956 2773 i
2028 2788 2158 2840 CAP.
2191 2787 2360 2840 XLV.
2405 2819 2452 2826 η-
2485 2787 2640 2840 Alios
2671 2802 2894 2860 quoque
2925 2784 3186 2852 similiter
3221 2783 3420 2860 mundi
3460 2798 3552 2860 sa-

1957 2874 2174 2946 pientes
2185 2874 2298 2944 (89)
2307 2919 2319 2938 ,
2330 2875 2425 2949 qui
2451 2892 2578 2954 eum
2601 2869 2836 2928 irridere
2847 2873 3168 2948 cupiebant,
3190 2872 3322 2954 quia
3332 2873 3552 2926 litteras

1955 2963 2262 3034 ignoraret;
2305 2962 2406 3018 tali
2435 2963 2812 3038 disputatione
2855 2962 3152 3034 colligavit,
3187 2953 3376 3015 dicens
3402 2961 3552 3043 :Re-

1956 3053 2225 3124 spondete
2258 3053 2414 3118 mihi,
2437 3047 2569 3123 quid
2591 3053 2768 3134 prius,
2787 3069 2985 3106 sensus
3005 3068 3078 3104 an
3093 3051 3320 3120 litterae?
3341 3055 3397 3104 et
3417 3049 3552 3120 quid

1895 3137 1939 3196 Ο
1959 3145 2120 3214 cujus
2147 3143 2463 3215 exordium?
2481 3143 2689 3215 Sensus
2716 3159 2782 3196 ex
2809 3141 3112 3215 litteris,a_n
3138 3140 3340 3194 litterae
3368 3137 3555 3213 oriun-

1957 3238 2052 3288 tur
2079 3249 2144 3287 ex
2199 3233 2392 3286 sensu?
2428 3231 2546 3312 Illis
2575 3230 2954 3284 asserentibus
2999 3229 3132 3300 quia
3173 3244 3370 3306 sensus
3404 3232 3555 3290 esset

1959 3321 2154 3376 auctor
2183 3327 2350 3392 atque
2374 3321 2635 3396 inventor
2664 3313 3012 3383 litterarum,
3035 3318 3144 3371 ait:
3172 3317 3353 3394 Igitur
3381 3317 3427 3370 si
3463 3316 3554 3394 cui

1958 3427 2156 3465 sensus
2187 3395 2480 3482 incolumis
2512 3413 2615 3478 est,
2641 3408 2728 3461 hic
2747 3409 2964 3461 litteras
2987 3423 3103 3477 non
3125 3395 3381 3476 requirit.
3416 3403 3552 3482 Quis

1956 3501 2316 3573 praesentium
2349 3479 2476 3570 post
2503 3500 2647 3552 hanc
2668 3497 3118 3552 colluctationem
3147 3511 3259 3549 non
3274 3494 3552 3548 exclama-

1959 3590 2253 3655 verit,cum
2284 3587 2677 3660 obstupuerint
2697 3592 2753 3641 et
2783 3586 2892 3658 ipsi
2915 3585 3009 3656 qui
3021 3583 3149 3639 victi
3169 3587 3546 3658 sunt,tantam

1961 3679 2019 3733 in
2038 3679 2112 3732 im
2118 3678 2600 3754 periolitterarum
2611 3676 2970 3746 sagacitatem
2989 3673 3164 3752 animi
3184 3670 3554 3738 admirantes?

201 3779 214 3792 ‘
281 3766 445 3822 dotes
489 3766 558 3819 ad
591 3766 930 3820 dominicum
963 3767 1261 3838 imperium
1286 3769 1672 3839 convolabant,
1697 3769 1882 3822 dicen-
1961 3769 2158 3838 Neque
2186 3767 2356 3848 enim,
2393 3771 2458 3820 ut
2485 3766 2544 3819 in
2571 3765 2870 3842 solitudine
2887 3770 2944 3840 et
2968 3761 3250 3830 montibus
3278 3766 3550 3825 versatus,

281 3859 402 3934 tes:
437 3855 747 3908 Precamur
765 3861 830 3909 ut
849 3852 1136 3910 videamus
1165 3857 1455 3911 hominem
1486 3857 1756 3929 Dei,quia
1777 3859 1884 3912 hoc
1963 3843 2131 3934 atque
2161 3843 2384 3934 omnem
2413 3855 2620 3908 ibidem
2653 3854 2879 3924 exigens
2905 3854 3100 3931 vitam,
3128 3851 3372 3934 agrestis
3387 3854 3444 3904 et
3483 3849 3556 3902 ri-

281 3926 432 4014 apud
473 3945 764 3998 universos
817 3946 1176 4016 conspicuum
1218 3953 1341 4000 erat
1379 3963 1587 4000 nomen
1625 3947 1873 4000 Antonii.
1959 3929 2124 4016 gidus
2153 3950 2294 4008 erat,
2318 3944 2414 3998 sed
2425 3943 2708 4014 jucundus
2737 3947 2906 4013 atque
2926 3933 3191 4004 affabilis,
3208 3954 3546 4002 sermonem,

281 4031 626 4086 Ambiebant
644 4049 868 4105 quoque
890 4017 1389 4108 saltem'ﬁmbriam
1413 4016 1730 4090 vestimenti
1755 4037 1878 4106 ejus
1961 4034 2268 4088 secundum
2323 4027 2571 4104 Apostoli
2616 4027 2978 4102 praeceptum,
3025 4029 3212 4084 divino
3266 4027 3553 4100 conditum

281 4122 582 4192 attingere,
599 4123 840 4200 multum
859 4123 963 4176 sibi
981 4131 1038 4178 et
1055 4130 1266 4178 tactum
1288 4127 1552 4196 prodesse
1565 4126 1876 4188 credentes.

283 4211 429 4274 Quot
448 4218 590 4264 tunc
608 4211 882 4282 diabolica
906 4212 1190 4267 obsidione
1212 4220 1266 4267 et
1277 4213 1880 4285 variisinﬁrmitatibus

281 4299 506 4376 liberati
532 4301 546 4352 !
580 4305 718 4371 quot
735 4301 1050 4356 simulacris
1070 4309 1262 4388 erepta
1291 4310 1423 4374 sunt
1449 4303 1646 4374 spolia!
1677 4304 1874 4376 quanti

1961 4123 2078 4176 sale
2102 4123 2312 4182 (Coloss.
2343 4123 2422 4190 IV)
2449 4120 2784 4198 proferebat,
2809 4119 2888 4192 ita
2907 4124 2971 4174 ut
2997 4117 3208 4172 invidia
3237 4121 3470 4182 careret,
3497 4121 3555 4189 et

1961 4228 2153 4265 amore
2183 4211 2434 4264 omnium
2464 4210 2759 4280 potiretur.

2033 4301 2163 4373 CAP.
2198 4299 2386 4354 XLVI.
2415 4329 2480 4339 —
2509 4299 2663 4352 Inter
2684 4297 2820 4361 haec,
2861 4293 3024 4366 quasi
3049 4311 3253 4380 parum
3277 4297 3432 4372 esset
3461 4292 3548 4356 bis

283 4373 454 4442 etiam
470 4389 539 4442 ab
555 4382 747 4460 errore
757 4391 1054 4460 gentilium
1077 4373 1324 4460 retracti,
1352 4373 1544 4446 nostro
1549 4393 1730 4462 juncti
1741 4398 1881 4472 sunt
1899 4373 1950 4456 ,D
1960 4389 2336 4462 gentilitatem
2355 4386 2526 4441 fuisse
2547 4390 2880 4457 separatam,
2907 4389 2964 4437 ct
2977 4381 3145 4436 tertio
3157 4385 3430 4458 venerunt
3449 4380 3553 4434 viri

277 4475 437 4549 gregi
464 4479 476 4530 Σ
509 4479 676 4532 Tanti
717 4485 888 4544 certe,
921 4485 985 4532 ut
1011 4497 1318 4550 paucorum
1357 4481 1574 4552 dierum
1603 4481 1783 4552 spatio
1810 4499 1880 4556 ex

281 4567 563 4621 idolorum
617 4571 718 4624 54
755 4569 1152 4640 superstitione
1189 4569 1475 4640 conversio
1514 4587 1738 4640 omnem
1778 4587 1880 4641 per

281 4672 492 4710 annum
523 4657 874 4711 credentium
912 4658 1159 4712 vinceret
1177 4653 1425 4712 turbam.
1453 4659 1730 4714 Praeterea
1752 4675 1880 4714 cum

277 4744 591 4800 irruentem
621 4746 1043 4818 multitudinem
1073 4747 1305 4801 comites
1343 4747 1697 4818 repellerent,
1729 4731 1879 4802 aesti-

280 4839 501 4890 mantes
531 4835 701 4889 taedio
729 4835 810 4888 illi
840 4842 1173 4890 conventum
1201 4835 1391 4911 populi
1421 4836 1558 4903 fore,
1599 4837 1694 4890 ille
1721 4843 1882 4891 tran-

282 4925 453 4994 quillo
465 4925 656 4978 animo
685 4924 907 4978 dicebat
927 4943 939 4976 :
962 4919 1230 4996 Nunquid
1252 4925 1344 4998 hic
1363 4931 1542 4979 ccetus
1562 4926 1878 4980 daemonum

283 5016 464 5084 major
484 4997 572 5067 est
597 5010 817 5067 turbis?
841 5012 1090 5084 nunquid
1108 5008 1548 5085 'obsequentium
1577 5015 1882 5088 multitudo

283 5102 711 5157 colluctatorum
749 5103 808 5156 in
830 5109 1022 5177 monte
1052 5109 1371 5157 nostrorum
1399 5104 1635 5158 catervis
1667 5110 1753 5158 est
1783 5121 1884 5158 nu-

285 5193 558 5246 merosior
573 5191 598 5244 ?
1206 5177 1230 5184 Η

353 5281 693 5350 ΟᾼΡΧΙᾸΙΙ.
709 5314 756 5322 -
767 5280 985 5334 Accidit
997 5281 1169 5336 etiam
1187 5286 1253 5335 ut
1265 5299 1391 5336 cum
1415 5283 1876 5337 eumredeuntem

283 5372 427 5426 circa
447 5377 674 5444 portam
693 5378 1388 5442 prosequeremur.atergo
1401 5373 1654 5444 quaedam
1667 5373 1876 5444 mulier

283 5438 744 5520 clamitaret,dice
752 5477 835 5511 ns:
853 5438 1448 5528 ExspectamomoDei,
1469 5459 1583 5512 ﬁlia
1598 5438 1723 5512 mea
1735 5465 1882 5512 atro-

282 5546 501 5600 cissimo
521 5552 766 5601 vexatur
789 5533 1883 5620 daemonio;exspecta,obsecro:exspecta

1961 4480 2032 4534 ad
2063 4495 2192 4532 eum
2222 4477 2404 4531 omnis
2429 4467 2694 4545 secularis
2721 4473 3030 4551 prudentiae
3061 4471 3206 4526 nube
3230 4470 3444 4537 caecati,
3473 4475 3554 4523 at-

1961 4585 2069 4640 que
2109 4567 2379 4621 universis
2424 4557 2786 4636 philosophiae
2841 4563 3040 4617 studiis
3077 4561 3284 4614 artium
3321 4575 3554 4622 suarum

1963 4656 2331 4712 aestimatione
2359 4653 2684 4708 doctissimi.
2711 4650 2782 4707 Hi
2801 4669 2928 4706 cum
2951 4650 3225 4704 rationem
3254 4648 3324 4702 ab
3349 4665 3415 4702 eo
3445 4648 3554 4724 egri—

1963 4749 2163 4821 gerent
2191 4744 2339 4820 ﬁdei.
2372 4760 2540 4815 quam
2571 4743 2629 4822 in
2659 4741 2880 4796 Christo
2909 4739 3196 4810 habemus,
3223 4743 3280 4805 et
3307 4738 3555 4792 niteren-

1964 4841 2058 4890 tur
2084 4841 2284 4904 arguta
2322 4833 2726 4903 sophismatum
2773 4827 3212 4902 interrogatione
3259 4827 3328 4882 de
3365 4827 3554 4898 divina

1964 4940 2128 4978 cruce
2149 4940 2278 4977 eum
2301 4923 2553 4986 illudere,
2579 4921 2635 4974 in
2647 4920 2929 5000 silentium
2951 4917 3242 4989 paululum
3263 4934 3394 4980 voce
3407 4934 3556 4997 corn-

1963 5012 2425 5084 pressa,primum
2441 5005 2634 5065 eorum
2651 4997 3213 5079 miseratus'errprem
3227 5012 3330 5090 est;
3351 5007 3554 5082 deinde

1963 5101 2066 5174 per
2117 5101 2502 5172 interpretem,
2547 5099 2642 5169 qui
2670 5100 2792 5168 ejus
2837 5097 3006 5152 verba
3032 5095 3456 5170 diligentissime
3495 5095 3552 5174 in

1968 5192 2222 5262 Graecum
2253 5187 2470 5243 Solebat
2507 5179 2816 5259 exprimere
2846 5203 3184 5253 sermonem,
3216 5185 3296 5239 ita
3325 5203 3555 5240 exorsus

1965 5290 2068 5347 est,
2092 5261 2317 5334 dicens:
2355 5277 2502 5342 Quid
2549 5277 2836 5348 pulchrius
2865 5284 2968 5342 est,
3007 5261 3208 5347 quidve
3237 5273 3550 5354 honestius,

1961 5386 2184 5424 crucem
2199 5367 2479 5432 colere,an
2493 5357 3267 5438 adulteria,parricidium,vel
3281 5363 3553 5432 incestum

1963 5459 2050 5513 his
2074 5458 2360 5528 assignare
2387 5473 2529 5528 quos
2556 5456 2768 5522 colitis;
2791 5446 2918 5510 'cum
2947 5455 3006 5509 in
3037 5455 3212 5508 altero
3230 5451 3559 5528 sitcontem-

1962 5553 2092 5620 ptus
2109 5541 2306 5630 inertis
2331 5545 2550 5617 insigne
2566 5547 2858 5623 virtutum,
2881 5545 2938 5611 in
2959 5543 3136 5622 altero
3156 5541 3338 5627 turpis
3359 5537 3556 5628 religio
