4004 6196
261 334 360 392 161

1346 329 1519 384 VITA
1557 327 1766 383 BEATI
1804 326 2109 383 ANTONII
2146 328 2469 384 ABBATIS.

3430 338 3538 421 162

252 462 304 530 ej
315 476 381 513 us
405 459 591 513 solum
621 457 791 513 verba
820 455 1124 511 sufﬁciunt.
1142 456 1279 512 Ecce
1305 472 1408 510 nos
1427 460 1512 510 tot
1528 453 1864 527 gentilitatis
1881 454 1923 513 A
1942 458 2130 510 tumor
2160 456 2294 510 talia
2322 456 2484 527 signa
2512 462 2826 536 mercatura
2847 458 3142 530 Confugite
3172 462 3243 516 ad
3273 462 3536 518 Cruciﬁxi

248 548 524 619 gregibus
544 546 831 611 abstracti,
848 545 904 599 in
923 544 1245 600 universum
1261 544 1453 599 orbem
1470 543 1718 607 quotidie
1738 558 1863 615 pro-

251 654 560 710 pagamur;
582 635 737 691 vobis
757 652 886 690 vero
907 640 1031 706 post
1051 634 1354 690 adventum
1375 633 1620 700 Domini,
1637 632 1860 688 nodosas

250 727 673 798 sephismatum
702 725 1028 779 defecerunt
1045 723 1321 791 versutia).
1344 723 1481 777 Ecce
1503 739 1623 788 nos,
1647 720 1859 793 simpli-

251 832 379 869 cem
409 814 590 871 Chisti
632 814 802 868 ﬁdem
832 813 1115 878 docentes,
1148 811 1526 866 idololatriam
1565 809 1860 865 debellavi-

253 909 469 969 mus,et
479 920 581 975 per
591 901 1049 974 medicationem
1064 900 1453 971 ignominiosae
1465 899 1647 955 crucis
1660 903 1860 953 aurata

253 994 473 1064 templa
491 993 837 1047 ceciderunt.
858 991 991 1056 Vos,
1010 990 1056 1043 si
1083 988 1335 1061 potestis,
1355 988 1635 1043 ostendite
1657 986 1859 1059 quibus

252 1082 613 1136 contextione
634 1079 931 1135 verborum
940 1079 1316 1150 gentilitatem
1330 1077 1557 1132 Christo
1578 1093 1863 1148 prmpone-

255 1188 320 1225 re
342 1170 659 1226 suaseritis.
679 1169 788 1224 Per
809 1184 1004 1222 omnes
1039 1168 1160 1237 jam
1176 1172 1357 1220 terras
1377 1182 1543 1220 verus
1565 1165 1665 1220 Dei
1686 1164 1861 1219 Filius

254 1259 521 1314 Christus
537 1264 623 1313 est
645 1258 890 1329 agnitus.
915 1256 1067 1310 Nihil
1084 1256 1405 1327 eloquentia
1424 1254 1853 1325 sophismatum,

254 1349 399 1403 nihil
430 1347 741 1419 disputatio
769 1346 1133 1418 phiIOSOphize
1154 1344 1504 1399 multitudini
1521 1348 1650 1409 56
1677 1347 1861 1414 potest

252 1436 452 1492 obesse
462 1434 1180 1491 credentium.Cruciﬁxum
1191 1430 1861 1497 nominamus,etuniver—

255 1527 305 1580 si
320 1526 629 1591 daemones,
663 1541 804 1596 quos
827 1540 920 1578 vos
955 1528 1019 1578 ut
1044 1523 1177 1577 deos
1194 1522 1395 1587 colitis,
1419 1521 1669 1592 rugiunt,
1687 1525 1857 1591 atque

252 1632 321 1668 ex
349 1614 598 1669 obsessis
633 1611 959 1684 corporibus
989 1612 1061 1665 ad
1082 1612 1328 1682 primum
1357 1609 1650 1664 dominicae
1674 1608 1857 1663 crucis

251 1703 483 1774 signum
503 1703 791 1774 fugantur.
809 1700 915 1756 Ubi
934 1707 1067 1755 sunt
1081 1700 1179 1754 illa
1197 1698 1450 1754 fabulosa
1470 1696 1739 1753 oracula?
1761 1696 1857 1751 ubi

1941 544 2148 614 legem,
2173 562 2386 615 nosque
2404 546 2525 615 ejus
2548 545 2845 600 imitamini
2868 548 3105 603 famulos
3125 569 3137 617 ;
3160 556 3217 604 et
3237 551 3342 606 hoc
3355 568 3535 606 sc1en-

1941 633 2034 686 tiae
2064 635 2175 688 ﬁne
2203 635 2470 697 contenti,
2512 635 2668 688 nulla
2710 634 2971 709 deinceps
2999 640 3280 694 saecularis
3327 638 3537 712 impru-

1941 722 2142 778 dentiae
2167 730 2503 794 argumenta
2532 724 2814 795 qureratis.
2866 725 3145 782 Hactenus
3174 730 3419 784 Antonio
3447 729 3535 784 di-

1941 815 2101 864 cente
2133 850 2146 877 ,
2210 810 2351 864 miro
2400 811 2717 883 philosophi
2774 818 3001 884 stupore
3064 817 3341 886 perculsi,
3404 835 3534 873 eum

1942 898 2247 953 honoriﬁco
2275 900 2522 954 salutatu
2550 900 2619 954 ab
2653 918 2718 955 eo
2747 902 3088 971 recedentes,
3134 906 3377 961 multum
3413 908 3536 978 ejus

1942 986 2048 1041 sibi
2068 988 2389 1043 fatebantur
2415 990 2689 1060 profuisse
2715 997 3091 1064 conspectum.

2014 1077 2148 1130 CAP.
2182 1078 2244 1131 L.
2271 1108 2335 1117 —
2365 1078 2483 1132 Hoc
2511 1079 2569 1132 in
2591 1096 2656 1133 eo
2678 1097 2807 1135 vero
2847 1081 3105 1136 mirabile
3128 1089 3229 1151 est,
3262 1088 3328 1139 ut
3351 1084 3534 1139 homi-

1943 1181 2073 1218 nem
2104 1165 2160 1219 in
2199 1171 2446 1221 extremo
2494 1169 2690 1223 mundi
2718 1168 2895 1224 limite
2942 1170 3251 1239 conditum,
3285 1180 3343 1228 et
3381 1173 3536 1229 favor

1939 1252 2275 1323 principum,
2308 1260 2366 1308 et
2389 1255 2570 1309 omnis
2590 1256 2897 1311 celebraret
2912 1258 3043 1313 aula
3064 1261 3287 1331 regalis.
3304 1263 3449 1316 Nam
3479 1267 3536 1318 et

1941 1334 2342 1397 Constantinus
2362 1346 2650 1415 Augustus
2673 1343 2719 1412 (l
2740 1344 2836 1417 l3),
2872 1352 2929 1401 et
2944 1349 3066 1418 ejus
3081 1348 3241 1403 liberi
3262 1350 3534 1405 Constans

1941 1435 2112 1501 atque
2162 1431 2543 1497 Constantius,
2575 1434 2712 1488 talia
2757 1442 3173 1505 cognoscentes,
3223 1438 3418 1493 crebro
3464 1439 3535 1494 ad

1942 1536 2093 1575 eum.
2127 1520 2286 1590 quasi
2314 1521 2385 1574 ad
2414 1528 2651 1591 patrem,
2685 1523 2866 1577 missis
2897 1525 3119 1591 litteris,
3167 1525 3537 1583 obsecrabant

1942 1614 2006 1662 ut
2029 1609 2325 1680 reciprocis
2355 1627 2449 1663 eos
2478 1611 2699 1681 scriptis
2728 1612 3015 1667 hilararet.
3036 1615 3109 1667 At
3136 1614 3229 1669 ille
3258 1616 3535 1687 ejusmodi

1941 1713 2195 1765 manens,
2221 1699 2401 1769 qualis
2432 1704 2489 1753 et
2501 1705 2803 1770 antequam
2821 1701 3020 1756 littera:
3040 1702 3109 1755 ad
3131 1719 3260 1757 eum
3278 1704 3535 1758 venirent

251 1792 651 1863 Egyptiorum
702 1790 1112 1845 incantationes
1158 1794 1170 1853 ί
1182 1788 1297 1854 110)
1318 1787 1343 1841 ?
1389 1804 1498 1859 quo
1560 1803 1854 1857 magorum
1874 1783 1921 1843 B
1940 1785 2140 1854 fuerat,
2160 1804 2262 1842 nec
2289 1788 2625 1843 salutatione
2640 1788 2953 1860 principum
2967 1790 3312 1858 movebatur,
3328 1796 3385 1845 et
3402 1796 3531 1846 tan-

250 1881 541 1951 profecere
570 1879 822 1937 carmina
871 1879 915 1945 (1
936 1878 952 1935 ι
972 1877 1015 1947 l)
1040 1877 1064 1931 ?
1097 1877 1261 1932 Certe
1305 1882 1441 1930 tunc
1480 1880 1697 1929 vastata
1723 1880 1858 1930 sunt
1940 1892 2109 1945 quam
2136 1892 2247 1930 non
2271 1878 2512 1948 acceptis
2533 1877 3085 1943 litteris,convocatis
3106 1880 3394 1934 monachis
3414 1881 3530 1935 aie-

249 1970 465 2033 omnia,
500 1986 628 2024 cum
656 1969 726 2023 de
766 1985 870 2022 sua
906 1968 1080 2022 Cruce
1138 1966 1349 2020 mundo
1398 1964 1657 2019 Christus
1714 1964 1857 2018 into-
1938 1964 2036 2019 bat
2068 1983 2079 2018 :
2113 1966 2294 2036 Reges
2319 1966 2504 2020 saeculi
2534 1966 2797 2038 epistolas
2846 1967 2916 2021 ad
2955 1984 3055 2021 nos
3085 1969 3376 2034 miserunt,
3409 1987 3531 2041 quae

240 2059 388 2113 nuit.
434 2058 815 2113 Nihilominus
850 2074 963 2124 vos,
1005 2055 1394 2127 praetermissis
1423 2053 1853 2108 debilitatorum
1938 2054 2027 2107 hic
2048 2054 2380 2109 Christianis
2408 2054 2727 2110 adhibenda
2742 2055 2964 2110 miratio
2982 2056 3269 2112 cst?Licet
3282 2058 3432 2112 enim
3451 2059 3533 2113 di-

239 2148 504 2215 catervis,
520 2147 825 2218 gloribsam
852 2148 881 2202 ,Ι
887 2160 986 2200 esu
1012 2149 1252 2199 mortem
1283 2143 1521 2197 irridere
1550 2142 1847 2197 conamini.
1935 2159 2096 2198 versa
2117 2143 2466 2214 sitdignitas,
2500 2151 2752 2199 attamen
2774 2146 2970 2201 eadem
2997 2147 3262 2201 nascendi
3282 2148 3533 2202 morien-

314 2237 466 2291 lllud
486 2242 678 2292 autem
691 2237 857 2307 quale
877 2240 981 2299 est,
997 2234 1146 2305 quod
1166 2249 1478 2303 numquam
1494 2230 1850 2286 infestatione
1933 2231 2102 2303 dique
2131 2234 2375 2287 conditio
2406 2240 2508 2289 est.
2542 2235 2657 2289 Ista
2680 2240 2815 2288 sunt
2838 2235 3195 2289 veneratione
3226 2236 3379 2290 omni
3400 2254 3533 2308 per-

241 2326 425 2398 regali
455 2343 726 2381 concussa
748 2325 1057 2397 gentilitas,
1088 2324 1201 2377 imo
1233 2322 1435 2378 szeculo
1462 2322 1633 2376 chara
1662 2326 1720 2374 et
1746 2320 1851 2373 ho-

244 2415 468 2469 minum
481 2414 757 2487 prasidiis
778 2414 937 2480 fulta,
954 2414 1075 2481 jam
1098 2412 1328 2467 corruit.
1348 2412 1463 2465 Nos
1479 2409 1675 2463 famuli
1689 2408 1853 2463 Chri-

241 2504 317 2559 sti
350 2520 468 2576 quo
498 2505 624 2575 plus
641 2503 1044 2575 premimur,eo
1058 2501 1238 2572 magis
1256 2499 1602 2570 assurgimus
1617 2504 1674 2553 et
1695 2500 1855 2552 ﬂore-

244 2610 397 2647 mus.
421 2593 627 2647 Vestra
644 2593 945 2647 simulacra
963 2590 1177 2645 ornatis
1192 2589 1473 2661 quondam
1496 2593 1656 2659 septa
1677 2587 1856 2659 parie-

247 2681 554 2752 tibus,jam
582 2686 858 2736 vetustate
888 2680 1133 2750 collapsa
1171 2683 1322 2733 sunt.
1355 2676 1565 2731 Christi
1594 2692 1723 2730 vero
1752 2675 1854 2729 do-

253 2771 463 2836 ctrina,
490 2787 615 2841 quaz
636 2769 793 2824 vobis
813 2769 1057 2823 stultitia
1082 2768 1304 2821 videtur
1323 2771 1379 2820 et
1396 2765 1582 2832 ludus,
1612 2764 1741 2818 licet
1769 2769 1854 2835 ty—
1882 2796 1887 2802 -

248 2860 487 2913 rannica
503 2859 958 2930 persequentium
974 2856 1288 2928 principum
1299 2859 1651 2909 tentamenta
1666 2857 1854 2924 pertu-

1936 2321 2185 2388 colenda,
2209 2321 2304 2376 illa
2328 2327 2447 2377 toto
2479 2322 2653 2391 apimi
2677 2323 2879 2378 allectu
2897 2324 3191 2379 retinenda
3210 2330 3362 2389 sunt,
3380 2326 3531 2396 quod

1935 2410 2251 2466 hominibus
2271 2412 2420 2466 Deus
2443 2412 2626 2482 legem
2656 2412 2958 2484 scripserit,
3004 2413 3153 2484 quod
3181 2430 3283 2484 per
3323 2414 3530 2468 Filium

1935 2517 2098 2554 suum
2120 2500 2361 2571 propriis
2384 2500 2653 2554 Ecclesias
2671 2500 2931 2555 ditaverit.
2962 2501 3217 2572 eloquiis.
3242 2503 3375 2566 Qua:
3414 2517 3531 2557 mo-

1937 2589 2131 2642 nachis
2152 2594 2239 2643 est
2265 2589 2409 2643 ratio
2435 2606 2562 2643 cum
2593 2589 2840 2660 epistolis
2871 2591 3111 2659 regum?
3136 2607 3236 2644 cur
3257 2592 3529 2662 accipiam

1935 2676 2173 2745 litteras,
2194 2677 2396 2749 quibus
2416 2683 2685 2731 consueta
2713 2678 2958 2731 nesciam
2981 2678 3216 2733 reddere
3232 2680 3529 2734 salutatio-

1936 2767 2025 2820 nis
2049 2766 2353 2837 obsequia?
2369 2766 2548 2837 Igitur
2559 2772 2789 2838 rogatus
2810 2765 2879 2820 ab
2896 2767 3171 2821 universis
3181 2768 3448 2822 fratribus
3465 2772 3531 2822 ut

1935 2855 2284 2910 Christianos
2302 2872 2461 2926 reges
2482 2855 2599 2909 suis
2613 2855 2816 2909 litteris
2826 2855 3205 2926 refrigeraret,
3230 2873 3301 2910 ne
3320 2857 3532 2912 scilicet

245 2948 547 3014 lerit,licet
559 2948 728 3002 variis
747 2948 822 3001 sit
839 2946 1124 3001 incursata
1136 2943 1464 3010 terroribus,
1485 2943 1637 2997 nullo
1657 2947 1849 2996 tamen
1930 2960 2032 3014 per
2059 2943 2343 2997 silentium
2361 2945 2483 3013 ejus
2504 2948 2989 3014 exasperarentur,
3014 2944 3085 2998 ad
3106 2951 3396 3016 susceptas
3409 2946 3529 3017 epi-

245 3044 532 3091 terrarum
550 3034 689 3090 orbe
716 3033 1085 3100 concluditur,
1118 3033 1273 3088 nullo
1299 3031 1555 3103 gentium
1588 3029 1851 3085 barbara—
1876 3097 1912 3105 Α
1931 3033 2102 3087 stolas
2113 3032 3092 3103 convenientiarescripsit.Laudavit
3105 3033 3529 3105 primum,quod

246 3143 375 3181 rum
403 3126 520 3180 ﬁne
550 3124 898 3196 prohibetur.
929 3123 1165 3188 Quando
1193 3122 1344 3176 enim
1376 3119 1573 3175 divinae
1604 3119 1849 3175 scientiae
1866 3097 1914 3160 Ο
1933 3122 2218 3176 Christum
2237 3121 2503 3187 colerent,
2524 3097 2724 3176 deinde
2737 3122 3010 3176 salutaria
3023 3097 3531 3194 persuasit,nve.ma-

246 3228 445 3276 tantus
473 3221 744 3292 splendor
762 3218 980 3274 illuxit?
1002 3218 1226 3290 quando
1252 3223 1340 3273 tot
1367 3216 1536 3271 simul
1556 3216 1614 3270 in
1629 3233 1690 3270 se
1717 3232 1849 3270 con-

246 3328 449 3365 venere
479 3308 760 3365 virtutes?
790 3308 1149 3364 Continentia
1185 3307 1243 3362 in
1289 3305 1650 3361 matrimonio
1679 3304 1848 3374 (112),

248 3399 543 3471 virginitas
561 3399 623 3454 in
643 3397 905 3453 Ecclesia.
930 3398 1118 3452 Floret
1136 3401 1453 3467 martyrum
1484 3411 1584 3465 pro
1615 3393 1852 3448 Domino

252 3505 353 3543 suo
378 3488 633 3560 gloriosa
654 3486 992 3552 constantia,
1007 3502 1246 3557 quorum
1276 3483 1532 3540 omnium
1548 3499 1681 3538 crux
1698 3480 1855 3536 Chri-

249 3577 319 3632 sti
348 3576 698 3650 principium
729 3580 832 3629 est.

315 3667 465 3722 Cum
498 3664 729 3720 interim
759 3680 857 3719 vos
876 3663 1025 3718 inter
1042 3668 1230 3717 tantos
1242 3663 1517 3717 virtutum
1526 3660 1725 3715 choros
1746 3657 1855 3731 syl-

245 3755 624 3825 logismorum
644 3752 789 3807 retia
806 3751 1058 3818 tenditis,
1080 3758 1137 3806 et
1156 3768 1342 3806 veram
1362 3767 1554 3805 rerum
1574 3749 1754 3803 lucem
1774 3754 1855 3803 te-

245 3843 509 3899 nebrosis
554 3841 839 3897 conamini
904 3840 1491 3912 argumentationibus
1540 3837 1849 3904 obvolvere,

245 3949 374 3988 ecce
401 3950 534 3997 nos,
566 3937 634 3987 ut
660 3930 802 3986 dixit
819 3931 1028 3986 Doctor
1047 3935 1260 3997 noster,
1290 3945 1404 3984 non
1432 3929 1488 3982 in
1505 3926 1702 3998 gentili
1722 3943 1851 3998 per-

243 4022 515 4077 suasione
537 4023 588 4091 (1
622 4023 743 4076 Cor.
764 4019 945 4087 n),sed
965 4019 1023 4074 in
1037 4019 1145 4073 ﬁde
1156 4017 1515 4091 apertissima
1528 4016 1848 4081 suademus,

241 4128 366 4184 quae
402 4110 713 4165 verborum
743 4108 1179 4164 afﬁrmationem
1207 4106 1515 4180 praevenire
1544 4104 1850 4161 consuevit.

242 4201 475 4256 Adsunt
503 4199 715 4272 quippe
733 4198 1013 4271 patientes
1042 4214 1077 4252 a
1103 4195 1451 4252 daemonibus
1478 4194 1678 4250 vexati.
1702 4194 1853 4257 Quos

244 4307 374 4345 cum
395 4291 459 4344 in
475 4289 727 4345 medium
747 4287 1119 4360 produxisset,
1132 4285 1303 4341 verba
1313 4284 1591 4357 repetivit.
1618 4282 1808 4337 dicens
1832 4299 1844 4334 :

1930 3227 2098 3282 gnam
2145 3216 2410 3281 putarent
2455 3209 2668 3281 regiam
2725 3216 3082 3282 potestatem,
3129 3228 3200 3266 ne
3238 3212 3529 3283 praesentis

1933 3299 2116 3354 carnis
2141 3298 2376 3370 imperio
2405 3304 2708 3366 tumentes,
2744 3305 2801 3354 et
2820 3317 2878 3354 se
2906 3300 3162 3354 homines
3195 3317 3316 3353 esse
3344 3299 3527 3353 nesci-

1935 3394 2080 3453 rent,
2097 3393 2154 3442 et
2175 3387 2509 3458 judicandos
2530 3405 2564 3441 a
2583 3387 2807 3441 Christo
2822 3387 3307 3453 obliviscerentur;
3333 3387 3403 3440 ad
3427 3404 3529 3457 po-

1935 3483 2232 3540 stremum,
2248 3476 2559 3530 clementiae
2580 3476 2726 3529 circa
2746 3476 3024 3546 subjectos
3040 3482 3096 3529 et
3112 3474 3364 3545 justitiae,
3381 3492 3529 3530 cura:

1937 3582 2158 3636 quoque
2170 3564 2401 3636 inopum
2416 3563 2728 3631 admonuit,
2752 3569 2921 3634 atque
2934 3580 3109 3617 unum
3120 3562 3529 3634 sempiternum

1935 3670 2058 3708 esse
2086 3653 2300 3724 Regem
2332 3653 2583 3708 omnium
2632 3652 2962 3707 saeculorum
3010 3653 3203 3705 Jesum
3241 3651 3529 3708 Christum

1936 3742 2184 3814 epistolis
2221 3747 2462 3796 testatus
2490 3747 2593 3796 est.
2621 3741 2721 3795 His
2748 3739 3029 3811 principes
3064 3739 3337 3810 susceptis
3359 3739 3530 3793 vehe-

1936 3829 2646 3885 mentissimelzetabantur.
2664 3831 2870 3884 Sancta
2891 3845 3112 3899 quoque
3134 3828 3282 3899 apud
3300 3833 3529 3882 cunctos

1933 3918 2165 3974 Antonii
2187 3917 2465 3989 ﬂagrabat
2483 3917 2690 3988 opinio,
2706 3917 2787 3970 ita
2800 3922 2865 3971 ut
2883 3918 2931 3987 ej
2940 3934 3005 3971 us
3026 3933 3086 3971 se
3098 3916 3240 3970 ﬁlios
3260 3920 3533 3987 cuperent

1935 4007 2214 4063 nominari
2251 4006 2461 4077 Magna
2493 4006 2698 4060 etenim
2729 4023 2857 4060 cum
2884 4005 3309 4061 advenientibus
3334 4003 3531 4059 alfabi-

1934 4097 2064 4152 litas
2093 4097 2347 4151 omnium
2376 4096 2434 4149 in
2465 4113 2526 4149 se
2554 4095 2804 4150 studium
2842 4099 3209 4150 converterat.

2007 4188 2136 4241 CAP.
2156 4186 2321 4241 LI.—
2336 4186 2642 4255 Postquam
2664 4201 2797 4255 ergo
2816 4184 3056 4254 gentiles
3073 4182 3532 4254 confutati,reges

1934 4274 2230 4342 admoniti,
2253 4274 2454 4329 fratres
2476 4273 2547 4327 ab
2565 4290 2630 4328 eo
2651 4278 2783 4327 sunt
2797 4271 3177 4326 consolatione
3196 4271 3528 4338 relevati,ad

244 4380 412 4434 Nunc
425 4396 527 4434 vos
546 4358 969 4434 collectionibus
983 4376 1195 4441 vestris,
1205 4381 1263 4431 et
1282 4391 1392 4448 quo
1418 4372 1586 4429 vultis
1600 4372 1850 4427 maleﬁco
1932 4364 2257 4418 interiorem
2270 4362 2542 4429 montem(
2547 4362 2573 4416 1
2594 4362 2734 4421 ltilet
2742 4360 2810 4414 ad
2824 4359 3064 4448 rigorem
3076 4358 3305 4448 solitum
3317 4374 3531 4448 regres-

247 4469 504 4524 carmine
533 4467 671 4523 deos
706 4471 944 4533 vestros,
988 4482 1128 4537 quos
1177 4445 1409 4537 putatis,
1443 4461 1702 4534 expellite
1726 4479 1739 4527 ;
1769 4460 1856 4515 sin
1880 4456 2031 4511 Dsus
2050 4459 2153 4516 est,
2176 4451 2363 4523 ibique
2392 4467 2538 4522 saepe
2560 4467 2686 4504 cum
2716 4447 3133 4502 introeuntibus
3160 4445 3529 4501 deambulans

247 4564 445 4611 autem
477 4572 595 4611 non
623 4555 873 4626 potestis,
907 4536 1080 4609 victas
1099 4536 1415 4608 submittite
1446 4567 1667 4616 manus,
1700 4555 1758 4604 et
1784 4549 1855 4603 ad
1937 4560 2002 4597 ac
2030 4542 2281 4597 residens
2298 4539 2579 4612 stupebat,
2614 4539 2777 4593 sicuti
2806 4537 2862 4591 in
2884 4536 3113 4591 Daniele
3144 4536 3415 4607 scriptum
3444 4539 3531 4589 est

249 4644 467 4700 Christi
484 4643 738 4715 trdphaza
749 4640 1048 4712 confugite,
1068 4647 1126 4695 et
1142 4641 1335 4696 statim
1367 4638 1626 4695 Cruciﬁxi
1654 4637 1855 4693 credu-

246 4734 473 4789 litatem
497 4731 812 4803 majestatis
826 4730 1079 4803 potentia
1097 4734 1485 4802 prosequetur.
1505 4728 1673 4792 Dixit,
1697 4732 1755 4781 et
1773 4726 1855 4781 in-

247 4828 450 4877 vocato
479 4821 709 4877 nomine
734 4821 1023 4886 Jesu,cum
1057 4818 1222 4873 vitale
1248 4818 1474 4889 signum
1495 4817 1553 4871 in
1573 4832 1731 4870 sacro
1754 4831 1856 4870 nu-

247 4928 410 4966 mero
438 4909 738 4965 Trinitatis
765 4909 1064 4981 pressisset
1086 4908 1147 4963 in
1172 4906 1469 4972 frontibus,
1488 4922 1602 4960 una
1618 4920 1746 4959 cum
1766 4921 1856 4959 ex-

247 5000 432 5073 pulsis
461 4997 812 5054 daamonibus
836 5014 979 5053 vana
1006 4996 1365 5069 praesentium
1396 4994 1855 5067 philos0phorum

247 5089 551 5144 confutata
576 5087 856 5159 sapientia
881 5092 984 5142 est.
1001 5087 1357 5158 Expaverunt
1382 5086 1535 5140 enim
1564 5087 1856 5155 stupentes

246 5178 568 5241 hominem,
590 5177 680 5232 cui
701 5182 827 5248 post
846 5181 1066 5231 tantum
1082 5174 1372 5245 ingenium
1388 5174 1649 5228 afﬂueret
1666 5172 1857 5242 signo-

250 5285 380 5323 rum
406 5266 598 5321 divina
618 5264 857 5336 largitio.
880 5264 1062 5319 Atille
1089 5263 1350 5319 universa
1377 5262 1621 5327 Christo,
1644 5260 1741 5332 qui
1754 5276 1854 5315 cu-

250 5362 362 5422 rat,
394 5354 703 5420 ascribens,
728 5370 862 5409 usus
876 5358 963 5408 est
989 5353 1161 5408 affatu
1185 5352 1486 5425 reciproco,
1520 5356 1577 5405 et
1598 5350 1679 5404 ait
1712 5368 1723 5403 :
1748 5351 1858 5404 No-

251 5447 353 5501 lite
392 5463 485 5500 me
516 5450 717 5516 putare
748 5443 836 5497 his
864 5442 1167 5497 sanitatem
1196 5441 1435 5501 dedisse.
1471 5440 1727 5495 Christus
1757 5454 1861 5510 per

251 5552 447 5591 servos
465 5551 600 5589 suos
612 5532 746 5587 facit
762 5532 872 5586 ista
892 5531 1178 5585 miracula.
1212 5530 1437 5586 Credite
1468 5535 1526 5584 et
1554 5545 1669 5596 vos,
1698 5533 1756 5583 et
1783 5528 1859 5582 vi-

257 5623 467 5680 debitis
496 5623 635 5695 quia
648 5621 850 5676 devota
872 5620 989 5677 Deo
1016 5620 1173 5689 ﬁdes,
1191 5636 1303 5676 non
1332 5618 1663 5692 eloquentiae
1682 5633 1859 5674 vanus

1939 4634 2101 4702 (Dan.
2119 4630 2265 4703 vm);
2287 4636 2344 4685 et
2360 4629 2671 4701 interjectis
2682 4628 2947 4682 horarum
2965 4625 3531 4698 spatiis,consequen-

1934 4722 2017 4778 tia
2036 4719 2428 4793 respondebat,
2461 4724 2526 4773 ut
2544 4714 3153 4788 intelligereturaliqua
3173 4713 3531 4768 revelationis

1936 4812 2140 4866 vidisse
2167 4820 2399 4865 secreta.
2438 4809 2583 4862 Nam
2605 4813 2662 4862 et
2681 4806 2734 4860 in
2758 4810 2948 4860 monte
2969 4801 3204 4875 positus,
3231 4820 3299 4858 ea
3316 4821 3439 4875 quae
3470 4802 3530 4859 in

1935 4901 2175 4973 Egypto
2199 4901 2364 4971 longe
2383 4896 2743 4969 gerebantur,
2762 4900 2885 4960 5"
2918 4893 3247 4966 praevidens,
3271 4893 3529 4965 episcopo

1938 4989 2229 5061 Serapioni
2262 4987 2411 5057 (115)
2428 4986 2506 5041 ibi
2522 4985 2823 5041 constituto
2852 4983 3121 5038 narravit.

2007 5076 2408 5134 Lamentabilis
2428 5075 2683 5147 sequitur
2717 5072 2856 5127 visio
2886 5072 3054 5142 (HG),
3095 5077 3153 5126 et
3179 5071 3333 5126 omni
3356 5071 3531 5143 lacry-

1938 5184 2159 5223 marum
2180 5169 2331 5221 tonte
2350 5162 2836 5237 plangenda.Cum
2856 5160 3007 5216 enim
3019 5159 3285 5215 fratribus
3304 5160 3452 5215 circa
3470 5176 3532 5215 se

1935 5255 2260 5313 sedentibus
2280 5258 2624 5326 Operaretur,
2650 5251 2866 5306 intente
2889 5250 3009 5305 ﬁxit
3027 5250 3214 5304 oculos
3231 5250 3291 5304 in
3305 5250 3526 5316 caelum,

1934 5363 2167 5419 gemens
2185 5350 2354 5416 atque
2374 5342 2685 5414 suspirans;
2711 5346 2768 5395 et
2782 5345 2907 5412 post
2917 5338 3266 5410 aliquantum
3287 5337 3531 5409 spatium

1938 5434 2295 5491 revelationis
2324 5433 2576 5503 incoepta:
2614 5431 2785 5485 nimio
2831 5430 3023 5484 dolore
3061 5426 3424 5491 contremuit;
3474 5430 3531 5482 et

1941 5525 2133 5581 statim
2176 5523 2299 5577 ﬁxis
2336 5520 2575 5593 genibus
2614 5526 2746 5574 ante
2782 5519 2882 5574 Dei
2938 5517 3155 5571 vultum
3204 5514 3529 5585 provolutus

1940 5614 2139 5680 oravit,
2171 5618 2237 5669 ut
2261 5610 2558 5667 clementia
2585 5626 2688 5665 sua
2718 5607 2973 5663 futurum
3010 5605 3191 5660 scelus
3230 5606 3528 5657 averteret.
