4004 6196
299 303 403 373 165
1375 299 1545 367 VI’l'A
1583 297 1794 367 ΒΕΑῆ
1831 295 2134 366 manu
2172 297 2498 366 ABBAT‘IS.
3464 303 3564 368 166

292 438 648 493 mansionem
677 425 1045 503 Alexandriae,
1079 453 1204 508 qua
1242 433 1560 509 appellatur
1601 432 1894 493 Chaereum
1914 425 2349 510 Alacrymaeque
2379 424 2531 492 dicta
2559 443 2854 495 maerentia
2889 448 3202 497 consecuta:
3243 449 3396 497 sunt.
3437 445 3574 497 Am-

297 513 468 612 (l‘lb),
503 545 633 581 cum
669 517 990 598 supradicto
1038 521 1264 598 [Egypti
1307 527 1566 612 praefecto
1611 517 1894 610 Nestorio.
1979 527 2348 598 plexabantur
2378 545 2506 608 eum
2541 529 2800 596 universi,
2827 531 2983 601 quasi
3009 533 3131 602 jam
3160 531 3229 586 de
3260 533 3462 586 smculo
3491 549 3576 585 re-

293 603 599 671 Vehuiztur
639 617 817 687 equis,
853 633 992 688 quos
1021 615 1169 670 inter
1207 631 1402 669 omnes
1433 603 1708 682 Balacius,
1737 617 1898 686 cujus
1979 633 2287 670 cessurum.
2311 619 2386 674 At
2413 605 2526 682 ille,
2545 623 2815 688 tanquam
2839 619 3022 674 aliena
3041 621 3322 676 deserens.
3340 621 3410 674 ad
3443 638 3576 692 pro-

297 711 481 786 erant,
516 705 1000 789 mansuetissimos
1022 705 1326 790 nutrierat.
1353 705 1494 759 Cum
1524 721 1658 775 ergo
1684 704 1900 775 pariter
1980 705 2159 790 priam
2190 695 2429 776 patriam
2459 705 2828 777 profecturus,
2848 725 3052 778 magna
3075 726 3200 762 cum
3228 709 3423 763 laetitia
3440 726 3577 780 prae-

293 783 464 848 solito
484 788 711 848 sibimet
733 785 863 865 equi
885 782 1218 857 alluderent,
1243 793 1449 858 mitior,
1477 810 1586 878 quo
1607 789 1898 847 Nestorius
1980 782 2235 864 cipiebat,
2269 794 2542 848 desidiam
2574 795 2833 850 instituto
2865 813 2975 850 non
3005 797 3208 851 debere
3249 798 3570 869 subrepere,

291 879 624 950 vehebatur,
643 901 834 938 morsu
846 883 1140 955 repentino
1155 881 1440 936 Balacium
1458 871 1775 936 decussitin
1790 887 1901 936 ter-
1981 873 2077 935 sed
2099 887 2369 953 tanquam
2389 871 2636 953 quotidie
2655 885 2978 949 morituros,
2997 891 3200 940 utante
3219 887 3570 958 przedixerat,

292 974 442 1038 ram,
486 971 545 1026 et
574 973 652 1027 sic
679 972 737 1026 in
769 986 897 1027 eum
927 963 1170 1037 inhians,
1210 971 1424 1025 femora
1467 972 1590 1040 ejus
1634 971 1901 1026 laceravit
1981 985 2015 1023 a
2042 961 2282 1024 sordidis
2312 971 2748 1040 cogitationibus
2783 973 3031 1027 animam
3053 975 3351 1042 custodire,
3379 981 3437 1030 et
3463 992 3578 1030 om-

291 1063 468 1132 atque
499 1061 754 1127 corrosit,
791 1067 854 1115 ut
893 1060 1086 1114 statim
1116 1059 1328 1114 relatus
1363 1059 1434 1112 ad
1465 1051 1744 1112 civitatem
1774 1054 1902 1131 post
1981 1074 2112 1112 nem
2133 1059 2549 1114 aemulationem
2574 1061 2645 1114 ad
2666 1067 2887 1116 sanctos
2907 1079 3129 1132 quoque
3149 1052 3577 1130 convertere,ad

290 1149 530 1204 tertium
555 1151 704 1204 diem
753 1155 1102 1215 moreretur;
1135 1136 1491 1218 universique
1533 1155 1902 1217 agnoscerent
1982 1135 2362 1202 schismaticos
2386 1165 2516 1202 vero
2547 1153 2616 1204 ne
2649 1166 2820 1221 prope
2849 1151 3074 1221 quidem
3104 1151 3385 1206 accedere.
3412 1153 3576 1207 Scitis

288 1238 580 1293 minarum
600 1235 670 1293 ab
695 1231 940 1293 Antonio
963 1228 1354 1310 praedictarum
1383 1226 1642 1291 effectum
1667 1242 1901 1308 q’uanto-
1981 1235 2153 1302 enim,
2169 1235 2372 1303 aiebat,
2398 1254 2594 1292 eorum
2615 1239 2906 1309 antiquam
2921 1239 3345 1310 perversitatem
3367 1258 3577 1312 meque

291 1327 416 1389 cius
445 1333 832 1406 consecutum,
863 1325 1034 1398 digno
1061 1327 1440 1406 persecutoris
1470 1327 1579 1380 fine
1600 1321 1894 1397 completo.
1935 1371 1962 1388 ,.
1981 1342 2110 1379 cum
2136 1315 2361 1379 Arianis
2391 1327 2782 1382 communione
2799 1329 3139 1398 jungamini,
3165 1329 3299 1400 quia
3317 1329 3578 1401 impietas

323 1490 332 1496 ο
363 1407 500 1468 Cu».
519 1403 631 1468 LV.
667 1445 701 1451 -
734 1411 979 1469 Caeteros
999 1403 1069 1466 ad
1085 1431 1146 1466 se
1167 1403 1452 1466 venientes
1473 1412 1616 1465 mira
1635 1421 1763 1465 cum
1787 1429 1902 1466 mo-
1983 1431 2178 1468 eorum
2204 1416 2325 1484 jam
2355 1409 2613 1470 omnibus
2645 1405 2940 1471 manifesta
2969 1424 3071 1472 est.
3110 1418 3207 1472 His
3239 1419 3408 1473 etiam
3436 1419 3577 1474 illud

295 1495 483 1556 destia
511 1501 792 1556 Antonius
811 1499 1163 1567 admonebat,
1188 1501 1269 1565 ut,
1302 1499 1478 1554 oblita
1507 1500 1692 1554 82801111
1723 1499 1901 1570 digni-
1981 1501 2462 1570 addebat,nullum
2479 1495 2682 1558 debere
2695 1507 3372 1572 590hrist1anum,cum
3389 1510 3580 1564 saeculi

295 1587 431 1650 tate,
454 1591 776 1644 remotioris
797 1591 919 1645 vitm
932 1589 1338 1644 beatitudinem
1356 1591 1702 1660 appeterent.
1725 1585 1783 1643 Si
1803 1587 1897 1660 qui
1979 1579 2180 1644 viderit
2207 1597 2512 1663 potestates
2559 1611 2660 1663 pro
2698 1589 3036 1648 Arianorum
3066 1602 3123 1648 et
3149 1596 3596 1652 Meletianorum-

295 1681 494 1734 autem
523 1679 726 1750 majori
753 1674 1030 1750 potestate
1063 1675 1480 1750 premebantur,
1508 1695 1609 1732 nec
1636 1681 1899 1748 poterant
1933 1743 1964 1753 η
1982 1671 2132 1748 (128)
2152 1697 2404 1751 pugnare
2434 1669 2702 1752 nequitia,
2726 1699 2760 1736 a
2787 1670 2991 1737 Christi
3011 1685 3272 1739 territum
3291 1685 3578 1741 discedere

297 1767 557 1822 obtinere
571 1768 874 1839 justitiam,
888 1769 969 1822 ita
989 1785 1083 1822 eos
1103 1755 1306 1821 obnixe
1326 1763 1677 1832 defendebat,
1696 1773 1761 1820 ut
1780 1767 1899 1837 ipse
1921 1753 1966 1812 Β
1981 1768 2243 1835 veritate;
2273 1771 2594 1824 mortalium
2615 1771 2770 1825 illam
2789 1788 2910 1824 esse
2931 1771 3331 1840 defensionem,
3355 1791 3457 1828 nec
3478 1775 3577 1830 diu

295 1873 401 1928 pro
445 1857 558 1940 illis
586 1857 703 1928 pati
733 1845 1020 1911 videretur
1055 1857 1341 1944 injuriam.
1376 1853 1568 1910 Multis
1596 1846 1750 1909 utilis
1793 1853 1901 1908 fuit
1980 1849 2233 1912 fallacem
2252 1867 2583 1929 permanere
2609 1877 2770 1930 posse
2801 1849 3175 1930 phantasiam.
3202 1862 3570 1935 Quapropter,

297 1937 556 2018 praeclari
571 1946 721 2000 senis
739 1947 922 2000 oratio
942 1965 954 2012 ;
980 1937 1163 2012 multi,
1182 1945 1400 2016 magnis
1419 1943 1626 1999 divitiis
1643 1946 1700 1998 et
1713 1944 1898 1998 altiori
1981 1942 2184 2012 aiebat,
2209 1941 2575 2002 custodienda
2586 1948 2772 2018 estpia
2793 1937 3001 2002 fidesin
3015 1950 3256 2017 Christo,
3281 1957 3338 2005 et
3350 1957 3576 2022 patrum

294 2035 483 2106 gradu
518 2035 734 2089 militia:
765 2032 1050 2101 derelicto,
1082 2035 1203 2105 ejus
1235 2035 1446 2089 haerere
1481 2021 1772 2088 curriculis
1801 2051 1898 2088 cu-

291 2123 547 2195 piebant.
566 2119 635 2178 Et
649 2131 711 2178 ut
728 2117 950 2178 infinita
965 2123 1116 2177 brevi
1132 2140 1389 2177 sermone
1404 2112 1894 2193 comprehendam,

291 2212 512 2267 bonum
539 2211 780 2284 Egypto
806 2211 1084 2266 medicum
1115 2211 1370 2266 Christus
1397 2203 1726 2265 indulserat.
1761 2196 1900 2274 Quis

293 2305 408 2356 lion
431 2302 725 2356 tristitiam
747 2302 896 2372 apud
916 2299 1222 2357 Antonium
1245 2301 1482 2355 mutavit
1504 2290 1561 2353 in
1581 2299 1850 2370 gaudium
1871 2297 1898 2351 7

294 2391 424 2462 guis
439 2395 558 2445 non
587 2391 728 2444 iram
749 2391 916 2444 vertit
934 2389 992 2444 in
1012 2387 1242 2462 pacem?
1261 2390 1388 2460 quis
1405 2376 1662 2443 orbitatis
1681 2382 1894 2442 luctum

293 2496 409 2534 non
426 2469 502 2534 ad
531 2481 656 2550 ejus
677 2480 1014 2551 temperavit
1033 2473 1349 2550 aspectum?
1372 2479 1496 2549 quis
1516 2495 1629 2532 non
1655 2494 1893 2532 maerore

292 2565 667 2640 paupertatis,
692 2586 804 2639 quo
829 2565 1206 2640 premebatur,
1229 2567 1465 2638 abjecto,
1498 2567 1690 2621 statim
1721 2570 1780 2620 et
1806 2567 1892 2620 di-

285 2659 470 2712 vitum
491 2658 747 2728 despexit
772 2657 1102 2730 opulentias,
1129 2665 1186 2711 et
1204 2657 1261 2710 in
1292 2673 1395 2710 sua
1411 2655 1632 2710 laetatus
1653 2653 1740 2710 est
1759 2660 1892 2726 pau-

288 2741 554 2818 pertate?
573 2748 700 2818 quis
727 2751 860 2818 po‘st
879 2745 1267 2800 lassitudinem
1293 2742 1598 2800 monachus
1629 2761 1740 2798 non
1771 2745 1894 2815 ejus

289 2837 589 2906 vegetatus
610 2839 699 2889 est
727 2834 1132 2889 hortamentis?
1161 2834 1286 2905 quis
1310 2832 1632 2888 adolescens
1661 2839 1893 2887 succen-

290 2941 389 2978 sus
405 2923 724 2990 ardoribus,
749 2941 858 2978 non
883 2940 950 2978 ex
980 2925 1102 2994 e‘jus
1132 2923 1422 2977 admonitu
1443 2921 1722 2994 pudicitia
1743 2933 1895 2976 ama-

293 3019 387 3068 tor'
414 3005 558 3068 fuit?
577 3014 704 3084 quis
733 3013 960 3067 vexatus
985 3030 1018 3066 a
1037 2999 1278 3078 diabolo,
1298 3012 1418 3065 sine
1446 3006 1664 3064 medela
1694 3009 1898 3064 rediit?

1979 2035 2247 2105 religiosa
2272 2025 2502 2090 traditio
2537 2029 2701 2106 ([29),
2746 2045 2914 2108 quam
2946 2055 3011 2092 ex
3038 2031 3456 2110 Scripturarum
3485 2042 3576 2096 le-

1979 2123 2162 2178 ctione
2191 2119 2248 2178 et
2275 2124 2469 2179 crebro
2491 2142 2628 2179 meae
2647 2127 2938 2196 parvitatis
2965 2115 3238 2182 didicistis
3259 2129 3568 2186 admonitu.

2051 2213 2181 2266 CAP.
2201 2211 2417 2279 LXVII.
2445 2245 2508 2254 —
2532 2211 2718 2268 Finito
2741 2232 3018 2283 sermone,
3035 2217 3234 2271 fratres
3257 2235 3386 2272 eum
3405 2219 3572 2274 vehe-

1978 2290 2326 2356 mentissime
2373 2292 2754 2369 retardabant,
2785 2299 3030 2374 glorioso
3057 2306 3240 2360 Patris
3284 2307 3572 2378 cupientes

1976 2389 2217 2444 termino
2246 2388 2517 2444 decorari.
2553 2388 2660 2445 Sed
2683 2393 2890 2446 multas
2911 2381 2980 2446 ob
3009 2411 3226 2460 causas,
3251 2411 3391 2466 quas
3419 2402 3477 2449 et
3501 2395 3574 2449 si.

1977 2478 2150 2532 lentio
2181 2477 2628 2560 demonstrabat,
2674 2470 2950 2552 praecipue
2980 2487 3175 2536 tamen
3201 2482 3270 2536 ob
3298 2501 3572 2554 presum-

1975 2572 2129 2637 ptam
2149 2564 2376 2639 [Egypti
2393 2567 2854 2623 consuetudiuem
2869 2569 3347 2626 contradixit.Mos
3362 2573 3572 2627 etenim

1973 2653 2248 2727 [Egyptiis
2277 2661 2383 2722 est,
2417 2655 2688 2710 nobilium
2715 2662 2772 2711 et
2791 2647 3068 2729 praecipue
3097 2658 3391 2715 beatorum
3419 2677 3571 2715 mar-

1955 2749 2164 2816 tyrum
2195 2759 2431 2816 corpora
2459 2745 2784 2800 linteamine
2813 2745 3036 2818 quidem
3084 2747 3372 2803 obvolvere
3407 2749 3567 2819 (130},

1976 2838 2033 2886 et
2058 2821 2304 2887 studiUm
2334 2831 2515 2887 funeri
2547 2829 2771 2889 solitum
2825 2852 2938 2890 non
2982 2853 3220 2906 negare;
3260 2843 3414 2892 terra
3441 2856 3570 2894 vero

1975 2938 2088 2975 non
2116 2915 2476 2988 abscondere,
2511 2923 2606 2977 sed
2635 2941 2806 2995 super
2831 2915 3063 2978 lectulos
3092 2925 3242 2980 domi
3272 2927 3454 2998 posita
3479 2945 3572 2983 re-
3653 2907 3667 2917 .

1976 3027 2198 3064 servare
2227 3002 2390 3080 (l3l).
2427 3003 2586 3065 Hunc
2627 3011 2898 3066 honorem
2942 3013 3354 3084 quiescentibus
3391 3017 3570 3086 reddi,

293 3097 436 3167 Quis
456 3093 673 3157 inimici
695 3101 1126 3173 cogitationibus
1143 3101 1580 3167 distraetus,non
1598 3117 1741 3154 caeca
1757 3105 1896 3154 tem-
1913 3112 1952 3167 (ζ
1975 3099 2296 3154 inveteratae
2332 3091 2752 3154 consuetudinis
2791 3101 3010 3155 vanitas
3055 3103 3308 3157 tradidit.
3356 3104 3438 3158 De
3468 3105 3573 3160 hoc

291 3193 518 3263 pestate
546 3191 748 3262 sdpita,
772 3208 972 3244 sereno
993 3207 1280 3260 regressus
1309 3193 1399 3244 est
1426 3189 1614 3243 animo
1633 3181 1660 3242 Ἰν
1678 3187 1899 3243 Sciebat

293 3281 452 3334 enim
501 3297 614 3351 quo
643 3280 880 3351 Quisque
910 3271 1193 3333 laboraret
1211 3278 1584 3343 incommodc,
1617 3276 1675 3331 et
1712 3295 1777 3332 ex
1797 3277 1896 3331 viai

297 3369 522 3424 meritis
534 3367 930 3423 discretionem
943 3367 1242 3439 spirituum
1261 3355 1898 3437 agnoscens,adhibebat

294 3445 660 3523 morborum,
683 3462 852 3528 prout
897 3459 1058 3511 erant
1089 3447 1341 3521 vulnera,
1383 3455 1704 3510 sanitatem.
1738 3453 1897 3509 Unde

293 3547 562 3600 effectum
595 3553 680 3600 est
707 3553 772 3600 ut
795 3551 922 3616 post
950 3547 1072 3615 ejus
1103 3545 1418 3599 doctrinam
1456 3560 1650 3600 omnes
1691 3535 1897 3596 diaboli

291 3635 927 3706 panderénturinsidiae.
952 3628 1129 3688 \iu'ltae
1143 3649 1362 3704 quoque
1383 3623 1731 3703 desponsatas
1748 3633 1898 3702 puel-

291 3712 362 3779 iaa
373 3724 397 3794 (
409 3713 549 3790 “26:,
565 3725 634 3778 ad
655 3725 704 3794 ej
715 3742 777 3777 us
791 3729 1150 3794 conspectum
1172 3721 1242 3776 ab
1259 3722 1379 3793 ipso
1395 3733 1536 3792 pene
1549 3721 1796 3774 thalamo
1813 3737 1902 3776 re;

293 3811 582 3872 cedentes.
615 3813 673 3866 in
712 3801 966 3866 Ecclesia:
1011 3811 1208 3865 matris
1245 3811 1463 3880 gremio
1499 3804 1891 3864 consederunt.

291 3889 442 3965 Quid
472 3901 640 3972 plura
657 3898 684 3954 ‘?
705 3891 900 3955 Totius
931 3899 1080 3954 orbis
1107 3899 1364 3954 homines
1395 3895 1464 3953 ad
1485 3915 1616 3952 eum
1643 3899 1892 3952 conflue-

293 3987 451 4056 bant,
485 3987 544 4045 et
570 3989 956 4044 universarum
987 3989 1243 4060 gentium
1271 3989 1510 4042 varietas
1538 3981 1892 4042 bellicosissi-

292 4084 454 4134 mum
485 4083 686 4133 contra
707 4075 986 4133 daemones
1003 4079 1189 4132 virum
1212 4077 1530 4148 conspicere
1551 4072 1887 4146 gestiebant.

294 4164 501 4223 Nullus
528 4179 590 4222 se
613 4164 822 4222 frustra
841 4168 973 4222 illuc
992 4167 1208 4221 venisse
1229 4169 1569 4238 cunquestus
1597 4169 1697 4226 est,
1723 4165 1899 4219 omni-

295 4257 400 4312 bus
419 4246 751 4312 delectabile
767 4259 936 4327 atque
951 4245 1263 4328 jucundum
1281 4255 1488 4309 laboris
1501 4260 1562 4308 co
1571 4243 1898 4308 mmercium

1977 3184 2256 3242 Antonius
2287 3205 2432 3259 saepe
2465 3195 2524 3242 et
2557 3189 2848 3260 episcopos
2881 3190 3211 3260 deprecatus
3239 3197 3344 3258 est,
3377 3198 3442 3246 ut
3469 3211 3570 3264 po-

1978 3275 2139 3347 pulos
2151 3275 2526 3330 ecclesiastica
2538 3278 2941 3332 contestatione
2953 3279 3316 3349 corrigerent;
3332 3287 3389 3335 et
3401 3282 3571 3337 laicos

1979 3363 2126 3420 viros
2153 3382 2218 3418 ac
2247 3365 2510 3419 mulieres
2539 3356 2772 3436 rigidius
2793 3367 2912 3436 ipse
2937 3367 3212 3433 convenit,
3243 3367 3450 3435 dicens,
3470 3387 3574 3424 nec

1978 3453 2193 3508 licitum
2211 3454 2317 3507 hoc
2339 3471 2478 3517 esse,
2505 3471 2608 3508 nec
2627 3455 2742 3508 Deo
2771 3443 3038 3526 placitum
3063 3474 3074 3508 :
3103 3455 3310 3527 quippe
3334 3475 3461 3512 cum
3477 3475 3574 3530 pars

1975 3541 2351 3596 triarcharum
2380 3549 2437 3611 et
2465 3533 2864 3614 prophetarum
2893 3545 3170 3615 sepulcra,-
3203 3562 3327 3616 quze
3369 3547 3440 3600 ad
3469 3564 3572 3603 nos

1979 3648 2156 3702 usque
2185 3632 2515 3702 perdurant,
2538 3633 2656 3686 haec
2685 3632 2831 3686 facta
2862 3633 3270 3688 convincerent.
3295 3635 3572 3691 Dominici

1981 3737 2200 3790 quoque
2218 3712 2463 3790 corporis
2483 3722 2798 3792 exemplum
2818 3728 3076 3792 oportere
3095 3723 3304 3778 intueri
3317 3724 3570 3794 jubebat;

1979 3806 2128 3879 quod
2155 3807 2214 3862 in
2241 3807 2496 3880 sepulcro
2525 3810 2792 3880 positum,
2841 3811 3024 3882 lapide
3056 3829 3232 3883 usque
3267 3813 3338 3867 ad
3380 3830 3570 3869 resur-

1978 3897 2240 3952 rectionis
2269 3898 2420 3952 diem
2449 3899 2680 3952 tertium
2729 3899 2982 3954 clausum
3021 3901 3192 3955 fuerit
3227 3902 3411 3968 (Joan.
3449 3919 3569 3970 xvt;

1975 3979 2170 4040 Matth.
2189 3990 2377 4054 xxvn).
2401 3986 2585 4058 Atque
2602 3987 2689 4042 his
2706 3989 2886 4043 modis
2904 3989 3102 4047 vitium
3119 3991 3268 4045 circa
3285 3992 3575 4048 defunctos

1973 4069 2200 4146 ngypti
2233 4069 2395 4146 ([32),
2436 4063 2657 4129 etiamsi
2686 4084 2880 4132 sancta
2909 4085 3096 4133 essent
3124 4095 3382 4150 corpora,
3421 4099 3576 4136 coar-

1981 4161 2210 4233 guebat,
2255 4157 2444 4218 dicens
2476 4183 2486 4216 :
2537 4162 2681 4229 Quid
2709 4167 2894 4236 majus
2921 4172 3021 4220 aut
3060 4169 3306 4223 sanctius
3343 4186 3574 4242 corpore

1981 4249 2166 4322 potest
2211 4269 2332 4306 esse
2375 4243 2686 4319 Dominico,
2722 4255 2870 4324 quod
2913 4256 3074 4324 juxta
3111 4259 3576 4314 consuetudinem

297 4345 423 4402 ﬁjit.
445 4333 724 4416 Fatigatic
744 4345 892 4402 enim
911 4339 1128 4398 itineris
1149 4342 1590 4397 emolumentum
1611 4341 1795 4396 viatici
1817 4339 2233 4424 re-‘Dgentium
2273 4342 2600 4395 czeterarum
2641 4343 2812 4396 humo
2842 4342 3130 4396 conditum
3161 4361 3284 4398 esse
3314 4345 3522 4400 scimus
3549 4347 3574 4398 Τ

298 4425 584 4506 portabat,
608 4432 754 4488 sicut
773 4431 853 4488 rei
879 4431 1134 4505 probavit
1156 4427 1402 4486 effectus.
1423 4425 1566 4485 Nam
1590 4434 1716 4502 post
1742 4437 1900 4484 reso-

299 4524 578 4578 lutionem
602 4524 744 4594 ejus,
777 4523 934 4594 quasi
959 4522 1241 4576 communi
1265 4519 1493 4576 vulnere
1522 4513 1776 4574 orbitatis
1805 4526 1900 4574 ex-

299 4615 486 4685 cepto,
519 4611 810 4684 proprium
839 4599 1048 4683 singuli
1079 4613 1370 4682 parentem
1405 4610 1686 4664 luxerunt.

373 4703 508 4769 CAP,
544 4689 686 4756 LVI.
732 4719 798 4742 -ι-
829 4689 967 4765 Quis
1004 4699 1192 4754 autem
1221 4689 1352 4754 linis
1395 4699 1522 4753 vitai
1551 4697 1673 4769 ejus
1711 4692 1900 4762 fuerit,

299 4779 540 4861 dignem
571 4789 658 4844 est
680 4793 842 4844 etme
862 4799 1322 4854 commemorare,
1342 4791 1400 4842 et
1426 4795 1522 4842 vos
1543 4792 1670 4842 cum
1691 4775 1902 4840 deside-

301 4869 386 4934 ι·ῖο
407 4879 631 4946 audire,
665 4879 800 4950 quia
829 4883 888 4933 et
913 4871 1021 4933 hoc
1048 4878 1107 4932 in
1135 4895 1200 4931 eo
1233 4875 1504 4931 imitabile
1533 4875 1748 4931 (iunctis
1774 4863 1898 4929 fuit.

297 4969 470 5022 Juxta
493 4968 960 5022 consuetudinem
981 4967 1052 5021 ad
1073 4965 1330 5020 visendus
1351 4957 1554 5019 fratres
1569 4963 1663 5036 qui
1679 4963 1736 5018 in
1755 4969 1906 5018 exte-

299 5057 440 5112 riori
459 5062 656 5112 monte
679 5061 858 5122 erant,
882 5055 1052 5120 venit,
1077 5054 1265 5126 ibique
1283 5071 1318 5108 a
1345 5055 1534 5108 divina
1551 5053 1902 5125 providentia

299 5146 369 5199 de
397 5162 508 5200 sua
525 5149 712 5200 morte
735 5143 1081 5209 condiscens,
1112 5143 1193 5197 ita
1213 5159 1443 5198 exorsus
1465 5130 1550 5197 est
1571 5151 1590 5196 :‘
1611 5131 1898 5207 Ultimum,

301 5234 480 5299 ﬂiioli,
515 5233 696 5305 patris
725 5233 916 5288 audite
945 5231 1304 5297 sententiam,
1336 5247 1450 5286 non
1481 5231 1632 5286 enim
1661 5230 1906 5284 arbitror

302 5317 456 5394 quod
479 5313 540 5376 in
569 5321 676 5376 hoc
702 5315 908 5376 saeculo
931 5311 1135 5376 itemm
1165 5335 1260 5374 vos
1291 5317 1464 5374 visuri
1509 5321 1702 5374 simu‘s‘.
1743 5317 1907 5390 Cogit

299 5411 552 5466 conditio
565 5415 871 5476 ﬂﬂtﬂf‘té,tit
881 5413 1006 5482 post
1017 5401 1402 5464 centenarium
1415 5416 1906 5478 numerumquem

301 5496 464 5556 annis
493 5502 748 5572 quinque
770 5493 1167 5571 supergredior
1196 5487 1363 5567 027),
1383 5499 1503 5568 jam‘
1534 5487 1797 5552 resolvas.
1821 5499 1908 5552 Ita

303 5589 546 5656 locutus,
581 5579 935 5645 audientium
977 5593 1204 5660 pectora
1231 5579 1584 5642 contristavit
1615 5605 1626 5640 :
1661 5587 1912 5657 gemitus

1984 4426 2112 4483 Haec
2134 4425 2289 4498 justa
2316 4428 2602 4498 persuasio
2619 4429 2924 4485 multorum
2951 4431 3184 4486 insitum
3213 4433 3398 4487 evellit
3424 4451 3578 4488 erro:

1983 4534 2124 4582 rem,
2141 4523 2196 4571 et
2212 4509 2470 4588 repositis
2488 4517 2545 4571 in
2561 4524 2714 4573 terra
2725 4509 3087 4575 cadaveribus
3113 4521 3350 4576 Domino
3361 4523 3582 4594 gratias

1985 4611 2085 4678 pro
2114 4603 2259 4660 bono
2289 4595 2614 4678 magisterio
2643 4609 2960 4664 retulerunt
3008 4611 3266 4665 Metuens
3285 4628 3417 4683 ergo
3447 4628 3578 4667 con-

1986 4690 2341 4750 suetudinem
2369 4687 2768 4767 supradictam,
2801 4715 2871 4752 ne
2903 4699 3098 4753 eodem
3138 4699 3309 4755 etiam
3339 4701 3486 4756 circa
3514 4719 3577 4757 se

1986 4771 2312 4839 laberentur
2359 4801 2566 4852 errore,
2599 4783 2856 4840 celeriter
2901 4777 3216 4843 valedicens
3263 4791 3576 4860 monachis,

1987 4861 2081 4944 qui
2111 4868 2511 4941 confluxerant,
2547 4873 2618 4928 ad
2665 4875 2908 4930 amicum
2936 4865 3158 4932 virtutis
3195 4865 3580 4934 habitaculum

1987 4951 2291 5032 repedavit.

2056 5051 2186 5105 CAP.
2209 5051 2616 5105 LVIII.--Post
2638 5069 2858 5107 menses
2875 5060 3063 5108 autem
3088 5073 3448 5126 paucos,cum
3463 5074 3579 5114 non

1985 5131 2265 5193 inedi0cre
2305 5139 2719 5194 incommodum
2765 5142 2962 5197 senilia
2991 5144 3246 5198 membra
3271 5146 3574 5215 turbasset,

1990 5227 2194 5282 vocatis
2226 5227 2296 5282 ad
2335 5245 2394 5281 se
2437 5227 2653 5283 duobus
2687 5229 2954 5286 fratribus
2997 5231 3159 5303 (133),
3181 5251 3337 5306 quos
3371 5235 3579 5292 ibidem

1987 5319 2118 5371 ante
2157 5317 2474 5388 quindecim
2505 5333 2681 5372 annos
2719 5319 2934 5374 modico
2972 5303 3264 5377 intervallo
3297 5326 3580 5394 sejunctos

1988 5406 2331 5471 instituerat,
2355 5407 2564 5477 quique
2594 5407 2762 5461 etiam
2791 5409 2842 5462 ei
2866 5402 2983 5480 jam
3015 5412 3134 5465 seni
3163 5420 3450 5484 ceperant
3478 5417 3590 5471 mi-

1991 5496 2248 5560 nistrare,
2273 5497 2354 5549 ait
2379 5514 2388 5548 :
2419 5486 2533 5566 Ego
2555 5489 2802 5567 quidem,
2826 5487 3002 5566 filioli,
3022 5503 3327 5556 secundum
3357 5502 3584 5573 eloquia

1992 5583 2409 5656 Scri‘pturarum
2433 5587 2606 5655 (Josue
2626 5601 2754 5640 XXIII
2781 5605 2793 5653 ;
2823 5583 2912 5644 ΙῙῙ
2936 5578 3057 5658 Reg.
3086 5596 3167 5661 Π),
3191 5596 3416 5662 patrum
3443 5608 3580 5660 gra-
