4004 6196
403 301 498 360 16ἷ

1419 295 1514 350 DE
1550 293 1740 350 VITIS
1777 292 2075 350 PATRUM
2111 295 2328 352 LIBER
2362 295 2656 352 PRIMUS.

3571 295 3673 354 168

357 415 360 424 ’
394 427 520 482 dior
539 427 715 492 viam;
733 426 854 495 jam
869 421 1018 477 enim
1039 417 1313 474 Dominus
1333 433 1422 471 me
1441 416 1658 482 invitat,
1675 418 1798 488 jam
1825 415 1990 488 cupio
2009 417 2060 478 A
2077 419 2348 492 accipere,
2372 418 2679 474 Antonium
2705 417 2765 472 in
2785 417 3011 472 Antonii
3041 417 3371 473 muneribus
3389 418 3675 489 amplecti-

394 515 584 570 videre
618 512 882 568 caelestia.
927 507 1032 564 Sed
1063 524 1175 568 vos,
1211 523 1242 560 ο
1272 506 1485 585 viscera
1519 523 1664 572 mea,
1693 505 1986 571 admoneo,

398 622 469 659 ne
495 604 637 659 tanti
669 599 938 672 temporis
977 597 1224 652 laborem
1255 595 1780 676 repenteperdatis.
1813 594 1991 649 Hodie

397 710 494 747 vos
531 691 854 762 religiosum
885 686 1136 742 studium
1183 685 1490 757 arripuisse
1529 683 1901 750 arbitremini,
1935 687 1993 738 et

401 781 560 853 quasi
588 783 780 850 coeptae
810 775 1116 831 voluntatis
1138 774 1408 831 fortitudo
1435 779 1765 828 succrescet.
1795 773 1992 828 Varias

399 869 714 923 daemonum
740 866 922 920 nostis
942 865 1194 929 insidias,
1216 863 1433 918 vidistis
1458 879 1653 918 eorum
1675 867 1732 916 et
1749 863 1994 934 impetus

398 958 628 1022 feroces,
663 961 721 1010 et
753 955 900 1010 vires
952 954 1319 1009 eil‘eminatas.
1369 955 1561 1008 Jesum
1600 953 1898 1023 suspirate,
1936 956 1994 1005 et

397 1046 792 1100 credulitatem
809 1044 1054 1099 nominis
1074 1044 1196 1114 ejus
1213 1042 1414 1097 vestris
1431 1041 1585 1112 ﬁgite
1609 1041 1910 1106 mentibus,
1937 1046 1995 1096 et

399 1152 436 1190 a
461 1139 615 1190 certa
645 1135 754 1188 ﬁde
773 1133 1016 1189 universi
1045 1133 1326 1187 dreinones
1353 1130 1716 1202 fugabuntur.
1741 1131 1992 1185 Memen-

399 1228 516 1279 tote
547 1224 718 1278 etiam
740 1222 1188 1277 admonitionum
1213 1237 1468 1276 mearum
1489 1225 1546 1274 et
1566 1219 1789 1276 incerte
1807 1219 1994 1294 condi:

401 1312 592 1379 tionis,
626 1312 798 1367 vitam
829 1311 1078 1383 quotidie
1121 1310 1418 1382 ancipitem
1450 1314 1767 1376 retractate,
1800 1315 1858 1362 et
1885 1325 1996 1363 coe-

401 1401 541 1458 leste
581 1401 734 1456 vobis
779 1399 1071 1472 praemium
1124 1399 1244 1454 sine
1299 1399 1652 1454 cunctamine
1697 1397 1994 1453 tribuetur.

406 1489 898 1548 Schismaticorum
925 1505 1146 1560 quoque
1177 1495 1234 1543 et
1262 1488 1652 1543 haereticorum
1674 1504 1890 1542 venena
1917 1487 1996 1540 vi-

405 1584 542 1645 tate,
583 1595 882 1650 meumque
919 1577 1066 1632 circa
1104 1595 1199 1632 eos
1255 1577 1444 1632 odium
1495 1575 1808 1644 sectamini,
1867 1575 2002 1648 quia

2071 514 2192 574 tur;
2219 513 2276 563 et
2293 513 2562 579 tanquam
2586 523 2792 578 magna
2813 505 3142 561 haereditate
3167 506 3398 573 ditatus,
3419 506 3676 562 iactanter

2073 613 2174 667 per
2201 601 2331 662 60
2355 596 2755 651 vestimentum
2784 595 3112 650 recordatur
3141 595 3444 666 imaginem
3474 596 3678 652 sancti-

2073 686 2207 740 tatis
2235 685 2408 757 (140).
3499 683 3516 694 ί

2145 774 2276 831 CAP.
2311 774 2424 828 LX.
2458 802 2522 812 —-
2549 773 2652 828 Ilic
2675 772 2918 826 Antonio
2947 773 3072 828 vitae
3102 773 3536 844 terminusjfuit,
3568 773 3680 828 ista

2074 861 2350 933 principia
2369 861 2699 916 meritorum
2727 879 2739 916 :
2765 877 2888 932 quae
2909 861 3038 915 licet
3061 861 3319 933 parciori,
3338 867 3402 916 ut
3423 863 3676 934 praedixi,

2073 967 2334 1006 sermone
2356 950 2918 1014 narraverim,t.1men
2937 950 3105 1010 exfhis
3134 952 3366 1022 potestis
3387 952 3681 1006 advertere

2075 1040 2320 1110 qualiter
2333 1041 2500 1094 homo
2520 1039 2623 1094 Dei
2649 1055 2684 1093 a
2701 1039 2942 1110 pueritia
2960 1040 3030 1093 ad
3057 1047 3337 1094 senectam
3356 1057 3533 1112 usque
3547 1057 3679 1112 per-

2074 1129 2317 1196 venerit;
2353 1134 2410 1183 et
2438 1128 2586 1200 quod
2618 1127 2772 1182 omni
2799 1145 3023 1198 semper
3051 1128 3402 1184 dubitatione
3441 1130 3674 1194 calcata,

2077 1233 2182 1272 nec
2201 1217 2588 1290 languori,nec
2606 1217 2867 1288 longaeva;
2885 1217 3194 1289 quidquam
3213 1218 3364 1273 aetati
3381 1218 3681 1290 aliquando

2079 1307 2435 1362 concesserit.
2461 1307 2638 1378 Magis
2665 1312 2857 1362 autem
2885 1307 3263 1378 aequalitatem
3293 1307 3563 1378 propositi
3593 1312 3680 1362 te-

2079 1413 2220 1450 nens
2253 1397 2421 1466 (141),
2477 1413 2580 1451 nec
2623 1395 3017 1450 vestimentum
3072 1396 3333 1464 mutavit,
3362 1413 3464 1452 nec
3510 1396 3684 1468 pedes

2079 1485 2234 1551 lavit,
2265 1501 2368 1540 nec
2397 1502 2582 1540 escam
2611 1492 2862 1542 sectatus
2892 1491 2980 1542 est
3007 1473 3351 1552 molliorem;
3391 1485 3684 1540 oculorum

2082 1591 2304 1645 quoque
2325 1575 2522 1640 aciem,
2549 1581 2607 1630 et
2621 1593 2922 1632 numerum
2943 1576 3220 1639 dentium,
3235 1575 3366 1629 licet
3389 1575 3684 1646 paululum

407 1667 614 1723 Christi
643 1675 775 1722 sunt
811 1667 1042 1723 inimici.
1077 1667 1239 1722 Scitis
1295 1666 1402 1737 ipsi
1441 1666 1590 1738 quod
1645 1666 1833 1720 nullus
1863 1665 2000 1719 mihi
2021 1732 2060 1738 _
2085 1663 2154 1717 ob
2183 1669 2407 1718 aetatem
2438 1665 2762 1720 viderentur
2789 1665 2990 1727 attriti,
3018 1681 3233 1718 necnon
3264 1670 3321 1717 et
3349 1663 3553 1734 pedum
3591 1663 3685 1718 in-

407 1773 508 1812 nec
530 1757 790 1829 paciticus
815 1756 1041 1828 quidem
1056 1772 1240 1810 sermo
1255 1772 1381 1810 cum
1396 1755 1475 1809 eis
1489 1755 1791 1826 aliquando
1808 1754 1997 1819 fuerit,
2021 1732 2066 1790 Β
2085 1769 2321 1820 cessum,
2345 1753 2520 1810 totius
2551 1755 2720 1809 etiam
2739 1755 2986 1826 corporis
3015 1753 3363 1816 ﬁrmitatem,
3380 1753 3461 1806 ita
3488 1757 3687 1807 contra

405 1852 636 1919 pr0pter
653 1863 880 1918 pravam
903 1862 1098 1900 eorum
1125 1844 1496 1909 voluntatem,
1521 1849 1577 1898 et
1595 1843 1853 1915 pertinax
1869 1859 2003 1897 con-

403 1941 493 1990 tra
519 1935 804 1990 Christum
827 1934 1055 1988 bellum.
1079 1934 1144 1988 In
1165 1933 1270 1990 hoc
1287 1939 1478 1988 autem
1495 1933 1674 2003 magis
1695 1937 1873 1986 estote
1897 1931 2003 1986 sol-

407 2023 558 2088 liciti,
593 2029 658 2076 ut
685 2021 908 2076 Domini
937 2029 1213 2092 praecepta
1232 2021 1481 2085 servetis,
1509 2026 1576 2076 ut
1603 2026 1731 2092 post
1760 2026 2005 2075 mortem

407 2119 648 2166 vestram
704 2111 882 2166 sancti
913 2111 1137 2182 quique,
1169 2111 1328 2182 quasi
1378 2111 1588 2166 amicos
1631 2116 1689 2164 et
1729 2117 1912 2174 notos,
1945 2109 2004 2164 in

405 2206 616 2256 aeterna
650 2217 746 2254 vos
788 2199 1062 2272 recipiant
1105 2199 1472 2254 tabernacula
1512 2201 1686 2267 (Lucae
1716 2202 1844 2266 κη).
1879 2199 2007 2253 Haec

407 2290 666 2360 cogitate,
704 2289 820 2343 haec
865 2289 1062 2360 sapite,
1109 2289 1226 2343 haec
1272 2289 1540 2357 retexite;
1572 2293 1630 2343 et
1665 2289 1713 2343 si
1727 2301 1856 2360 ‘qua
1894 2287 2006 2342 mei

408 2378 563 2432 vobis
593 2395 746 2441 cura,
775 2378 824 2431 si
856 2394 968 2448 qua
996 2377 1174 2449 patris
1204 2377 1477 2432 memoria
1507 2383 1610 2445 est,
1635 2377 1683 2432 si
1707 2377 1846 2430 mihi
1864 2376 2004 2430 vica-

407 2467 556 2522 rium
571 2465 912 2538 repraastatis
933 2468 1195 2522 allectum
1219 2465 1388 2536 (134),
1403 2467 1592 2521 nullus
1607 2467 1679 2520 ad
1702 2466 2005 2538 Egyptum

411 2573 564 2610 meas
595 2557 840 2628 perferat
867 2555 1152 2627 reliquias,
1179 2573 1249 2610 ne
1273 2572 1412 2610 vano
1439 2571 1638 2627 corpus
1659 2556 1872 2610 honore
1893 2572 2007 2610 ser-

412 2651 592 2710 vetur,
608 2662 678 2699 ne
699 2644 1018 2716 vituperati,
1037 2649 1102 2699 ut
1120 2645 1316 2708 nostis,
1340 2663 1374 2698 a
1397 2661 1486 2698 me
1505 2645 1652 2700 ritus
1673 2645 1844 2699 etiam
1861 2644 2008 2699 circa

416 2747 506 2787 me
537 2739 830 2788 serventur
848 2733 1133 2806 obsequia.
1168 2734 1350 2805 Hujus
1381 2733 1528 2788 enim
1562 2733 1647 2788 rei
1672 2733 1858 2804 gratia
1885 2750 2007 2787 ma-

413 2822 560 2876 xime
582 2822 690 2877 huc
711 2839 835 2875 sum
861 2821 1294 2892 regressus.Vos
1313 2822 1488 2893 igitur
1512 2833 1682 2876 numo
1698 2821 1890 2892 tegite,
1913 2839 2008 2876 vos

411 2909 588 2982 patris
625 2911 840 2981 operite
875 2911 1288 2982 corpusculum.
1327 2917 1384 2966 et
1420 2911 1558 2966 illud
1597 2927 1820 2982 quoque
1859 2910 2009 2964 senis

412 2995 582 3048 vestri
608 2994 883 3050 custodite
904 2996 1254 3062 mandatum,
1275 3001 1340 3050 ut
1361 3011 1525 3050 nemo
1547 3001 1750 3068 praeter
1763 3001 2008 3050 vestram

2079 1841 2214 1912 jura
2241 1848 2456 1898 natura;
2487 1843 2816 1898 meritorum
2846 1843 3032 1915 gratia
3059 1841 3378 1905 custodivit,
3408 1841 3686 1896 utlauto-

2085 1947 2214 1985 rum
2265 1947 2586 2002 corporum,
2627 1949 2750 2003 quae
2780 1931 2994 1986 balneis
3041 1935 3210 2002 atque
3241 1929 3454 1984 deliciis
3498 1929 3687 1984 confo-

2085 2026 2305 2086 ventur,
2336 2021 2570 2074 hilarior
2597 2022 2719 2092 ejus
2746 2019 3208 2075 caro-videretur.

2159 2111 2290 2164 CAP.
2312 2110 2452 2165 LXI.
2474 2140 2539 2150 -—-
2571 2109 2687 2164 Hoc
2711 2110 2902 2174 etiam,
2929 2109 3152 2173 fratres,
3186 2107 3334 2179 quod
3361 2123 3460 2179 per
3486 2122 3687 2161 omnes

2086 2199 2398 2270 provincias
2427 2215 2588 2254 amor
2614 2199 2736 2270 ejus
2769 2197 3030 2270 famaque
3059 2197 3328 2262 volitavit,
3361 2213 3529 2268 quem
3582 2211 3690 2250 nec

2083 2287 2356 2342 librorum
2376 2287 2868 2342 disseminatorum
2891 2287 3070 2342 oratio
3091 2286 3375 2342 luculenta
3392 2287 3434 2350 (Ι
3449 2283 3559 2354 42),
3583 2301 3690 2340 nec

2085 2378 2382 2432 mundana:
2403 2377 2692 2448 sapientiae
2713 2376 3148 2448 disputatio,nec
3168 2374 3428 2430 nobilitas
3437 2375 3686 2445 generis,

2086 2483 2192 2522 nec
2219 2483 2388 2538 opum
2418 2466 2642 2520 inﬁnita
2688 2465 2972 2536 congestio
3001 2463 3428 2529 commendavit,
3458 2462 3546 2518 cui
3569 2479 3694 2518 om-

2086 2557 2247 2610 nium
2274 2573 2386 2610 ore
2407 2561 2494 2611 est
2519 2555 2931 2620 ascribendum,
2963 2555 3070 2609 nisi
3102 2554 3348 2618 Christo,
3384 2554 3543 2624 cujus
3581 2553 3693 2607 hoc

2089 2646 2294 2700 donum
2317 2645 2438 2700 est?
2459 2645 2554 2716 qui
2575 2646 2803 2700 devotos
2827 2645 2950 2716 ejus
2969 2644 3187 2698 animos
3209 2661 3344 2714 erga
3371 2659 3532 2697 suam
3553 2658 3696 2713 prae-

2089 2733 2280 2788 videns
2318 2735 2694 2804 majestatcm,
2726 2733 3016 2788 hominem
3049 2733 3159 2786 alio
3191 2749 3333 2803 pene
3363 2730 3496 2786 orbe
3541 2729 3694 2784 cela-

2088 2827 2232 2886 tum,
2267 2829 2322 2877 et
2351 2823 2498 2877 inter
2545 2829 2732 2877 tantas
2789 2823 3032 2894 positum
3085 2821 3436 2886 solitulines,
3468 2818 3689 2883 Africae,

2091 2911 2393 2982 Hispaniae,
2427 2911 2640 2977 Galliis,
2677 2911 2870 2978 Italiae,
2903 2911 3146 2982 Illyrico,
3195 2909 3303 2980 ipsi
3332 2908 3522 2973 etiam,
3561 2925 3694 2979 qua:

2089 2999 2310 3055 urbium
2341 3005 2511 3072 caput
2537 3005 2642 3068 est,
2675 3000 2864 3055 Romae
2897 2998 3060 3068 (143),
3093 3003 3158 3053 ut
3185 2998 3246 3052 in
3292 2997 3518 3052 exordio
3557 3013 3695 3068 pro-

412 3083 771 3138 dilectionem
809 3084 990 3138 locum
1021 3083 1225 3138 tumuli
1259 3083 1370 3138 mei
1398 3084 1632 3138 noverit.
1667 3084 1898 3139 Confido
1950 3081 2064 3138 inC
2087 3089 2783 3154 miserat,demonstravit.
2799 3087 3084 3143 Creatoris
3110 3094 3196 3142 est
3215 3087 3324 3142 ista
3345 3086 3690 3156 benignitas.

414 3172 672 3235 Domino,
691 3171 824 3243 quia
841 3173 1154 3227 necessario
1175 3173 1602 3228 resurrectionis
1629 3177 1882 3245 tempore
1905 3174 2010 3228 hoc

417 3262 809 3332 corpusculum
829 3266 1086 3332 resurget
1105 3261 1509 3334 incorruptum.
1532 3263 2006 3318 Vestimentorum

411 3354 600 3404 autem
643 3367 897 3405 meorum
926 3351 999 3406 sit
1043 3351 1150 3406 ista
1187 3351 1382 3406 divisio
1417 3351 1562 3420 (1351)
1596 3369 1609 3404 :
1652 3351 1914 3407 Melotem
1953 3357 2011 3406 et

415 3439 648 3508 pallium
677 3438 894 3499 tritum.
919 3439 1010 3494 cui
1039 3441 1380 3511 superjaceo,
1412 3440 1720 3494 Athanasio
1751 3440 2010 3512 episcopo

413 3526 564 3588 date,
580 3528 726 3598 quod
749 3527 884 3581 mihi
904 3545 1110 3582 novum
1121 3529 1239 3600 ipse
1261 3529 1540 3582 detulerat
1555 3526 1720 3599 (I36).
1741 3528 2012 3600 Serapion

413 3615 706 3686 episcopus
732 3613 885 3684 (137)
916 3616 1085 3670 aliam
1115 3616 1353 3688 accipiat
1378 3617 1672 3684 melotem;
1703 3633 1797 3671 vos
1837 3617 2012 3671 cilici-

413 3721 551 3758 num
585 3703 846 3758 habetote
876 3705 1290 3768 vestimentum,
1314 3711 1373 3759 et
1399 3706 1596 3772 valete,
1631 3705 1838 3760 viscera
1857 3723 2008 3772 mea;

415 3792 694 3846 Antonius
725 3791 872 3847 enim
905 3793 1130 3864 migrat,
1164 3799 1221 3848 et
1243 3795 1364 3864 jam
1401 3810 1512 3848 non
1543 3795 1652 3848 erit
1671 3795 1728 3848 in
1757 3795 2017 3866 praesenti

413 3879 616 3934 saeculo
647 3879 954 3959 vobiscum.

487 3968 624 4026 CAP.
665 3969 806 4024 LIX.
849 3998 914 4009 —
950 3969 1132 4026 Verba
1157 3971 1398 4038 fmierat,
1437 3977 1495 4027 et
1534 3973 1913 4028 osculantibus
1955 3990 2016 4028 se

415 4055 724 4128 discipulis,
746 4059 1052 4126 extendens
1068 4061 1363 4132 paululum
1383 4061 1571 4133 pedes,
1593 4067 1832 4117 mortem
1853 4063 2014 4117 laetus

414 4147 634 4216 aspexit
665 4144 832 4216 (138);
861 4147 942 4201 ita
967 4153 1032 4203 ut
1051 4165 1117 4204 ex
1144 4149 1430 4204 hilaritate
1458 4151 1644 4206 vultus
1673 4153 1814 4222 ejus,
1840 4169 2014 4224 ange-

411 4234 598 4290 lorum
619 4240 962 4303 sanctorum,
998 4237 1094 4310 qui
1127 4239 1198 4292 ad
1217 4239 1606 4310 perferendam
1625 4240 1875 4294 animam
1893 4243 2014 4312 ejus

412 4323 839 4390 descenderant,
870 4327 1168 4398 praesentia
1215 4333 1568 4386 nosceretur.
1608 4329 1722 4384 Hos
1763 4329 2010 4398 intuens,

2091 3178 2186 3250 qui
2215 3178 2454 3234 famulos
2478 3195 2628 3242 suos,
2661 3179 2792 3234 licet
2819 3179 3094 3242 nolentes,
3125 3176 3423 3231 nobilitare
3453 3191 3692 3230 consue-

2091 3267 2184 3334 vit,
2210 3273 2272 3322 ut
2295 3268 2470 3322 virtus
2497 3267 2773 3339 possibilis
2801 3285 2904 3322 nec
2931 3271 3090 3322 extra
3112 3267 3418 3320 humanam
3443 3281 3567 3319 esse
3588 3279 3688 3317 na-

2092 3363 2276 3410 turam
2288 3363 2608 3412 sanctorum
2630 3357 2898 3412 doceatur
2911 3356 3202 3428 exemplis,
3217 3361 3275 3410 et
3287 3355 3358 3409 ad
3373 3355 3548 3409 beatae
3561 3353 3692 3408 vita

2089 3445 2484 3514 imitationem,
2518 3463 2582 3500 ex
2601 3446 2784 3500 fructu
2814 3445 3021 3501 laboris
3047 3445 3292 3516 optimus
3321 3443 3558 3515 quisque
3583 3442 3690 3496 im-

2093 3535 2354 3605 pellatur.

2165 3622 2296 3676 CAP.
2335 3621 2504 3677 LXII.
2533 3653 2600 3662 —
2629 3622 2792 3678 Hunc
2820 3622 3012 3694 itaque
3042 3621 3311 3676 fratribus
3339 3619 3546 3674 librum
3575 3633 3695 3671 ma-

2092 3727 2340 3782 gnOpere
2358 3711 2645 3782 perlegere
2665 3718 2878 3778 curate,
2895 3717 2980 3776 ut,
3003 3710 3196 3782 agnita
3213 3709 3362 3764 ﬁdeli
3388 3709 3502 3762 vita
3519 3705 3696 3761 subli-

2097 3799 2274 3854 mium
2303 3801 2750 3856 Christianorum
2780 3807 2838 3855 et
2878 3800 3298 3864 monachorum,
3333 3799 3514 3852 sciant
3542 3795 3694 3866 quod

2098 3889 2352 3944 Salvator
2377 3895 2570 3944 noster
2589 3891 2752 3945 Jesus
2773 3889 3029 3962 Christus
3046 3888 3425 3960 gloriﬁcantes
3448 3903 3507 3940 se
3525 3883 3697 3956 glori-

2097 3979 2244 4045 ﬁcat,
2280 3985 2338 4032 et
2383 3979 2751 4034 servientibus
2799 3978 3042 4045 sibimet,
3089 3995 3200 4032 non
3255 3982 3477 4031 tantum
3515 3989 3698 4044 regna

2097 4067 2384 4132 calorum,
2417 4068 2514 4122 sed
2553 4068 2723 4122 etiam
2756 4067 2847 4122 hic
2873 4067 2930 4121 in
2973 4067 3109 4139 ipsis
3151 4065 3428 4120 montium
3461 4063 3695 4118 secretis

2095 4155 2271 4210 latere
2291 4155 2665 4227 cupientibus,
2681 4157 2840 4211 fama:
2851 4155 3049 4211 tribuit
3059 4155 3407 4210 nobilitatem
3425 4172 3437 4220 ;
3455 4152 3690 4218 scilicet,

2095 4249 2160 4300 ut
2173 4250 2230 4300 et
2251 4245 2356 4316 ipsi
2377 4245 2639 4300 fruantur
2660 4245 2825 4300 laude
2845 4245 3195 4310 meritorum,
3211 4249 3268 4298 et
3288 4242 3472 4298 caeteri
3493 4257 3691 4296 eorum

2094 4339 2462 4403 provocentur
2481 4333 2766 4406 exemplis.
2793 4333 2852 4390 Si
2879 4339 3069 4389 autem
3091 4333 3470 4388 necessarium
3493 4329 3687 4395 fuerit,

409 4417 685 4486 tanquam
716 4415 928 4470 amicos
955 4415 1185 4480 videret,
1225 4417 1473 4472 animam
1503 4418 1800 4483 exhalavit,
1833 4425 1892 4474 et
1918 4419 2014 4474 ad-
2032 4431 2082 4489 D
2094 4426 2152 4476 et
2161 4421 2422 4493 gentibus
2445 4423 2632 4494 legite,
2647 4429 2713 4478 ut
2730 4424 2815 4478 vel
2837 4424 2918 4478 sic
2937 4425 3245 4494 agnoscant
3263 4422 3396 4494 quia
3413 4419 3691 4476 Dominus

412 4502 564 4558 ditus
582 4510 669 4559 est
687 4504 941 4576 patribus
968 4504 1278 4559 secundum
1297 4506 1552 4561 ordinem
1571 4507 2007 4580 Scripturarum.

2095 4516 2288 4566 noster
2329 4513 2492 4566 Jesus
2543 4513 2798 4567 Christus
2869 4529 2981 4567 non
3029 4513 3211 4567 solum
3251 4517 3338 4566 est
3385 4511 3553 4575 Deus,
3584 4507 3692 4562 Dei

414 4593 787 4649 Servaverunt
813 4594 1082 4647 mandata
1109 4592 1367 4664 discipuli
1391 4595 1894 4666 (139),involutum
1929 4599 2015 4665 (ut
2093 4600 2285 4665 Filius,
2318 4601 2417 4656 sed
2461 4600 2632 4656 etiam
2680 4601 2768 4656 his
2805 4601 2902 4673 qui
2941 4618 3069 4656 eum
3118 4601 3354 4656 sollicite
3384 4599 3594 4665 colunt,
3631 4603 3696 4652 et

412 4687 772 4754 praeceperat)
799 4700 1002 4756 corpus
1030 4683 1202 4738 humo
1221 4683 1565 4755 operientes;
1587 4692 1646 4740 et
1669 4703 1834 4741 nemo
1863 4687 2012 4742 inte-
2091 4689 2151 4744 in
2175 4707 2306 4745 eum
2329 4690 2570 4745 ﬁdeliter
2601 4691 2855 4756 credunt,
2888 4691 3032 4744 hanc
3052 4690 3209 4744 dedit
3235 4694 3590 4761 potestatem,
3625 4691 3697 4741 ut

411 4769 522 4822 rim
551 4787 728 4842 usque
757 4772 828 4827 ad
853 4773 998 4827 hanc
1025 4772 1195 4835 diem,
1226 4779 1432 4844 praeter
1457 4790 1570 4838 eos,
1595 4774 1690 4828 ubi
1721 4775 1795 4829 sit
1823 4776 2010 4830 condi-
2090 4779 2390 4845 daemones,
2415 4796 2554 4850 quos
2574 4778 2654 4833 illi
2679 4779 2813 4834 deos
2833 4796 2955 4834 esse
2975 4778 3342 4845 arbitrantur,
3357 4777 3696 4833 conculcent

413 4861 1096 4932 tum,novit.Legatarius
1121 4867 1311 4918 autem
1331 4862 1560 4918 Antonii
1588 4863 1887 4932 benedicti,
1912 4865 2008 4937 qui
2088 4872 2258 4940 atque
2313 4868 2556 4938 ejiciant,
2606 4869 2931 4940 deceptores
2985 4868 3206 4922 scilicet
3251 4867 3574 4932 hominum,
3633 4869 3696 4919 et

413 4945 614 5002 tritum
645 4949 878 5020 pallium
901 4967 1030 5006 cum
1057 4952 1262 5007 melote
1298 4951 1535 5024 imperio
1563 4954 1686 5024 ejus
1723 4961 2010 5011 meruerat
2087 4957 2262 5012 totius
2285 4957 2659 5029 corruptionis
2695 4957 2958 5014 artiﬁces.

1592 5147 1782 5190 EPILOG
1790 5151 1852 5190 US
1880 5147 2101 5190 EVAGRII
2139 5150 2509 5194 INTERPRBTIS.

488 5303 685 5376 ItaqUe
705 5305 1028 5376 prudentes,
1052 5306 1148 5377 qui
1173 5307 1359 5378 legere
1387 5310 1666 5368 voluerint
1692 5314 1837 5369 hanc
1864 5313 2220 5386 scripturam,
2253 5313 2609 5372 obsecramus
2633 5321 2698 5370 ut
2721 5315 2858 5372 dent
2875 5316 3114 5383 veniam,
3139 5316 3189 5370 si
3209 5315 3385 5372 Graeci
3410 5314 3693 5370 sermonis

417 5391 528 5444 vim
555 5391 866 5464 exprimere
887 5409 997 5446 non
1017 5393 1322 5464 potuimus,
1339 5402 1739 5458 transferentes
1760 5420 1888 5458 eum
1909 5403 1967 5458 in
1987 5403 2244 5458 Latinam
2267 5405 2538 5476 linguam,
2561 5406 2693 5460 licet
2711 5411 2905 5460 contra
2922 5411 3177 5460 nostrum
3200 5405 3548 5476 propositum
3566 5405 3692 5460 haec

415 5480 732 5536 fecerimus.
751 5482 858 5537 Sed
881 5499 990 5536 non
1011 5484 1172 5554 quasi
1185 5484 1496 5542 invidentes
1514 5491 1842 5546 nolebamus
1853 5491 2053 5557 facere,
2070 5491 2167 5546 sed
2190 5491 2533 5549 sufﬁcienter
2547 5493 2729 5548 sciens
2745 5499 3016 5564 quantam
3031 5495 3424 5550 inﬁrmitatem
3443 5495 3691 5550 sustinet

419 5572 648 5628 Graecus
665 5588 850 5628 sermo
868 5573 1176 5628 translatus
1194 5572 1254 5628 in
1267 5574 1648 5648 Latinitatem;
1663 5585 1854 5636 tamen
1873 5581 2176 5636 maluimus
2192 5582 2448 5638 Graecum
2463 5595 2781 5639 sermonem
2795 5583 2901 5640 hoc
2919 5583 3217 5652 sustinere,
3231 5600 3400 5655 quam
3424 5582 3686 5638 fraudem
