4004 6196
338 266 450 323 177
556 338 565 343 _

1237 261 1409 327 VITA
1445 261 1657 323 BEATI
1692 262 1997 325 ANTONII
2033 261 2360 334 ABBATIS,
2389 262 2733 325 NOTATIO.

3514 266 3627 325 178

345 409 605 459 menum,
638 393 736 477 qui
759 393 971 477 dicitur
998 392 1218 477 igneus:
1250 392 1395 477 Sunt
1432 389 1582 447 enim
1625 390 1946 477 daemonum
1962 390 2181 454 Anatio
2197 389 2407 477 Christi
2428 390 2572 475 facta
2593 395 2679 447 est
2696 390 2755 446 in
2770 391 2960 477 terris,
2979 407 3081 448 nos
3101 392 3451 477 sine‘viribus
3468 411 3626 468 pror-

347 484 596 549 quoque,
631 464 777 521 sicut
800 464 1091 549 hominum
1116 464 1460 549 differentiae,
1484 480 1595 549 non
1624 469 1842 549 mutata
1863 481 1947 549 es-

346 534 552 603 sentia,
586 555 781 593 verum
800 546 989 594 mente
1006 538 1246 593 diversa.
1278 558 1301 589 ι
1324 536 1462 591 Vide
1482 534 1631 590 dicta
1652 535 1723 590 ad
1742 551 1864 608 cap.
1886 535 1939 602 4,

336 627 499 667 num.
537 612 632 665 14.

408 681 501 749 (39
514 683 611 738 »Αίί
620 684 871 750 primum
884 684 1131 750 quodque
1142 684 1323 735 crucis
1333 682 1556 747 signum
1571 681 1941 750 evanescunt]

337 755 510 818 Nota,
544 754 821 816 haeretice,
846 754 994 823 signi
1010 753 1189 807 crucis
1207 751 1532 823 efficaciam,
1563 752 1724 820 cujus
1754 769 1943 807 exem-

379 827 436 880 la
465 826 762 880 manifesta
789 825 848 879 in
873 822 977 880 hac
1007 824 1236 878 Antonii
1256 824 1384 876 Vita
1414 822 1587 877 habes
1616 823 1784 877 etiam
1816 841 1937 894 cap.

373 896 430 959 8,
465 904 524 952 et
552 914 673 969 cap.
701 896 790 969 ‘26,
825 903 882 969 et
908 897 1091 967 capite
1112 897 1196 969 49.
1220 896 1401 969 Plura,
1418 895 1488 948 de
1511 894 1608 969 phis
1625 894 1680 969 in
1697 896 1943 969 operesis

339 970 597 1025 Gretzeri
621 966 795 1023 nostri
816 968 886 1022 de
913 966 1090 1023 Cruce
1110 967 1287 1021 libris.
1308 967 1487 1020 Velex
1511 966 1616 1019 hoc
1630 966 1749 1020 loco
1763 966 1944 1021 Flacci

335 1041 552 1120 Illyrici
581 1040 942 1120 redarguitur
963 1039 1337 1103 mendacium,
1363 1038 1459 1120 qui
1480 1038 1538 1091 in
1564 1039 1817 1120 catalogo
1838 1045 1946 1093 tes-

334 1109 487 1167 tium
516 1112 785 1175 veritatis,
835 1111 978 1166 libro
1017 1126 1075 1173 II,
1125 1127 1239 1166 non
1274 1109 1486 1164 veritus
1531 1115 1615 1163 est
1655 1109 1936 1164 scribere:

340 1201 370 1236 α
402 1183 582 1239 Multa
612 1183 681 1238 de
707 1183 939 1238 Antonii
966 1182 1127 1237 luetis
1144 1199 1271 1237 cum
1295 1182 1503 1237 Satana
1522 1181 1647 1250 lego
1667 1200 1679 1247 ;
1697 1182 1793 1235 sed
1814 1198 1943 1236 nus-

338 1272 515 1326 quam
541 1254 612 1309 de
640 1270 788 1325 aqua
812 1253 1123 1317 benedicta,
1157 1270 1340 1326 cruce,
1372 1268 1519 1326 cera,
1544 1258 1605 1326 et
1630 1252 1818 1307 herbis
1848 1270 1939 1307 sa-

337 1324 534 1381 cratis.
574 1346 596 1377 ι
627 1324 841 1397 Nempe
868 1331 985 1380 tam
1011 1326 1238 1379 oculeus
1266 1324 1381 1397 fuit
1402 1324 1691 1397 Illyricus,
1722 1330 1787 1379 ut
1813 1341 1942 1379 cum

335 1398 513 1452 variis
529 1396 803 1469 capitibus
821 1397 1102 1452 Antonius
1129 1396 1633 1469 crucisefticaciam
1663 1396 1770 1466 dep
1780 1397 1941 1469 raedia-

335 1470 504 1533 cal-it,
535 1467 770 1540 ejusque
799 1469 1063 1524 vexillum
1094 1467 1374 1535 extulerit,
1408 1484 1480 1522 ne
1510 1484 1687 1523 unum
1715 1467 1942 1539 quidem

338 1542 711 1613 perspexerit.

405 1613 520 1677 (40)
542 1615 717 1668 Hamo
733 1614 915 1667 crucis
933 1613 1562 1683 utdraco,raduncatusa
1581 1612 1814 1666 Domino
1824 1613 1945 1683 est]

336 1684 562 1738 Alludit
579 1684 651 1738 ad
671 1683 796 1739 Jobi
817 1700 939 1754 cap.
965 1698 1053 1746 XL,
1088 1698 1141 1736 ν.
1179 1682 1283 1738 20:
1317 1685 1401 1738 An
1435 1684 1718 1754 extrahere
1740 1687 1946 1754 pateris

335 1757 644 1811 Leviathan
675 1751 999 1810 hamofubi
1019 1755 1078 1809 in
1099 1756 1292 1810 Graeco
1321 1770 1335 1808 :
1359 1754 1530 1816 "A521;
1554 1754 1605 1807 δὲ
1627 1753 1871 1816 δράκοντα
1896 1751 1943 1808 ἐν

341 1774 644 1810 ωυταιηαη
675 1774 877 1809 namo.’
904 1774 999 1810 um
1019 1774 1078 1809 IIl
1099 1774 1292 1810 urzeco
1321 1774 1335 1808 :
1383 1774 1530 1816 Λςεις
1554 1774 1605 1807 οε
1627 1774 1654 1805 ο
1690 1774 1871 1807 ακοντα
1896 1775 1943 1808 εν

341 1822 617 1898 ἆγκίστρῳ;
642 1829 811 1881 Duces
832 1832 1017 1881 autem
1031 1828 1323 1898 draconem
1340 1828 1401 1879 in
1420 1826 1619 1898 hamo?
1639 1774 1944 1896 (gregorius

334 1896 651 1969 Nyssenus,
677 1904 803 1952 orat
855 1912 894 1963 Ι,
927 1899 996 1952 de
1021 1896 1432 1969 resurrectione
1452 1897 1698 1959 Domini,
1724 1914 1825 1967 per
1846 1898 1943 1952 ha-

335 1968 498 2024 mum
520 1972 874 2023 divinitatem
895 1968 1102 2024 Christi
1125 1987 1235 2040 qua
1255 1968 1509 2023 diabolus
1524 1975 1720 2039 captus
1740 1976 1842 2032 est,
1859 1970 1941 2024 in-

335 2040 544 2111 telligit
571 2059 582 2093 :
610 2060 634 2093 ι
655 2042 802 2095 Dum
818 2040 1062 2107 inhians,
1086 2041 1287 2112 inquit,
1306 2040 1374 2094 ad
1393 2040 1575 2094 carnis
1592 2056 1777 2094 escam
1798 2041 1941 2111 aspi-

330 2118 444 2176 rat,
478 2112 788 2167 divinitatis
810 2112 979 2166 hamo
1010 2115 1312 2167 transﬁxus
1343 2117 1446 2177 est,
1466 2118 1634 2182 atque
1664 2112 1744 2166 ita
1770 2112 1938 2167 draco

410 2201 437 2237 r
467 2184 699 2238 hamum
730 2184 932 2239 ductus
972 2188 1073 2246 est,
1117 2190 1180 2238 ut
1205 2184 1287 2238 ait
1304 2182 1426 2246 Job,
1454 2184 1549 2254 qui
1572 2200 1672 2253 per
1685 2200 1765 2247 se,
1790 2184 1939 2254 quod

358 2258 594 2310 uturum
608 2262 748 2320 erat,
762 2256 1148 2327 praenuntians
1168 2275 1179 2309 :
1203 2257 1404 2317 Hamo,
1421 2254 1624 2325 inquit,
1635 2255 1939 2327 draconem

331 2327 529 2382 duces.
558 2347 583 2380 ι
615 2328 731 2381 Nec
748 2325 915 2381 aliter
933 2328 1171 2396 Magnus
1199 2327 1535 2396 Gregorius:
1577 2344 1599 2376 ι
1632 2325 1939 2380 Leviathan

331 2398 443 2453 iste
460 2400 628 2453 hamo
646 2404 842 2471 captus
860 2402 963 2460 est,
984 2399 1115 2470 quia
1131 2397 1188 2451 in
1205 2398 1579 2471 Redemptore
1595 2403 1792 2471 nostro
1801 2398 1937 2471 dum

330 2487 439 2542 per
466 2468 739 2524 satellites
758 2488 890 2524 suos
911 2468 1096 2524 escam
1124 2470 1376 2542 corporis
1397 2469 1717 2542 momordit,
1741 2468 1940 2542 divini-

333 2540 474 2595 tatis
503 2542 662 2595 illum
690 2543 919 2595 aculeus
947 2541 1262 2611 perforavit.
1300 2540 1471 2605 Quasi
1501 2540 1700 2594 hamus
1730 2540 1937 2611 quippe

333 2613 529 2693 fauces
548 2613 843 2693 glutientis
864 2613 1066 2693 tenuit.
1080 2614 1213 2693 dum
1237 2613 1294 2693 in
1312 2612 1632 2693 illoetesca
1645 2612 1829 2665 carnis
1848 2629 1941 2693 pa-

336 2685 473 2747 tuit,
499 2701 670 2755 quam
698 2685 995 2738 devorator
1012 2689 1303 2754 appeteret
1325 2702 1337 2751 ;
1372 2689 1429 2737 et
1444 2683 1704 2755 divinitas
1725 2683 1939 2753 passio-

332 2756 424 2810 nis
452 2754 708 2827 tempore
729 2755 914 2820 latuit,
939 2773 1061 2826 quae
1081 2761 1325 2810 necaret.
1361 2775 1383 2807 ι
1410 2755 1517 2818 Qui
1540 2754 1741 2808 deinde
1772 2755 1941 2827 hujus

330 2827 491 2881 hami
514 2826 721 2881 lineam
740 2844 840 2897 per
859 2827 1219 2898 antiquorum
1236 2828 1603 2898 propaginem
1623 2831 1827 2898 tortam
1840 2826 1941 2879 do-

331 2904 442 2952 cet.
482 2899 624 2952 Vide
655 2898 916 2952 eumdem
948 2899 1016 2952 de
1038 2899 1203 2951 hamo
1225 2899 1294 2951 ad
1328 2897 1550 2951 versum
1581 2897 1705 2951 Jobi
1732 2914 1939 2967 praece-

331 2969 588 3024 dentem.
623 2970 862 3025 Sanctus
881 2970 1160 3024 Antonius
1184 2970 1351 3023 hamo
1379 2985 1593 3022 crucem
1617 2974 1934 3039 comparat;

335 3041 802 3112 Olympiodorus,
816 3041 874 3095 in
903 3042 1117 3095 Catena
1135 3041 1454 3095 Graecorum
1476 3044 1651 3094 clavos
1673 3040 1932 3112 eiiaptat:

335 3132 360 3163 σ
395 3113 453 3167 Is
474 3111 649 3179 enim,
683 3111 781 3177 ait,
796 3129 965 3184 carne
986 3130 1090 3167 sua
1110 3113 1269 3184 quasi
1285 3112 1525 3183 quadam
1549 3128 1676 3166 esca
1695 3111 1933 3182 objecta,

329 3184 505 3256 clavis
537 3184 675 3247 suis,
708 3183 871 3256 quasi
899 3184 1101 3249 hamis,
1127 3183 1343 3255 piscem
1372 3184 1634 3255 captavit.
1666 3202 1693 3235 »

406 3254 520 3321 (41)
545 3258 709 3311 Nunc
725 3254 1063 3310 iniserabilis
1084 3254 1149 3309 ut
1160 3272 1345 3323 passer
1364 3254 1659 3310 ad'ludum
1681 3257 1937 3309 irretitus

328 3342 366 3380 a
395 3328 618 3383 Christo
648 3327 771 3396 est]
800 3328 877 3380 Ex
904 3327 1100 3381 eodem
1139 3326 1263 3381 Jobi
1310 3327 1489 3397 capite
1530 3325 1891 3397 desumptum
1923 3344 1935 3379 :

331 3398 611 3466 Nunquid
630 3400 830 3451 illudes
849 3401 899 3451 ei
920 3402 1085 3467 quasi
1100 3403 1211 3464 avi,
1229 3404 1329 3452 aut
1352 3399 1548 3464 ligabis
1568 3414 1693 3451 eum
1712 3401 1939 3451 ancillis

336 3472 451 3522 tuis
476 3475 501 3522 Ρ
525 3469 647 3524 Hoc
676 3474 991 3524 queruntur
1016 3470 1296 3524 daemones
1318 3470 1376 3524 in
1394 3469 1522 3523 Vita
1535 3469 1712 3523 sancti
1732 3469 1941 3522 Pacho-

332 3540 455 3602 mii,
488 3558 615 3611 cap.
649 3539 753 3596 49-:
797 3560 820 3591 ι
856 3541 934 3595 Ex
963 3558 1072 3612 quo
1104 3540 1374 3595 mirabilis
1399 3540 1711 3594 incarnatio
1731 3540 1939 3595 Christi

332 3612 485 3667 facta
512 3619 602 3667 est
624 3612 683 3666 in
708 3612 893 3677 terris,
927 3629 1029 3667 nos
1058 3612 1178 3668 sine
1209 3612 1418 3667 viribus
1447 3629 1676 3683 prorsus
1701 3612 1940 3666 existere

334 3684 649 3757 arripimus;
681 3684 760 3738 ita
778 3690 844 3738 ut
872 3683 941 3737 ab
969 3684 1057 3738 his
1087 3685 1182 3757 qui
1204 3685 1442 3757 credunt
1469 3684 1527 3738 in
1559 3683 1783 3757 nomine
1796 3685 1935 3754 ejus,

334 3754 652 3827 illudamur
667 3761 730 3809 ut
745 3772 1017 3827 passeres.
1047 3776 1073 3805 ω
1103 3754 1277 3827 Apud
1298 3756 1664 3827 Clementem,
1680 3755 1823 3810 libro
1844 3770 1941 3809 vm

336 3825 581 3899 Constit.
613 3825 888 3899 Apostol.,
920 3827 1101 3899 capite
1128 3825 1180 3892 7,
1204 3828 1261 3881 in
1278 3826 1661 3882 obsecratione
1674 3845 1773 3899 pro
1784 3844 1943 3882 ener-

339 3898 629 3968 gumenis,
652 3898 1001 3969 respiciendo
1023 3899 1092 3953 ad
1113 3899 1224 3952 vim
1245 3898 1685 3954 exorcismorum
1711 3918 1722 3953 :
1759 3898 1824 3954 Ὁ
1854 3898 1941 3965 τὴν

342 3968 755 4053 ἀνθρωποκςόνον
786 3968 893 4053 631v
922 3971 1181 4053 Sfoptdtpv
1212 3969 1462 4053 a‘apa§ob;
1489 3973 1627 4053 ﬁgit»),
1660 3972 1728 4032 ὡς
1765 3989 1943 4040 στρου-

339 4044 444 4096 θίον
475 4041 710 4122 πᾳιδίοες.
739 4059 766 4093 α
796 4041 903 4122 Qui
934 4041 1136 4122 dedisti
1166 4041 1328 4122 nobis
1355 4041 1690 4096 homicidam
1719 4056 1945 4122 serpen-

338 4118 457 4169 tem
486 4111 727 4166 vinculis
750 4112 1132 4177 constrictum,
1165 4113 1311 4168 sicut
1339 4129 1622 4183 passerem
1670 4111 1881 4183 pueris.
1913 4132 1938 4161 ι

340 4185 525 4249 Quam
540 4183 833 4237 exorcismi
849 4183 956 4237 vim
968 4191 1164 4239 contra
1177 4184 1209 4238 d
1219 4183 1447 4249 iabolos,
1462 4185 1596 4238 deos
1624 4183 1915 4250 gentilium
1925 4224 1938 4250 ,

341 4255 574 4328 egregie
602 4261 769 4328 urget
790 4255 1188 4328 Tertullianus,
1212 4257 1468 4328 Apolog.,
1488 4254 1697 4328 cap.23
1724 4274 1780 4328 τᾳ
1805 4254 1945 4308 Sub-

334 4325 501 4398 je'cta
514 4331 603 4380 est
618 4325 956 4380 Christianis
975 4327 1238 4381 divinitas
1248 4325 1450 4382 vestra.
1470 4347 1494 4379 »
1523 4325 1589 4382 Et
1605 4325 1937 4398 Cyprianus,

336 4397 540 4453 contra
568 4398 1015 4463 Demetrianum,
1053 4416 1175 4470 cap.
1209 4398 1241 4454 6
1265 4418 1276 4452 :
1316 4417 1342 4450 «
1372 4398 1597 4453 Videbis
1624 4414 1726 4451 nos
1754 4397 1941 4467 rogari

335 4470 406 4525 ab
428 4470 519 4541 eis
547 4474 769 4541 quostu
786 4486 969 4540 rogas.
999 4492 1022 4518 ιο
1042 4471 1412 4541 Augustinus,
1438 4470 1495 4523 in
1516 4470 1794 4541 psalmum
1820 4483 1935 4535 cm,

331 4557 388 4595 v.
418 4539 515 4603 ‘27,
551 4541 623 4594 de
650 4539 873 4595 diabolo
894 4541 1099 4595 virtute
1119 4539 1328 4597 Christi
1356 4539 1617 4596 enerv'ato
1646 4541 1794 4596 hunc
1820 4557 1942 4594 ver-

332 4613 581 4667 siculum
616 4612 847 4685 accipit:
888 4632 909 4662 ι
946 4613 1126 4685 Draco
1154 4613 1245 4667 hic
1276 4630 1439 4685 quem
1470 4612 1674 4667 tinxisti
1699 4612 1769 4685 ad
1808 4611 1939 4685 illu-

334 4685 590 4739 dendum
621 4681 692 4737 ei.
719 4681 845 4738 Jam
874 4688 935 4738 tu
957 4684 1131 4739 illude
1146 4681 1411 4752 draconi;
1444 4685 1514 4738 ad
1544 4685 1647 4738 hoc
1674 4684 1823 4737 enim
1851 4682 1943 4737 hic

332 4757 521 4810 factus
543 4760 629 4809 est
639 4755 827 4826 draco.
849 4773 871 4804 ›
888 4755 969 4809 De
988 4773 1097 4826 qua
1111 4756 1370 4811 illusione
1389 4756 1614 4810 consule
1625 4754 1877 4826 Magistr.
1900 4768 1944 4809 II

332 4834 508 4891 sent.,
532 4824 776 4898 dist.3,§
807 4824 1049 4898 Ideoque
1068 4828 1221 4881 Idem
1234 4827 1599 4898 Augustinus,
1624 4843 1792 4898 serm.
1826 4824 1939 4894 197,

332 4899 408 4953 de
427 4899 742 4970 Tempore,
759 4896 856 4970 qui
870 4896 1021 4970 est?
1050 4896 1354 4970 Dominicis
1375 4898 1571 4970 primae
1593 4902 1720 4970 post
1736 4897 1945 4970 festum

333 4969 711 5041 sanctissimae
729 4968 1039 5041 Trinitatis.
1061 4970 1171 5024 alia
1184 4968 1549 5025 similitudine
1560 4968 1713 5024 canis
1731 4969 1945 5041 alligati

337 5040 553 5096 diaboli
582 5039 975 5112 impotentiam
1006 5041 1277 5111 explicat:
1324 5061 1347 5092 ι
1381 5041 1658 5112 Alligatus
1702 5046 1788 5096 est
1814 5039 1946 5097 tan-

384 5130 518 5167 uam
537 5112 694 5185 canis
719 5111 956 5185 innexus
967 5113 1199 5185 catenis,
1222 5118 1280 5167 et
1297 5111 1578 5168 neminem
1602 5117 1787 5185 potest
1800 5130 1947 5167 mor-

342 5131 518 5238 quam
537 5131 694 5166 canis
719 5131 1199 5174 mnexuscatems,
1222 5131 1280 5167 et
1297 5131 1578 5168 neminem
1602 5131 1787 5185 pOICSI.
1800 5131 1944 5167 mor-

386 5201 509 5248 ere,
535 5183 643 5237 nisi
679 5199 807 5237 eum
830 5182 927 5253 qui
948 5199 1007 5236 se
1048 5183 1126 5237 illi
1156 5185 1439 5240 mortifera
1485 5186 1784 5241 securitate
1810 5201 1944 5240 con-

333 5255 614 5338 jpnxerit.
640 5256 774 5336 1am.
786 5254 1235 5338 videte-fratres,
1265 5274 1430 5338 quam
1454 5259 1659 5338 stultus
1676 5263 1762 5338 est
1780 5257 1948 5338 horno

338 5325 441 5382 ille
463 5342 633 5398 quem
654 5325 809 5380 canis
839 5325 898 5379 in
928 5332 1124 5399 catena
1162 5325 1374 5399 positus
1402 5328 1637 5383 mordet.
1678 5329 1762 5384 Tu
1792 5334 1849 5382 te
1869 5328 1949 5382 illi

337 5399 788 5471 pervoluntates
808 5403 865 5451 et
883 5398 1217 5468 cupiditates
1238 5399 1423 5454 saeculi
1453 5400 1566 5471 noli
1587 5401 1947 5470 conjungere,

337 5469 521 5543 etille
532 5469 603 5524 ad
626 5475 684 5524 te
706 5485 817 5523 non
839 5471 1130 5543 praesumit
1154 5472 1433 5543 accedere.
1482 5470 1715 5526 Latrare
1745 5469 1948 5543 petest,

338 5541 652 5665 solliciéare
682 5546 885 5614 potest,
914 5542 1173 5597 mordere
1210 5542 1436 5598 omnino
1472 5559 1583 5597 non
1615 5541 1800 5615 potest
1843 5542 1951 5597 nisi

338 5628 411 5665 vo
433 5629 505 5665 en
573 5630 646 5665 m.
679 5631 704 5664 ι)

336 5620 646 5667 volentem.
679 5631 704 5664 ι)

421 5683 535 5754 (4:2)
567 5686 900 5757 Adveniente
928 5687 1163 5741 Domino
1192 5686 1498 5741 destructus
1526 5691 1602 5740 est
1638 5686 1951 5757 inimicus.]

2027 482 2123 540 sus
2141 463 2379 540 existere
2399 463 2684 540 cmpimus.
2724 464 3105 540 »_Cassianus,
3139 466 3324 521 collat.
3366 463 3621 540 Vin-cap.

2026 535 2129 608 2.37:
2172 554 2195 586 α
2240 536 2460 589 Virtute
2490 535 2669 589 crucis
2700 535 2869 589 etiam
2910 536 3135 591 deserta
3165 543 3515 608 penetrante,
3564 535 3627 595 et

2026 606 2233 682 ubique
2263 608 2385 677 ejus
2410 610 2592 682 gratia
2621 614 2964 682 coruscante,
3010 606 3201 662 retusa
3248 615 3353 663 est‘
3374 610 3628 682 nequitia

2026 678 2363 751 daemonum.
2392 696 2418 730 ι)
2448 679 2585 732 Vide
2612 678 2759 733 dicta
2786 679 2854 733 ad
2873 696 3169 734 numerum
3194 678 3620 751 praecedentem.

2099 750 2378 824 (43)A0uia
2407 755 2595 824 clauso
2632 754 2765 824 ostio
2795 752 3103 824 interiore]
3153 750 3217 807 In
3247 769 3312 806 ea
3361 753 3624 824 opinione

2022 822 2130 895 fuit
2158 822 2457 895 aliquando
2487 822 2802 895 Alexander
2821 821 3323 895 ab_Alexandro,ut
3349 821 3468 895 ipse
3494 833 3628 895 εἶθ

2025 894 2214 959 refert,
2249 893 2466 948 Genial.
2500 894 2640 947 dier.
2664 894 2700 947 l.
2737 908 2787 958 v,
2812 910 2859 947 c.
2884 893 2937 959 2,
2959 895 3174 948 nullum
3197 893 3453 951 videliéet
3479 913 3513 951 a
3542 893 3625 951 le-

2025 966 2281 1021 muribus
2304 966 2611 1036 periculum
2636 982 2756 1019 esse
2780 964 2938 1019 ostiis
2954 966 3274 1021 obsecratis.
3311 967 3419 1021 Sed
3453 985 3625 1036 quam

2028 1055 2155 1092 eum
2182 1054 2285 1091 sua
2313 1036 2572 1091 fefellerit
2600 1037 2805 1107 opinio,
2840 1042 3035 1091 narrat
3062 1038 3183 1107 ipse
3230 1038 3423 1093 eodem
3470 1036 3620 1096 loco.

2024 1109 2245 1163 Videsis
2271 1109 2570 1235 'Iélbyracum
2599 1114 2875 1177 nostrum,
2905 1109 2975 1163 de
3003 1109 3165 1164 Locis
3192 1109 3426 1177 infestis,
3462 1117 3624 1183 parte

2024 1195 2109 1235 Ill.
2143 1198 2263 1235 can.
2374 1226 2386 1235 .

2022 1195 2109 1239 IlI.
2143 1198 2263 1239 cap.
2299 1195 2386 1239 0U.

2413 1253 2676 1326 theatrali
2697 1255 3014 1326 mutatione
3046 1252 3418 1326 formarum]
3449 1253 3625 1310 Obvia

2024 1322 2391 1378 similitudine
2408 1324 2656 1378 diversas
2678 1325 2992 1379 daemonum
3017 1324 3231 1396 species
3252 1330 3308 1379 et
3322 1322 3625 1396 apparitio-

2024 1412 2124 1469 nes
2151 1396 2416 1469 illustrat.
2438 1397 2617 1469 Notus
2638 1396 2846 1469 theatri
2873 1413 3160 1467 scenaeque
3174 1413 3314 1461 mos,
3340 1414 3468 1451 cum
3501 1396 3625 1469 quis

2027 1467 2307 1540 diversam
2326 1468 2565 1523 formam
2593 1468 2777 1522 induit
2807 1485 3217 1540 personamque
3244 1469 3504 1524 sustinet.

2100 1537 2217 1606 (45)
2238 1541 2440 1605 Magna
2460 1541 2719 1592 adversus
2732 1537 3027 1593 damonem
3041 1537 3205 1594 amna
3224 1546 3356 1594 sunt
3379 1544 3495 1595 vita
3512 1542 3628 1595 sin-

2029 1616 2223 1683 eeraiet
2244 1613 2574 1683 intemerata
2588 1614 2649 1663 in
2669 1612 2840 1683 Deum
2862 1609 3040 1683 ﬁdes.]
3055 1612 3241 1683 Delrio
3263 1616 3472 1683 noster,
3485 1617 3625 1683 tom.

2030 1682 2107 1735 ΙΙΙ
2143 1681 2386 1751 Disquis.
2420 1681 2642 1762 Magio,
2674 1680 2815 1735 libro
2840 1696 2915 1746 γι,
2948 1680 3068 1807 cap.
3104 1682 3325 1764 2,.sect.
3378 1682 3429 1739 3.
3460 1701 3513 1754 q.
3568 1682 3621 1748 3,

2030 1768 2199 1807 agens
2219 1753 2287 1807 de
2308 1752 2571 1806 remediis
2593 1754 3007 1807 sunematurali
3050 1771 3115 1807 us
3130 1754 3328 1807 lelnlS
3341 1772 3438 1807 seu
3456 1755 3621 1807 eccle-

2027 1768 2199 1822 agens
2219 1753 2287 1807 de
2308 1752 2571 1806 remediis
2593 1752 3115 1823 supematuralibus
3130 1753 3328 1807 divinis
3341 1772 3438 1809 seu
3456 1752 3627 1809 eccle-

2026 1823 2270 1896 siasticis
2295 1830 2491 1877 contra
2515 1824 2806 1896 maleﬁcia,
2839 1825 2948 1879 duo
2977 1825 3093 1879 hare
3120 1826 3368 1879 remedia
3398 1826 3575 1896 ponit.

2094 1895 2366 1967 Primum,
2402 1895 2603 1965 inquit,
2626 1896 2939 1950 remedium
2970 1897 3029 1951 in
3056 1897 3160 1950 hoc
3181 1895 3543 1967 genere’vera
3568 1901 3627 1952 et

2020 1965 2145 2021 viva
2166 1966 2322 2030 fides,
2353 1966 2458 2020 hoc
2496 1972 2598 2038 est,
2626 1967 2902 2021 charitate
2925 1969 3028 2022 Dei
3051 1973 3107 2021 et
3126 1965 3363 2038 proximi
3394 1970 3622 2025 vallata.

2022 2038 2141 2092 Hoc
2169 2044 2392 2092 scutum
2420 2037 2581 2110 nobis
2613 2038 2837 2108 praefert
2875 2044 2932 2093 et
2958 2037 3168 2110 praebet
3211 2039 3370 2094 divus
3415 2040 3624 2095 Paulus

2022 2110 2093 2163 ad
2126 2110 2393 2179 Ephesios
2422 2109 2669 2163 scribens
2704 2111 2909 2177 (Ephes.
2944 2109 3062 2180 vi);
3096 2111 3242 2165 hanc
3280 2111 3511 2165 loricam
3560 2117 3626 2167 ut

2020 2181 2541 2235 Thessalonicenses
2568 2181 2825 2245 induant,
2858 2188 3023 2252 urget
3052 2182 3091 2251 (Ι
3144 2183 3317 2236 Thess.
3351 2190 3439 2248 v);
3480 2183 3625 2237 hanc

2021 2252 2138 2306 suis
2158 2252 2445 2321 discipulis
2479 2252 2837 2306 commendat
2855 2269 3093 2323 magnus
3112 2253 3206 2307 ille
3216 2253 3515 2309 Antonius.
3533 2255 3625 2310 Sic

2023 2323 2303 2393 Cypriano
2333 2339 2538 2392 magno
2560 2323 2775 2377 dmmon
2797 2324 3104 2394 respondit,
3143 2345 3165 2376 ι
3190 2341 3250 2378 se
3282 2324 3490 2379 Christi
3511 2326 3624 2381 ﬁde

2021 2394 2255 2449 munitis
2266 2410 2465 2447 nocere
2478 2411 2588 2448 non
2600 2411 2761 2465 posse
2779 2396 3069 2456 (Nazians.
3083 2439 3094 2460 ,
3109 2401 3251 2449 orat.
3269 2398 3331 2448 in
3345 2398 3533 2464 Cypr.)
3543 2437 3555 2449 .
3591 2415 3618 2450 »

2021 2466 2112 2520 Sic
2130 2465 2279 2535 apud
2303 2465 2635 2519 Cassianum
2659 2466 2769 2520 duo
2800 2466 3135 2537 philosophi,
3153 2483 3277 2520 cum
3303 2467 3623 2522 daemonum

2022 2536 2320 2608 praestigiis
2350 2537 2656 2591 Antonium
2684 2536 3031 2607 perturbare
3053 2554 3164 2591 non
3192 2543 3437 2608 possent.
3466 2556 3622 2593 com-

2021 2608 2332 2679 probarunt
2354 2628 2378 2659 «
2396 2625 2659 2678 magnam
2674 2609 3002 2680 professioni
3017 2609 3466 2680 Christianorum
3479 2610 3623 2667 ines-

2022 2678 2083 2753 se
2111 2680 2659 2753 virtutemj‘Cassian.
2673 2678 2691 2745 ξ
2707 2685 2891 2753 collat.
2914 2695 3030 2746 vni,
3050 2697 3167 2753 cap.
3190 2678 3297 2753 18).
3313 2699 3344 2753 _»
3364 2680 3454 2735 Sic
3474 2682 3622 2753 apud

2024 2751 2347 2823 Cornelium
2377 2751 2770 2823 Kempensem,
2806 2750 2947 2805 libro
2977 2767 3036 2806 In
3076 2752 3145 2806 de
3186 2751 3401 2823 origine
3429 2758 3488 2807 et
3509 2750 3622 2808 situ

2023 2822 2235 2885 Frisize,
2268 2839 2388 2895 cap.
2423 2821 2483 2895 3i
2529 2821 2539 2823 ἡ
2566 2841 2594 2875 α
2623 2822 2893 2876 Albarum
2924 2821 3300 2895 nympharum
3327 2824 3623 2895 praestigiae

2023 2894 2414 2975 postagnitum
2435 2893 2715 2975 sincerum
2738 2894 2836 2948 Dei
2852 2893 3214 2975 getiam
3227 2893 3578 2975 evailperunt
3591 2916 3618 2947 »

2022 2964 2082 3018 in
2113 2964 2293 3037 Frisia
2320 2982 2421 3035 per
2448 2966 2701 3019 chartam
2733 2966 2911 3019 sancti
2962 2966 3207 3037 Odulphi
3246 2967 3315 3022 de
3344 2966 3619 3023 Trinitate

2021 3035 2304 3107 scriptam,
2339 3042 2397 3090 et
2424 3054 2524 3107 per
2548 3037 2818 3107 paroecias
2847 3037 3079 3091 missam
3108 3035 3165 3092 et
3193 3039 3415 3093 lectam.

2094 3108 2413 3162 Secundum
2439 3114 2525 3162 est
2553 3108 2664 3161 vita
2695 3108 2931 3163 sincera.
2967 3110 3047 3163 De
3085 3110 3481 3164 mandatorum
3518 3109 3621 3164 Dei

1959 3166 2375 3233 Cobservantia
2401 3184 2459 3234 et
2494 3179 2621 3234 vitae
2650 3179 2990 3245 innocentia,
3021 3197 3190 3250 quam
3205 3180 3278 3234 sit
3307 3180 3498 3235 efficax
3530 3198 3622 3236 re-

2020 3251 2291 3323 medium,
2324 3251 2523 3305 docere
2543 3256 2781 3323 possunt
2808 3252 2967 3306 divus
2990 3252 3302 3323 Cyprianus
3331 3252 3402 3306 ad
3426 3252 3623 3323 Fortu-

2021 3270 2291 3315 meulum,
2324 3270 2523 3305 nocere
2543 3270 2781 3321 possunt.
2808 3270 2967 3306 alvus
2990 3270 3064 3323 uy
3111 3270 3302 3306 manus
3331 3270 3402 3306 aa
3426 3270 3618 3307 rortu—

2021 3328 2239 3385 natum,
2262 3322 2331 3393 de
2352 3322 2737 3393 exhortatione
2756 3322 3042 3393 martyrii;
3067 3270 3411 3385 iactantius,
3435 3322 3530 3377 lib.
3556 3336 3618 3389 II,

2022 3394 2204 3518 capite
2244 3390 2340 3461 l6;
2374 3399 2431 3449 et
2457 3392 2786 3448 Ambrosius
2814 3390 3143 3459 Ansbertus,
3168 3392 3309 3448 libro
3332 3408 3387 3460 ν,
3407 3394 3626 3465 inApo-

2022 3481 2085 3518 ca
2109 3482 2202 3518 vn.
2236 3481 2357 3518 can.
2391 3479 2467 3518 x1.

2022 3479 2202 3521 calvo.
2236 3481 2357 3521 cap.
2391 3479 2467 3519 XI.

2229 3481 2469 3609 ﬁget};
2485 3536 2538 3591 Ν
2538 3538 2606 3590 ili
2625 3536 2993 3609 inundatione
3011 3538 3245 3609 solemni
3251 3536 3289 3609 .]
3308 3535 3478 3604 Infra,
3488 3553 3619 3609 cap.

2019 3601 2126 3664 20’:
2164 3627 2187 3659 ε
2222 3607 2453 3673 Quoties
2475 3612 2781 3677 augmenta
2809 3605 2922 3661 Nili
2955 3607 3204 3662 ﬂuminis
3250 3601 3443 3663 futura
3467 3601 3623 3663 dixe-

2021 3681 2184 3751 runt!
2202 3700 2226 3733 ))
2252 3681 2332 3736 De
2357 3678 2715 3751 praedictione
2726 3679 3044 3733 daemonum
3063 3680 3188 3734 vide
3201 3679 3619 3735 Onomastieon.

2095 3750 2196 3817 (47)
2228 3750 2441 3808 Indieto
2478 3752 2586 3806 sibi
2628 3750 2894 3820 silentia]
2944 3751 3092 3805 Luce
3135 3751 3420 3822 Evangelii
3466 3768 3625 3807 coru-

2024 3829 2236 3891 scante,
2290 3824 2571 3878 idolorum
2632 3822 2882 3877 defecere
2928 3823 3180 3881 oracula.
3259 3822 3617 3890 Prudentius,

2022 3895 2229 3966 Apoth.
2262 3912 2312 3947 v.
2341 3895 2447 3950 503
2470 3914 2481 3949 :

2149 3999 2337 4065 Exque
2363 4001 2612 4065 mortalem
2630 3999 2937 4065 prastrinxit
2963 4000 3379 4065 Spiritusislvum,

2152 4014 2216 4048 ω
2244 4014 2337 4063 quo
2363 4014 2612 4048 mortalem
2630 4014 2937 4111 prasinum
2963 4014 3175 4065 Spiritus
3200 4014 3345 4051 alvun

2152 4062 2366 4133 Spiritus
2393 4062 2475 4133 ille
2503 4061 2608 4133 Dei,
2648 4077 2757 4133 _eus
2783 4070 2933 4133 ;_ets_e
2964 4077 3156 4133 corpore
3177 4063 3345 4133 Matris

2150 4124 2339 4188 Induit,
2367 4129 2507 4187 atque
2530 4125 2772 4174 hominem
2798 4127 2853 4174 de
2875 4124 3149 4188 virginitate
3174 4128 3370 4183 creavit,

2146 4187 2379 4251 Delphica
2408 4188 2650 4236 damnatis
2674 4193 2923 4237 tacuerunt
2949 4190 3159 4239 sortibus
3189 4195 3341 4239 antra.

2023 4286 2190 4368 Vide‘
2194 4286 2497 4368 Eusebium
2506 4286 2595 4368 _de
2615 4287 2919 4368 Praeparat.
2954 4288 3241 4368 Evangel.,
3274 4288 3620 4368 lib._v,.c.p8,

2064 4358 2119 4411 ui
2149 4357 2434 4412 Plutarchi
2464 4356 2669 4412 librum
2700 4356 2840 4412 citat
2874 4359 2945 4413 de
2980 4356 3335 4416 oraculorum
3370 4356 3621 4416 Delectu.

2075 4428 2163 4504 ide
2182 4435 2239 4482 et
2258 4428 2509 4504 Suidam,
2527 4429 2585 4482 in
2605 4431 2889 4504 Augusto;
2914 4430 3170 4504 Niceph.,
3185 4429 3285 4504 lib.
3306 4448 3344 4504 Ι,
3374 4448 3495 4504 cap.
3518 4428 3590 4488 17
3607 4450 3620 4499 ;

1956 4492 2006 4551 D
2025 4499 2361 4576 Cedrenum,
2394 4500 2453 4554 in
2478 4492 2785 4576 Compend.
2802 4492 2931 4557 bist.
2966 4492 3090 4576 Quo
3106 4492 3246 4559 illud
3263 4502 3365 4576 Job
3386 4492 3508 4576 οεῖρ.
3530 4492 3621 4570 XL;

2020 4586 2074 4625 ν.
2105 4570 2194 4638 20,
2227 4571 2411 4626 facere
2438 4570 2636 4627 volunt
2656 4573 2992 4645 interpretes
3017 4592 3029 4627 :
3052 4573 3141 4630 An
3171 4570 3626 4644 extrahere-pote-

2021 4646 2104 4697 ris
2132 4645 2432 4698 Leviathan
2462 4644 2643 4711 hamo,
2674 4651 2724 4700 et
2750 4644 2887 4714 fune
2918 4647 3115 4714 ligabis
3136 4648 3393 4714 linguam
3422 4649 3579 4716 ejus?

2097 4731 2207 4802 (48)
2239 4735 2563 4806 Integritate
2594 4751 2705 4803 qua
2732 4740 2868 4789 nata
2897 4735 3018 4806 est.]
3049 4735 3136 4790 Ita
3163 4735 3267 4793 Ms.
3318 4741 3376 4793 et
3400 4736 3626 4793 Graecus

2026 4809 2237 4862 textus.
2277 4805 2446 4872 Editi,
2480 4812 2697 4862 renata.

2099 4892 2213 4971 (49)
2254 4896 2533 4949 Bonorum
2569 4898 2877 4971 spirituum
2908 4900 3296 4971 matprumque
3325 4899 3627 4971 discretio]

2028 4965 2213 5040 Delrio
2242 4967 2981 5040 nosterttomoIIDisquis.
3015 4965 3237 5040 Magicl,
3264 4971 3361 5025 lib.
3394 4984 3467 5038 IV,
3498 4988 3545 5026 c.
3576 4965 3623 5038 1,

2030 5055 2082 5109 q.
2117 5037 2168 5104 3,
2198 5044 2331 5092 sect.
2363 5037 2414 5104 6,
2444 5038 2514 5093 de
2543 5039 2764 5093 indiciis
2791 5037 2981 5110 petitis
3020 5057 3055 5095 a
3082 5037 3485 5099 révelationum
3517 5042 3628 5098 cir-

2028 5110 2401 5187 cumstantiis,
2428 5127 2494 5164 ex
2522 5110 2881 5187 _ha_c_Antonii
2920 5112 3195 5187 doctrina,
3237 5115 3399 5170 docet
3428 5115 3628 5170 adver-

2026 5182 2257 5236 tendum
2284 5198 2355 5235 an
2379 5198 2501 5252 quae
2519 5181 2680 5237 initio
2697 5182 2942 5253 mitem
2962 5185 3157 5240 laetitia
3176 5187 3539 5253 demulserat,
3563 5202 3631 5242 ea

2031 5253 2106 5307 sit
2133 5260 2326 5324 postea
2343 5254 2402 5307 in
2428 5253 2717 5309 horrorem
2731 5261 2789 5310 et
2804 5252 3108 5312 'mmrorem
3130 5275 3308 5313 versa.
3334 5261 3473 5314 Item
3491 5252 3630 5313 num

2070 5325 2130 5379 ui
2159 5325 2384 5398 capita
2412 5325 2706 5398 principio,
2746 5328 2955 5383 sensim
3006 5329 3207 5385 horror
3246 5337 3466 5386 amotus
3515 5346 3629 5385 non

2055 5396 2219 5470 'uerit,
2248 5397 2346 5470 sed
2369 5396 2630 5453 constans
2653 5400 3044 5470 permanserit.
3062 5402 3198 5458 Duae
3227 5403 3375 5458 enim
3398 5408 3530 5457 sunt
3544 5401 3629 5456 hze

2033 5468 2433 5543 revelationum
2465 5468 2734 5543 falsarum
2765 5479 2929 5527 notae.
2965 5473 3064 5528 Sin
3095 5480 3282 5529 autem
3316 5474 3476 5529 initio
3503 5472 3629 5543 qui-

2033 5540 2159 5617 dem
2189 5541 2357 5617 homo
2378 5542 2755 5617 perturbetur,
2790 5550 2847 5599 et
2877 5544 3127 5600 horroris
3155 5546 3365 5617 aliquid
3398 5540 3628 5617 persen-

2032 5612 2216 5685 tiscat,
2248 5611 2345 5666 sed
2366 5611 2723 5685 postmodum
2737 5616 2841 5671 hac
2857 5617 3117 5671 molestia
3139 5622 3197 5672 et
3209 5611 3489 5672 anxietate
3513 5614 3631 5670 ani-

2036 5683 2689 5760 midetersa,'dulc_edine
2715 5688 2958 5759 quadam
2982 5688 3207 5743 interna
3235 5685 3625 5760 perfundatur,

336 5756 472 5811 Mox
502 5774 523 5831 εΔ
543 5776 579 5831 1
593 5756 728 5831 quia
754 5757 1156 5831 inﬁrmatuses
1174 5775 1209 5813 a
1227 5758 1484 5831 Domino.
1507 5776 1547 5831 »Α
1561 5758 1731 5831 Infra,
1746 5760 1804 5831 in
1825 5754 1957 5812 Vita
2037 5754 2262 5825 signum
2282 5774 2403 5813 esse
2423 5756 2619 5831 divinas
2629 5754 3045 5815 consolationis.
3067 5754 3253 5831 Cujus
3258 5757 3344 5831 rei
3356 5758 3634 5831 naturalis

338 5827 530 5884 sancti
542 5828 850 5900 Pachomii,
883 5845 1004 5902 cap.
1028 5827 1134 5886 ’19:
1173 5850 1197 5883 ι
1228 5830 1307 5887 Ex
1336 5847 1447 5903 quo
1475 5826 1747 5888 mirabilis
1770 5830 1956 5887 incar-
2038 5842 2208 5884 causa
2234 5847 2356 5887 esse
2382 5829 2606 5886 videtur
2640 5831 2957 5904 antipathia
2985 5848 3108 5904 quae
3147 5826 3233 5887 est
3256 5826 3473 5886 homini
3502 5847 3635 5889 cum
