4004 6196
323 258 423 321 181

1212 255 1384 314 VITA
1420 255 1633 313 BEATI
1669 254 1974 314 ΑΝΤΟΝῙῙ
2009 251 2333 312 ABBATIS.
2373 251 2710 323 NOTATIO.

3488 256 3591 320 182

320 402 479 445 mum
505 401 695 442 secum
712 400 886 462 parva
904 385 1121 462 olerum
1137 362 1371 462 semina,
1396 389 1454 438 et
1472 383 1772 450 bisacutos,
1794 401 1919 457 par-
1933 385 1986 445 A
2000 455 2014 462 _
2077 381 2180 462 (7S)
2210 381 2336 462 Quo
2346 383 2526 462 factus
2539 391 2683 462 esset
2714 386 3063 462 monachus]
3085 389 3162 462 Ex
3180 388 3298 462 hoc,
3316 383 3439 443 loco
3467 387 3590 462 Bel-

320 476 532 530 vosque
559 457 826 514 sarculos.
860 479 884 510 ι)
916 458 1055 512 Vide
1083 457 1500 530 Onomasticon:

397 526 501 599 (63)
526 534 760 585 Bettuas.
786 530 997 596 Graece,
1020 530 1203 591 ὕαίνας,
1228 528 1496 598 [egenas]
1518 528 1658 582 Vide
1678 526 1920 584 Onoma-

319 602 523 658 sticon.

396 673 517 743 (64'!)
547 675 834 727 Tricinam
863 676 977 728 sive'
999 673 1366 744 funiculum]
1401 673 1591 728 Graece
1630 671 1792 743 σειρὰν
1832 679 1918 727 τοῦ

316 745 487 816 ἔργον,
513 746 836 816 funiculum
858 749 1052 811 operis.
1075 745 1131 800 Si
1157 745 1289 816 quid
1310 744 1378 798 de
1403 748 1610 799 tricina
1630 744 1913 812 invenero,

314 815 508 870 dieam
532 815 589 869 in
611 816 988 888 Onomastico.
1011 819 1098 870 An
1122 815 1366 888 trichina
1386 818 1600 888 τριχίνη,
1628 817 1786 887 quasi
1808 817 1921 888 epi-

314 888 387 941 lis
418 893 606 942 textus
628 887 949 941 funiculus?
975 888 1122 942 Editi
1149 887 1412 941 exhibent
1442 887 1680 953 tr’itiam,
1705 889 1792 942 vel
1813 887 1918 943 tri-

315 962 490 1024 ciam,
527 958 668 1012 forte
700 976 733 1012 a
760 959 915 1012 tricis
943 959 1093 1012 dicta
1121 963 1347 1013 tricina.

398 1028 511 1099 (65)
536 1031 705 1101 Quasi
723 1031 933 1101 xenia]
956 1031 1163 1101 Graece,
1197 1031 1299 1101 Κᾳὶ
1322 1026 1464 1101 αὐτὸς
1484 1029 1537 1082 δὲ
1562 1031 1729 1101 dianae
1751 1027 1920 1101 ἐφόδια

315 1098 497 1172 φέρων
532 1098 630 1154 ἀπὸ
672 1108 759 1154 τοῦ
800 1098 942 1171 ὅρουξ
984 1100 1181 1165 ἐξένιζεν
1226 1099 1397 1163 αὐτοὺς
1434 1110 1534 1162 τοῖς
1572 1098 1757 1171 λόγοὶς.
1785 1098 1919 1170 Ἰρδθ

313 1176 484 1241 quasi
528 1177 732 1227 viatica
786 1175 849 1225 de
896 1180 1076 1226 monte
1126 1176 1322 1239 ferens,
1372 1176 1514 1240 ipsos
1565 1175 1916 1239 spiritalibus

315 1251 665 1299 muneratur
708 1247 1066 1298 sermonibus.
1114 1244 1354 1308 Quidam
1389 1244 1519 1298 Mss.
1559 1244 1656 1297 lib.
1708 1244 1918 1298 habent

316 1318 539 1381 uenia,
566 1321 630 1370 ut
650 1321 707 1369 et
736 1322 949 1369 veteres
988 1315 1281 1369 editiones.
1324 1315 1463 1369 Vide
1495 1315 1911 1370 Onomasticon.

316 1387 411 1440 Sic
441 1387 737 1441 Ambrosio
766 1387 926 1441 initio
952 1387 1353 1442 exhortationis
1387 1387 1457 1439 ad
1487 1386 1768 1456 Virgines,
1796 1403 1919 1454 apo-

309 1460 546 1526 phoreta
592 1461 920 1513 sanctitatis.

394 1528 503 1595 (66)
524 1529 587 1584 Si
618 1532 929 1583 timebimus
950 1534 1153 1596 peccati
1175 1546 1326 1584 ceras
1349 1528 1638 1600 conscias.]
1664 1530 1750 1582 Ita
1770 1527 1917 1584 recte

313 1600 453 1654 Mss.
481 1601 831 1656 Coloniensis
868 1600 1038 1655 editio
1076 1619 1201 1656 cum
1233 1601 1645 1672 antiquioribus
1674 1601 1912 1666 exhibet,

314 1676 574 1727 maculas
593 1675 948 1735 conscientia,
971 1678 1075 1727 etc.
1106 1670 1387 1727 Eamdem'
1400 1672 1629 1726 Antonii
1662 1671 1920 1726 monitio-
1942 1712 1980 1736 η
2000 1671 2076 1724 ris
2102 1688 2172 1725 ne
2210 1670 2312 1724 tibi
2344 1671 2598 1724 Salvator
2627 1671 2777 1725 dicat
2809 1687 2820 1723 :
2853 1690 2878 1722 α
2907 1672 3190 1736 Irasceris,
3232 1673 3424 1733 Paula,

1940 1712 1982 1770 Β
2000 1742 2114 1795 ﬁlia
2146 1748 2245 1795 tua
2276 1745 2421 1798 facta
2449 1748 2534 1795 est
2562 1742 2675 1794 filia
2705 1742 2873 1794 mea?
2920 1762 2940 1790 ι
2976 1712 3251 1795 Eamdem
3284 1743 3392 1796 vim
3414 1712 3598 1797 ,halbet

314 1758 449 1797 nem
485 1744 656 1799 habet
680 1744 1038 1808 Sozomenus,
1072 1743 1149 1797 lib
1200 1759 1240 1809 Ι,
1273 1760 1320 1796 c.
1368 1742 1447 1798 13.

389 1814 505 1883 (6⁸)
527 1819 740 1869 Busiris
775 1816 1128 1882 Tripolitanz
1158 1815 1442 1884 regionis.]
1468 1814 1692 1885 Egypti
1720 1814 1915 1869 civitas

314 1891 407 1939 est
434 1885 494 1940 in
531 1887 829 1941 Busiritico
868 1886 1046 1940 Nonio
1079 1886 1320 1956 regionis
1344 1885 1720 1955 Tripolitanae.
1756 1886 1915 1949 Quod

314 1965 669 2027 postremum
699 1964 848 2012 recte
879 1957 1249 2011 distinctionis
1268 1974 1439 2011 causa
1467 1957 1749 2021 additum;
1784 1957 1917 2027 quia

315 2032 377 2099 et
417 2028 532 2082 alia
572 2030 765 2084 civitas
796 2028 1006 2083 Busiris
1044 2029 1101 2081 in
1139 2029 1397 2099 zEgypto,
1433 2035 1590 2081 extra
1626 2028 1915 2097 regionem

315 2098 749 2170 Tripolitanam,
785 2117 953 2170 quam
982 2100 1176 2153 volunt
1204 2098 1458 2153 eamdem
1478 2116 1599 2153 esse
1624 2116 1751 2153 cum
1776 2099 1918 2153 The-

312 2169 403 2295 ξε
422 2169 525 2225 Seu
550 2169 1051 2242 Diospoli’magna,
1076 2171 1134 2224 in
1151 2171 1467 2225 Thebarum
1490 2188 1590 2224 seu
1610 2171 1917 2241 Diospolite

371 2258 522 2295 omo.

371 2258 522 2298 omo.

396 2304 503 2382 (ὅθι)
528 2314 1141 2384 Paphnutium.]llujus
1156 2312 1429 2384 memoria
1439 2313 1670 2367 celebris
1687 2313 1743 2367 in
1767 2314 1915 2367 Mar-

313 2385 603 2456 tyrologio
647 2383 1001 2450 Romanofli
1039 2383 1344 2456 Septemb,
1378 2385 1447 2438 de
1504 2402 1613 2455 quo
1657 2385 1915 2456 Rufﬁnus

312 2454 413 2507 lib.
450 2471 471 2509 ι
502 2453 618 2526 suae
661 2458 936 2521 Historiae,
977 2453 1163 2526 capfli
1195 2461 1251 2509 et
1282 2453 1380 2521 '17;
1434 2453 1708 2519 Socrates,
1744 2455 1837 2508 lib.
1872 2471 1910 2521 Ι,

312 2527 505 2596 capite
531 2525 601 2593 8;
633 2525 1211 2587 TheodoretusJibro
1233 2544 1268 2589 ι,
1298 2544 1420 2596 cap.
1455 2527 1519 2592 7;
1552 2527 1909 2593 Sozomenus,

312 2598 462 2651 libro
494 2613 533 2661 1,
558 2616 680 2669 cap.
711 2599 818 2665 “2‘2;
857 2598 1223 2668 Nicephorus,
1264 2597 1409 2651 libro
1445 2611 1558 2660 vui,
1593 2614 1693 2668 cap
1749 2598 1817 2650 14
1859 2603 1916 2652 et

317 2668 404 2734 I‘J,
430 2669 529 2723 ubi
544 2668 881 2738 superiorem
904 2670 1207 2724 Thebarum
1223 2669 1547 2739 episcopum
1566 2674 1738 2721 vocat.
1756 2670 1911 2723 Idem

311 2742 384 2795 de
403 2758 493 2805 eo,
508 2758 632 2811 cap.
658 2739 743 2803 49,
768 2742 965 2795 eodem
984 2740 1141 2794 libro.
1166 2740 1427 2810 Ejusdem
1452 2756 1673 2810 quoque
1690 2740 1912 2793 honori-

311 2814 422 2865 ﬁca
451 2812 662 2865 mentio
688 2813 745 2866 in
773 2813 924 2866 Actis
957 2811 1340 2883 Metrophanis
1366 2817 1423 2883 et
1442 2811 1735 2865 Alexandri
1762 2812 1910 2883 apud

310 2883 607 2945 Photium,
641 2883 698 2937 in
746 2884 1107 2947 Bibliotheca,
1146 2882 1270 2937 cod.
1304 2882 1428 2937 256.
1464 2883 1549 2937 De
1579 2882 1702 2935 aliis
1741 2882 1910 2936 variis

310 2954 675 3081 ICZIIphiligtiis,
708 2954 830 3008 vide
855 2955 945 3009 hic
974 2954 1272 3020 notation.,
1304 2953 1375 3007 ad
1405 2954 1636 3019 Rullin.,
1681 2953 1821 3008 libro
1850 2969 1908 3020 ιι,

312 3042 437 3081 cap.
484 3038 571 3081 lZ.

426 3067 437 3078 .
484 3044 571 3081 ιχ.

380 3044 525 3161 IQuae
558 3102 903 3166 sequuntur:
932 3115 959 3151 α
991 3097 1100 3161 Qui
1121 3096 1335 3151 ell'ossis
1359 3113 1460 3167 pro
1491 3096 1711 3151 Christo
1740 3097 1914 3151 oculis

308 3167 416 3222 sub
474 3169 813 3223 Maximiano
864 3174 1237 3240 persecutore,
1272 3167 1371 3222 tali
1414 3169 1912 3240 dehonestamento

309 3241 569 3311 corporis
608 3238 913 3310 plurimum
938 3238 1288 3310 gloriabatur
1309 3261 1358 3304 ν,
1391 3239 1596 3293 desunt
1625 3239 1684 3291 in
1720 3239 1912 3311 Graeco

308 3311 644 3382 exemplari.
666 3311 911 3365 Inseruit
927 3330 995 3365 ea
1014 3311 1293 3382 interpres
1316 3311 1604 3380 Evagrius,
1624 3315 1689 3363 ut
1707 3310 1911 3364 clarius

305 3382 380 3436 ab
407 3381 537 3454 aliis
574 3382 788 3454 aliquot
806 3383 1136 3454 Paphnutiis
1163 3381 1623 3454 distingueretur.

385 3451 492 3521 (59)
524 3451 1052 3524 Baianas-lamenta]
1084 3453 1287 3508 Rarius
1319 3452 1568 3513 verbum,
1601 3452 1802 3524 saeculo
1832 3457 1913 3506 ta-

305 3541 441 3579 men
465 3542 533 3580 eo
559 3526 789 3579 etveteri
822 3522 1050 3597 quoque
1065 3526 1363 3597 usitatum.
1376 3524 1467 3578 Sic
1490 3524 1598 3589 hic,
1619 3540 1665 3578 c.
1688 3522 1913 3591 37,3):‘0-

305 3597 653 3650 bamentum.
686 3597 826 3650 Vide
866 3597 1283 3651 Onomasticon.
1317 3596 1463 3649 Vera
1502 3612 1568 3650 ea
1597 3601 1912 3665 martyrum

298 3667 507 3735 gloria,
543 3667 865 3722 vulneribus
895 3668 1166 3733 decorari,
1201 3685 1323 3739 quae
1353 3667 1555 3739 saeculo
1576 3667 1911 3739 dehonesta-

301 3746 502 3810 menta
530 3745 682 3810 sunt.
716 3739 941 3793 Illustre
967 3738 1282 3810 exemplum
1304 3738 1453 3808 apud
1474 3738 1907 3802 Nazianzenum,

302 3808 596 3864 Invectiva
623 3809 656 3866 '2
690 3810 748 3864 in
776 3810 1084 3865 Iulianum.

374 3881 492 3948 (Ῑο)
510 3885 798 3936 Ammonis
830 3884 1089 3937 monachi
1111 3881 1412 3950 animam.]
1445 3880 1628 3934 Etiam
1655 3877 1913 3932 meminit

300 3951 669 4023 Sozomenus,
700 3952 797 4005 lib.
831 3967 869 4017 I,
903 3969 1029 4023 cap.
1078 3950 1169 4020 l4;
1215 3953 1491 4023 Socrates,
1529 3950 1625 4005 lib.
1675 3955 1910 4023 Iv,_6§

302 4038 408 4092 cap
444 4021 545 4095 718.
587 4023 945 4095 Manuscripti
970 4019 1091 4095 'fere
1120 4019 1342 4093 semper
1369 4022 1572 4086 Aman,
1604 4037 1716 4075 non
1746 4019 1912 4074 decli-

302 4094 514 4148 nando.
551 4094 641 4148 Sic
671 4101 729 4148 et
757 4094 946 4149 Graece
987 4094 1194 4165 Ἀμοῦν.

376 4164 460 4229 (7|
474 4175 489 4229 )
504 4168 712 4219 Itinere
738 4182 948 4234 quoque
967 4163 1188 4219 dierum
1211 4165 1511 4234 tredecim]
1526 4163 1705 4218 Credo
1723 4164 1910 4218 locum

299 4236 557 4307 Antonii,
573 4235 669 4307 qui
690 4253 726 4289 a
741 4236 926 4289 Nitria
945 4251 1046 4290 xm
1068 4234 1286 4290 dierum
1307 4235 1510 4290 itinere
1531 4234 1907 4307 distat,intel-

1967 2738 2336 2808 singularem
2367 2737 2748 2793 excellentiam
2782 2737 2909 2791 vitae
2937 2738 3264 2807 spiritualis,

2000 453 2290 518 larminus,
2321 458 2474 508 tomo
2505 456 2597 519 1V,
2631 457 2687 510 in
2730 460 2945 513 Judicio
2975 453 3063 514 de“
3082 461 3222 514 libro
3272 460 3591 515 Concordiae

2002 527 2469 601 _Luth_eranorum,
2492 529 2780 583 mendacio
2800 529 2887 596 2‘2,
2922 532 3134 601 colligit
3163 532 3409 601 aliquam
3442 532 3590 585 inter
3633 595 3639 601 η

2000 598 2343 672 baptismum
2388 602 2445 651 et
2481 602 2883 672 monachorum
2918 598 3401 672 religionem—esse
3438 602 3591 656 simi-

2002 670 2325 733 litudinem;
2353 670 2496 744 quod
2520 670 2663 744 sicut
2685 672 2750 744 in
2782 670 3052 744 baptismo
3082 674 3388 727 remittitur
3408 673 3590 727 omnis

1998 757 2166 813 poena
2184 739 2423 815 peccatis
2449 740 2659 815 debita,
2679 743 2759 796 ita
2780 739 2998 814 quoque
3019 745 3074 798 in
3096 745 3445 815 susceptione
3465 745 3590 799 vitae

2001 811 2322 867 monasticae
2342 812 2462 865 fieri
2475 814 2737 867 credibile
2751 811 2852 868 est.
2874 811 3033 878 Quod
3047 833 3180 870 sane
3198 811 3590 871 et—sanctorum

2001 886 2233 959 Patrum
2246 883 2600 959 testimoniis.
2628 891 2686 939 et
2703 891 3022 959 sanctorum
3039 888 3283 941 virorum
3296 887 3587 959 exemplis,

2002 962 2059 1010 et
2078 954 2535 1009 scholasticorum
2561 956 2813 1010 doctrina
2837 958 3057 1026 egregie
3089 960 3364 1013 ﬁrmatur.

2072 1028 2141 1081 Et
2161 1026 2385 1097 quidem
2419 1027 2753 1100 adiPatrum
2776 1028 3165 1082 auctoritatem
3189 1032 3334 1100 quod
3366 1031 3586 1095 attinet,

2001 1099 2397 1168 Hieronymus,
2430 1099 2589 1168 epist.
2615 1099 2705 1163 25,
2731 1100 2811 1153 ita
2840 1100 3077 1154 Paulum
3097 1101 3165 1154 de
3183 1099 3334 1155 obitu
3354 1103 3592 1157 Blesilla;

2000 1171 2126 1224 ﬁliae
2172 1168 2386 1223 solatur
2420 1186 2450 1242 :_
2474 1169 2703 1237 Revera,
2737 1171 2937 1242 inquit,
2986 1171 3034 1225 si
3070 1173 3334 1227 saeculare
3372 1174 3592 1228 deside-

1997 1242 2166 1315 rium,
2205 1244 2295 1315 e_t(
2308 1239 2455 1309 quod
2486 1242 2697 1315 Dousa
2740 1239 2857 1296 suis
2887 1248 3121 1310 avertat)
3151 1244 3376 1298 delicias
3422 1244 3591 1315 hujus

1997 1313 2122 1367 vitae
2135 1310 2472 1382 cogitantem
2487 1329 2637 1367 mors
2650 1313 2954 1367 immatura
2971 1310 3596 1386 rapuisset,plangenda

2001 1390 2154 1458 erat;
2180 1398 2326 1437 nunc
2354 1398 2482 1437 vero
2511 1401 2641 1439 cum
2667 1385 2907 1455 propitio
2938 1386 3176 1458 Christo,
3203 1385 3333 1441 ante
3353 1385 3595 1458 quatuor

2000 1456 2123 1509 fere
2144 1470 2381 1516 menses,
2407 1458 2649 1529 secundo
2679 1457 3088 1529 quodammodo
3118 1475 3178 1511 se
3208 1456 3478 1529 propositi
3502 1458 3595 1512 ba-

2000 1529 2206 1599 ptismo
2252 1528 2467 1586 laverit,
2502 1533 2560 1581 et
2597 1528 2677 1581 ita
2714 1528 2973 1598 deinceps
3019 1528 3240 1593 vixerit,
3272 1528 3337 1584 ut
3384 1530 3595 1584 calcato

2000 1600 2209 1653 mundo
2239 1613 2460 1668 semper
2490 1600 2891 1652 monasterium
2921 1599 3267 1668 cogitaverit,
3301 1618 3411 1655 non
3441 1618 3595 1655 vere-

3462 1689 3596 1742 quia

1999 1814 2169 1867 etiam
2200 1814 2298 1869 illa
2322 1814 2573 1884 ejusdem
2602 1812 2930 1884 Hieronymi
2958 1813 3269 1884 cohortatio
3300 1815 3368 1868 ad
3397 1815 3595 1869 Deme-

1997 1884 2257 1964 triadem,
2291 1883 2450 1957 epist.
2474 1883 2507 1937 8
2535 1902 2552 1964 ε
2579 1909 2593 1930 ι
2631 1883 3030 1964 Nunc,inquit,
3064 1884 3195 1953 quia
3215 1886 3480 1964 saeculum
3510 1903 3597 1939 re-

1998 1955 2232 2039 liquisti,
2267 1954 2738 2039 cat—secundopo‘st
2766 1954 3107 2039 baptismum
3121 1956 3301 2039 grradu
3324 1956 3482 2039 inisti
3497 1974 3597 2039 pa-

1999 2032 2151 2080 ctum
2190 2045 2315 2082 cum
2338 2025 2655 2082 adversario
2683 2031 2800 2087 tuo,
2825 2025 3015 2080 dicens
3036 2025 3086 2078 ei
3116 2044 3127 2078 :
3165 2027 3444 2081 Renuntio
3468 2025 3591 2093 tibi,

2001 2097 2238 2162 diabole,
2272 2106 2329 2154 et
2358 2098 2558 2153 saeculo
2595 2102 2714 2170 tuo,
2747 2102 2803 2170 et
2832 2114 3048 2170 pompa:
3078 2102 3208 2163 tuae,
3239 2104 3297 2152 et
3334 2099 3595 2170 operibus

2000 2170 2131 2233 tuis,
2148 2188 2304 2225 serva
2320 2171 2496 2224 foedus
2507 2169 2654 2238 quod
2672 2168 2986 2238 pepigisti.»
3005 2170 3242 2223 Sanctus
3254 2168 3593 2237 Bernardus,

2001 2239 2093 2293 lib.
2118 2240 2186 2295 de
2203 2243 2482 2312 Praecepto
2513 2246 2570 2293 et
2591 2239 3039 2312 Dispensatione,
3060 2256 3170 2312 non
3189 2242 3379 2311 procul
3400 2258 3433 2295 a
3460 2244 3591 2308 ﬁne,

2001 2328 2114 2366 non
2130 2314 2313 2367 solum
2334 2309 2588 2373 id‘docet,
2609 2309 2705 2363 sed
2723 2310 3001 2379 duplicem
3026 2309 3245 2364 etiam‘a
3258 2312 3595 2381 quihusdam

1998 2383 2066 2436 de
2094 2385 2198 2438 hoc
2226 2385 2348 2454 ipso
2370 2388 2599 2453 rogatus
2614 2398 2842 2454 causam
2868 2382 3059 2434 affert:
3092 2402 3114 2432 ι
3135 2382 3364 2447 Audire,
3388 2384 3589 2454 inquit,

1998 2461 2055 2535 et
2080 2456 2182 2536 hoc
2201 2452 2379 2536 vultis
2414 2452 2457 2507 af
2477 2469 2586 2536 me,
2612 2452 2760 2536 unde
2788 2457 2991 2536 praeter
3018 2458 3219 2507 caetera
3248 2452 3591 2536 paenitentiae

1996 2524 2690 2597 instituta,monasteriali_s
2701 2524 2994 2597 disciplina
3026 2524 3297 2578 meruerit
3306 2526 3447 2579 hanc
3460 2543 3598 2597 prie-

1997 2598 2325 2666 rOgativam.
2368 2603 2431 2651 ut
2459 2595 2765 2650 secundum
2808 2594 3089 2664 baptisma
3118 2594 3490 2666 nuncupetur.
3530 2597 3591 2651 1ο

1993 2641 2252 2740 Αιῗίήῑῐυοι-
2282 2642 2353 2723 ob
2390 2668 2694 2740 perfectam
2742 2641 2939 2740 mundi
2996 2641 3493 2740 renuntiatibneni,
3526 2685 3594 2722 ac

3344 2756 3418 2793 ua
3447 2756 3591 2810 prae-

1993 2810 2245 2865 eminens
2262 2810 2535 2865 universis
2561 2811 2821 2863 humanae
2845 2808 2968 2862 vitae
2996 2809 3297 2879 generibus
3321 2808 3594 2879 hujusce-

1992 2883 2145 2935 modi
2173 2883 2538 2945 conversatio,
2562 2880 2903 2951 professores
2933 2886 2990 2933 et
3017 2885 3299 2935 amatores
3336 2898 3467 2935 suos
3496 2899 3595 2936 an-

1994 2953 2136 3022 gelis
2165 2954 2397 3018 similes,
2428 2952 2727 3006 dissimiles
2766 2951 3087 3005 hominibus
3116 2952 3275 3012 facit;
3308 2951 3422 3006 imo
3451 2953 3593 3007 divi-

1999 3041 2131 3077 nam
2156 3025 2214 3078 in
2228 3025 2455 3078 homine
2481 3024 2748 3076 reformat
2771 3022 3093 3092 imaginem,
3110 3025 3468 3093 conﬁgurans
3491 3041 3592 3079 nos

1934 3078 1978 3140 C
2002 3095 2241 3160 Christo,
2275 3096 2455 3149 instar
2474 3094 2739 3165 baptismi
2765 3113 2776 3160 ;
2812 3099 2869 3146 et
2885 3078 3055 3163 quasi
3085 3078 3326 3165 denique
3348 3078 3593 3149 secundo

1996 3166 2363 3237 baptizamur,
2384 3167 2518 3220 dum
2545 3181 2644 3235 per
2660 3164 2717 3217 id
2741 3165 2889 3235 quod
2914 3164 3319 3219 mortificamus
3340 3167 3594 3220 membra

1993 3245 2206 3304 nostra,
2243 3256 2364 3309 quae
2402 3242 2536 3309 sunt
2572 3252 2741 3309 super
2766 3240 3276 3309 _terrain,‘rursum‘
3305 3237 3593 3309 Christum

1993 3304 2298 3374 induimus,
2346 3304 2707 3377 complantati
2751 3307 2934 3377 denuo
2988 3304 3341 3360 similitudini
3394 3309 3593 3363 mortis

1994 3381 2135 3449 ejus.
2164 3382 2223 3432 ‘20
2255 3380 2363 3435 Sed
2392 3385 2449 3433 et
2474 3376 2584 3448 quo
2623 3378 2788 3430 modo
2826 3377 2886 3430 in
2914 3376 3193 3447 baptismo
3235 3378 3485 3449 eruimur
3523 3379 3594 3433 de

1993 3448 2269 3521 potestate
2297 3449 2677 3521 tenebrarum,
2712 3454 2770 3502 et
2796 3449 2857 3521 in
2912 3464 3153 3521 regnum
3196 3448 3593 3504 transferimur

1994 3519 2283 3576 cliaritatis
2333 3527 2585 3587 aeterna);
2619 3520 2700 3573 ita
2730 3524 2787 3573 et
2825 3519 2883 3572 in
2926 3519 3103 3573 sancti
3144 3520 3313 3590 hujus
3343 3521 3593 3575 secunda

1996 3593 2238 3663 quadam
2267 3593 2693 3663 regeneratione
2720 3589 3010 3663 propositi.
3041 3590 3110 3644 de
3147 3589 3394 3644 tenebris
3431 3608 3591 3663 aeque

1995 3662 2104 3718 non
2134 3665 2304 3718 unius
2326 3662 2634 3734 originalis,
2660 3662 2758 3715 sed
2786 3662 3093 3734 multorum
3122 3663 3429 3719 actualium
3458 3663 3593 3717 deli-

1994 3742 2232 3800 ctorum,
2257 3735 2317 3789 in
2346 3732 2537 3789 lumen
2572 3734 2845 3787 virtutum
2888 3732 3195 3799 evadimus,
3230 3734 3590 3805 redaptantes

1993 3806 2154 3861 nobis
2199 3807 2337 3860 illud
2387 3805 2681 3876 Apostoli:
2735 3805 2854 3859 No.1;
2898 3807 3190 3873 praecessit,
3241 3807 3353 3859 dies
3399 3810 3588 3860 autem

1995 3877 2464 3949 appropinquavit
2497 3878 2673 3949 (Rom.
2702 3876 2871 3949 ³1η),-
2893 3892 2919 3928 n

2066 3946 2246 4020 Atque
2264 3946 2379 4002 hac
2392 3966 2459 4002 ex
2478 3948 2685 4002 sanctis
2700 3946 2961 4020 Patribus
2982 3962 3129 4020 nunc
3150 3946 3448 4020 sufficiant.
3464 3949 3591 4019 Non

1995 4018 2200 4075 desunt
2219 4036 2438 4090 quoque
2452 4026 2777 4073 sanctorum
2798 4018 3061 4090 visiones.
3074 4018 3245 4083 Infra,
3265 4020 3414 4089 apud
3424 4020 3590 4074 Joan-

1994 4107 2124 4145 nem
2169 4089 2601 4156 Subdiacdnum,
2636 4090 2821 4143 libello
2856 4106 2893 4156 1,
2939 4090 3008 4142 de
3039 4089 3377 4161 Contempl.,
3411 4107 3466 4144 n.
3499 4090 3535 4145 9
3568 4110 3580 4145 :

1996 4180 2021 4214 «
2045 4162 2174 4216 Fuit
2203 4163 2433 4232 quidam
2456 4178 2694 4232 magnus
2714 4161 2861 4215 inter
2887 4160 3293 4231 praevidentes.’
3311 4161 3414 4214 Hic
3438 4162 3589 4216 afﬁr-

1996 4181 2021 4214 «
2045 4181 2076 4216 r
2092 4181 2174 4215 uit
2242 4181 2433 4216 uiuam
2456 4181 2694 4232 magnus
2714 4181 2861 4215 inter
2887 4181 3274 4231 praewuentes.
3311 4181 3414 4214 nic
3438 4181 3589 4216 amr-

1991 4233 2184 4303 mabat
2201 4181 2390 4288 dicens
2417 4253 2429 4287 τ
2456 4233 2598 4296 Quia
2616 4232 2905 4297 virtutem,
2925 4248 3093 4303 quam
3112 4231 3225 4285 vidi
3250 4237 3401 4286 stare
3421 4249 3591 4303 super

301 4306 403 4397 ξεί
426 4307 498 4362 de
529 4302 719 4361 monte
748 4308 1010 4397 secundo,
1041 4307 1098 4362 in
1121 4323 1230 4377 quo
1250 4312 1596 4377 postremum
1614 4306 1903 4363 habitavit.
1989 4302 2287 4397 baptigma,
2322 4304 2647 4397 vidi‘etia‘m‘
2661 4319 2831 4372 super
2868 4302 3265 4397 vestimentum
3296 4302 3585 4397 monachi,

301 4378 384 4433 De
402 4395 531 4451 quo
562 4396 735 4450 supra
764 4395 886 4449 cap.
921 4378 1014 4435 2’1.

1926 4372 2214 4456 unando
2256 4375 2461 4456 accipit
2494 4374 2749 4456 habitum
2807 4372 3249 4456 spiritualemL's
3296 4373 3583 4456 Iieontius,

377 4442 491 4516 (τὶ)
522 4442 757 4504 Flumen
787 4442 1010 4504 nomine
1028 4450 1291 4521 Lycum.]
1312 4449 1623 4521 Palladius,
1646 4449 1827 4519 capite
1848 4447 1903 4515 8,
1928 4442 1972 4456 υ
1988 4442 2299 4521 Ifleapoleos
2314 4442 2517 4521 insula;
2537 4445 2707 4516 Cypri
2738 4442 3049 4521 episcopus,
3080 4443 3141 4497 in
3160 4443 3290 4496 Vita
3311 4442 3587 4521 Simeonis

300 4521 387 4576 ait
405 4522 629 4592 Lycum
659 4521 890 4576 ﬂuvium
920 4539 1042 4576 esse
1064 4519 1287 4575 fossam?
1302 4520 1492 4591 magni
1518 4519 1654 4592 Nili.

1990 4514 2128 4579 Sali,
2146 4518 2293 4588 apud
2314 4514 2820 4587 Metaphras'tem,_l
2848 4514 2980 4588 Julii
3002 4521 3198 4588 narrat
3213 4514 3491 4585 quomodo
3509 4515 3594 4588 Si:-

376 4585 486 4660 (73)
512 4595 581 4647 In
601 4596 865 4647 exteriori
896 4593 1117 4662 monte]
1152 4593 1320 4657 Infra,
1354 4585 1454 4661 cap
1506 4591 1576 4646 56
1612 4608 1633 4661 εἰ
1655 4609 1681 4643 «
1712 4591 1819 4655 Qui
1848 4591 1907 4645 in
1988 4605 2153 4642 meon
2182 4585 2250 4641 et
2288 4585 2531 4642 Joannes
2569 4593 2761 4662 sancto
2786 4585 2997 4662 habitu
3025 4587 3176 4640 velut
3204 4586 3591 4662 _re_generandi

300 4664 569 4739 exteriori
601 4669 790 4739 monte
820 4669 1008 4739 erant._
1032 4684 1054 4713 ι
1085 4662 1337 4739 Opponit
1363 4662 1695 4739 exteriorem
1732 4679 1906 4739 _mon-

1990 4671 2181 4726 erant;
2214 4664 2270 4713 et
2293 4664 2563 4730 quantam
2586 4660 2693 4731 ipsi
2715 4658 2910 4730 primis
2942 4662 3164 4731 septem
3187 4657 3385 4731 diebus
3414 4656 3589 4731 in_sic

298 4740 419 4789 tem
450 4735 707 4789 interiori
736 4741 793 4789 et
824 4734 1118 4806 superiori.
1250 4733 1317 4806 51
1344 4750 1365 4806 _:
1403 4752 1429 4785 α
1466 4733 1564 4806 Adg
1580 4733 1908 4806 interiorem
1988 4728 2858 4806 regeneratogloriam‘viderint.
2877 4731 3114 4806 Sanctus
3138 4728 3459 4793 Anselmus,

298 4812 559 4861 montem
589 4801 1013 4876 regressus-est.
1048 4824 1074 4858 »
1127 4805 1263 4876 Cap.
1295 4801 1363 4858 44
1397 4821 1408 4858 :
1448 4821 1475 4857 ς(
1525 4804 1659 4858 Erat
1702 4803 1762 4857 in
1810 4821 1906 4858 su-

296 4878 513 4948 periori
546 4884 752 4931 monte.
791 4896 819 4930 ιν

376 4949 492 5016 (74)
526 4950 845 5016 Polycratia

296 5019 465 5085 dunt,
491 5022 678 5074 Publii
690 5021 837 5088 ﬁlia.

298 5091 438 5144 Mss.
472 5096 533 5144 et
560 5092 752 5146 Graeco
784 5091 980 5145 textui.

377 5160 488 5228 (75)
535 5164 661 5228 Quae
682 5166 744 5216 in
768 5164 1024 5216 Laodicea
1047 5161 1210 5231 erat]
1239 5160 1380 5216 Cum
1410 5161 1601 5215 multa:
1631 5160 1746 5214 sint
1763 5159 1907 5214 Lao-

296 5234 495 5295 diceae,
527 5233 786 5287 existimo
816 5234 962 5288 hanc
987 5232 1304 5303 C(elesyriae
1333 5250 1475 5298 esse,
1500 5249 1622 5303 qua:
1642 5232 1900 5302 ZEgypto,

296 5306 355 5360 in
386 5321 503 5375 qua
525 5304 803 5358 Antonius
834 5303 1179 5368 versabatur,
1204 5303 1454 5358 vicinior.

372 5374 485 5443 (i6:
528 5376 938 5443 Tarichorum.]
955 5377 1041 5430 Ita
1065 5375 1197 5428 Mss.
1226 5381 1284 5430 et
1303 5376 1529 5430 Graecus
1543 5378 1750 5429 textus.
1781 5374 1905 5428 Non

294 5456 452 5503 recte
483 5446 835 5502 Coloniensis
874 5445 1419 5501 editio~carirarum.
1444 5447 1675 5501 Veteres
1712 5445 1909 5500 editio-

295 5537 401 5575 nes
425 5536 559 5573 cum
579 5519 742 5573 \‘urio
772 5522 1111 5573 sericarum.
1145 5519 1293 5573 Nota
1322 5524 1572 5574 veterum
1599 5518 1906 5586 tarichopo-

297 5595 400 5646 lia.
426 5590 572 5643 Vide
605 5589 1023 5644 Onomasticon.

374 5662 472 5733 (77
483 5678 492 5723 ι
524 5662 671 5734 liora
691 5664 914 5734 circiter
937 5662 1129 5731 nona]
1152 5663 1303 5717 Hora
1320 5679 1469 5717 nona
1478 5662 1757 5734 jejunium
1778 5660 1912 5716 resi-

295 5732 465 5805 gnari
497 5732 728 5787 solitum
752 5732 931 5805 nimis
969 5750 1119 5789 nunc
1146 5741 1366 5790 notum.
1391 5734 1449 5790 Si
1472 5732 1596 5805 quis
1627 5734 1791 5804 plura
1811 5734 1910 5788 de-

294 5804 539 5873 siderat,
570 5804 829 5859 consulat
871 5805 1284 5861 Onomasticon.
1488 5804 1508 5805 ψ
1638 5822 1641 5823 ⁷

1262 5984 1297 5997 ρ’

1990 4799 2406 4867 de‘Similitud”
2422 4820 2543 4874 cap.
2568 4802 2691 4865 191,
2716 4806 2910 4856 narrat
2929 4800 2999 4874 de
3021 4799 3275 4855 Osberno
3292 4800 3586 4874 monacho,

1991 4874 2270 4944 quomodo
2292 4891 2421 4929 eum
2444 4872 2506 4928 in
2534 4873 2797 4928 extremis
2825 4872 3063 4944 angelus
3084 4879 3279 4944 contra
3300 4872 3589 4944 diabolum

933 4947 1281 5001 Coloniensis
1310 4946 1482 5001 editio
1506 4952 1565 5001 et
1593 4946 1791 5001 Surius
1814 4947 1909 5000 ad—
1988 4942 2217 5016 peccata
2232 4953 2363 5001 ante
2382 4946 2696 5015 ingressum
2714 4943 2999 5013 religionis
3012 4942 3310 4997 commissa
3325 4942 3585 5013 objicien-

915 5019 1021 5073 uod
1036 5018 1182 5073 unde
1198 5018 1509 5086 hauserint,
1528 5017 1911 5072 nescio.Deest
1989 5022 2106 5071 tem
2135 5017 2464 5079 defenderit,
2493 5016 2643 5086 quod
2664 5032 2730 5069 ea
2754 5017 2984 5082 fuerant
3010 5017 3340 5083 professione
3367 5030 3593 5069 monas-

1992 5091 2100 5142 tica
2128 5091 2352 5143 abolita.
2378 5088 2519 5141 Vide
2549 5093 2606 5141 et
2636 5087 2882 5141 Annales
2912 5086 3211 5153 Francisc.,
3246 5086 3315 5140 de
3343 5086 3591 5141 Christo-

1987 5160 2165 5230 phoro
2196 5159 2458 5229 religioso
2489 5164 2547 5211 et
2582 5158 2780 5230 angeli
2798 5174 3084 5230 responso.

2061 5232 2214 5315 Inter
2227 5226 2586 5315 schrolas‘t‘i‘cos‘
2596 5226 2971 5315 consulendus
2982 5229 3141 5315 divus
3151 5229 3397 5315 Thomas
3407 5226 3586 5315 2-2,q_.

1990 5300 2112 5368 189,
2135 5301 2294 5355 artic.
2319 5300 2370 5366 3,
2387 5301 2456 5355 ad
2469 5299 2520 5367 3,
2536 5306 2593 5355 et
2612 5301 2671 5355 in
2690 5316 2742 5355 IV
2764 5302 2919 5356 Sent.
2941 5301 3187 5355 distinct.
3207 5301 3302 5371 4,q
3339 5299 3390 5365 3,
3407 5304 3521 5371 art.
3533 5299 3585 5365 3,

1990 5373 2185 5444 quaesti
2195 5374 2395 5428 uncula
2408 5372 2536 5436 3,ad
2547 5372 2592 5430 .3
2603 5372 2717 5437 ,ubi
2734 5373 2882 5444 quod
2894 5389 2959 5426 ex
2972 5372 3115 5427 Vitis
3131 5369 3362 5444 Patrum
3372 5369 3589 5444 utrobi-

1991 5442 2100 5516 que
2111 5445 2423 5516 exemplum
2438 5461 2547 5498 non
2561 5442 2843 5516 assignato
2858 5445 2976 5498 loco
2989 5444 3236 5516 citat,est
3251 5443 3391 5516 illud
3404 5442 3584 5516 ipsum

1993 5514 2137 5587 quod
2151 5514 2356 5585 jam‘ex
2370 5517 2584 5570 Joanne
2602 5514 2952 5571 Subdiacono
2971 5515 3231 5587 produxi,
3250 5514 3395 5584 quod
3412 5514 3587 5567 etiam

1992 5586 2251 5658 producit
2265 5588 2507 5658 Thomas
2522 5588 2840 5643 Waldensis
2854 5593 3007 5643 tomo
3028 5587 3107 5642 III
3126 5586 3195 5641 de
3212 5586 3581 5658 Sacrament"

1992 5654 2080 5713 tit.
2115 5660 2169 5714 9.
2201 5660 2383 5730 capite
2416 5656 2502 5725 80,
2545 5676 2711 5730 quem
2742 5659 2865 5712 vide
2893 5658 3116 5729 egregie
3146 5658 3214 5713 de
3245 5657 3348 5711 hac
3374 5670 3436 5708 re
3470 5654 3585 5708 dis-

1994 5736 2295 5785 serentem.
2336 5731 2476 5785 Vide
2506 5737 2561 5785 et
2608 5730 2974 5795 Antoninum,
3009 5731 3253 5784 Summae
3298 5731 3459 5799 parte
3500 5740 3586 5799 il],

1994 5802 2091 5861 tit.
2136 5799 2218 5859 16.
2246 5803 2426 5876 capite
2452 5801 2503 5870 3,
2538 5801 2567 5873 §
2597 5799 2653 5869 3;
2682 5805 2739 5855 et
2766 5800 3134 5866 Paludanum,
3159 5800 3218 5854 in
3246 5796 3320 5865 ιν,
3333 5798 3463 5853 dist.
3493 5796 3587 5871 38,
