3946 6192
421 271 527 328 ‘207

1433 255 1527 322 DE
1563 264 1752 324 Vl'I‘IS
1791 264 2088 326 PATRUM
2124 272 2340 343 LIBER
2375 273 2666 328 PRIMUS.

3579 235 3686 330 208

493 401 601 466 Qui
629 399 820 468 nauali
843 391 1440 468 pralioJAmbrosius,
1464 391 1606 468 libro
1629 406 1647 444 ι
1667 392 1848 468 Offic.,
1881 409 2002 464 cap.
2025 397 2072 454 A
2093 395 2536 468 Christianorum
2551 397 3212 468 imperatorumtempore
3225 395 3523 468 exaltatum
3537 402 3688 450 retu-

420 462 524 526 1ΟΞ
561 489 582 520 ι
619 467 725 532 Qui
746 462 944 520 navem
970 465 1029 518 in
1057 462 1200 518 mari
1225 479 1418 534 regere
1445 462 1843 534 gubernaculis
1885 462 2008 518 stu-

417 541 530 604 det,
564 539 650 592 vel
677 536 844 591 remis
881 536 1103 601 ducere,
1137 533 1607 606 priuspin__l1uvio
1654 535 1934 606 praeludit.
1971 554 2006 606 ν»

413 610 649 666 Labitur
660 609 942 688 Erasmus,
969 606 1064 688 qui
1085 603 1153 688 eli
1165 606 1269 658 hac
1287 603 2011 688 similitudine’existimavit

415 681 821 750 Hieronymum
852 677 1292 750 subsignificare,
1329 682 1727 750 argumentum
1765 677 1869 729 hoc
1897 693 2010 730 non

415 767 536 806 esse
565 746 794 811 serum,
828 748 926 802 sed
955 746 1295 801 exercitandi
1324 746 1454 817 styli
1502 761 1672 799 causa
1696 751 2004 817 sumptum.

413 821 583 886 Quasi
601 837 732 876 vero
749 823 1021 890 repugnet
1039 818 1247 890 serium
1265 817 1400 890 quid
1415 832 1558 890 esse,
1573 821 1635 890 et
1653 817 1801 870 idem
1817 823 2008 890 tamen

413 891 625 946 assumi
669 891 740 945 ad
779 887 1194 945 eiercitandum
1235 888 1466 958 stylum.
1517 887 1676 941 Serio
1723 889 2006 958 cogitabat

411 963 789 1034 Hieronymus
801 961 869 1034 de
888 959 1136 1034 historiae
1156 957 1554 1013 Ecclesiastica:
1569 957 1970 1034 compositione
1987 979 1998 1024 ;

408 1051 577 1106 quam
595 1029 659 1088 u't
675 1049 777 1106 pro
793 1031 1066 1106 dignitate
1083 1035 1327 1084 tractare
1339 1034 1548 1106 posset,
1569 1029 1770 1106 maluit
1787 1037 1918 1106 ante
1940 1033 2004 1084 in

395 1100 591 1174 parvo,
625 1100 694 1158 ut
716 1101 918 1174 inquit,
939 1118 1104 1174 opere
1134 1100 1399 1174 exerceri,
1433 1115 1605 1170 quam
1643 1102 2002 1174 adlatiorem

402 1170 698 1229 historiam
727 1170 1080 1244 perveniret;
1123 1171 1268 1226 serio
1311 1170 1504 1242 utique
1548 1171 1844 1242 utrobique
1884 1188 2004 1226 rem

412 1251 540 1300 actu
547 1263 642 1301 rus
655 1287 668 1300 .

490 1317 594 1372 Ms.
625 1315 1082 1380 Audomarensis,
1097 1313 1258 1368 initio
1278 1313 1448 1382 hujus
1463 1312 1680 1383 capitis,
1708 1314 2009 1383 praemitte-

419 1385 518 1440 bat
545 1388 666 1441 haec
689 1386 892 1440 verba:
929 1389 1036 1454 Qui
1063 1388 1212 1450 legis,
1240 1386 1466 1436 imitare
1494 1385 1638 1450 quod
1667 1387 1816 1450 legis.

488 1452 958 1513 Persecutionibus
981 1455 1253 1524 creverit]
1276 1454 1670 1526 Hieronymus.
1703 1453 1864 1526 epist.
1914 1452 2003 1516 6'2,

417 1529 490 1582 ad
517 1528 886 1599 Theophilum
917 1527 1184 1599 adversus
1213 1541 1432 1599 errores
1464 1525 1700 1599 ,loannis
1728 1527 1962 1599 .lerosol.
1990 1544 2001 1578 :

417 1617 458 1679 ¢_
473 1595 782 1679 Fundendo
809 1597 1160 1679 sanguinem,
1179 1595 1518 1679 stipatiendo
1537 1595 1917 1679 magishquam.
1929 1596 2008 1650 fa-

413 1669 610 1724 ciendo
639 1665 1028 1735 contumelias,
1070 1665 1278 1722 Christi
1305 1665 1542 1719 fundata
1587 1672 1672 1720 est
1715 1665 1958 1720 ECclesia
1989 1687 2002 1734 ;

414 1739 895 1810 persecutionibus
919 1737 1109 1802 crevit,
1137 1737 1424 1808 martyriis
1451 1741 1719 1790 coronata
1741 1744 1844 1810 est:
1859 1761 1894 1810 7-

486 1811 553 1865 Et
559 1816 847 1880 postquam
857 1812 932 1864 ad
945 1811 1284 1864 Christianos
1293 1811 1569 1876 principes
1583 1811 1792 1861 venerit
1811 1809 2012 1873 (Eccle-

415 1881 519 1943 sia)
541 1879 786 1950 potentia
807 1883 1027 1949 quidem
1049 1886 1097 1933 et
1124 1881 1336 1950 divitiis
1361 1883 1564 1950 major,
1591 1879 1685 1950 sed
1712 1881 2012 1934 virtutibus

415 1948 606 2006 minor
631 1955 779 2018 facta
801 1948 919 2020 sit]
939 1949 1198 2004 Haeretici
1213 1948 1467 2002 moderni
1483 1949 1643 2002 avide
1655 1949 1771 2002 haec
1793 1951 2013 2004 etsimi-

411 2021 490 2076 lia
519 2022 846 2092 Hieronymi
871 2021 1220 2090 aliorumque
1241 2021 1473 2074 Patrum
1495 2020 1614 2073 loca
1636 2020 1934 2090 arripiunt.

487 2093 696 2157 Primo,
730 2098 794 2146 ut
820 2092 1075 2146 Ecclesiae
1095 2096 1356 2145 ornatum
1377 2095 1435 2144 et
1461 2106 1594 2144 vasa
1620 2107 1780 2144 sacra
1807 2092 2008 2161 pretio-

413 2162 564 2217 siora
573 2163 908 2234 improbent.
925 2163 1076 2226 Quos
1091 2161 1314 2232 egregie
1325 2161 1624 2234 repercutit
1635 2162 2007 2234 Bellarminus

414 2240 608 2288 noster
634 2231 787 2288 torno
818 2235 890 2298 II,
923 2231 1170 2288 controv.
1201 2231 1450 2304 general.
1472 2247 1555 2304 71v,
1589 2231 1733 2304 libro
1775 2247 1856 2297 III,
1911 2234 2007 2304 qui

416 2310 502 2358 est
529 2305 610 2358 De
637 2305 790 2359 cultu
817 2311 1158 2370 sanctorum,
1190 2300 1313 2374 cap.
1343 2300 1396 2368 6,
1429 2303 1526 2357 ubi
1555 2303 1674 2373 agit
1708 2304 1778 2356 de
1807 2300 2010 2358 ornatu

415 2380 537 2441 θα
564 2376 925 2442 templorum.
951 2375 1019 2428 Et
1040 2382 1194 2429 tomo
1223 2375 1302 2428 IlI
1331 2379 1579 2428 controv.
1623 2374 1872 2442 generali
1920 2389 2003 2441 III,

416 2463 540 2516 quae
563 2451 648 2500 est
667 2444 736 2500 de
767 2445 1136 2510 Eucharistia,
1167 2444 1310 2498 libro
1339 2459 1399 2516 II,
1433 2445 1502 2498 de
1536 2444 1726 2516 Missa,
1758 2461 1880 2515 cap.
1913 2447 2004 2512 14,

412 2515 510 2571 ubi
540 2517 659 2587 agit
679 2517 750 2570 de
779 2517 923 2570 vasis
952 2517 1144 2570 sacris.
1177 2516 1300 2578 Quo
1323 2515 1493 2587 etiam
1522 2515 1655 2587 facit
1678 2515 1736 2568 in
1755 2521 2007 2586 tempore

415 2585 628 2658 dictum
659 2587 1076 2658 apophthegma
1095 2586 1272 2658 sancti
1302 2585 1601 2658 Bonifacii,
1623 2585 1691 2639 de
1709 2602 1818 2656 quo
1835 2585 2006 2641 habes

415 2655 920 2728 deconseérfdist.
949 2655 1007 2722 Ἰ,
1033 2675 1156 2728 cap.
1187 2655 1290 2728 MV:
1316 2677 1338 2708 ι
1361 2655 1676 2728 Bonifacius
1707 2655 1924 2728 martyr
1951 2664 2006 2712 et

413 2727 708 2800 episcopus
733 2727 1130 2798 interrogatus,
1161 2727 1209 2781 si
1239 2727 1434 2800 liceret
1461 2727 1524 2800 in
1549 2727 1786 2800 vasculis
1804 2727 2006 2798 ligneis

413 2797 777 2854 Sherarhenta
801 2797 1094 2863 coniicere,
1126 2797 1416 2869 respondit
1439 2816 1451 2850 :
1495 2798 1788 2862 Quondam
1815 2797 2002 2853 sacer-

411 2869 571 2924 dotes
599 2871 757 2925 aurei
783 2870 984 2940 ligneis
1007 2868 1272 2924 calicibus
1295 2868 1634 2936 utebantur;
1659 2885 1809 2923 nunc
1825 2887 2000 2924 econ-

410 2941 604 3012 trario,
629 2941 802 3012 lignei
831 2941 1148 2996 sacerdotes
1179 2940 1366 3012 aureis
1393 2944 1633 3012 utuntur
1657 2940 1997 3012 calicibus.)

2091 466 2238 530 lerit,
2273 483 2385 521 non
2400 465 2963 521 omnino—aberrahit:
2988 468 3095 520 Pro
3115 482 3172 518 eo
3191 467 3335 534 quod
3362 468 3528 533 fuisti
3539 469 3689 521 dere-

2091 541 2109 592 ι
2120 542 2242 602 icta,
2269 543 2318 592 et
2340 540 2461 591 odio
2483 540 2688 602 habita,
2713 545 2761 591 et
2792 553 2903 590 non
2931 541 3052 590 erat
3077 539 3178 604 qui
3194 553 3295 604 per
3317 541 3364 590 te
3395 541 3683 605 transiret,

2087 623 2292 676 ponam
2304 614 2351 662 te
2363 612 2425 662 in
2433 611 2749 678 superbiam
2759 611 3022 661 saculoru
3031 623 3080 658 m
3092 609 3322 674 ,gaudiu
3329 625 3382 660 m.
3392 609 3454 660 in
3463 625 3690 676 genera-

2093 681 2295 732 tionem
2323 685 2371 732 et
2395 683 2827 746 generationem,
2848 683 2897 731 et
2916 693 3072 745 suges
3093 681 3179 731 lae
3195 681 3466 745 gentium,
3485 685 3534 732 et
3563 695 3688 733 ma-

2091 753 2255 803 milla
2270 765 2462 815 regum
2477 752 2785 815 laetaberis,
2820 755 2868 802 et
2884 752 3014 802 scies
3025 751 3158 816 quia
3175 765 3266 816 ego
3277 751 3548 803 Dominus
3578 755 3688 804 sal-

2089 836 2224 873 vans
2242 825 2306 885 te,
2328 826 2376 873 et
2392 821 2702 888 redemptor
2721 825 2848 873 tuus
2857 822 3019 887 fortis
3028 819 3242 888 Jacob.(
3241 821 3310 874 Is.
3333 823 3420 884 LX)
3432 861 3445 873 .
3462 821 3533 874 Et
3545 820 3687 876 illud

2089 890 2364 959 ejusdem:
2377 891 2444 944 Et
2465 896 2630 944 erunt
2644 907 2790 958 reges
2803 893 3036 944 nutritii
3047 893 3150 954 tui,
3166 895 3214 944 et
3227 893 3428 958 regina:
3439 895 3684 946 nutrices

2087 967 2220 1014 tuae:
2251 965 2410 1015 cultu
2435 966 2500 1014 in
2523 966 2735 1015 terram
2763 963 2992 1014 demisso
3009 962 3324 1014 adorabunt
3347 967 3412 1024 te,
3440 967 3490 1014 et
3499 966 3689 1030 pulve-

2085 1048 2203 1084 rem
2226 1033 2431 1100 pedum
2449 1037 2675 1086 tuorum
2686 1035 2766 1087 lin
2773 1037 2900 1098 gent
2912 1033 3039 1098 (lsa.
3053 1031 3224 1094 XLIX).
3238 1032 3379 1102 Vide
3391 1031 3687 1102 epistolam

2084 1102 2276 1174 Encas
2303 1102 2457 1174 Silvii
2477 1107 2598 1156 tum
2629 1102 2948 1168 cardinalis,
2976 1107 3171 1174 postea
3200 1101 3284 1155 Pii
3317 1103 3368 1156 II
3382 1101 3682 1174 pontiﬁcis,

2089 1190 2214 1243 qua:
2239 1173 2562 1227 inscribitur
2587 1175 2658 1227 De
2683 1175 2930 1228 moribus
2959 1173 3286 1238 Germaniae,
3329 1173 3440 1243 qlia
3473 1174 3688 1230 refutat

2087 1243 2270 1297 varias
2298 1243 2526 1298 Martini
2557 1245 2706 1308 Meir,
2763 1244 2860 1315 qui
2895 1243 3312 1314 archiepiscopo
3347 1243 3684 1315 Moguntino

2089 1315 2456 1368 cancellarius
2471 1314 2911 1379 fuit,calum’nias
2922 1319 3118 1368 contra
3126 1314 3658 1370 curiamRomanam
3667 1357 3681 1379 ,

2089 1383 2398 1456 probatque
2416 1385 2587 1439 variis
2598 1385 2909 1440 rationibus
2921 1386 3202 1456 Romanos
3216 1386 3480 1455 praesules
3489 1389 3685 1440 divites

2089 1455 2139 1509 et
2159 1455 2397 1524 potentes
2436 1473 2557 1527 esse
2578 1462 2856 1527 oportere,
2891 1472 2955 1509 ac
2983 1455 3338 1526 potissimum
3366 1457 3437 1510 ad
3459 1457 3566 1510 tria
3595 1457 3684 1511 di-

2088 1527 2252 1580 vitias
2291 1526 2557 1598 requirit:
2585 1551 2605 1574 ο
2625 1526 2684 1580 "lo
2713 1527 2786 1580 ad
2814 1532 3024 1598 statum
3047 1527 3342 1598 honestum
3357 1527 3684 1598 etdignitati

2088 1596 2511 1651 convenientem
2528 1598 2831 1652 tenendum
2856 1615 2867 1663 ;
2890 1596 3045 1668 Qf’ad
3067 1597 3295 1668 alendos
3315 1596 3609 1668 pauperes,
3625 1605 3685 1652 et

2088 1668 2348 1722 ecclesias
2378 1685 2550 1722 manu
2585 1669 2886 1732 tenendas;
2919 1666 2976 1724 3°
2997 1668 3068 1722 ad
3099 1665 3685 1724 coercendos—malefa—

2023 1743 2068 1801 Β
2089 1745 2288 1807 ctores,
2316 1739 2411 1809 qui
2443 1739 2572 1792 ﬁdei
2601 1738 2911 1793 sinceritati
2937 1739 3210 1792 ofﬁciunt.
3245 1758 3270 1792 »

2165 1810 2494 1882 Maronitis]
2514 1811 2602 1882 ita
2629 1809 2997 1880 manuscripti
3029 1815 3092 1882 et
3116 1817 3278 1882 vetus
3289 1810 3480 1864 editio.
3502 1811 3686 1882 Vulgo

2093 1881 2372 1952 Maronia.
2408 1881 2708 1952 Ptolemaeo
2744 1887 2878 1952 nota
2917 1880 3090 1952 Syriae
3127 1881 3320 1934 civitas
3362 1880 3680 1952 Μαρωνείοῐς.

2094 1951 2198 2005 Hic
2217 1951 2431 2004 viculus
2459 1951 2684 2005 dicitur.
2719 1951 2860 2005 Vide
2891 1951 3312 2008 onomasticon.

2162 2023 2248 2093 Ad
2270 2038 2424 2093 papa:
2449 2022 2724 2092 Evagrii.]
2753 2022 3061 2093 Antiochiae
3089 2023 3380 2093 episcopus
3406 2021 3512 2076 fuit
3541 2023 3682 2077 Eva-

2089 2092 2264 2174 grius,
2283 2092 2622 2174 Hieronymo
2643 2092 3054 2174 perfamiliaris,
3075 2092 3414 2174 deaquqip‘se
3429 2093 3684 2174 catalogo

2089 2163 2260 2218 illust.
2295 2162 2548 2217 Ecclesiae
2569 2163 2938 2234 Scriptorum,
2959 2180 3080 2234 cap.
3104 2162 3230 2219 1'25.
3263 2162 3404 2218 Vide
3434 2164 3583 2218 dicta
3609 2162 3684 2219 ad

2089 2235 2370 2306 Praeludia
2397 2235 2454 2306 in
2479 2234 2665 2288 Vitam
2693 2233 2872 2306 sancti
2901 2233 3152 2301 Antonii,
3196 2251 3260 2292 n.
3294 2235 3347 2289 4.
3395 2235 3476 2288 De
3519 2252 3683 2306 papa:

2090 2305 2316 2359 nomine
2335 2304 2394 2358 in
2417 2304 2792 2359 Onomastico.

2165 2377 2224 2430 Ut
2237 2391 2426 2430 revera
2438 2378 2676 2444 ejusdem
2688 2380 2789 2430 loci
2803 2375 3112 2448 indigena]
3124 2376 3466 2448 Rosweydus
3477 2375 3648 2430 habet
3668 2395 3681 2428 :

2087 2452 2154 2512 et,
2197 2448 2468 2518 utirebar,
2497 2463 2629 2517 pro:
2664 2452 2727 2500 ut
2754 2462 2962 2508 revera,
2990 2447 3398 2518 lectionemque
3409 2463 3572 2500 suam
3592 2463 3687 2500 se-

2091 2516 2391 2587 quentibus
2434 2516 2686 2571 annotat.
2717 2518 2870 2570 Eorr.
2913 2549 2977 2559 —
3009 2518 3094 2583 Et,
3131 2522 3193 2570 ut
3224 2516 3405 2583 rebar,
3445 2520 3688 2586 ejusdem

2091 2591 2195 2641 loci
2208 2589 2518 2658 indigena.]
2532 2589 2620 2642 Ita
2635 2589 2734 2658 Ms.
2747 2593 2804 2658 et
2812 2592 2972 2642 vetus
2985 2589 3175 2642 editio.
3197 2589 3544 2643 Coloniensis
3553 2605 3684 2642 cum

2089 2658 2341 2723 Erasmo,
2360 2664 2419 2730 et
2436 2656 2624 2712 resera
2646 2656 2922 2730 αὐτόχοῳν,
2939 2659 3098 2730 quod
3111 2659 3300 2713 nescio
3320 2675 3394 2712 an
3412 2660 3681 2730 Erasmus

2088 2746 2152 2782 ex
2182 2729 2428 2799 ingenio,
2461 2746 2533 2782 an
2555 2747 2619 2784 ex
2647 2731 2752 2784 Ms.
2769 2728 3149 2784 's'ubstituerit.
3184 2731 3254 2784 H.
3281 2729 3519 2784 Gravius
3547 2729 3686 2784 dicit

2088 2801 2258 2853 etiam
2287 2801 2345 2854 in
2357 2799 2688 2870 quibusdam
2702 2799 2860 2854 libris
2873 2801 3002 2870 legi,
3025 2803 3370 2855 Thebastonis
3391 2802 3679 2867 indigena.

2085 2871 2328 2934 Quidam
2348 2871 2450 2924 Ms.
2481 2887 2582 2941 pro
2599 2873 2762 2925 rebar
2790 2870 2962 2925 habet
2981 2876 3118 2925 erat.
3135 2872 3244 2926 Sed
3259 2888 3390 2925 vera
3416 2872 3578 2926 lectio
3596 2877 3686 2926 est

2082 2958 2252 3012 quam
2267 2942 2414 2996 dedi.
2436 2941 2678 2996 Putabat
2697 2941 2921 3012 quidem
2950 2943 3346 3012 Hioronymus,
3372 2943 3676 3008 Malchum,

411 3010 572 3084 Quod
583 3010 942 3084 desumptum
959 3018 1048 3066 est
1060 3029 1126 3084 ex
1139 3010 1370 3066 concilio
1381 3011 1748 3076 Triburiensi,
1768 3028 1888 3084 cap.
1909 3011 1996 3068 18.
2081 3010 2178 3083 qui
2205 3013 2492 3084 Maroniaeo
2517 3010 2882 3084 versabatur,
2912 3010 3177 3082 ejusdem
3194 3013 3504 3084 fuisseloci
3531 3013 3679 3066 indi-

409 3083 637 3138 Monere
661 3083 920 3138 videlicet
943 3083 1118 3137 voluit
1143 3084 1228 3136 vir
1255 3086 1480 3154 sanctus
1509 3088 1571 3136 ut
1599 3099 1800 3154 aureas
1829 3083 2052 3154 simula
2076 3099 2301 3152 genam,
2337 3083 2449 3154 sed
2493 3100 2622 3138 mox
2657 3101 2692 3137 a
2729 3083 2946 3138 Malcho
2989 3084 3221 3137 docetur
3247 3083 3582 3138 Nisibenum
3612 3101 3676 3137 se

303 3145 314 3153 ’
406 3159 624 3208 mentes
665 3154 737 3208 ad
782 3155 960 3208 altare
1007 3155 1324 3208 sacerdotes
1369 3153 1624 3206 aﬂ‘erant.
1675 3153 1996 3208 Imitatione

442 3225 648 3296 undam
677 3225 950 3296 expressit
975 3225 1085 3296 hoc
1111 3223 1526 3296 ap0phthegma
1567 3223 1910 3296 Trithemius
1937 3225 1996 3296 in

451 3295 680 3350 hronico
701 3295 804 3350 suo
826 3295 1248 3366 Hirsaugiensi’:
1275 3314 1300 3346 «
1331 3295 1562 3349 Veteres
1581 3295 1715 3349 olim
1737 3295 1996 3366 monachi

400 3367 569 3420 cellas
599 3366 846 3437 quidem,
867 3365 1128 3420 ecclesias
1148 3373 1205 3421 et
1225 3366 1363 3426 alias
1383 3366 1702 3437 mansiones
1717 3365 1997 3420 habebant

401 3435 728 3492 tenebrosus
751 3457 772 3504 ;-
801 3439 899 3492 sed
925 3454 1119 3492 eorum
1149 3438 1316 3492 corda
1341 3443 1506 3490 erant
1542 3435 1726 3490 lucida
1753 3437 1912 3490 valde
1938 3437 1994 3491 in

399 3522 592 3578 amore
619 3508 720 3562 Dei
750 3508 1170 3578 omnipotentis,
1213 3513 1270 3561 et
1319 3507 1379 3561 in
1406 3507 1640 3578 scientia
1678 3507 1993 3561 divinarum

397 3577 837 3650 Scripturarum.
873 3577 1062 3632 Nostri
1104 3584 1294 3650 autem
1316 3577 1620 3650 ecclesias,
1659 3578 1854 3650 cellas,
1884 3578 1988 3650 do-

393 3647 648 3720 mosque,
677 3655 736 3720 et
753 3665 948 3720 omnes
967 3649 1285 3720 mansiones
1303 3649 1421 3720 jam
1448 3647 1818 3720 lucidissimas
1828 3647 1994 3703 fabri-

394 3717 561 3789 cant}
593 3719 692 3773 sed
717 3719 886 3773 corda
915 3737 1111 3774 eorum
1130 3719 1276 3773 vitiis
1305 3717 1362 3773 et
1388 3717 1600 3772 desidia
1623 3718 1806 3789 plena,
1839 3724 1992 3774 tene-

393 3788 561 3860 brosa
581 3796 750 3844 sunt:
782 3791 1049 3860 quoniam
1077 3807 1180 3845 nec
1207 3791 1412 3858 Deum,
1459 3789 1605 3844 sicut
1623 3788 1982 3856 idebuerant,

392 3851 652 3932 diligunt,
679 3877 784 3932 nec
797 3851 1142 3916 ‘lectionibus
1172 3851 1588 3932 Scripturarum
1617 3861 1868 3914 animum
1894 3851 1982 3916 in;

390 3931 649 4003 tendunt.
668 3931 754 3986 Ita
775 3948 997 4002 quoque
1011 3950 1135 3987 cum
1153 3931 1353 3986 calices
1375 3938 1563 3986 essent
1577 3932 1788 4003 cuprei,
1803 3949 1982 3986 sacer-

388 4000 548 4056 dotes
571 4002 730 4056 aurei
756 4000 1004 4060 fuerunt.
1021 4003 1199 4058 Hodie
1224 4008 1413 4058 autem
1435 4003 1634 4057 calices
1648 4000 1779 4057 sunt
1799 4004 1975 4071 aurei,

387 4077 445 4126 et
469 4073 660 4144 cuprei
688 4073 1028 4129 sacerdotes.
1062 4093 1088 4128 n

455 4143 730 4209 Secundo,
754 4149 820 4200 ut
841 4144 1171 4200 clericorum
1192 4145 1414 4200 divitias
1427 4145 1773 4199 insectantur
1799 4145 1976 4200 etim-

385 4213 640 4287 probent.
671 4216 794 4280 Qua
822 4215 892 4287 in
911 4233 971 4270 re
992 4223 1308 4287 sequuntur
1332 4223 1550 4270 veteres
1579 4215 1885 4287 haereticos,
1913 4222 1978 4272 ut

381 4286 691 4359 Arnaldum
719 4287 788 4359 die
807 4285 1120 4359 Brixia,qui
1147 4288 1281 4342 vixit
1298 4305 1390 4342 an.
1424 4287 1630 4359 Christi
1657 4285 1812 4359 U39,
1830 4293 1975 4342 tem-

379 4373 515 4430 pore
545 4357 790 4430 conradi
817 4357 966 4430 regis
992 4357 1400 4430 Romanorum,
1431 4358 1528 4430 qui
1557 4357 1975 4430 dicebatlteste

2078 3171 2218 3224 esse.
2253 3153 2545 3208 Labuntur
2571 3170 2699 3208 cum
2731 3155 2960 3224 Erasmo
2987 3155 3407 3208 Centuriatores
3445 3154 3679 3224 Magde-

2076 3223 2401 3306 burgenses,
2425 3231 2579 3306 c_ent._
2592 3225 2658 3306 _4,
2682 3241 2802 3306 cap.
2829 3221 2914 3291 10,
2947 3225 3042 3296 qui
3070 3225 3230 3280 aiunt
3251 3221 3676 3280 Malchumbri-

2076 3297 2292 3350 undum
2319 3313 2383 3350 ex
2411 3296 2528 3350 vico
2558 3296 2830 3352 Maronia.

2148 3369 2228 3421 Mi
2257 3372 2400 3433 nate,
2439 3369 2680 3422 Nisibem
2717 3369 2887 3435 agelli
2918 3365 3192 3438 colonus.]
3214 3367 3317 3421 Ms.
3341 3367 3521 3438 sancti
3541 3367 3672 3420 Flo-

2076 3437 2252 3492 riani:
2275 3440 2354 3491 :lli
2383 3443 2527 3503 nale,
2550 3439 2802 3492 Nisivelli
2818 3442 2982 3505 agelli
2998 3437 3242 3492 colonus.
3265 3438 3368 3491 Ms.
3389 3437 3676 3492 Audoma-

2075 3508 2288 3562 rensis:
2321 3509 2570 3562 Matheni
2609 3511 2787 3562 sibeni
2815 3512 2988 3579 agello
3018 3513 3260 3579 colonus,
3281 3509 3429 3579 quod
3461 3509 3677 3563 coaluit

2075 3596 2140 3632 ex
2167 3583 2250 3633 mi
2279 3585 2404 3632 nate
2433 3581 2719 3650 Nisibeni.
2741 3578 2862 3632 Erit
2891 3579 3033 3632 forte
3077 3578 3375 3650 quispiam,
3415 3579 3509 3649 qui
3537 3580 3674 3634 hinc

2075 3652 2252 3722 Mutila
2271 3651 2523 3722 Nisibeni
2541 3649 2845 3722 exsculpat,
2860 3655 2918 3722 et
2935 3649 3118 3704 locum
3133 3649 3215 3703 ita
3229 3649 3439 3722 dictum
3454 3650 3513 3702 in
3533 3667 3674 3722 agro

2072 3720 2340 3774 Nisibeno
2361 3720 2650 3774 arioletur.
2674 3721 2854 3790 Vulgo
2875 3721 2992 3774 loco
3021 3722 3273 3774 Nisibeni
3288 3720 3529 3774 habetur
3546 3720 3672 3775 Ma-

2073 3795 2308 3846 rom'aei.
2340 3792 2505 3862 Apud
2524 3791 2944 3862 Metaphrasten
2964 3790 3204 3846 habetur
3217 3791 3522 3862 rSevennia.

2138 3865 2222 3917 Ad
2259 3860 2504 3934 eremum
2543 3860 2874 3934 Chalcidea]
2913 3862 3012 3934 Est
3039 3861 3260 3934 Chalcis
3299 3862 3435 3934 urbs
3467 3862 3666 3933 Syriae,

2062 3932 2122 3986 in
2165 3933 2393 4014 regione
2423 3932 2758 3986 Chalcidica.
2801 3932 2966 4003 Apud
2993 3933 3357 4014 Ammianum
3379 3932 3666 4014 Marcelli-

2063 4020 2215 4069 num,
2245 4003 2400 4076 libro
2419 4018 2592 4076 "xxxv,
2635 4003 2808 4076 habes
2855 4004 3114 4058 Chalcida
3147 4004 3436 4076 Syriacam
3465 4005 3666 4059 cintu-

2202 4048 2215 4069 ,
2259 4035 2400 4057 ιιυιυ
2443 4035 2592 4070 AAIV',
2635 4035 2808 4058 ιιαυσδ
2855 4035 3114 4058 υιωηιιιυνα
3147 4035 3436 4070 υιγιηιυιιω
3465 4035 3666 4059 υινιια·

2059 4080 2195 4130 tem.
2228 4075 2370 4130 Vide
2400 4075 2819 4129 Onomasticon.
3192 4075 3199 4076 “
3465 4079 3472 4088 ’

2131 4147 2256 4213 Qua
2284 4149 2432 4200 inter
2444 4147 2651 4200 Immas
2680 4151 2728 4200 et
2752 4148 2991 4200 Berceam
3021 4145 3088 4216 ¹.]
3109 4215 3114 4216 ί
3135 4145 3222 4216 Ita
3248 4145 3549 4216 legendum
3591 4163 3660 4201 ex

2056 4216 2716 4288 Manuscriptis.Quidam
2726 4217 2814 4271 Ma
2821 4215 3090 4287 nuscripti
3104 4215 3385 4272 habebant
3399 4220 3630 4288 Veronam
3640 4261 3654 4288 ,

2057 4288 2292 4342 solemni
2329 4287 2702 4358 quorumdam
2737 4293 2990 4358 veterum
3025 4303 3200 4353 more,
3242 4288 3575 4358 ponentium
3605 4287 3657 4340 V

2056 4358 2176 4412 loco
2198 4359 2260 4412 B.
2287 4357 2363 4412 Ini
2379 4358 2718 4412 editionibus
2743 4357 3024 4428 veteribus
3051 4363 3190 4423 erat,
3217 4357 3335 4428 quae
3353 4363 3506 4418 inter
3531 4361 3653 4413 Im-

379 4426 586 4508 Qttone
606 4428 1134 4508 F_risingensi,_libro
1155 4444 1216 4494 ll,
1236 4426 1468 4508 cap..20_,
1485 4430 1566 4508 de
1585 4429 1770 4482 Gestis
1780 4426 1973 4508 Fride-
1995 4449 2042 4508 Β
2057 4445 2176 4482 mas
2205 4435 2253 4483 et
2270 4433 2490 4508 _Be_roas.
2512 4431 2576 4508 In
2597 4429 2918 4508 Coloniensi
2937 4427 3201 4508 editione,
3223 4426 3342 4498 quas
3363 4433 3514 4483 inter
3532 4431 3651 4484 Im-

377 4497 478 4552 rici
501 4499 662 4571 imp.)
689 4518 700 4552 :
740 4519 763 4550 ι
795 4497 911 4553 Nec
941 4499 1172 4571 clericos
1189 4497 1610 4570 proprietatem,
1636 4516 1738 4553 nec
1757 4500 1974 4571 _episco-
1995 4497 2038 4508 "
2056 4516 2207 4571 mam
2233 4504 2280 4553 et
2310 4501 2520 4554 Essem.
2548 4499 2763 4554 Abutar
2791 4499 2925 4564 otio,
2950 4499 2996 4552 si
3017 4497 3360 4571 monstrosas
3382 4516 3650 4571 quorum-

373 4571 476 4640 pos
507 4569 736 4640 regalia,
769 4586 872 4624 nec
917 4569 1220 4624 monachos
1266 4569 1642 4640 possessiones
1678 4569 1969 4636 habentes,

377 4639 798 4712 aliquaratione
813 4657 976 4712 posse
995 4641 1218 4695 salvari.
1240 4639 1615 4712 {Sequuntur
1629 4647 1686 4694 et
1699 4643 1971 4696 Joannem

375 4707 695 4782 VViEjlefum,
729 4707 890 4782 cujus
917 4712 976 4766 in
1002 4713 1236 4766 concilio
1267 4707 1702 4772 Constantiensi.
1725 4713 1971 4767 sessione

375 4775 430 4846 8,
462 4775 714 4835 damnati
735 4775 956 4837 hi'sunt
982 4783 1207 4838 articuli
1235 4797 1408 4837 xxxn.
1440 4782 1633 4836 Ditare
1662 4783 1972 4838 clerumest

374 4853 569 4924 contra
597 4853 850 4924 regulam
867 4854 1076 4909 Christi
1119 4868 1314 4909 xxxm.
1337 4853 1607 4908 Silvester
1628 4859 1684 4907 et
1699 4853 1970 4908 Constan-

373 4920 527 4975 tinus
554 4920 816 4994 errarunt
839 4925 1140 4980 Ecclesium
1167 4924 1616 4980 ditando.xxx1x.
1653 4925 1967 4994 Imperator

373 4995 431 5045 et
455 4993 734 5048 seculares
762 5001 893 5048 sunt
929 4997 1144 5050 seducti
1190 5014 1225 5050 a
1269 4995 1511 5060 diabolo,
1551 5000 1618 5050 ut
1663 4993 1965 5055 Ecclesiam

371 5060 624 5141 ditarent
647 5064 812 5141 bonis
826 5067 1245 5141 temporalibus.
1271 5087 1297 5120 ))
1321 5067 1440 5141 Sed
1452 5065 1960 5141 recte_A_mbrosius,

368 5131 511 5206 libro
541 5148 640 5188 vnl
670 5134 726 5206 in
758 5131 1052 5206 capite'xm
1078 5139 1264 5204 Lucae,
1287 5154 1400 5192 non
1428 5137 1488 5191 in
1503 5136 1712 5192 divitiis
1729 5131 1961 5202 crimen,

367 5202 555 5278 sed_in
585 5205 732 5278 male
759 5202 1047 5261 utentibus
1073 5202 1266 5278 ponit:
1303 5227 1329 5260 α
1363 5209 1591 5264 Discant
1627 5208 1826 5262 divites
1850 5225 1964 5263 non

365 5273 439 5349 in_
457 5274 822 5349 facultatibus
847 5273 1322 5344 crimen—haerere,
1348 5280 1445 5333 sed
1463 5280 1522 5334 in
1551 5279 1620 5334 iis
1651 5279 1746 5349 qui
1765 5279 1849 5333 uti
1871 5296 1965 5332 ne-

363 5345 544 5425 sciant
550 5346 928 5425 facultatibus.
955 5349 1099 5402 Nam
1116 5349 1322 5425 divitiae
1336 5355 1401 5404 ut
1415 5345 1818 5425 impedimenta
1831 5355 1965 5404 sunt

361 5417 663 5490 improbis,
685 5419 766 5472 ita
794 5418 953 5490 bonis
977 5425 1110 5472 sunt
1137 5419 1464 5490 adjumenta
1489 5417 1731 5474 virtutis.
1769 5439 1797 5473 ι

433 5434 438 5468 ι
485 5433 652 5483 rools,
685 5433 766 5472 ita
795 5433 953 5472 Doms
977 5433 1110 5472 sunt
1137 5433 1464 5490 anumema
1489 5433 1731 5474 Virtutis.
1769 5439 1797 5473 ι

433 5433 592 5561 δυοᾴ
621 5489 669 5561 si
689 5490 819 5561 quis
847 5489 1004 5544 Isaiae
1031 5491 1376 5558 vaticinium,
1401 5493 1471 5546 ad
1497 5491 1795 5546 Ecclesiam
1823 5491 1959 5546 olim

2054 4570 2184 4624 dam
2215 4571 2720 4642 manuscriptorum
2749 4575 2808 4624 et
2837 4571 3117 4624 editorum
3157 4570 3428 4642 librorum
3457 4571 3652 4625 lectio-

2053 4657 2153 4714 _nes
2183 4639 2600 4714 repraesentem.
2633 4642 2958 4714 Etjmaet
2995 4643 3174 4714 Beraa
3215 4639 3275 4695 in
3304 4642 3486 4714 Syria,
3525 4659 3651 4713 quae

2052 4712 2182 4766 huic
2211 4711 2330 4767 loco
2357 4713 2654 4783 quadrant.
2681 4711 2822 4766 Vide
2853 4712 3272 4767 Onomasticon.

2128 4785 2189 4837 Ut
2209 4785 2344 4837 dum
2362 4783 2906 4853 adviveretgmaterj
2927 4785 3014 4837 Ita
3034 4783 3450 4854 manuscriptus
3469 4783 3654 4837 sancti

2049 4854 2296 4908 Floriani
2319 4855 2474 4919 editi,
2513 4856 2573 4909 Et
2594 4856 2732 4908 dum
2753 4855 2936 4908 adhuc
2962 4857 3162 4908 uiueret
3203 4859 3401 4909 mater.
3431 4854 3656 4908 Tertul-

2049 4925 2259 4996 lianus,
2285 4925 2354 4996 de
2381 4926 2602 4980 Corona
2625 4924 2812 4990 milit.,
2834 4941 2956 4996 cap.
2977 4925 3006 4979 7
3033 4942 3046 4996 ς
3073 4943 3098 4976 α
3121 4925 3297 4978 Porro
3317 4925 3364 4978 si
3387 4941 3510 4996 quae
3528 4925 3657 4978 aliae

2049 4995 2212 5050 idolis
2237 4995 2462 5060 faciant,
2493 4996 2562 5050 ad
2592 4996 2872 5050 daemones
2901 4995 3442 5066 pertinent,quanto
3470 4996 3656 5066 magis

2049 5067 2198 5137 quod
2219 5067 2340 5138 ipsa
2363 5066 2468 5120 sibi
2483 5067 2641 5138 idola
2659 5065 2929 5138 fecerunt,
2949 5082 3078 5120 cum
3100 5065 3442 5120 adviverent.
3479 5084 3523 5138 »_
3542 5065 3656 5120 Ubi

2047 5136 2158 5192 non
2187 5136 2338 5192 recte
2372 5137 2646 5205 Latinius,
2681 5154 2811 5192 cum
2839 5137 3018 5191 adhuc
3045 5139 3308 5202 viverent,
3334 5136 3578 5208 reponit.

2117 5211 2190 5262 De
2207 5211 2386 5262 Berwa
2399 5210 2653 5262 Edessam
2661 5208 3059 5278 pergentibus.]
3081 5209 3167 5262 Ita
3183 5215 3332 5262 recte
3344 5207 3478 5263 Mss.
3502 5207 3656 5262 Male

2045 5279 2394 5332 Coloniensis
2422 5279 2621 5333 editio:
2655 5281 2727 5333 De
2747 5282 2942 5333 Berria
2969 5280 3044 5332 ad
3065 5279 3252 5332 Essam
3269 5281 3650 5348 pergentibus.

2043 5349 2141 5421 Est
2169 5351 2362 5404 Beroea
2387 5350 2476 5404 hic
2505 5350 2679 5421 Syria
2703 5349 2916 5421 civitas,
2931 5349 2992 5421 in
3014 5349 3373 5421 Cyrrhestica
3390 5349 3650 5420 regione.

2045 5420 2253 5474 Edessa
2278 5437 2499 5492 quoque
2529 5419 2619 5475 hic
2648 5419 2822 5492 Syriae
2843 5427 2928 5474 est
2947 5419 3160 5474 civitas.

3629 5489 3670 5511 Ἇ

2123 5491 2527 5562 l'icindpublico
2541 5491 2737 5546 itineri
2745 5493 2998 5555 solitudo,
3005 5507 3103 5562 per
3113 5507 3283 5560 quam
3293 5491 3653 5562 Sarmatina}

360 5556 465 5612 sub
493 5556 732 5615 ethnicis
760 5561 1196 5633 imperatoribus
1246 5556 1407 5634 quaSi
1444 5563 1789 5630 derelictam,
1829 5569 1960 5634 post
2038 5556 2444 5617 Tenditur—haec
2463 5562 2739 5618 latissima
2752 5577 2974 5618 eremus
2995 5556 3065 5618 ab
3094 5556 3255 5618 India
3283 5563 3356 5616 ad
3374 5556 3651 5618 Maurita$

410 5736 738 5816 -'__Sic__leg‘t
763 5740 1106 5816 Rosvveydus
1128 5758 1230 5814 pro
1249 5743 1496 5811 Boream,
1522 5757 1648 5814 quae
1675 5744 1764 5797 est
1784 5740 1950 5797 lectio

356 5805 632 5870 Vallarsii.
653 5805 824 5869 Enrr.

2101 5737 2125 5774 ²
2152 5739 2298 5796 Loco
2326 5740 2510 5798 adhuc
2521 5743 2743 5811 viveret,
2769 5741 2919 5816 quod
2944 5737 3117 5798 habet
3131 5738 3643 5800 Vallarsius.Enrr.
