4004 6196
311 268 417 326 ἳο9

1003 269 1174 323 VITA
1212 270 1471 327 SANCTI
1512 273 1809 339 MALCHI,
1849 270 2137 327 CAPTIVI
2176 267 2529 323 MONACHI.
2572 268 2911 323 NOTATIO.

3483 271 3592 330 ‘210

306 394 466 448 niam
516 409 695 464 usque
719 398 801 465 et
843 392 1233 448 Athlanticum
1275 394 1581 464 Oceanum,
1625 402 1690 451 ut
1722 397 1915 451 scribit
1932 395 2166 457 ADaria
2187 394 2245 448 in
2265 394 2505 464 lupanar
2533 392 2762 465 detrusa
2791 410 2825 447 a
2847 395 3009 448 leone
3031 400 3385 465 propugnata
3398 402 3502 451 est.
3523 396 3592 450 Et

306 465 682 537 Hieronymus
713 464 772 517 in
798 468 967 534 caput
985 478 1076 517 xxr
1106 465 1284 519 Isaias.

376 538 672 609 Ismaelita‘
683 538 1479 609 irruuntcrinitisvittatisque
1489 539 1913 609 capitibus.]Ve-

301 611 456 660 teres
488 607 783 671 editiones,
806 608 1137 674 nudatisque
1166 611 1459 675 capitibus.
1492 610 1600 663 Sed
1630 611 1771 664 bene
1786 607 1906 664 ‘Ms.

301 694 434 751 cum
471 678 716 751 editione
753 677 1104 751 ‘Ooloniensi,
1138 681 1370 751 vittatis.
1412 681 1616 734 Varius
1652 683 1909 751 gentium

302 748 976 822 habitusiTertullianus,
1011 748 1154 822 libro
1182 749 1533 822 develandis
1565 748 1912 822 Virginibus,

301 820 490 891 capite
509 820 611 875 1οε
645 840 666 870 ι
690 819 987 891 Debebunt
1007 826 1064 873 et
1092 819 1197 890 ipsi
1219 820 1410 891 aliqua
1430 821 1535 875 sibi
1555 819 1800 891 insignia
1824 824 1917 877 de-

309 865 564 965 fendere,
589 896 688 944 aut
705 907 918 965 pennas
935 865 1364 965 Garamantum,
1389 900 1489 947 aut
1512 865 1765 965 crobylios
1785 895 1917 948 Bar-

306 961 603 1028 barorum,
625 970 724 1016 aut
743 962 963 1016 cicadas
990 962 1438 1029 Atheniensium,
1461 970 1559 1018 aut
1580 961 1755 1018 cirros
1785 966 1920 1019 Ger-

303 1049 632 1099 manorum,
664 1038 765 1086 aut
793 1033 1061 1103 stigmata
1089 1033 1404 1087 Britonum.
1431 1053 1457 1087 ι
1482 1035 1750 1100 Isidorus,
1774 1036 1918 1090 libro

301 1118 398 1157 nx
443 1104 630 1176 Orig,
676 1109 804 1176 98
852 1120 978 1176 cap.
1017 1103 1088 1176 23
1121 1121 1132 1155 :
1173 1124 1194 1155 ι
1230 1105 1525 1159 Nonnulla:
1567 1113 1765 1176 gentes
1806 1124 1917 1161 non

307 1175 582 1248 solumin
601 1174 868 1248 vestibus,
888 1175 986 1248 sed
1015 1175 1070 1228 in
1101 1191 1332 1248 corpore
1353 1176 1538 1246 aliqua
1568 1174 1673 1230 sibi
1691 1179 1918 1248 prOpria

301 1246 472 1316 quasi
506 1245 749 1315 insignia
780 1246 1078 1307 vindicant,
1115 1251 1180 1298 ut
1204 1245 1458 1301 videmus
1481 1248 1664 1302 cirros
1688 1245 1919 1301 Germa-

301 1333 534 1389 norum,
579 1333 786 1389 granos
840 1322 897 1369 et
945 1316 1214 1389 cinnabar
1264 1317 1601 1384 Gothorum,
1651 1321 1919 1389 stigmata

298 1388 629 1460 Britonum.
684 1388 1105 1460 Circumcidunt
1133 1404 1354 1457 quoque
1381 1390 1560 1443 Judaei
1608 1388 1911 1460 praeputia;

303 1459 669 1530 pertundunt
697 1458 910 1530 Arabes
935 1475 1127 1530 aures;
1162 1460 1368 1530 ﬂavent
1386 1458 1661 1530 capitibus
1690 1458 1918 1515 intextis

306 1529 503 1595 Getae;
537 1529 724 1583 nitent
769 1529 970 1583 Albani
1010 1528 1326 1583 albentibus
1372 1528 1645 1597 crinibus;
1692 1533 1918 1586 Mauros

308 1599 487 1671 habet
518 1606 667 1653 tetra
705 1616 813 1653 nox
856 1616 1175 1671 corporum,
1219 1600 1406 1655 Gallos
1453 1602 1692 1655 candida
1739 1604 1913 1670 cutis;

299 1671 428 1744 sine
470 1672 633 1741 equis
663 1672 873 1725 inertes
914 1677 1137 1725 exstant
1179 1672 1381 1738 Alani;
1415 1689 1519 1725 nec
1564 1672 1722 1726 abest
1762 1675 1918 1744 genti

1992 467 2208 521 Thecla:
2272 466 2586 538 Martyrum
2637 464 2953 519 fortissimae
2988 464 3345 538 maximeque
3375 467 3590 538 pudicae

1992 554 2142 592 nunc
2170 538 2276 603 leo,
2311 552 2460 589 nunc
2480 536 2655 589 lezena
2682 552 2794 589 non
2818 541 3036 591 tantum
3056 554 3169 591 non
3198 536 3398 605 obfuit,
3420 538 3518 591 sed
3533 544 3590 591 et

1994 609 2242 663 subsidio
2272 608 2396 661 fuit.
2429 606 2568 660 Vide
2614 607 2754 660 Acta
2795 609 2916 676 ejus
2946 607 3017 663 23
3048 607 3410 678 Septembris.
3453 610 3589 663 Fre-

1998 697 2174 751 quens
2207 679 2540 751 llieronymo
2571 678 2805 751 phrasis,
2837 695 2939 747 pro
2967 694 3131 732 muro
3150 696 3275 743 esse,
3309 680 3588 749 proverbii

1998 737 2197 822 specie.
2232 751 2372 803 Vide
2397 737 2814 804 Onom‘asticon'.
2837 737 2854 747 ⁵
2950 802 2959 811 ,

2067 822 2481 891 Apprehensum
2502 822 2781 892 mordicus
2800 819 3091 892 catulum]
3112 822 3199 875 Ita
3216 826 3374 875 vetus
3396 822 3587 889 editio,

2000 900 2057 946 et
2083 892 2468 962 manuscripti.
2496 891 2840 962 Coloniensis
2862 891 3051 962 editio,
3076 891 3434 961 apprehensos
3450 910 3593 947 mor-

2000 966 2154 1017 dicus
2185 961 2409 1018 catulos.
2425 961 2985 1032 Viderialicuipossit
2997 977 3109 1015 non
3128 968 3339 1017 temere
3358 980 3594 1018 numero

2000 1035 2269 1105 singulari
2298 1038 2547 1087 catulum
2578 1033 2844 1103 positum.
2896 1033 3040 1105 Sunt
3068 1034 3234 1105 enim,
3278 1035 3374 1104 qui
3415 1037 3589 1089 semel

2000 1104 2221 1159 tantum
2253 1122 2287 1158 a
2311 1106 2485 1158 leaena
2506 1109 2729 1175 partum
2747 1104 2834 1157 edi
2862 1104 3050 1175 velint,
3078 1104 3247 1158 etiam
3268 1105 3487 1160 ratione
3506 1108 3591 1159 al-

1999 1178 2132 1230 lata.
2157 1176 2391 1242 Plinius,
2420 1173 2563 1228 libro
2585 1189 2701 1239 vm,
2719 1191 2839 1245 cap.
2874 1173 2939 1228 16
2966 1193 2976 1226 :
3014 1193 3041 1224 «
3074 1175 3257 1229 Semel
3285 1183 3475 1230 autem
3500 1177 3591 1230 edi

1998 1253 2243 1319 partum,
2277 1249 2519 1300 lacerato
2544 1247 2817 1319 unguium
2848 1246 2965 1319 acie
2979 1250 3151 1319 utero
3177 1246 3233 1299 in
3266 1247 3451 1319 enixu,
3474 1248 3591 1319 vul-

1997 1316 2131 1387 gum
2150 1319 2451 1371 credidisse
2467 1318 2647 1370 video.
2670 1337 2690 1366 ι
2707 1317 2817 1371 Sed
2830 1317 3021 1369 subdit
3038 1316 3247 1369 ibidem
3269 1317 3484 1371 Plinius
3502 1318 3590 1371 di-

2004 1407 2219 1443 versam
2267 1390 2506 1442 aliorum
2536 1388 2873 1441 sententiam
2904 1406 2915 1440 :
2952 1406 2978 1439 α
3012 1388 3343 1441 Aristoteles
3371 1388 3592 1442 diversa

2000 1462 2191 1527 tradit,
2214 1466 2319 1513 etc.
2338 1462 2392 1514 Is
2413 1476 2544 1529 ergo
2573 1460 2747 1512 tradit
2775 1459 3009 1511 leaznam
3035 1459 3220 1529 primo
3247 1459 3364 1512 fetu
3391 1475 3589 1529 parere

2002 1533 2248 1601 quinque
2273 1531 2504 1591 catulos,
2540 1546 2605 1583 ac
2630 1547 2732 1600 per
2757 1546 2933 1583 annos
2961 1529 3211 1599 singulos
3242 1546 3354 1583 uno
3379 1530 3588 1594 minus,

2001 1603 2070 1656 ab
2100 1619 2210 1656 uno
2240 1603 2605 1655 sterilescere.
2663 1620 2684 1651 ι
2728 1601 2888 1654 Unde
2917 1601 2963 1653 si
3004 1601 3178 1653 leaena
3211 1601 3300 1653 hic
3340 1605 3590 1654 catulum

2001 1690 2113 1726 non
2145 1678 2352 1727 catulos
2382 1672 2772 1735 extulit,fuerit
2790 1672 2880 1724 hic
2900 1671 3129 1724 ultimus
3150 1672 3340 1724 leaenae
3368 1679 3584 1741 partus.

308 1742 602 1795 Pictorum
651 1758 864 1815 nomen
902 1758 935 1795 a
981 1759 1229 1815 corpore,
1271 1744 1417 1812 quod
1466 1744 1698 1797 minutis
1736 1742 1981 1815 opifexB
2070 1748 2328 1815 Camelos,
2349 1760 2479 1811 quos
2504 1746 2567 1796 ob
2597 1746 2835 1815 nimiam
2856 1745 3185 1815 velocitatem
3209 1744 3587 1815 drornedarios

298 1829 440 1866 acus
468 1812 695 1882 punctis
719 1829 1009 1884 expressos
1038 1813 1213 1866 nativi
1232 1815 1504 1882 graminis
1531 1832 1723 1868 succos
1748 1812 1921 1869 inclu-

2001 1814 2237 1888 vocant]
2258 1815 2526 1884 Vopiscus
2542 1813 2877 1888 Aureliano:
2911 1836 2926 1858 ι
2964 1812 3126 1888 Victa
3151 1812 3327 1888 igitur
3344 1813 3587 1865 Zenobia

300 1884 407 1950 dit,
442 1890 509 1937 ut
545 1884 649 1937 has
690 1885 758 1937 ad
791 1883 893 1937 sui
926 1885 1210 2007 specimen
1254 1884 1539 1939 cicatrices
1574 1885 1720 1940 ferat
1756 1887 1920 1957 pictis
2001 1903 2126 1940 cum
2146 1883 2369 1956 fugeret
2395 1885 2621 1937 camelis
2654 1901 2792 1953 quos
2822 1884 3120 1936 dromadas
3146 1883 3410 1938 vocitant.
3448 1905 3469 1933 ι

300 1954 542 2007 artubus
568 1956 852 2007 maculosa
882 1971 953 2007 no
993 1955 1165 2007 ilitas.
1198 1973 1225 2006 ι)
2082 1960 2143 2007 Et
2176 1973 2317 2007 nona
2346 1958 2575 2007 silarcia
2599 1952 2977 2007 relociltati".l
3004 1955 3131 2006 llaec
3145 1971 3273 2006 vera
3288 1954 3469 2007 scripti

295 1954 542 2009 artubus
568 1956 852 2009 maculosa
882 1954 1165 2009 nobilitas.
1198 1973 1225 2006 ι)

374 2028 561 2080 Pallia
588 2032 637 2079 et
667 2030 809 2080 latas
839 2027 1156 2079 calliculas1
1186 2025 1501 2097 trahentes.]
1527 2025 1615 2080 Ita
1643 2028 1746 2080 Ms.
1778 2044 1909 2081 san-

296 2096 377 2150 cti
401 2097 675 2151 Floriani.
702 2098 933 2151 Veteres
953 2098 1245 2159 editiones,
1278 2096 1591 2164 calligulas.
1622 2098 1914 2152 Colonien-

295 2168 377 2220 sis
410 2168 609 2233 editio,
644 2172 877 2234 caligas.
910 2168 1178 2233 Isidorus,
1212 2167 1354 2221 libro
1388 2182 1478 2220 xIx
1511 2169 1691 2238 Orig,
1717 2186 1764 2222 c.
1796 2169 1868 2223 34
1895 2188 1907 2221 :

300 2257 325 2288 ι
367 2239 633 2293 Caliculaz
663 2240 784 2309 liga;
830 2240 913 2292 vel
956 2256 991 2292 a
1029 2240 1169 2292 callo
1215 2239 1421 2309 pedum
1451 2238 1630 2305 dictae,
1662 2240 1746 2292 vel
1780 2240 1911 2309 quia

300 2309 579 2380 ligantur.
595 2311 739 2364 Nam
770 2310 913 2363 socci
932 2326 1047 2363 non
1074 2311 1341 2379 ligantur,
1367 2309 1463 2362 sed
1487 2315 1707 2363 tantum
1740 2311 1911 2365 intro-

296 2381 631 2434 mittuntur.
669 2399 696 2433 »
726 2382 953 2446 Notum,
987 2397 1158 2451 quam
1197 2380 1521 2450 frequenter
1565 2382 1698 2435 olim
1727 2399 1760 2448 g
1794 2388 1851 2436 et
1878 2399 1906 2438 ο

288 2451 447 2505 inter
468 2469 529 2505 se
560 2452 980 2506 commutarint.
1016 2452 1156 2505 Vide
1187 2452 1474 2506 Onomast.

364 2524 547 2604 Longﬁo
574 2522 960 2604 postlimini“
974 2524 1209 2604 Festus:
1247 2522 1718 2604 {Postliminium
1746 2539 1899 2577 iece-

284 2599 455 2675 ptuin
486 2593 681 2675 Gallus
708 2594 903 2675 (Elius,
937 2592 995 2647 in
1019 2592 1162 2647 libro
1201 2608 1221 2646 Ι
1261 2593 1746 2675 Signiﬁcationum
1777 2611 1899 2675 quae

286 2664 361 2717 ad
378 2666 480 2734 jus
500 2665 804 2736 pertinent,
834 2665 913 2718 ait
942 2682 1062 2719 esse
1084 2681 1226 2736 eum,
1243 2663 1339 2734 qui
1366 2663 1507 2736 liber
1534 2681 1599 2717 ex
1628 2681 1740 2734 qua
1760 2663 1894 2719 civi-

287 2739 411 2789 tate
446 2734 517 2789 in'
529 2736 698 2789 aliam
720 2735 954 2802 abierat,
984 2736 1043 2788 in
1070 2735 1328 2789 eamdem
1357 2734 1637 2788 civitatem
1666 2736 1811 2788 redit
1828 2753 1893 2789 eo

278 2807 441 2875 jure,
501 2807 651 2877 quod
700 2807 1066 2861 constitutum
1097 2811 1183 2859 est
1217 2806 1287 2860 de
1320 2806 1708 2859 Postliminiis.
1751 2808 1891 2860 Item

283 2878 385 2948 qui
410 2894 609 2931 servus
637 2894 671 2931 a
697 2877 856 2931 nobis
886 2878 945 2931 in
975 2878 1221 2931 hostium
1260 2882 1595 2946 potestatem
1619 2878 1889 2947 pervenit,

365 2954 493 3002 stea
520 2949 591 3002 ad
618 2966 718 3002 nos
742 2949 890 3002 redit
919 2949 977 3003 in
1005 2950 1127 3017 ejus
1157 2953 1512 3018 potestatem.
1538 2949 1697 3017 cujus
1727 2953 1895 3002 antea

349 3020 413 3081 it,
440 3021 572 3089 jure
586 3019 935 3089 postliminii.
967 3040 989 3070 ι
1016 3019 1247 3089 Proprie
1267 3019 1356 3072 hic
1380 3025 1688 3089 usurpatur
1706 3023 1894 3087 postli-

2080 1960 2143 2010 Et
2176 1952 2317 2012 nona
2346 1958 2575 2008 sitarcia
2599 1952 2894 2021 re/ociltati
2911 1952 2977 2025 ³.]
3004 1955 3131 2006 llaec
3145 1971 3273 2006 vera
3288 1954 3514 2023 scriptio
3528 1960 3585 2007 et

1998 2028 2180 2081 lectio.
2206 2028 2441 2090 Quidam
2472 2025 2594 2079 libri
2619 2025 2753 2079 editi
2785 2024 2975 2078 addita
3004 2025 3466 2094 interpretatione
3490 2026 3586 2078 ha-

1998 2098 2131 2152 bent
2165 2118 2176 2152 :
2210 2101 2275 2152 Et
2318 2115 2456 2151 nova
2496 2100 2746 2152 sitareia.
2780 2098 2840 2148 id
2876 2101 2968 2159 est,
3002 2111 3231 2148 annona
3262 2098 3577 2161 refocitlati.

1994 2170 2249 2224 Occurrit
2266 2170 2383 2223 haec
2403 2185 2505 2221 vox
2524 2168 2581 2220 in
2602 2167 2813 2231 Bibliis,
2841 2167 2937 2219 sed
2951 2166 3098 2218 varie
3120 2182 3153 2218 a
3169 2166 3334 2219 variis
3350 2166 3578 2237 scripta.

1994 2242 2017 2294 Ι
2046 2242 2175 2310 Reg.
2210 2255 2264 2293 Ix
2298 2258 2308 2291 :
2341 2242 2513 2310 Panes
2531 2241 2856 2310 defece-runt
2870 2238 2933 2290 de
2951 2240 3204 2310 sitareiis
3228 2239 3448 2302 nostris,
3474 2236 3580 2290 ubi

1991 2306 2373 2365 LXthabent
2402 2306 2590 2379 ἀγγεῖα,
2633 2324 2780 2360 rasa.
2826 2308 3003 2379 Regia
3040 2307 3230 2373 editio,
3276 2311 3573 2379 sistartiis;

1989 2382 2368 2445 Lovaniensis,
2402 2378 2703 2445 cistarciis;
2737 2378 3086 2444 Parisiensis,
3108 2379 3404 2445 rsitarchiis
3468 2378 3579 2432 Sed

1983 2452 2125 2507 bene
2155 2444 2427 2517 Romana,
2461 2444 2724 2516 sitarciis,
2756 2466 2790 2502 a
2825 2459 2956 2511 σῖτος
2995 2454 3053 2502 et
3091 2444 3251 2519 ἀρκέω
3288 2465 3577 2502 annonam

1981 2526 2247 2591 sufﬁcere.
2281 2524 2402 2577 Vox
2434 2522 2550 2575 haec
2571 2521 2767 2575 Latine
2782 2525 3054 2590 usurpata
3075 2519 3329 2590 Apuleio,
3359 2519 3576 2573 Milesia

1982 2598 2042 2661 ἐς
2069 2595 2403 2663 Augustino,
2427 2600 2563 2647 tom.
2598 2592 2690 2656 IX,
2709 2591 2767 2663 in
2795 2596 3039 2663 tractatu
3055 2591 3123 2644 de
3145 2591 3374 2643 Cantico
3400 2606 3573 2663 novo;

1979 2660 2212 2729 Isidoro,
2245 2665 2385 2718 libro
2415 2664 2699 2733 xx,capite
2723 2660 2775 2726 9,
2808 2662 2963 2731 Orig.
2992 2660 3571 2717 Sitarciwnautar‘um

1969 2742 2127 2802 sunt,
2160 2738 2228 2789 ab
2267 2753 2324 2789 eo
2350 2737 2494 2804 quod
2534 2740 2667 2787 suta:
2694 2737 2845 2799 sunt,
2887 2733 2987 2787 sed
3014 2748 3206 2786 verum
3243 2736 3474 2802 etymon
3504 2749 3571 2786 ex

1976 2808 2169 2861 Graeco
2200 2807 2476 2861 dedimus.
3320 2834 3331 2847 ι

2053 2880 2428 2933 Sabinianum
2447 2872 3104 2947 Mesopotamizducem]
3122 2874 3208 2947 Ita
3237 2878 3363 2947 Mss.
3389 2879 3447 2928 et
3473 2890 3569 2947 ve-

1973 2954 2122 3003 teres
2138 2949 2431 3003 editiones.
2452 2946 2816 3002 Coloniensis.
2830 2946 3101 3001 Sabinum
3120 2964 3131 3012 ;
3155 2946 3566 3015 Lugdunensis,

1975 3021 2420 3076 Sabaudianum.
2444 3020 2552 3073 Sed
2572 3025 2786 3072 rectum
2800 3016 3161 3071 Sabinianus.
3186 3017 3365 3080 Quem
3376 3022 3569 3071 tamen

282 3086 537 3143 minium
561 3086 631 3144 ab
654 3090 1015 3161 Hieronymo.
1032 3086 1195 3162 Saepe
1214 3089 1324 3143 alia
1340 3090 1490 3143 idem
1512 3086 1891 3161 fnetaphorice
1912 3102 1952 3162 ρ
1972 3091 2323 3155 Ammianus,
2354 3090 2497 3144 libro
2528 3104 2680 3162 xvln,
2732 3105 2853 3162 non
2897 3087 3314 3162 Mesopotamiae
3343 3086 3561 3162 ducem,

280 3168 547 3231 usurpat.
586 3161 727 3215 Vide
752 3160 1171 3215 Ono’masticon.

356 3230 733 3300 Etpronuban
741 3237 787 3286 te
803 3236 957 3287 nobis
980 3230 1279 3305 intestina]
1294 3232 1470 3285 Vetus
1481 3232 1670 3298 editio,
1683 3247 1891 3300 pronu-

286 3305 389 3356 ben
399 3307 471 3355 te.

355 3376 605 3446 Corpora
618 3375 878 3446 defuncta
886 3372 1226 3446 portabant.]
1236 3373 1480 3446 Plinius,
1490 3373 1565 3446 lib
1591 3391 1786 3444 x1,cap.
1798 3372 1883 3438 30,

284 3445 520 3514 egregie
540 3444 901 3497 formicarum
931 3444 1286 3499 sedulitatem
1308 3444 1589 3498 describit.
1612 3446 1767 3499 Inter
1791 3462 1890 3498 cae-

276 3521 410 3569 tera
435 3534 448 3587 ;
484 3533 513 3567 ‹
538 3516 893 3586 Sepeliuntur
913 3515 1063 3569 inter
1097 3533 1157 3570 se
1190 3515 1485 3569 viventium
1515 3516 1665 3583 solae,
1687 3522 1890 3587 praeter

286 3586 602 3640 hominem.
642 3606 664 3636 ι

354 3658 427 3711 Et
456 3660 591 3725 jugi
638 3655 922 3729 susurra]
954 3657 1108 3729 Alias
1154 3661 1431 3712 susurrio.
1467 3657 1630 3728 Apud
1660 3656 1883 3722 Jobum,

278 3744 410 3799 cap.
442 3742 513 3796 Iv,
546 3734 761 3782 veteres
790 3728 986 3781 Patres
1004 3728 1216 3799 legunt,
1238 3733 1294 3781 et
1313 3732 1474 3796 quasi
1491 3731 1698 3797 furtive
1717 3745 1887 3782 susce-

276 3803 369 3868 pit
397 3802 564 3852 auris
587 3815 709 3852 mea
736 3814 900 3851 venas
929 3802 1180 3852 susurrii
1206 3803 1340 3867 ejus.

358 3872 509 3924 Duos
541 3874 772 3923 camelos
789 3871 1025 3941 sedentes
1038 3868 1105 3941 9.]
1132 3870 1307 3923 Vetus
1328 3870 1499 3924 editio
1523 3887 1534 3921 :
1561 3872 1695 3923 duos
1714 3887 1887 3924 came-

286 3944 361 3995 lis
373 3942 635 3994 sedentes.
662 3940 1026 4004 Coloniensis,
1044 3940 1178 3994 duos
1194 3945 1416 3995 camelis
1442 3943 1755 3995 insidentes.
1779 3941 1888 3994 Sed

284 4012 458 4065 lectio
486 4028 657 4081 quam
688 4011 814 4064 dedi
847 4017 931 4064 est
968 4028 1035 4064 ex
1073 4012 1174 4065 Ms.
1207 4012 1383 4065 sancti
1422 4012 1684 4070 Floriani,
1719 4017 1775 4065 et
1804 4017 1890 4064 est

285 4082 499 4136 locutio
529 4082 791 4152 frequens
814 4082 1010 4135 media:
1037 4083 1209 4136 aetati.
1232 4083 1609 4153 Hieronymus
1629 4084 1765 4153 ipse,
1792 4100 1888 4135 su-

330 4170 421 4234 ra,
432 4153 497 4235 in
516 4153 648 4235 Vita
670 4153 846 4235 salicti
874 4153 1196 4235 Hilarionis,
1211 4170 1331 4235 cap.
1350 4154 1408 4235 ελ
1426 4157 1649 4235 asinum
1677 4156 1879 4235 sedens.

287 4171 417 4278 pra,
440 4171 497 4206 in
525 4171 648 4206 vna
670 4171 846 4206 sancti
874 4171 1331 4235 nuarioms,cap.
1350 4171 1403 4214 υ,
1426 4171 1649 4207 (mnum
1677 4171 1879 4207 sedens.

315 4234 380 4278 ta
404 4223 486 4277 ibi
516 4224 651 4279 Mss.
681 4224 857 4277 Elius
888 4224 1239 4293 Spartianus,
1273 4241 1331 4277 1n
1362 4224 1645 4278 Hadriano
1681 4243 1691 4276 :
1723 4244 1744 4274 ι
1784 4225 1884 4277 Se-

287 4295 415 4349 deri
454 4310 630 4365 equos
668 4295 726 4348 in
779 4294 1097 4348 civitatibus
1139 4311 1251 4348 non
1294 4295 1443 4349 sivit.
1482 4313 1507 4346 n
1559 4295 1648 4349 Sic
1696 4295 1879 4360 Marci,

286 4383 414 4437 cap.
438 4380 513 4429 ιι,
539 4366 608 4419 de
636 4366 787 4436 pullo
816 4367 987 4437 asinae
1011 4382 1023 4417 :
1059 4382 1403 4437 queminenio
1427 4367 1607 4420 adhuc
1634 4368 1771 4419 sedit
1789 4367 1884 4418 ho-

1973 3163 2070 3216 sed
2097 3162 2429 3233 Magistrum
2477 3160 2693 3233 militiae
2733 3160 2792 3212 in
2819 3159 3048 3233 Oriente
3071 3164 3136 3233 et
3155 3158 3569 3233 Mesopotamia

1971 3233 2148 3303 ponit.
2187 3228 2217 3284 ἱ
2236 3233 2423 3288 Rebus
2452 3248 2557 3303 per
2592 3230 3045 3303 Mes0potaniarnr
3067 3228 3305 3303 i_n_h_unc
3352 3234 3565 3303 statum

1972 3299 2244 3370 deductis,
2275 3311 2403 3368 etc.,
2436 3299 2595 3356 stetit
2620 3299 2902 3356 sententia
2921 3306 2985 3353 ut
3013 3299 3350 3370 Sabinianus
3386 3299 3565 3353 victus

1973 3376 2199 3446 quidem
2234 3368 2407 3446 senex
2455 3380 2512 3427 et
2542 3373 2680 3427 bene
2732 3375 3075 3446 nummatus,
3096 3370 3215 3446 sed
3235 3368 3478 3446 imbellis
3508 3377 3566 3423 et

1971 3440 2223 3516 ignavus,
2254 3452 2311 3499 et
2339 3445 2409 3499 ab
2438 3443 2795 3516 impetranda
2822 3440 3133 3516 magisterii
3162 3440 3438 3516 dignitate
3463 3457 3563 3510 per

1973 3510 2370 3571 obscuritatem
2388 3510 2551 3586 longe
2566 3515 2858 3578 discretus,
2877 3510 3263 3583 praeﬁciendus
3281 3510 3410 3566 Eois
3430 3527 3561 3581 par-

1970 3588 2120 3642 tibus
2148 3588 2483 3642 mitteretur.
2518 3606 2541 3638 »
3024 3642 3029 3649 ,

2045 3661 2165 3714 Non
2189 3665 2371 3713 tamen
2402 3676 2485 3712 me
2515 3661 2565 3711 ei
2584 3658 2803 3711 credens
2832 3662 2892 3709 ut
2921 3651 3150 3726 sorori.]
3166 3653 3558 3724 Hieronymus,

1969 3730 2203 3801 epistola
2228 3730 2366 3797 2,ad
2396 3729 2771 3801 Nepotianum
2797 3744 2808 3779 :
2836 3746 2864 3777 (ι
2882 3725 3254 3801 Hospitiolum
3275 3729 3437 3801 tuum
3462 3730 3562 3778 aut

1969 3795 2097 3854 raro
2126 3807 2224 3856 aut
2250 3795 2537 3871 nunquam
2567 3799 2866 3871 mulierum
2904 3795 3307 3871 pedesuterant.
3347 3795 3560 3850 Omnes

1970 3874 2189 3942 puellas
2212 3881 2270 3927 et
2295 3867 2534 3941 virgines
2560 3870 2769 3942 Christi
2795 3874 2893 3942 aut
2905 3867 3206 3939 aequaliter
3226 3867 3445 3942 ignora,
3461 3873 3562 3920 aut

1970 3937 2260 4014 iequaliter
2287 3937 2475 4012 dilige,
2510 3959 2581 3995 ne
2602 3940 2705 3995 sub
2728 3941 2923 4014 eodem
2950 3937 3097 4014 tecto
3117 3937 3426 4014 Lmansites,
3453 3953 3561 4014 nec

1970 4007 2353 4084 in-prieterita
2383 4007 2637 4066 castitate
2667 4012 2950 4084 conﬁdas:
2968 4012 3082 4084 Nec
3113 4010 3425 4079 Sampsone
3445 4007 3560 4062 for-

1969 4082 2096 4149 tior,
2133 4103 2232 4139 nec
2262 4085 2471 4139 Davide
2503 4083 2764 4148 sanctior,
2798 4098 2900 4135 nec
2928 4082 3224 4135 Salomone
3250 4085 3408 4149 potes
3438 4096 3561 4133 esse

1969 4157 2293 4226 sapientior.
2322 4156 2600 4208 Memento
2627 4170 2850 4226 semper
2870 4152 3018 4226 quod
3038 4151 3284 4226 paradisi
3299 4151 3557 4226 colonum

1967 4221 2408 4297 de'possessione
2435 4243 2538 4279 sua
2561 4221 3021 4297 mulierejecerit.
3041 4221 3068 4275 Ξ)
3091 4222 3254 4297 Apud
3274 4221 3553 4297 eumdem,

1966 4291 2205 4364 toni.IX,
2248 4299 2307 4351 in
2347 4298 2543 4364 regula
2592 4291 2996 4348 monacharum
3054 4291 3176 4364 quae
3234 4291 3560 4364 inscribitur

1970 4360 2266 4423 Eustochio
2288 4376 2343 4423 et
2360 4360 2592 4437 reliquis
2610 4364 2933 4437 virginibus,
2950 4360 3430 4437 ﬁcto—Hieronymi
3455 4378 3559 4415 no-

290 4434 551 4516 infigunt:
557 4434 654 4516 Ita
659 4437 794 4489 citat
812 4436 1160 4501 Ambrosius,
1182 4436 1278 4492 lib.
1298 4451 1371 4501 Ix,
1398 4437 1454 4490 in
1472 4454 1592 4516 ca_p_.
1612 4455 1679 4491 xx
1700 4438 1882 4516 Lucae,
1900 4458 1949 4516 D
1970 4440 2138 4516 mine,
2169 4457 2290 4511 cap.
2332 4437 2396 4516 IS
2423 4461 2434 4494 :
2525 4437 2676 4491 Nihil
2704 4434 3071 4516 periculosius
3101 4434 3217 4516 vir?
3247 4449 3417 4516 quam
3438 4448 3559 4486 mu-

285 4508 475 4588 initio.
502 4507 777 4588 Vulgatus
793 4524 1139 4588 nuncﬁuper
1161 4524 1341 4588 quem,
1369 4516 1480 4588 etc.
1520 4504 1694 4588 Idem.
1721 4508 1816 4561 lib.
1834 4504 1947 4560 1x"
1970 4511 2102 4588 lien;
2136 4504 2483 4588 nechulieri
2514 4525 2680 4579 quam
2705 4504 3083 4588 vim-uterque
3110 4504 3291 4588 palea,
3321 4508 3559 4588 uterque

288 4579 345 4633 in
377 4579 592 4633 Lucam
618 4578 779 4631 initio
806 4600 817 4629 .
842 4580 907 4633 Et
938 4580 1055 4632 ideo
1081 4582 1271 4646 pullus
1295 4581 1510 4632 sedetur
1529 4583 1720 4635 asinae.

358 4651 655 4722 Pudicitia:
670 4655 889 4702 tantum
907 4652 1237 4722 conscientia
1248 4666 1350 4722 pro
1366 4666 1526 4702 muro
1535 4648 1719 4722 septi]
1735 4650 1879 4722 vere

281 4720 579 4792 pudicitiae
598 4726 915 4792 reverentes
931 4724 1065 4792 sunt
1075 4719 1281 4773 bestiae.
1298 4721 1421 4774 Non
1432 4726 1651 4775 tantum
1674 4719 1888 4791 pudicis

279 4790 440 4862 sepe
455 4808 570 4845 non
600 4790 824 4855 obsunt,
853 4790 951 4844 sed
981 4797 1038 4844 et
1053 4807 1159 4862 eos
1185 4797 1432 4845 tuentur.
1457 4790 1887 4846 Illustrc’exem-

280 4861 447 4934 plum
475 4863 534 4916 in
564 4862 697 4915 Vita
726 4861 1067 4933 Chrysanthi
1098 4868 1156 4915 et
1190 4861 1372 4916 Dariaa
1404 4862 1475 4918 25
1506 4862 1762 4917 Octobris
1789 4862 1884 4916 ubi

352 5041 375 5075 ³
410 5039 723 5093 Vallarsius
746 5038 885 5108 legit
913 5039 1149 5107 Catigas.
1184 5040 1336 5094 Enrr.

352 5112 380 5147 ²
411 5110 740 5177 Vallarsius,
780 5111 915 5163 duos
948 5114 1170 5165 camelis
1198 5113 1515 5165 insidentes.
1549 5113 1705 5167 Emr.

1970 4575 2135 4651 ignis.
2173 4602 2194 4632 ι
2229 4575 2568 4644 Bernartius,
2602 4595 2774 4633 serm.
2818 4578 2887 4632 56
2923 4575 3004 4631 in'
3028 4576 3260 4630 Cantica
3275 4592 3302 4651 _:
3355 4593 3395 4651 a_
3413 4575 3558 4628 Cum

1970 4644 2181 4707 famina
2207 4669 2430 4723 semper
2460 4668 2600 4715 esse,
2655 4657 2710 4704 et
2738 4666 2851 4703 non
2896 4662 3226 4723 cognoscere
3266 4644 3555 4723 feminam2

1970 4742 2155 4778 nonne
2204 4716 2347 4795 plus.
2367 4728 2453 4777 est
2506 4738 2673 4793 quam
2714 4716 2997 4795 mortuum
3054 4716 3369 4795 suscitare?
3399 4716 3559 4781 Quod

1969 4796 2155 4850 minus
2187 4788 2289 4862 est,
2329 4811 2438 4848 non
2472 4788 2658 4865 pdtes;
2692 4798 2750 4845 et
2777 4791 2923 4862 quod
2954 4790 3137 4859 majus
3163 4793 3266 4856 est,
3318 4788 3398 4842 vis
3435 4804 3557 4842 cre-

1967 4868 2096 4921 dam
2115 4867 2253 4921 tibi?
2294 4885 2316 4917 ι

2034 5041 2057 5075 ³
2085 5042 2226 5095 Vide
2253 5039 2487 5103 Patrol.,
2513 5044 2647 5092 tom.
2681 5038 2882 5105 XXIII,
2911 5037 3016 5091 col.
3056 5036 3143 5103 59,
3172 5041 3290 5091 not.
3322 5039 3365 5106 Γ.
3405 5038 3558 5091 Eorr.
