4004 6196
407 211 3672 242 ----------

1878 368 2041 416 JUNlI
2083 369 2187 416 XII.
2771 385 2784 392 ε

739 509 1184 675 VITA
1293 525 1989 673 SANCTI
2096 511 3094 671 ONUPHRII
3192 595 3324 675 ως

1083 595 1184 686 t1
1293 595 1786 673 Drlnu
1825 595 1893 673 1
1929 595 1989 670 1
2096 595 2226 668 U
2257 595 2365 671 LV
2412 595 2518 667 U
2551 595 2644 668 ι’
2679 595 3094 668 uuu
3192 595 3323 690 (ης

1083 767 1093 775 '
1749 746 2298 893 Eritium.

629 944 1029 1024 AUCTURE
1116 933 1630 1018 PAPHNUTIO
1713 947 1822 1033 (2),
1909 941 2272 1022 ABBATE,
2365 935 2908 1009 IN'I‘ERPRETE
2964 923 3452 1008 'ANONYMO.

935 1223 1598 1417 Iﬂrologus
1681 1236 2431 1414 interpretis
2512 1235 3155 1405 unanima.

476 1503 608 1588 ΰῧ
633 1518 792 1578 Beati
821 1516 1098 1593 Ohuphrii
1126 1519 1314 1576 Vitam
1341 1520 1488 1574 inter
1506 1519 1828 1574 Graecorum
1851 1517 2169 1569 commenta
2181 1507 2450 1582 scriptam
2477 1504 2670 1580 nuper
2695 1509 2900 1580 reperi,
2936 1509 3304 1593 utquondam'
3325 1518 3360 1563 a
3376 1507 3683 1593 venerabili

411 1629 476 1666 ac
506 1607 918 1683 prudentisimo
949 1590 1102 1677 “viro,
1161 1605 1372 1664 scilicet
1417 1596 1688 1679 Gregorio
1727 1605 1826 1679 (3),
1871 1598 2049 1676 ipsius
2105 1599 2266 1674 gesta
2317 1595 2600 1665 narrante,
2665 1595 2918 1668 cognovi.
2967 1590 3125 1652 Hanc
3178 1598 3550 1683 Paphnutius,
3599 1591 3686 1683 vii-

410 1681 632 1772 quoque
658 1700 1064 1762 sanctissimus,
1097 1701 1290 1755 Graeco
1319 1715 1576 1754 sermone
1605 1695 1808 1750 retexit
1833 1693 1905 1748 ab
1932 1689 2179 1776 exordio.
2209 1691 2388 1755 Quem
2419 1705 2522 1758 ego
2554 1685 2803 1751 secutus,
2840 1703 2870 1740 e
2906 1685 3098 1742 Graeco
3127 1681 3390 1764 transtuli
3433 1685 3493 1742 in
3527 1681 3685 1761 Lati-

409 1799 566 1855 num;
581 1789 859 1859 largiente
873 1789 1112 1844 Domino
1161 1795 1226 1844 ut
1243 1787 1293 1859 ej
1301 1803 1366 1843 us
1386 1787 1689 1859 probabilis
1718 1785 1835 1839 vita
1859 1773 2168 1838 secundum
2185 1773 2329 1833 vires
2347 1793 2502 1832 meas
2522 1777 2906 1866 manifestata,
2919 1777 3354 1866 admirationem
3365 1776 3685 1862 legentibus

407 1877 655 1950 praebeat
683 1873 739 1932 et
763 1872 1158 1933 imitationem.
1179 1877 1304 1932 Non
1325 1875 1670 1948 perpendite,
1693 1877 1898 1946 quaeso,
1915 1872 2025 1926 mei
2055 1868 2330 1926 sermonis
2356 1865 2754 1932 rusticitatem,-
2782 1865 2882 1919 sed
2906 1867 3051 1952 tanti
3072 1865 3282 1952 laboris
3295 1867 3493 1952 animo
3511 1870 3688 1952 revol-

407 1961 520 2048 vite
546 1963 1072 2046 longanimitatemj
1099 1964 1269 2042 quam
1298 1965 1382 2021 vir
1408 1966 1522 2045 Deo
1545 1965 1742 2048 plenus
1777 1963 2056 2036 patienter
2079 1957 2366 2024 sustinuit,
2398 1955 2536 2010 dum
2555 1955 2854 2010 mundanae
2883 1949 3148 2011 vanitatis
3175 1953 3415 2026 gloriam
3446 1949 3684 2028 sprevit,

413 2061 472 2112 et
497 2057 720 2112 caeleste
748 2073 992 2127 regnum
1016 2057 1268 2111 districta
1295 2055 1528 2110 vivendo
1551 2055 1779 2110 sibimet
1795 2051 2164 2111 hmreditavit.

1745 2370 2323 2510 VITA.

489 2579 678 2656 B'eatie
713 2585 996 2646 memoriae
1033 2580 1385 2660 Paphnutius
1421 2573 1678 2662 quaedam
1717 2580 2320 2664 cogitatio-Ageretur
2345 2585 2440 2668 (5).
2473 2594 2583 2652 Pro‘
2599 2585 2931 2651 vestimento
2957 2586 3180 2666 quoque
3207 2569 3356 2647 foiiis
3389 2588 3693 2668 herbisque

589 2688 648 2738 et
692 2675 925 2735 actuum
961 2677 1194 2734 suorum
1245 2674 1460 2733 secreta
1496 2677 1688 2734 taliter
1722 2674 2012 2750 reseravit,
2099 2663 2382 2753 utebatur,
2403 2663 2612 2758 quibus
2641 2670 2957 2740 subteriora
2972 2663 3184 2737 renum
3211 2669 3288 2753 (ὃ)
3305 2663 3700 2736 tantummodo

419 2772 611 2827 dicens
639 2789 652 2824 :
2099 2773 2374 2844 cingebat.
2407 2775 2531 2830 Tali
2561 2776 2676 2829 viso
2705 2773 2956 2839 homine,
2998 2772 3174 2826 nimio
3205 2771 3541 2842 perterritus
3569 2787 3700 2825 sum

491 2856 624 2916 Gai‘.’
641 2860 686 2916 Ι.
711 2867 776 2900 '-‘-'-
796 2853 1054 2925 Qiiddam
1080 2857 1189 2923 die,
1213 2853 1349 2912 dum
1369 2873 1473 2928 ego
1499 2850 1853 2929 Paphnutius
1868 2853 2019 2914 solus
2099 2869 2335 2929 terrore,
2360 2861 2624 2918 anxiatus
2651 2865 2802 2918 ultra
2829 2867 2999 2932 quam
3026 2860 3179 2914 credi
3210 2865 3396 2930 potest
3416 2853 3623 2914 timore
3643 2866 3702 2913 et

419 2936 735 3024 tacitusque
763 2944 1035 3014 sederem,
1067 2939 1312 3023 cogitavi
1334 2941 1392 3000 in
1419 2947 1583 3001 corde
1611 2943 1738 3002 ineo
1761 2943 1908 3018 quod
1929 2938 2021 3002 (ie-
2103 2944 2494 3024 ddmiratioiie,
2526 2950 2791 3024 quoniam
2819 2952 2936 3005 tam
2965 2945 3111 3004 mira
3146 2940 3328 3004 ibrma
3356 2941 3495 3002 iheis
3525 2946 3700 3024 oculis

421 3021 575 3094 serta
607 3019 879 3110 peterem,
913 3043 972 3092 et
998 3031 1262 3092 universa
1298 3033 1418 3090 loca
1451 3034 1776 3091 sanctorum
1823 3054 2018 3092 mona-
2103 3057 2392 3112 nunquam
2419 3023 2526 3096 fuit
2557 3047 2782 3096 ostensa
2809 3039 2869 3094 in
2899 3025 3150 3094 humana
3171 3033 3391 3113 specie.
3424 3025 3574 3102 Quid
3615 3021 3702 3091 fa-

421 3129 674 3192 ch'oruin,
707 3128 926 3198 piaeque
953 3125 1388 3180 conversationis
1415 3125 1670 3179 habitum
1696 3126 2015 3192 lustrarem,
2101 3146 2285 3183 cerem
2323 3128 2612 3201 ignoravi;
2643 3130 2742 3184 sed
2784 3135 3060 3200 quantum
3095 3127 3266 3194 valui,
3314 3127 3508 3198 fugam
3540 3127 3698 3198 petii,

423 3229 489 3292 ac
519 3207 761 3289 qualiter
798 3216 915 3292 Deo
952 3214 1358 3280 ministrarent,
1391 3213 1824 3269 considerarem.
1859 3213 2020 3270 Unde
2101 3223 2466 3291 montemque
2489 3219 2866 3290 propinquum
2887 3217 3104 3271 concito
3133 3228 3300 3270 cursu
3330 3215 3576 3279 escendi;
3595 3205 3703 3292 ibi-

419 3290 629 3362 fastum
648 3304 737 3382 est
763 3290 829 3360 ut
852 3295 1058 3360 tacitus
1086 3293 1196 3360 iter
1228 3301 1552 3376 arriperem,
1587 3309 1644 3358 et
1679 3301 1738 3358 in
1768 3298 2020 3359 eremum
2103 3325 2210 3378 que
2229 3290 2593 3382 tremefactus
2613 3307 2819 3374 corrui,
2854 3312 3024 3377 atque
3039 3322 3130 3360 me
3149 3304 3252 3360 sub
3273 3305 3560 3359 frondium
3570 3290 3704 3358 den-

421 3389 592 3452 cursu
624 3381 981 3450 desiderabili
1021 3385 1403 3466 properarem.
1434 3387 1615 3476 Panes
1656 3391 1848 3466 itaque
1892 3389 2021 3449 cum
2101 3392 2270 3452 sitate
2304 3413 2340 3450 a
2383 3381 2525 3451 facie
2551 3384 2701 3450 illius
2733 3395 3019 3462 abscondi,
3051 3387 3231 3449 multa
3257 3391 3398 3448 dans
3433 3393 3700 3466 suspiria.

423 3499 574 3556 aqua
598 3485 804 3556 exigua
829 3496 1051 3538 mecum
1079 3482 1313 3554 portavi,
1349 3489 1421 3536 ne
1448 3477 1746 3536 deficerem
1768 3498 1804 3537 a
1829 3482 2020 3537 labore
2110 3489 2295 3550 ιοο
2321 3485 2512 3540 Defeci
2540 3502 2682 3556 pene
2709 3489 2874 3540 aetate
2898 3491 2956 3538 et
2977 3482 3168 3538 labore
3187 3482 3562 3538 abstinentiae.
3597 3481 3703 3538 Hic

423 3573 644 3628 itineris
673 3573 859 3644 empti.
891 3572 1102 3636 Quarto
1133 3577 1325 3626 autem
1359 3571 1449 3624 die
1478 3575 1724 3642 peracto,
1752 3561 2022 3626 alimenta
2101 3588 2232 3627 vero
2261 3573 2398 3627 dum
2426 3591 2516 3628 me
2547 3573 2808 3628 cernebat
2836 3574 2898 3627 in
2918 3578 3111 3627 monte
3133 3573 3438 3643 jacentem;
3462 3580 3595 3625 vace
3618 3573 3707 3626 ni-

426 3664 550 3743 qiia'e'
599 3657 821 3743 mecum
867 3657 1081 3743 sumpsi
1119 3655 1466 3743 defecerunt,
1495 3656 1732 3730 meaque
1769 3659 2022 3714 membra
2102 3658 2218 3715 mia
2241 3649 2520 3728 clamavit,
2552 3662 2810 3716 et‘dixit:
2837 3662 2939 3716 Vir
2957 3646 3078 3728 Dei,
3099 3646 3373 3715 descende
3399 3649 3468 3728 de
3486 3654 3700 3715 monte.

424 3733 582 3810 nullo
600 3735 750 3806 victu
777 3733 1086 3804 refocillata
1101 3749 1247 3802 vires
1272 3734 1658 3818 perdiderunt.
1685 3744 1913 3824 Moxque
1941 3745 2024 3802 di-
2105 3750 2230 3803 Noli
2258 3749 2486 3817 timere;
2509 3767 2612 3821 ego
2637 3747 2791 3805 enim
2819 3767 2948 3806 sum
2971 3747 3140 3805 homo
3182 3739 3463 3821 passibilis
3489 3741 3596 3803 tibi
3629 3746 3704 3803 si-

425 3840 556 3894 vina
585 3839 904 3894 illustrante
928 3837 1132 3908 gratia,
1167 3849 1320 3892 mors
1347 3837 1648 3891 imminens
1685 3837 1872 3892 ablata
1902 3844 2020 3906 est;
2105 3839 2272 3892 milis.
2308 3839 2407 3894 His
2435 3839 2627 3910 itaque
2657 3841 2977 3894 consolatus
2991 3839 3193 3903 verbis,
3225 3844 3474 3893 mentem
3502 3839 3702 3910 recipi,

427 3923 842 4008 assumptisque
875 3926 1088 4008 viribus
1117 3925 1226 3980 iter
1252 3925 1486 4008 arripui,
1535 3931 1704 3996 atque
1735 3927 1854 3980 dies
1881 3927 2020 3981 alios
2041 3972 2087 4008 η
2105 3943 2345 3998 moxque
2363 3929 2645 3996 descendi,
2679 3931 2736 3983 et
2755 3929 2825 3983 ad
2846 3929 3028 3983 virum
3057 3930 3314 3982 sanctum
3333 3925 3580 3998 perveni,
3615 3932 3706 3982 at-

427 3945 842 4070 assumpnsqlue
875 3945 1088 3980 viribus
1117 3945 1226 3980 iter
1252 3945 1486 4008 arripui,
1535 3945 1704 3996 atque
1735 3945 1854 3980 ales
1881 3945 2020 3981 auos
2041 3972 2088 4032 Β
2105 3945 2345 3998 moxque
2363 3945 2645 3996 uescendi,
2679 3945 2736 3983 et
2755 3945 2825 3983 au
2846 3945 3028 3983 Virum
3057 3945 3314 3982 sancwm
3333 3945 3580 3998 perveni,
3615 3945 3702 3982 at-

427 4007 742 4096 quatuor
785 3999 822 4069 ii
841 4007 1120 4088 gustando
1145 4015 1352 4086 peregi.
1378 4009 1478 4069 His
1492 4013 1684 4087 itaque
1705 4017 2017 4087 completis,
2106 4032 2213 4090 que
2252 4011 2485 4088 pedibu's
2507 4019 2630 4088 ejus
2661 4021 2752 4071 me
2780 4013 3010 4072 timidus
3033 4011 3328 4092 prostravi.
3355 4010 3453 4070 Ille
3475 4009 3702 4088 quoque

427 4106 666 4164 nimium
687 4105 1075 4171 fessus,humo
1092 4109 1404 4175 prostratus
1418 4095 1734 4175 jacuivelut
1746 4111 2018 4160 mortuus.
2105 4122 2194 4160 me
2223 4106 2524 4177 prohibens
2555 4113 2685 4161 ante
2717 4124 2776 4161 se
2792 4108 3002 4177 jacere,
3033 4095 3230 4176 Surge,
3262 4099 3466 4176 inquit,
3501 4121 3701 4175 surge;

427 4193 717 4269 Extemplo
738 4193 960 4265 quoque
979 4193 1190 4248 caelesti
1213 4194 1424 4247 solatus
1445 4189 2022 4264 adjutorio,assistere
2103 4200 2167 4248 tu
2197 4195 2347 4248 enim
2377 4213 2436 4249 es
2464 4195 2565 4250 Dci
2589 4212 2803 4261 servus,
2836 4201 2892 4249 et
2920 4195 3135 4249 vocaris
3162 4193 3533 4266 Paphnutius,
3569 4209 3706 4248 san-

425 4275 566 4340 riiiiii
595 4279 707 4338 vidi
737 4283 936 4348 virum,
969 4283 1151 4354 gloria
1179 4281 1517 4350 mirabilem,
1539 4283 1834 4354 splendore
1859 4283 2022 4337 terri-
2103 4290 2320 4337 ctorum
2349 4284 2583 4338 amicus.
2609 4284 2813 4338 Statim
2843 4279 3092 4349 surrexi;
3126 4285 3183 4337 et
3219 4283 3472 4354 quamvis
3499 4283 3707 4350 teSSus,

423 4354 1817 4445 bilem,pulchritudinelaudabiiem,magnitudine
1834 4385 2024 4444 proce—
2101 4382 2290 4426 tamen
2323 4367 2483 4428 laetus
2504 4381 2634 4427 ante
2657 4390 2787 4427 eum
2817 4357 2956 4440 sedi,
2983 4369 3103 4443 jam
3131 4367 3366 4426 ferventi
3394 4355 3700 4438 desiderio,

423 4449 571 4532 rum,
595 4468 827 4535 aspectu
844 4449 1391 4533 praeclarumﬂuem
1413 4467 1478 4516 ut
1497 4461 1705 4532 aspexi,
1730 4461 2024 4517 vehemen—
2105 4463 2230 4533 quis
2266 4455 2406 4532 ipse,
2445 4469 2503 4516 et
2527 4461 2710 4532 qualis
2739 4463 2860 4532 ejus
2889 4465 3037 4516 esset
3073 4459 3207 4527 vita,
3239 4461 3471 4532 cupiens
3496 4460 3704 4530 digno-

423 4559 514 4608 ter
538 4551 840 4626 obstupui;
865 4548 964 4604 sed
981 4556 1172 4604 tamen
1200 4550 1295 4604 ille
1314 4551 1471 4604 vultu
1497 4551 1713 4621 placido
1732 4551 2019 4619 accedens,
2106 4567 2278 4617 scere,
2313 4551 2503 4607 dicens
2533 4569 2544 4604 :
2583 4551 2721 4605 Ecce
2745 4555 2937 4604 votum
2980 4549 3323 4621 adimplevit;
3357 4549 3452 4620 qui
3480 4565 3572 4604 me
3601 4551 3712 4621 per

424 4656 573 4697 nunc
596 4657 818 4708 manus,
849 4638 1002 4694 nunc
1025 4637 1175 4694 labia
1202 4655 1330 4692 mea
1355 4639 1563 4710 tetigit,
1602 4639 1852 4710 mihique
1877 4641 2022 4694 vires
2106 4641 2248 4694 lianc
2278 4638 2786 4694 eremum‘direxit.
2821 4639 2902 4693 En
2933 4641 3090 4694 artus
3119 4637 3230 4692 mei
3259 4627 3578 4694 fatiscentes
3604 4639 3709 4694 ali-

423 4725 685 4802 potetlter
720 4721 1058 4785 restauravit
1105 4725 1384 4806 (Joannes,
1443 4726 1623 4782 libello
1665 4739 1748 4794 III,
1793 4745 1850 4782 η.
1893 4713 2018 4805 112).
2107 4729 2255 4800 quod
2276 4729 2530 4783 sentiunt
2545 4723 2830 4795 solatium,
2864 4724 2962 4782 sed
2983 4724 3140 4804 mens
3169 4711 3454 4806 sitibiinda
3470 4743 3584 4781 non
3613 4725 3712 4802 ad-

423 4819 702 4873 Continuo
731 4807 892 4872 laetus
919 4819 1154 4884 surrexi,
1180 4818 1409 4888 Deoque
1439 4809 1795 4888 favente,per
1823 4815 2020 4872 solitu-
2105 4819 2214 4872 huc
2267 4818 2481 4872 invenit
2516 4817 2892 4887 refrigerium.
2938 4816 3149 4871 Idcirco
3178 4805 3254 4883 te,
3287 4815 3492 4882 senior,
3539 4819 3712 4871 corde

421 4907 614 4962 dinem
640 4907 840 4962 exinde
868 4908 1061 4961 decem
1093 4912 1151 4962 et
1175 4912 1391 4978 septem
1423 4906 1643 4960 dierum
1681 4922 1908 4960 cursum
1935 4906 2023 4960 di-
2105 4908 2303 4962 devoto
2331 4908 2618 4979 deprecor,
2651 4913 2821 4977 atque
2851 4922 2952 4976 per
2974 4905 3156 4962 illum.
3181 4905 3252 4960 ob
3271 4907 3432 4976 cujus
3453 4922 3712 4960 amorem

422 4996 562 5064 rexi,
594 5009 888 5066 quousque
917 4997 988 5050 ad
1029 4996 1214 5050 locum
1245 5011 1414 5067 quem
1449 4995 1722 5050 Dominus
1753 4995 1890 5049 mihi
1938 4995 2023 5049 fa-
2106 4995 2277 5066 hujus
2319 4995 2638 5050 solitudinis
2673 4995 2898 5050 deserta
2933 4993 3174 5062 habitas,
3205 4999 3262 5050 te
3291 5000 3592 5061 contestor,
3644 5001 3712 5050 ut

425 5085 578 5140 mulo
620 5101 722 5139 suo
769 5084 1000 5154 indigno
1045 5084 1373 5155 providebat
1400 5085 1713 5152 ostendere,
1745 5085 1974 5156 perveni
2007 5103 2020 5151 ;
2105 5085 2254 5139 unde
2283 5085 2359 5140 sis
2388 5091 2488 5139 aut
2519 5084 2798 5156 quomodo
2826 5084 3059 5150 voceris,
3092 5099 3192 5138 seu
3223 5083 3448 5155 quando
3476 5081 3584 5138 huc
3613 5081 3714 5139 ad-

423 5174 538 5229 illic
560 5174 632 5228 ab
667 5174 884 5229 itin'eris
912 5172 1105 5228 labore
1132 5174 1361 5228 cessavi.
2038 5210 2082 5272 Ο
2105 5173 2342 5238 veneris,
2381 5174 2594 5245 apertis
2626 5172 2766 5226 mihi
2810 5172 2989 5226 verbis
3041 5173 3360 5228 denunties.
3393 5174 3463 5228 Et
3489 5173 3576 5226 vir
3603 5174 3711 5228 Dei

493 5263 626 5320 CAP.
659 5263 732 5318 II.
767 5292 831 5302 —
881 5262 1062 5333 Igitur
1091 5261 1227 5316 dum
1264 5262 1444 5317 fessus
1484 5263 1917 5334 requiescerem,
1963 5268 2020 5316 et
2043 5260 2081 5272 ν
2101 5277 2506 5332 recognoscens
2527 5279 2697 5333 quam
2719 5260 2915 5316 libenti
2936 5261 3126 5316 animo
3157 5263 3499 5317 sententiam
3519 5263 3609 5316 sui
3629 5263 3712 5318 la-

422 5369 594 5426 quam
649 5367 796 5423 aegre
837 5349 912 5421 (4)
947 5349 1228 5422 profectus
1269 5367 1449 5405 essem
1480 5353 1804 5422 cogitarem,
1837 5351 2020 5406 virum
2101 5350 2252 5405 boris
2281 5352 2554 5417 audirem,
2580 5351 2723 5405 dixit
2749 5351 2924 5404 mihi:

421 5442 615 5515 procul
634 5446 861 5514 aspectu
880 5438 1192 5494 terribilem
1207 5439 1336 5504 vidi,
1352 5439 1410 5493 in
1429 5441 1660 5496 modum
1678 5440 1872 5498 bestiae
1892 5440 2020 5512 pilis
2175 5441 2304 5494 CAP.
2356 5442 2458 5496 III.
2512 5470 2576 5480 —
2620 5439 2896 5504 Quoniam
2937 5446 3018 5506 te,
3063 5441 3240 5496 frater
3272 5441 3490 5506 dilecte,
3541 5441 3713 5495 avida

417 5532 667 5604 undique
686 5531 1148 5600 circumseptum;
1167 5527 1256 5582 cui
1273 5533 1432 5582 tanta
1452 5529 1663 5584 scilicet
1684 5530 2018 5601 capillorum
2099 5535 2287 5582 mente
2317 5529 2442 5583 vitae
2470 5546 2608 5583 meae
2647 5529 2846 5598 longas
2875 5545 3155 5584 aerumnas
3185 5531 3323 5584 velle
3353 5530 3496 5584 scire
3517 5529 3704 5598 video,
3741 5532 3754 5544 '

417 5621 709 5695 prolixitas
728 5625 869 5688 erat,
887 5624 952 5674 ut
969 5634 1172 5691 corpus
1191 5617 1342 5672 illius
1355 5617 1608 5691 ipsorum
1629 5619 2018 5673 diil‘usionete-
2097 5623 2351 5692 repetere
2380 5635 2470 5672 me
2499 5617 2600 5672 tibi
2637 5633 2751 5672 non
2789 5615 3009 5675 dubites
3039 5621 3143 5675 has
3179 5619 3250 5676 ab
3279 5619 3527 5674 exordio.
3560 5618 3704 5692 Ego,
