4004 6196
282 292 390 348 213

1281 296 1451 351 VITA
1488 297 1746 352 SANCTI
1786 294 2163 359 ONUPHRII,
2201 291 2556 346 EREMITIE.

3340 257 3557 362 {214

282 419 413 473 licet
430 418 770 484 immeritus,
802 435 969 473 vocor
997 400 1342 490 Oiiuphrius.
1374 421 1445 475 Et
1472 438 1598 476 ecce
1636 439 1749 476 non
1778 423 1880 476 ml-
1892 421 2099 482 Atium
2120 422 2339 473 constat
2357 426 2452 469 eos
2475 414 2679 468 habere
2701 414 2952 468 divinum
2986 415 3081 484 (9).
3106 414 3175 468 Et
3197 413 3243 468 si
3274 413 3551 468 esuriunt’

282 525 390 564 nus
452 514 587 563 sunt
652 525 821 579 quam
884 510 1244 579 septuaginta
1306 510 1439 563 anni
1498 513 1589 579 (7),
1645 513 1792 582 quod
1822 512 1880 565 in

280 599 388 652 hoc
415 599 641 652 deserto
687 597 965 651 laboriose
996 598 1125 652 vixi.
1178 598 1320 652 Cum
1359 598 1493 653 feris
1522 607 1880 654 conversatus

282 702 409 739 sum
442 685 714 752 Crebrius,
773 702 874 757 pro
904 695 1051 757 pane
1102 687 1319 741 comedi
1342 687 1555 757 jugiter
1578 688 1881 742 herbarum

281 774 519 839 fructus,
551 776 611 829 in
658 774 945 829 montibus
971 773 1030 830 et
1056 775 1115 829 in
1143 776 1422 847 speluncis
1461 782 1519 829 et
1544 777 1603 830 in
1645 778 1882 832 vallibus

280 880 476 919 meum
503 864 770 918 reclinavi
793 863 1113 918 miserabile
1155 869 1377 936 corpus.
1425 865 1532 919 Tot
1581 866 1743 920 annis
1782 882 1883 920 ne-

281 952 499 1007 minem
527 954 638 1007 nisi
666 958 725 1007 te
753 953 935 1007 solum
992 954 1239 1024 adspexi,
1296 954 1628 1009 alimentum
1659 972 1695 1008 a
1731 956 1884 1009 nullo

281 1043 582 1097 hominum
602 1042 838 1113 sumpsi,
862 1042 922 1096 in
950 1043 1292 1096 monasterio
1323 1044 1707 1114 Hermopolim
1737 1045 1885 1098 dicto

284 1131 551 1198 nutritus,
614 1132 673 1185 in
703 1131 987 1203 provincia
1031 1131 1317 1185 Thebaida
1346 1130 1420 1198 (8)
1450 1132 1758 1199 nominata,
1791 1132 1887 1187 ubi

282 1221 454 1275 simul
480 1237 625 1291 pene
642 1223 866 1275 centum
900 1221 1160 1275 monachi
1207 1220 1506 1290 degebant.
1564 1222 1739 1276 Porro
1770 1222 1886 1276 vita

282 1311 514 1364 illorum
569 1310 701 1364 talis
748 1309 977 1376 exstitit,
1008 1314 1075 1363 ut
1104 1319 1261 1363 more
1290 1315 1347 1363 et
1373 1311 1591 1364 actione
1641 1311 1886 1381 aequani-

279 1399 454 1452 miter
483 1415 681 1453 omnes
715 1399 984 1464 viverent,
1017 1404 1076 1452 et
1102 1409 1215 1452 uno
1245 1398 1412 1452 corde
1446 1403 1502 1453 et
1517 1415 1631 1453 uno
1659 1400 1881 1470 spiritu,

274 1490 416 1558 jugo
448 1504 516 1542 ac
531 1487 839 1558 disCiplinaa
858 1493 1064 1542 sancta;
1072 1487 1283 1557 regula
1304 1488 1448 1542 colla
1465 1488 1879 1553 submitterent,

279 1584 455 1647 atque
484 1579 689 1631 ﬂuetus
708 1577 879 1646 hujus
897 1577 1083 1631 Saeculi
1104 1577 1334 1631 omnino
1352 1593 1465 1630 non
1492 1576 1878 1632 formidarent.

280 1666 574 1736 Quidquid
633 1666 733 1719 uni
780 1664 1050 1736 placebat,
1104 1665 1321 1719 cunctis
1368 1665 1637 1736 placebat.
1696 1666 1887 1720 Mente

1965 510 2090 580 quis
2106 508 2185 561 eis
2214 522 2417 576 panem
2438 504 2616 557 dabit?
2633 504 2689 557 Si
2711 504 2928 567 sitiunt,
2947 504 3072 573 quis
3101 503 3181 557 eis
3215 520 3420 574 aquam
3447 503 3551 557 tri-

1962 597 2103 662 buit,
2133 596 2226 666 ubi
2256 595 2417 665 panis
2447 601 2505 647 et
2534 609 2682 662 aqua
2702 610 2815 646 non
2847 593 2974 645 est?
3006 593 3281 646 Maximus
3304 592 3464 646 labor
3495 582 3555 647 in

1962 685 2198 739 desertis
2217 683 2350 738 locis
2377 698 2499 737 esse
2528 697 2640 735 non
2668 681 2976 746 dubitatur,
3009 681 3104 735 ubi
3127 682 3267 735 nihil
3296 698 3559 736 necessa—

1963 775 2109 829 rium
2131 772 2425 845 reperitur.
2462 771 2712 826 Primum
2742 787 2894 840 ergo,
2928 772 3150 841 quando
3173 771 3231 824 in
3254 771 3558 826 solitudine

1940 860 2244 917 'deﬁniunt
2278 861 2553 924 habitare,
2583 861 2641 913 in
2671 860 2774 914 Dei
2802 859 3007 913 timore
3060 865 3280 915 certant
3315 861 3557 915 ﬁrmiter

1968 946 2135 1006 stare.
2168 952 2233 1005 In
2263 952 2415 1005 fame
2437 955 2495 1004 et
2522 949 2637 1014 siti,
2670 950 2728 1002 in
2755 948 2944 1003 labore
2968 953 3023 1002 et
3053 950 3312 1019 passione
3323 966 3560 1020 corpora

1968 1058 2073 1095 sua
2099 1041 2380 1106 cruciant;
2414 1042 2609 1093 contra
2643 1037 2946 1091 diabolicas
2965 1038 3198 1092 insidias
3217 1039 3452 1093 viriliter
3469 1039 3557 1093 di-

1968 1131 2183 1184 micant
2207 1149 2222 1196 ;
2262 1135 2319 1183 et
2347 1134 2411 1183 ut
2436 1127 2679 1192 vincant,
2705 1132 2901 1181 contra
2924 1127 3039 1180 tela
3056 1126 3562 1198 nequissimiignea

1964 1219 2170 1290 gladiis
2205 1216 2588 1289 spiritualibus
2618 1221 2891 1287 pugnant.
2924 1216 3206 1285 Antiquus
3233 1216 3443 1272 etenim
3464 1217 3565 1271 ille

1967 1308 2340 1373 hostis,totius
2368 1307 2625 1361 inventor
2642 1306 2975 1376 iniquitatis,
3004 1305 3195 1358 studet
3212 1320 3307 1358 eos
3330 1304 3561 1359 subver-

1964 1404 2107 1464 tere,
2137 1402 2195 1451 et
2222 1397 2279 1450 in
2299 1396 2641 1450 consortium
2671 1394 2902 1448 malitiae
2922 1411 3037 1448 sua;
3064 1393 3375 1464 implicare,
3393 1398 3563 1464 atque

1966 1487 2036 1540 de
2056 1486 2203 1540 bona
2230 1486 2536 1549 voluntate,
2562 1499 2730 1554 quam
2760 1483 3117 1547 inchoabant,
3141 1481 3433 1536 retrahere
3457 1501 3475 1549 ;
3508 1487 3566 1536 et

1966 1580 2183 1628 mentes
2204 1591 2399 1628 eorum
2412 1573 2711 1627 mundanis
2735 1571 3112 1642 voluptatibus
3126 1570 3574 1643 iterumirretire‘

1966 1668 2031 1717 ut
2058 1662 2116 1716 in
2133 1671 2302 1733 opere
2326 1669 2362 1727 Ι
2378 1668 2494 1726 0|
2534 1667 2713 1731 coepto
2742 1660 3003 1713 fatiscant
3024 1659 3341 1729 persistere.
3368 1657 3564 1713 Omni-

277 1760 496 1821 sancta,
556 1756 671 1809 ﬁde
724 1756 884 1826 pura.
921 1755 1194 1809 charitate
1224 1754 1469 1825 perfecta
1528 1761 1658 1809 ante
1708 1757 1885 1810 Deum
1904 1757 2167 1837 Bpotens
2196 1766 2328 1821 ergo
2356 1752 2525 1815 Deus,
2559 1750 2656 1821 qui
2675 1765 2790 1802 non
2819 1748 3159 1818 derelinquit
3181 1753 3474 1818 sperantes
3504 1747 3567 1801 in

278 1844 642 1911 incedebant,
674 1845 764 1897 cui
821 1844 913 1897 die
960 1849 1241 1914 noctuque
1269 1844 1423 1897 omni
1452 1845 1885 1899 mansuetudine

277 1940 335 1986 et
362 1932 645 2003 patientia
674 1932 999 1987 ministrare
1039 1948 1154 1986 non
1200 1931 1510 1987 cessabant.
1570 1934 1751 1987 Tanta
1798 1935 1887 1988 his

277 2028 401 2075 erat
445 2022 806 2076 taciturnitas
822 2038 951 2076 cum
979 2021 1340 2087 abstinentia,
1365 2026 1430 2075 ut
1446 2022 1635 2076 nullus
1654 2023 1889 2077 auderet

276 2111 383 2164 nisi
413 2128 551 2164 cum
575 2112 731 2180 justa
758 2110 1216 2180 interrogatione,
1266 2111 1353 2164 vel
1400 2116 1552 2164 recto
1591 2128 1882 2182 responso,

277 2200 520 2253 reddere
547 2199 799 2253 verbum.
819 2199 901 2255 Ibi
917 2215 1139 2270 quoque
1160 2199 1431 2270 pabulum
1449 2205 1654 2254 sanctae
1679 2201 1885 2254 doctri-

278 2300 360 2342 nae
391 2288 468 2341 ab
488 2289 872 2342 adolescentia
900 2289 1150 2359 suscepi;
1194 2287 1272 2341 ibi
1299 2288 1578 2358 regularis
1599 2289 1724 2343 vitae
1752 2305 1887 2343 nor-

274 2392 428 2432 mam
459 2394 497 2429 a
524 2377 793 2431 fratribus
819 2375 1010 2441 didici,
1042 2393 1078 2430 a
1103 2375 1303 2447 quibus
1327 2376 1650 2430 amabiliter
1685 2378 1887 2447 dilige-

276 2467 394 2533 bar;
414 2464 491 2520 ab
514 2467 620 2531 his,
654 2466 894 2536 qualiter
930 2465 1187 2519 instituta
1214 2466 1610 2520 mandatorum
1635 2466 1737 2520 Dei
1767 2483 1885 2520 ser-

276 2571 407 2610 vare
428 2556 502 2610 de
536 2555 750 2621 berem,
786 2555 1086 2625 diligenter
1114 2554 1455 2609 instruebar.
1601 2564 1609 2571 ‘

343 2646 482 2699 CAP.
522 2645 620 2699 IV.
651 2672 716 2685 --
748 2644 999 2698 Profecto
1048 2644 1221 2698 vitam
1277 2644 1428 2697 beati
1483 2644 1668 2697 Patris
1705 2644 1883 2698 nostri

276 2734 409 2788 Elim
440 2732 789 2787 venerabiles
809 2733 1010 2787 fratres
1031 2748 1185 2787 meos
1206 2728 1394 2787 audivi
1420 2732 1742 2803 frequenter
1759 2735 1884 2788 lau-

274 2824 429 2886 dare,
458 2823 564 2893 qui
582 2836 640 2876 se
662 2823 721 2877 in
748 2836 936 2876 eremo
965 2822 1023 2874 in
1050 2822 1211 2875 tanta
1232 2821 1573 2875 abstinentia
1596 2828 1654 2875 et
1681 2824 1886 2877 oratio-

275 2926 342 2966 ne
374 2912 605 2966 studuit
625 2912 895 2982 affligere,
910 2917 977 2965 ut
988 2911 1290 2964 maximam
1310 2911 1575 2964 virtutem
1587 2929 1622 2964 a
1640 2911 1878 2965 Domino

274 3002 581 3056 meruisset
609 2998 860 3071 accipere
894 3018 908 3053 :
937 2999 1179 3068 etigneo
1204 3016 1373 3053 curru
1392 3000 1880 3070 transvectus,spi-

1969 1860 2047 1907 se,
2081 1842 2392 1895 circumdat
2416 1858 2510 1894 eos
2539 1839 2713 1893 armis
2731 1852 2844 1892 sum
2874 1837 3226 1908 potentiae,ut
3250 1838 3355 1891 hos
3382 1837 3567 1890 incur-

1969 1932 2052 1986 sio
2107 1933 2327 1985 Satanaa
2356 1946 2469 1984 non
2497 1930 2681 1982 valeat
2727 1932 3100 1998 prosternere,
3142 1941 3283 1996 quos
3320 1925 3566 1995 protegit

1968 2021 2238 2074 celsitudo
2282 2019 2487 2085 divinae
2526 2016 2942 2071 misericordiae.
2989 2015 3343 2085 Quapropter
3372 2014 3444 2067 ad
3471 2030 3569 2067 eos

1968 2110 2153 2179 angeli
2178 2109 2280 2162 Dei
2303 2108 2518 2179 jugiter
2537 2106 2861 2170 mittuntur,
2888 2122 2953 2158 ac
2978 2119 3079 2174 per
3108 2116 3311 2157 manus
3337 2103 3565 2156 illorum

1969 2214 2312 2269 quaecunque
2337 2195 2653 2250 necessaria
2675 2194 2924 2248 crebrius
2955 2193 3037 2247 eis
3073 2192 3562 2246 administrantur.

1968 2288 2187 2357 Aquam
2218 2286 2286 2339 de
2317 2290 2476 2355 petra
2502 2283 2803 2347 hauriunt,
2813 2281 2962 2351 quod
2990 2281 3398 2350 interpretatur
3409 2280 3568 2335 Chri-

1969 2370 2108 2431 stus.
2135 2375 2418 2445 Scriptum
2442 2378 2527 2427 est.
2564 2372 2745 2426 enim:
2783 2370 2971 2425 Sancti
2989 2370 3086 2441 qui
3113 2374 3345 2440 sperant
3360 2369 3421 2423 in
3449 2369 3564 2445 Dos

1969 2464 2143 2529 mino’,
2190 2444 2477 2518 habebunt
2503 2461 2911 2525 fortitudinem,
2943 2464 3233 2514 assument
3255 2472 3469 2530 pennas
3498 2444 3567 2512 ut

1968 2553 2187 2623 aquilae;
2214 2552 2501 2617 volabunt,
2524 2558 2581 2606 et
2610 2567 2721 2604 non
2748 2549 3029 2615 deﬁcient;
3052 2554 3299 2613 current,
3329 2552 3387 2601 et
3401 2562 3562 2623 gres-

1966 2622 2061 2696 sus
2119 2649 2313 2696 eorum
2365 2653 2479 2695 non
2534 2640 2794 2694 labentur
2843 2638 3004 2704 (lsa.
3035 2654 3102 2689 x1.
3130 2640 3166 2702 ).
3237 2637 3307 2689 Et
3360 2622 3495 2689 alibi
3547 2654 3560 2689 :

1946 2731 2074 2798 ,Qiii
2102 2731 2320 2795 sitiunt,
2371 2731 2440 2784 de
2468 2745 2712 2800 superno
2751 2728 2904 2780 fonte
2956 2725 3297 2779 condiuntur
3327 2721 3463 2791 (10),
3505 2730 3565 2778 et

1967 2819 2270 2874 herbarum
2299 2820 2432 2873 iblia
2454 2819 2513 2872 in
2540 2826 2637 2871 ore
2666 2832 2861 2871 eorum
2886 2819 3157 2885 tanquam
3194 2812 3352 2866 favus
3380 2812 3563 2866 mellis

1966 2910 2311 2963 dulcescunt.
2343 2908 2403 2963 Si
2454 2914 2641 2961 autem
2670 2905 2972 2976 aliquando
3010 2901 3268 2956 diabolus
3292 2900 3561 2955 adversus

1959 3014 2055 3051 eos
2077 2998 2429 3063 colluctatur,
2487 2994 2739 3066 protinus
2766 2997 3007 3063 surgunt
3036 3008 3047 3045 :
3099 3006 3300 3044 manus
3327 3006 3458 3043 suas
3486 2989 3560 3043 ad

272 3091 416 3145 ritus
463 3091 651 3144 sancti
681 3090 828 3143 dona
880 3104 1003 3159 quae
1037 3088 1329 3155 habuerat,
1363 3088 1633 3159 discipulo
1671 3090 1878 3159 inipar-
1897 3086 2259 3155 GDominum
2281 3085 2621 3156 expandunt,
2653 3100 2846 3154 preces
2867 3086 2997 3135 ante
3024 3080 3268 3134 divinam
3296 3080 3559 3149 majesta-

272 3180 383 3243 tiri,
419 3196 489 3233 ac
548 3179 731 3232 adhuc
759 3180 1041 3248 longaevus
1093 3177 1267 3244 senio,
1298 3178 1495 3232 mortis
1517 3193 1740 3248 pinnam
1763 3194 1876 3233 non

270 3269 481 3322 videre.
509 3269 751 3338 Insuper
773 3267 842 3320 ad
882 3264 1222 3337 exemplum,
1285 3266 1511 3320 beatum
1562 3265 1876 3336 Baptistain

271 3358 553 3411 lenimen!
584 3356 959 3427 protulerunt,
990 3355 1086 3425 qui
1116 3356 1175 3408 in
1202 3355 1330 3409 novi
1359 3355 1704 3409 Testamenti
1732 3355 1876 3409 serie

272 3437 625 3500 clarissimus
647 3444 872 3510 effulsit,
906 3450 1116 3515 perque
1144 3444 1387 3514 plurima
1399 3444 1675 3497 annorum
1695 3444 1877 3515 spatia

272 3535 459 3588 divino
491 3528 846 3603 mancipatus
875 3530 1075 3597 officio,
1108 3548 1311 3603 corpus
1338 3548 1504 3586 suum
1544 3534 1869 3598 maceravit,

272 3624 450 3677 donec
478 3620 541 3676 in
565 3622 828 3676 Iordanis
856 3618 1009 3675 unda
1036 3621 1468 3692 Redemptorem
1520 3622 1713 3675 mundi
1742 3622 1874 3693 bap~

269 3712 445 3765 tizare
474 3706 686 3779 dignus
741 3709 1024 3776 existeret,
1075 3708 1245 3780 atque
1282 3710 1467 3780 ipsum
1497 3710 1597 3763 Dei
1647 3712 1871 3781 Agnum

270 3815 390 3853 esse
419 3799 602 3869 digito
622 3812 726 3852 suo
754 3798 1187 3852 demonstraret.
1346 3818 1351 3823 ·

340 3886 472 3942 ΟΜ).
509 3884 577 3939 ν.
599 3917 663 3927 --
699 3887 814 3957 Ego
837 3890 968 3941 vero
989 3886 1118 3940 cum
1140 3886 1280 3941 talia
1307 3903 1402 3940 eos
1432 3887 1735 3941 recitantes
1769 3902 1871 3939 au-

271 3974 471 4039 direm,
506 3976 765 4030 dicebam
796 3976 907 4029 illis
932 3996 943 4029 :
980 3975 1439 4040 Quare,seniores
1460 3976 1592 4041 mei,
1619 3976 1785 4028 vitam
1818 3980 1874 4027 et

273 4060 547 4120 miracula
573 4076 771 4119 eorum
800 4061 1231 4135 obstupescitis?
1260 4070 1358 4118 aut
1380 4064 1712 4118 curillorum
1726 4063 1873 4116 facta

272 4158 385 4208 tam
405 4154 636 4208 assidue
664 4154 1155 4208 comniemdratis?
1170 4156 1258 4208 An
1278 4153 1571 4207 suntvobis
1590 4153 1869 4219 fortiores,

186 4268 191 4275 θ
274 4245 365 4314 qui
394 4244 688 4297 desertum
718 4240 995 4308 habitant,
1029 4244 1101 4296 an
1133 4242 1394 4296 leviores?
1423 4244 1498 4295 At
1526 4242 1607 4295 illi
1637 4245 1870 4312 respon-

272 4333 488 4392 dentes,
520 4332 787 4385 dixerunt
819 4350 829 4385 :
854 4330 979 4397 Fili,
1003 4330 1261 4385 fortiores
1287 4330 1451 4384 nobis
1470 4331 1622 4396 sunt,
1644 4331 1775 4402 quia
1797 4330 1868 4384 si-

1958 3180 2075 3229 tem
2092 3174 2333 3228 ﬁdeliter
2358 3174 2620 3238 fundunt;
2654 3187 2786 3226 mox
2807 3171 3015 3225 auxilio
3035 3167 3246 3223 caelesti
3265 3166 3559 3221 sublevan-

1956 3269 2068 3328 tur,
2076 3268 2133 3317 et
2155 3264 2350 3317 dolosa
2367 3261 2783 3333 jaculainimici
2800 3260 3022 3331 penitus
3033 3256 3558 3331 destruuntur.Non

1956 3352 2247 3422 intelligis,
2278 3352 2376 3418 ﬁli,
2394 3352 2637 3423 qualiter
2658 3350 2718 3404 in
2738 3349 2961 3403 Psalmo
2991 3347 3199 3418 legitur
3230 3363 3241 3397 :
3274 3345 3556 3409 Quoniam

1957 3449 2069 3496 non
2098 3442 2156 3495 in
2183 3443 2355 3495 ﬁnem
2379 3441 2579 3494 oblivio
2597 3439 2706 3493 erit
2734 3437 3015 3509 pauperis,
3039 3433 3317 3505 patientia
3340 3448 3553 3504 paupe-é

1955 3547 2082 3585 rum
2104 3548 2217 3584 non
2239 3530 2443 3601 peribit
2470 3530 2528 3582 in
2555 3534 2827 3582 aeternum
2849 3526 3020 3594 (Psal.
3071 3526 3147 3593 Ix)
3170 3523 3196 3576 ?
3225 3528 3284 3577 et
3309 3522 3547 3577 iterum:

1958 3620 2255 3673 Exaudivit
2283 3636 2377 3672 eos
2423 3618 2695 3672 Deminus
2745 3616 2804 3668 in
2832 3614 2922 3669 die
2958 3611 3362 3676 tribulationis,
3395 3616 3454 3664 et
3480 3611 3551 3664 de

1955 3709 2108 3762 omni
2138 3708 2401 3778 anguetia
2444 3706 2707 3761 liberavit
2758 3721 2854 3758 eos
2880 3705 3051 3771 (Psal.
3083 3708 3210 3765 CVI).
3255 3700 3549 3754 Enimvero

1952 3798 2337 3867 unusQuisque
2365 3795 2648 3866 propriam
2705 3792 3020 3847 mercedem
3048 3790 3303 3861 accipiet,
3347 3803 3547 3843 secun-

1954 3887 2090 3940 dum
2131 3890 2295 3939 suum
2350 3884 2598 3938 laborem
2624 3885 2673 3948 (1
2710 3883 2832 3938 Cor.
2862 3884 2962 3951 ιιι).
3024 3881 3232 3934 Beatus
3279 3883 3365 3933 est
3395 3877 3547 3932 enim

1953 3974 2038 4027 vir
2096 3975 2191 4044 qui
2230 3990 2453 4044 semper
2494 3978 2581 4026 est
2614 3971 2846 4043 pavidus
2875 4008 2890 4035 ,
2944 3976 3003 4025 et
3043 3969 3390 4023 voluntatem
3445 3967 3549 4021 Dei

1954 4063 2013 4117 in
2065 4064 2168 4117 hac
2224 4062 2484 4133 praesenti
2551 4060 2664 4114 vita
2709 4066 2767 4114 et
2812 4059 2999 4129 fragili
3070 4058 3353 4113 studiosus
3427 4055 3552 4126 agit

1956 4155 2135 4219 (Prov.
2170 4156 2377 4219 xxvni).
2410 4150 2734 4205 Certissime
2764 4148 2927 4214 scias,
2960 4160 2993 4202 o
3023 4147 3119 4213 ﬁli,
3154 4146 3420 4216 quoniam
3450 4159 3548 4199 an-

1952 4242 2062 4311 geli
2082 4242 2182 4296 Dei
2207 4240 2413 4295 sanctis
2443 4256 2506 4293 ac
2529 4239 2700 4309 justis
2722 4238 2855 4291 viris
2897 4236 3145 4306 quotidie
3175 4234 3542 4301 famulantur,

1951 4338 2120 4401 atque
2143 4331 2348 4383 virtute
2377 4342 2623 4399 superna
2649 4338 2884 4397 corpora
2905 4330 2962 4378 et
2991 4324 3191 4377 animae
3216 4323 3313 4378 illo
3347 4325 3549 4392 jurum

270 4436 339 4475 ne
365 4421 654 4492 adjutorio
683 4422 932 4474 humano
982 4418 1191 4475 vivunt.
1247 4420 1363 4473 Nos
1408 4419 1600 4490 itaque
1629 4420 1773 4473 alter
1788 4414 2094 4489 ’abD‘giter
2122 4419 2532 4473 illuminantur.

270 4510 448 4563 altero
499 4508 898 4579 conspicimur,
933 4510 1255 4579 pariterque
1282 4508 1537 4562 divinum
1560 4509 1805 4563 officium
1834 4524 1869 4562 a

271 4598 429 4651 nobis
461 4597 803 4651 celebratur.
834 4598 893 4652 Si
924 4598 1148 4667 quando
1177 4597 1358 4651 cibum
1392 4598 1667 4669 cupimus,
1701 4602 1868 4669 para-

268 4692 391 4740 tum
418 4687 772 4757 reperimus;
802 4686 849 4740 si
866 4687 1090 4756 quando
1110 4687 1408 4741 inﬁrmitas
1429 4693 1529 4741 aut
1546 4686 1736 4757 aliqua
1753 4702 1871 4740 cor-

270 4774 791 4846 porisimbecillitas
807 4776 1116 4846 irrepserit,
1124 4776 1315 4829 statim
1338 4784 1470 4830 cura
1484 4776 1721 4830 fratrum
1741 4781 1869 4829 eum

270 4865 423 4918 omni
475 4864 857 4917 sollicitudine
887 4880 989 4918 nos
1017 4859 1264 4935 adjuvat.
1308 4866 1372 4919 In
1399 4866 1647 4920 aediﬁciis
1688 4865 1869 4919 lucide

270 4953 612 5007 constructis
639 4952 979 5018 habitamus,
1010 4954 1071 5006 in
1097 4954 1298 5024 quibus
1337 4961 1396 5009 et
1449 4952 1519 5008 ab
1570 4960 1707 5008 aestu
1738 4954 1871 5007 solis

270 5043 523 5113 cooperti
547 5054 765 5109 sumus,
792 5048 848 5096 et
876 5041 945 5095 ab
971 5042 1338 5096 inundatione
1370 5042 1590 5113 pluviae,
1623 5050 1679 5096 et
1707 5048 1874 5096 atur-

270 5132 398 5187 bine
426 5133 584 5187 venti
610 5149 674 5186 ac
704 5138 1038 5203 tempestate
1049 5148 1344 5187 manemus
1355 5128 1585 5187 defensi.
1618 5132 1876 5187 Monachi

272 5238 420 5287 vero,
448 5222 548 5293 qui
578 5222 638 5276 in
674 5222 897 5276 deserto
928 5228 1080 5287 sunt,
1118 5222 1258 5275 nihil
1282 5222 1678 5275 consolationis
1711 5222 1819 5275 nisi
1843 5238 1879 5275 a

270 5312 387 5366 Deo
405 5311 776 5382 recipiunt.8i
796 5312 1019 5382 quando
1049 5311 1337 5380 angustias
1360 5317 1460 5363 aut
1484 5310 1877 5365 tribulationes

271 5401 524 5471 perpessi
558 5400 789 5467 fuerint,
814 5399 900 5452 vel
934 5412 1062 5453 cum
1095 5399 1315 5453 diabolo
1370 5399 1600 5470 antiquo
1640 5400 1873 5455 humani

267 5490 496 5560 generis
549 5488 781 5543 inimico
809 5498 1063 5559 pugnare
1089 5488 1376 5559 coeperint,
1406 5489 1531 5557 quis
1560 5490 1640 5543 eis
1672 5495 1822 5544 astat
1850 5490 1875 5541 ?

246 5580 255 5586 ’
315 5584 430 5651 quo
454 5576 823 5649 adjuVantut’I
854 5578 963 5632 Sed
984 5576 1185 5648 quibus
1214 5578 1528 5631 humanum
1544 5576 1704 5632 deest
1731 5580 1875 5634 sola-

2022 4509 2154 4563 CAP.
2185 4509 2280 4562 VI.
2314 4534 2381 4549 —-
2417 4503 3139 4575 Talideniquerationeego
3167 4517 3382 4572 pauper
3397 4500 3547 4555 Onu-
3592 4540 3597 4543 -

1951 4598 2148 4669 phrius
2175 4614 2209 4651 a
2237 4594 2604 4651 sanctissimis
2635 4593 2896 4648 Patribus
2945 4593 3003 4646 in
3049 4596 3176 4645 m'eo
3205 4589 3547 4644 monasterio

1952 4687 2235 4742 subtiliter
2280 4687 2608 4749 instructus,
2664 4683 2809 4753 coepi
2862 4682 3037 4736 tacita
3069 4685 3257 4734 mente
3304 4683 3549 4733 tractare

1954 4776 2123 4847 quam
2166 4774 2413 4845 gloriosa
2464 4772 2728 4827 felicitate
2774 4769 3139 4841 perfruuntur
3165 4769 3225 4822 in
3254 4768 3408 4822 caelis
3452 4768 3551 4839 qui

1952 4865 2264 4920 certamina
2292 4863 2570 4917 laboriosa
2594 4866 2823 4932 propter
2837 4870 3087 4912 amorem
3107 4857 3333 4911 Domini
3351 4857 3554 4912 tolera—

1952 4956 2087 5009 runt
2107 4954 2164 5008 in
2191 4953 2359 5008 terris
2390 4972 2402 5005 :
2437 4956 2533 5005 co'r
2552 4956 2742 5004 meum
2760 4947 3012 5012 ardebat,
3047 4959 3207 5002 mens
3247 4963 3379 5002 mea
3400 4947 3549 5002 desi-

1956 5043 2282 5098 derabiliter
2302 5040 2550 5095 fervebat
2566 5038 2761 5093 mundi
2787 5038 2997 5107 gaudia
3010 5038 3233 5109 penitus
3262 5053 3547 5109 spernere,

1958 5134 2152 5207 patriae
2207 5131 2418 5185 caelesti
2473 5129 2604 5183 totis
2644 5127 2853 5182 viribus
2900 5128 3373 5199 appropinquare,
3408 5126 3554 5182 sicut

1960 5222 2257 5277 Psalmista
2304 5220 2517 5282 edocet,
2551 5218 2780 5271 dicens:
2843 5217 2981 5271 Mihi
3031 5222 3221 5271 autem
3266 5217 3556 5272 adhaerere

1959 5314 2074 5367 Deo
2103 5312 2311 5365 bonum
2342 5312 2446 5376 est,
2480 5324 2688 5379 ponere
2714 5307 2773 5361 in
2801 5306 3040 5361 Domino
3052 5308 3167 5361 Deo
3185 5323 3345 5379 spem
3370 5318 3557 5361 meam

1962 5404 2127 5469 (Psal.
2142 5402 2347 5467 mnu).

2028 5491 2158 5543 CAP.
2192 5490 2312 5543 VII.
2435 5488 2694 5559 Dumque
2722 5488 2840 5541 haec
2858 5486 3127 5542 sollicitus
3148 5484 3553 5555 excogitarem,

1957 5584 2119 5633 nocte
2179 5579 2367 5634 silenti
2431 5578 2682 5633 concitus
2747 5576 2983 5643 surrexi,
3049 5582 3284 5647 parvum
3348 5585 3555 5643 panem
