4004 6196
424 279 528 334 21ὖ

1437 281 1528 335 DE
1565 281 1754 336 VITIS
1795 283 2090 340 PATRUM
2127 287 2343 345 LIBER
2381 289 2673 344 PRIMUS.

3593 289 3699 345 ‘216

426 418 646 456 mecum
693 403 869 456 detuli
924 417 1049 456 eum
1106 401 1324 472 exiguis
1379 403 1775 471 leguminibus,
1825 410 1892 459 ut
1929 406 2360 468 vixAdeberem
2413 411 2616 476 vivere,
2649 408 2854 462 divinis
2881 410 3141 480 alloquiis
3169 427 3282 465 non
3319 411 3575 466 cessabat
3597 413 3701 468 ad-

422 507 601 562 usque
633 491 692 544 in
714 496 971 562 quartam
993 491 1141 544 diem
1163 491 1478 558 sufﬁceret;
1503 491 1693 562 sicque
1711 495 2018 548 secundum

419 579 522 634 Dei
551 579 1026 650 dispensationem
1047 585 1104 632 et
1131 581 1252 649 ejus
1281 581 1550 650 pietatem
1573 581 1855 652 profectus
1868 599 2013 650 sum,

419 673 486 723 ut
513 669 651 722 mihi
679 668 1004 722 ostenderet
1033 685 1171 722 meae
1213 667 1577 723 habitationis
1607 671 1810 724 locum.
1846 673 2018 742 Egre-

421 757 609 811 diente
639 763 829 810 autem
847 773 936 810 me
967 757 1036 810 de
1053 757 1394 811 monasterio
1421 758 1483 812 in
1503 765 1789 826 montana,
1823 761 1947 814 veni
1961 761 2018 815 in

419 847 741 913 desertum;
789 847 1153 917 cogitansque
1207 853 1269 901 ut
1299 864 1586 902 manerem
1615 849 1712 915 ibi,
1747 850 2013 905 continuo

417 935 611 988 lumen
655 935 1010 1006 splendidum
1041 941 1172 989 ante
1198 953 1310 1003 me,
1360 937 1520 1006 quasi
1567 937 1796 992 obvians
1851 939 2009 1004 mihi,

419 1023 550 1076 vidi.
585 1023 707 1087 Quo
736 1024 872 1090 viso,
917 1025 1072 1078 valde
1099 1024 1283 1078 timui.
1327 1025 1536 1079 Idcirco
1563 1042 1788 1096 quoque
1819 1029 2012 1098 putavi

418 1129 510 1166 me
567 1112 770 1166 debere
826 1113 896 1166 ad
951 1113 1358 1168 monasterium
1388 1115 1628 1184 regredi,
1659 1116 1809 1170 unde
1847 1117 2010 1171 exivi.

419 1201 710 1272 Extemplo
735 1207 926 1255 autem
948 1202 1017 1255 de
1045 1203 1201 1256 radio
1213 1203 1465 1274 praeclari
1497 1204 1727 1258 luminis
1742 1205 1828 1258 vir
1847 1221 2013 1276 aspe-

418 1294 511 1343 ctu
559 1290 970 1360 pulcherrimus
1028 1292 1261 1345 accessit
1289 1292 1358 1346 ad
1412 1309 1520 1360 me,
1555 1299 1613 1346 et
1639 1293 1778 1347 dixit
1813 1295 1955 1348 mihi
1995 1313 2008 1348 :

417 1377 547 1432 Noli
577 1395 888 1449 pavescere,
932 1395 1034 1448 ego
1066 1380 1217 1432 enim
1245 1397 1370 1434 sum
1398 1381 1500 1434 Dei
1524 1383 1774 1451 angelus,
1818 1383 1919 1436 tibi
1944 1384 2014 1438 ad

419 1467 850 1520 custodiendum
883 1466 954 1520 ab
1001 1475 1126 1521 ortu
1156 1474 1254 1522 tuo
1290 1468 1402 1538 (ll)
1441 1471 1791 1540 prov1dentia
1828 1471 2017 1525 divina

419 1555 748 1620 destinatus,
785 1561 847 1610 ut
860 1555 1095 1626 jubente
1116 1557 1232 1610 Deo
1258 1561 1444 1611 tecum
1475 1567 1846 1625 manerem,et
1874 1567 1930 1614 te
1956 1561 2015 1614 in

419 1644 563 1697 hanc
592 1661 846 1698 eremum
875 1645 1156 1699 ducerem.
1189 1645 1475 1700 Perfectus
1514 1653 1652 1714 esto,
1671 1648 1900 1704 humilis
1933 1650 2015 1702 in-

2101 515 2328 553 monere
2337 540 2348 552 .

2173 589 2308 641 CAP.
2337 587 2768 652 IX.-—Quodam
2795 592 2988 641 autem
3000 592 3274 658 tempore,
3295 589 3460 660 juxta
3473 607 3704 645 consue-

2101 677 2354 731 tudinem
2389 677 2460 730 ad
2515 693 2608 730 me
2664 676 2912 743 veniens,
2945 677 3094 731 inter
3121 677 3292 732 verba
3347 679 3703 734 salutationis

2100 770 2416 836 prostratus
2442 765 2502 820 in
2521 770 2733 819 terram
2763 765 3008 820 corruit:
3040 766 3392 838 Dominoque
3408 769 3704 823 remittens

2095 853 2365 921 animam,
2389 854 2740 908 obdormivit.
2762 853 2923 918 Quod
2939 871 3066 909 cum
3083 855 3351 920 viderem,
3381 856 3552 910 nimis
3575 873 3703 912 sum

2095 943 2458 998 eontristatus
2492 963 2505 1011 ;
2566 949 2624 998 et
2669 943 2962 997 devolutus
2990 943 3169 1010 humi,
3195 943 3460 1015 lacrymis
3488 944 3702 999 obortis

2095 1030 2378 1086 uberrime
2425 1032 2568 1086 flevi.
2606 1033 2823 1103 Corpus
2858 1033 2980 1102 ejus
3025 1048 3155 1086 mox
3203 1032 3410 1104 accepi,
3444 1038 3504 1088 et
3539 1044 3701 1088 seeos

2097 1121 2498 1175 Calidiomeam
2523 1127 2688 1176 terrae
2710 1121 3118 1176 commendavi.

2167 1210 2300 1264 CAP.
2327 1211 2402 1266 X.
2437 1241 2500 1252 —
2529 1211 2676 1264 Dum
2702 1215 2894 1264 autem
2935 1227 3038 1280 ego
3093 1210 3444 1282 Paphnutius
3489 1227 3523 1264 a
3579 1213 3700 1264 viro

2095 1298 2448 1353 Sanctissimo
2473 1298 3025 1369 Onuphrio,rationis
3045 1299 3214 1370 hujus
3241 1299 3523 1370 loquelam
3539 1300 3700 1354 audi-

2097 1403 2237 1454 rem,
2265 1387 2496 1458 inquam
2524 1387 2596 1441 ad
2625 1405 2752 1441 eum
2785 1406 2796 1440 :
2845 1389 3017 1441 Pater
3045 1393 3256 1454 sancte,
3297 1387 3548 1442 laborem
3569 1405 3694 1443 esse

2097 1492 2210 1528 non
2240 1476 2522 1530 modicum
2545 1478 2666 1546 jam
2695 1477 2896 1543 sentio,
2932 1493 3099 1548 quem
3126 1494 3228 1547 pro
3249 1478 3476 1531 nomine
3489 1477 3701 1532 Christi

2097 1565 2352 1618 tolerasti
2383 1565 2443 1618 in
2471 1566 2576 1618 hac
2599 1565 2924 1620 eremo.Vir
2953 1570 3178 1620 sanctus
3209 1566 3515 1636 respondit:
3535 1567 3696 1633 Mihi,

2097 1653 2292 1716 frater,
2324 1653 2488 1708 crede
2507 1654 2869 1709 dilectissime
2897 1673 2908 1707 :
2967 1655 3027 1709 in
3073 1655 3296 1709 deserto
3342 1655 3604 1721 sustinui,
3636 1661 3703 1710 ut

417 1732 748 1786 cedeeoram
768 1733 1027 1801 Domino,
1058 1750 1186 1788 cum
1209 1735 1416 1805 gaudio
1437 1735 1648 1802 labora,
1664 1743 1930 1792 cortuum
1959 1739 2017 1792 in
2042 1724 2302 1813 Bsaepius
2331 1747 2588 1813 putarem
2619 1761 2708 1797 me
2757 1748 2938 1797 morte
2977 1743 3253 1814 superari.
3285 1743 3500 1814 Abspes
3529 1744 3703 1798 etiam

417 1821 571 1874 omni
602 1822 857 1874 custodia
882 1838 1168 1888 conserva,
1207 1823 1326 1876 vive
1356 1825 1476 1878 sine
1507 1827 1754 1895 querela,
1779 1827 1838 1880 in
1868 1827 2016 1881 bono
2101 1829 2216 1897 (l6)
2235 1830 2520 1884 multoties
2549 1831 2696 1896 vitae,
2719 1837 2785 1884 ut
2803 1831 2892 1884 vix
2910 1831 3152 1884 halitum
3170 1831 3230 1885 in
3261 1847 3494 1902 corpore
3519 1830 3697 1884 senti-

417 1925 586 1980 opere
609 1926 922 1980 persevera.
948 1911 1063 1980 Ego
1093 1927 1225 1965 vero
1251 1917 1309 1965 te
1339 1929 1452 1966 non
1477 1914 1886 1985 derelinquam,
1921 1916 2018 1970 do-
2097 1935 2217 1972 rem
2245 1935 2557 1973 remanere.
2589 1919 2698 1974 Per
2721 1919 2866 1973 diem
2897 1925 3037 1974 aestu
3062 1926 3120 1974 et
3139 1919 3267 1990 igne
3289 1920 3423 1974 solis
3448 1919 3704 1974 ardentis

417 2013 522 2050 nec
547 1997 794 2051 animam
827 2003 984 2052 tuam
1013 1999 1072 2052 in
1086 2000 1442 2069 praesentiam
1453 2017 1684 2056 summae
1704 2005 2016 2073 majestatis
2098 2006 2320 2072 urebar,
2363 2024 2466 2078 per
2485 2013 2706 2062 noctem
2725 2024 2853 2062 rore
2880 2013 2938 2062 et
2955 2008 3162 2079 pruina
3180 2008 3438 2075 infectus,
3469 2008 3619 2062 fame
3648 2013 3706 2062 et

419 2085 672 2140 offeram.
691 2087 1059 2142 Haeclocutus
1079 2093 1164 2140 est
1189 2088 1327 2142 mihi
1357 2091 2018 2164 angelus,iterineeptum
2101 2096 2196 2149 siti
2224 2095 2494 2150 defectus.
2530 2097 2576 2150 Ο
2601 2101 2812 2167 quanta
2849 2103 2907 2150 et
2937 2097 3126 2167 qualia
3153 2113 3352 2168 passus
3371 2113 3497 2151 sum
3534 2098 3546 2150 !
3573 2098 3701 2152 Non

419 2189 639 2228 mecum
659 2176 974 2230 comitatus.

491 2265 621 2318 CAP.
653 2265 796 2320 VIII.
832 2296 898 2306 —
918 2267 1296 2336 Pergebamus
1321 2269 1402 2327 ita
1427 2269 1595 2323 simul
1625 2286 1724 2324 sex
1753 2270 2017 2325 milliaria

417 2351 504 2406 vel
529 2358 764 2423 septem,
793 2359 851 2407 et
877 2355 948 2409 ad
977 2357 1283 2425 quamdam
1302 2359 1558 2412 venimus
1585 2359 1908 2430 speluncam
1924 2359 2014 2413 ni-

419 2441 526 2495 mis
551 2442 832 2496 decoram.
864 2445 1222 2516 ApprOpiavi,
1256 2447 1445 2500 volens
1475 2446 1766 2513 sciscitari,
1800 2447 1846 2501 si
1869 2447 2012 2502 forte

419 2530 700 2602 quispiam
728 2531 882 2586 intus
901 2540 1172 2588 maneret.
1207 2535 1524 2589 Secundum
1553 2537 2014 2590 consuetudinem

422 2621 827 2674 monachorum
856 2623 1102 2676 clamare
1129 2623 1289 2693 coepi,
1331 2622 1778 2678 benedictionem
1807 2625 2016 2679 humil-

421 2709 556 2762 lime
583 2709 722 2780 petii
765 2710 807 2780 (ι
819 2710 896 2779 2).
930 2711 1066 2765 Inde
1087 2709 1264 2766 virum
1281 2713 1694 2766 sanctissimum
1722 2713 2013 2780 exirevidi,

423 2813 591 2868 quem
631 2803 948 2868 prostratus
976 2800 1148 2854 humo
1167 2806 1334 2855 tenus
1363 2801 1611 2855 adoravi.
1645 2801 2020 2855 Illeveroma-

424 2901 532 2939 nus
560 2902 691 2940 suas
717 2887 857 2941 mihi
885 2889 1151 2960 porrexit,
1185 2889 1254 2944 de
1280 2895 1434 2944 terra
1462 2901 1552 2942 me
1574 2889 1828 2956 elevavit,
1863 2907 2025 2944 oscu-

2101 2183 2326 2252 sufﬁeit,
2355 2201 2537 2254 neque
2583 2185 2906 2256 quempiam
2951 2185 3115 2238 decet
3153 2185 3346 2256 plagas
3383 2202 3448 2239 ac
3484 2183 3706 2239 labores

2099 2289 2384 2339 enarrare,
2435 2290 2574 2344 quos
2625 2275 2792 2328 homo
2835 2274 3144 2328 moriturus
3191 2290 3292 2345 pro
3327 2274 3427 2328 Dei
3469 2274 3703 2328 viventis

2097 2377 2288 2426 amore
2337 2361 2504 2416 debet
2530 2363 2791 2417 tolerare.
2824 2363 3044 2417 Reddet
3070 2363 3344 2418 Dominus
3386 2362 3726 2416 mercedem‘

2094 2449 2351 2504 laborum
2379 2457 2701 2506 sanctorum
2751 2468 2982 2506 suorum
3013 2449 3162 2520 (Sap.
3185 2453 3258 2520 κ).
3285 2451 3460 2522 Cujus
3489 2451 3701 2505 divitia

2099 2539 2244 2593 sicut
2267 2555 2378 2594 non
2397 2546 2695 2610 augentur,
2728 2541 2808 2594 ita
2827 2557 3185 2612 nequaquam
3213 2540 3560 2594 minuentur.
3594 2540 3705 2595 Per

2101 2644 2268 2698 quem
2290 2627 2440 2682 enim
2484 2628 2711 2695 famem,
2755 2629 2928 2696 sitim,
2960 2629 3137 2700 frigus
3177 2635 3234 2684 et
3273 2635 3493 2694 aestum,
3533 2635 3707 2700 atque

2100 2715 2537 2786 multigenarum
2551 2717 2931 2772 cruciamenta
2943 2717 3330 2772 molestiarum
3341 2716 3708 2788 sustinui,po-

2099 2811 2226 2858 tens
2247 2809 2334 2859 est
2361 2822 2488 2860 eum
2520 2805 2728 2860 divitiis
2755 2805 3074 2860 caelestibus
3093 2806 3243 2860 inter
3256 2806 3590 2876 angelorum
3615 2822 3706 2860 ca-

2107 2897 2292 2947 tervas
2320 2911 2411 2948 me
2440 2895 2716 2948 consolari
2750 2913 2761 2947 :
2791 2895 3064 2951 alimenta
3081 2911 3215 2949 vero
3241 2894 3426 2965 sprevi
3447 2910 3708 2965 corpora-

424 2975 543 3028 lum
561 2974 701 3028 mihi
714 2976 866 3046 pacis
885 2977 1082 3032 tribuit
1113 2977 1242 3050 (13),
1269 2983 1438 3050 atque
1464 2977 1608 3033 dixit
1637 2998 1648 3033 :
1685 2980 1768 3032 Tu
1795 2995 1854 3032 es
1875 2979 2027 3032 enim
2047 3039 2086 3054 ﬂ
2107 2982 2203 3048 lia,
2236 2987 2302 3036 ut
2328 2983 2532 3053 dignus
2577 2983 2888 3054 acciperem
2943 2983 3238 3054 spiritalia.
3282 2984 3522 3037 Sanctus
3551 2985 3707 3036 enim

423 3061 597 3116 frater
623 3039 800 3132 meus,
827 3039 1126 3122 eremiticae
1168 3039 1498 3139 cooperator
1538 3068 1680 3134 vitm,
1711 3085 1742 3121 ο
1772 3067 1868 3132 ﬁli,
1937 3068 2026 3121 in-
2044 3039 2088 3098 Ο
2110 3039 2343 3140 angelus
2386 3039 2642 3142 quotidie
2671 3039 2872 3143 panem
2923 3039 3064 3125 mihi
3094 3071 3379 3138 offerebat,
3411 3077 3470 3126 et
3497 3087 3706 3142 aquam

422 3152 679 3222 gredere.
733 3154 883 3208 Deus
937 3155 1041 3210 tibi
1085 3157 1372 3222 concedat,
1424 3161 1487 3210 ut
1528 3158 1701 3211 timor
1723 3159 1846 3227 ejus
1883 3157 1942 3210 in
1971 3161 2028 3210 te
2109 3176 2211 3231 pro
2231 3175 2498 3214 mensura
2525 3159 3182 3231 ministrabat,utcorpus
3209 3177 3400 3215 meum
3429 3160 3710 3214 conforta-

421 3247 918 3314 permaneat,opus
936 3251 1098 3299 tuum
1117 3245 1175 3300 in
1188 3246 1336 3300 illius
1350 3251 1648 3317 conspectu
1659 3246 2018 3317 eomplaceat.

425 3328 629 3382 Statim
659 3346 786 3384 cum
817 3348 884 3386 eo
903 3349 1130 3403 specum
1158 3333 1402 3400 introivi,
1422 3334 1654 3405 diesque
1673 3334 1862 3404 plures
1875 3335 2024 3404 apud

424 3416 586 3472 illum
607 3421 856 3489 pausavi,
881 3439 1052 3493 opera
1079 3424 1202 3493 ejus
1223 3423 1452 3494 cupiens
1481 3423 1713 3487 discere,
1746 3429 1803 3477 et
1827 3423 2022 3476 solita-

425 3507 567 3561 riam
581 3507 987 3564 habitationem
1007 3511 1283 3566 curiosius
1303 3513 1783 3582 investigareﬁpse
1799 3528 2021 3583 quoque

425 3599 492 3648 ut
519 3613 707 3651 meum
735 3598 1079 3654 desiderium
1111 3601 1357 3669 agnovit,
1381 3601 1676 3654 consilium
1693 3599 2020 3654 honorabile

427 3683 568 3737 mihi
591 3685 830 3756 praebuit
852 3705 865 3751 ;
884 3703 950 3740 ac
979 3688 1221 3758 qualiter
1243 3689 1476 3742 insidias
1519 3687 1725 3742 diaboli
1754 3705 2020 3758 supm‘are

426 3771 708 3838 deberem,
717 3773 896 3828 verbis
907 3775 1252 3830 eharitativis
1265 3782 1558 3846 gratanter
1571 3777 2026 3847 patefecit.Tran-

426 3859 594 3913 saetis
619 3861 812 3932 itaque
843 3862 1178 3932 quibusdam
1207 3863 1422 3931 diebus,
1472 3864 1676 3918 talibus
1731 3865 2024 3919 admonuit

428 3963 520 4000 me
549 3947 748 4014 verbis,
780 3950 969 4004 dicens
1002 3971 1013 4005 :
1049 3952 1171 4018 Pili,
1199 3969 1385 4023 surge,
1421 3970 1639 4008 mecum
1661 3970 1830 4024 perge
1857 3954 2026 4021 ;inte-

427 4037 581 4090 riora
608 4037 816 4092 deserti
837 4039 1004 4094 debes
1032 4041 1266 4107 intrare,
1289 4047 1346 4096 et
1373 4042 1432 4096 in
1461 4042 1572 4096 alia
1596 4043 2024 4114 speluncasolus

427 4125 682 4180 habitare
717 4145 728 4180 :
771 4127 846 4181 ibi
876 4129 922 4182 si
941 4129 1176 4184 viriliter
1203 4130 1454 4196 dimicas,
1488 4131 1679 4186 omnia
1716 4132 2022 4186 daemonio-

425 4231 554 4269 rum
584 4220 934 4272 tentamenta
961 4235 1212 4290 superas.
1248 4219 1457 4274 Idcirco
1481 4237 1610 4274 vero
1643 4221 1793 4274 Deus
1822 4221 1880 4274 in
1917 4221 2023 4274 hoc

421 4305 646 4360 deserto
675 4307 793 4360 vult
822 4313 879 4362 te
929 4307 1190 4378 probare,
1223 4309 1270 4362 si
1301 4309 1579 4364 mandatis
1628 4310 1751 4380 ejus
1779 4310 2025 4364 ﬁdeliter

2105 3254 2280 3315 retur,
2305 3265 2378 3302 ne
2401 3249 2681 3314 deﬁceret,
2707 3254 2763 3303 et
2793 3249 3010 3320 jugiter
3032 3249 3091 3304 in
3118 3249 3285 3304 laude
3313 3249 3414 3303 Dei
3444 3265 3711 3320 perseve-

2105 3343 2276 3391 raret.
2310 3337 2552 3392 Arbores
2580 3338 2899 3409 palmarum
2925 3337 3135 3392 ibidem
3163 3338 3482 3414 constituta:
3520 3344 3706 3404 erant,

2105 3442 2228 3496 qua
2258 3426 2556 3480 duodecies
2576 3426 2636 3480 in
2664 3443 2812 3482 anno
2833 3427 3184 3498 daetylorum
3203 3427 3714 3496 fruetusgermina-

2105 3514 2242 3569 bant
2272 3515 2397 3585 (l7).
2431 3515 2582 3578 Quos
2611 3531 2712 3586 per
2730 3516 2980 3586 singulos
2993 3516 3112 3569 dies
3141 3516 3428 3586 colligens,
3447 3532 3549 3586 pro
3562 3532 3712 3586 pane

2102 3603 2356 3669 edebam,
2384 3604 2587 3658 mixtos
2636 3604 2938 3659 herbarum
2990 3604 3155 3670 foliis,
3189 3605 3273 3658 'et
3301 3609 3464 3658 erant
3507 3605 3566 3658 in
3611 3621 3713 3658 ore

2105 3708 2231 3746 meo
2258 3697 2530 3763 tanquam
2559 3693 2715 3748 favus
2743 3693 2946 3747 mellis.
2977 3694 3124 3748 Nam
3145 3694 3206 3748 in
3245 3693 3544 3764 Evangelio
3564 3693 3714 3764 legi-

2103 3785 2216 3834 tur:
2238 3781 2362 3836 Non
2375 3781 2436 3836 in
2449 3782 2566 3836 solo
2593 3799 2738 3854 pane
2769 3782 2901 3836 vivit
2923 3783 3115 3852 homo,
3145 3782 3246 3837 sed
3269 3783 3329 3836 in
3361 3783 3519 3836 omni
3541 3781 3714 3836 verbo

2105 3870 2250 3939 quod
2273 3870 2526 3940 procedit
2561 3871 2632 3924 de
2677 3887 2774 3925 ore
2801 3871 2904 3925 Dei
2957 3872 3172 3934 (Matth.
3197 3873 3291 3939 Iv).
3345 3871 3547 3926 Frater
3606 3871 3714 3925 Pa-

2105 3959 2382 4028 phnuti,si
2395 3959 2630 4030 implere
2659 3959 2851 4013 studes
2873 3960 3218 4014 voluntatem
3241 3959 3362 4025 Dei,
3396 3959 3588 4012 omnia
3600 3959 3708 4013 tibi

2104 4047 2422 4101 necessaria
2475 4055 2867 4118 prmparantur
2915 4048 2984 4102 ab
3015 4065 3100 4102 eo.
3150 4048 3311 4103 Unde
3337 4049 3462 4118 ipsa
3482 4048 3712 4103 Veritas

2105 4136 2390 4202 admonet,
2433 4137 2624 4190 dicens
2659 4155 2670 4190 ε
2716 4138 2800 4191 Ne
2841 4137 3062 4192 solliciti
3100 4137 3224 4191 sitis
3263 4137 3464 4191 anima:
3508 4142 3714 4191 vestrae

2106 4224 2240 4294 quid
2295 4225 2664 4292 manducetis,
2691 4231 2792 4280 aut
2820 4226 2954 4296 quid
2997 4225 3220 4293 bibatis,
3253 4241 3436 4296 neque
3483 4225 3712 4296 corpori

2104 4317 2288 4366 vestro
2309 4313 2443 4383 quid
2469 4313 2803 4379 induamini,
2831 4314 2934 4368 scit
2981 4314 3133 4368 enim
3171 4315 3340 4368 Pater
3358 4318 3545 4366 vester
3573 4315 3714 4384 quia

421 4395 557 4448 velis
584 4394 832 4450 obedire.
864 4397 1075 4450 Fidelia
1119 4398 1310 4452 omnia
1335 4399 1602 4453 mandata
1645 4399 1788 4469 ejus,
1821 4392 2084 4453 conﬁr—D
2101 4402 2189 4456 his
2218 4401 2480 4456 omnibus
2503 4402 3041 4472 indigetisQuazrite
3071 4402 3316 4474 primum
3341 4418 3582 4472 regnum
3604 4403 3711 4457 Dei

423 4489 581 4538 mata
607 4484 666 4538 in
689 4487 957 4540 saeculum
987 4487 1194 4552 saeculi,
1235 4487 1380 4540 facta
1401 4487 1460 4541 in
1491 4487 1724 4541 veritate
1749 4493 1807 4541 et
1843 4488 2020 4558 tequi-

421 4578 537 4628 tate
577 4576 742 4644 (Psal.
774 4579 886 4646 cx).
911 4575 1011 4629 Vir
1037 4581 1228 4629 autem
1258 4581 1483 4630 sanctus
1507 4577 1620 4631 haec
1647 4577 1856 4642 dicens,
1901 4594 2021 4631 sur-

420 4663 584 4729 rexit,
614 4669 671 4717 et
700 4681 919 4719 meeum
958 4665 1018 4718 in
1047 4664 1318 4719 interiora
1357 4665 1564 4718 deserti
1614 4665 1722 4718 iter
1777 4670 2021 4735 quatuor

423 4750 642 4804 dierum
663 4754 927 4822 perrexit.
976 4754 1187 4818 Quinta
1211 4770 1342 4807 vero
1371 4753 1462 4807 die
1489 4753 1814 4807 devenimus
1844 4754 1902 4808 in
1934 4754 2018 4808 lo-

422 4854 550 4892 cum
579 4840 674 4910 qui
707 4840 812 4911 (14)
845 4842 1189 4897 Calidiomea
1215 4843 1438 4908 dicitur,
1461 4841 1538 4895 ibi
1568 4843 1766 4912 palma:
1793 4843 2018 4913 propin-

425 4942 548 4997 quae
576 4930 916 4983 erant.Tune
941 4931 1024 4984 vir
1051 4931 1154 4986 Dei
1178 4931 1396 5002 inquit:
1451 4931 1608 4996 Ecce,
1645 4931 1744 5004 ﬁli,
1785 4931 1910 4985 vide
1939 4932 2018 4985 lo-

421 5031 551 5069 cum
583 5033 749 5086 quem
779 5017 881 5071 tibi
910 5019 1182 5075 Dominus
1201 5021 1532 5092 praaparavit
1561 5021 1633 5074 ad
1653 5021 2013 5076 manendum.

419 5103 552 5158 Fuit
577 5110 768 5159 autem
787 5106 882 5160 ille
913 5123 1130 5162 mecum
1153 5110 1333 5180 spatio
1357 5111 1590 5181 triginta
1615 5111 1853 5175 dierum,
1891 5110 2018 5170 edo-

2101 4495 2160 4544 et
2198 4491 2479 4561 justitiam
2511 4493 2652 4562 ejus,
2682 4497 2740 4546 et
2787 4492 2904 4546 haec
2931 4491 3123 4546 omnia
3180 4491 3522 4562 adjiciantur
3548 4491 3710 4546 vobis

2104 4577 2314 4647 (Matth.
2337 4579 2432 4648 v1).

2174 4669 2304 4720 CAP.
2337 4669 2432 4722 XI.
2459 4694 2497 4705 -
2543 4668 2798 4738 Cumque
2846 4668 2952 4722 hoc
2979 4684 3014 4722 a
3041 4667 3204 4723 beato
3250 4667 3368 4722 viro
3407 4668 3708 4739 Onuphrio

2099 4755 2372 4810 intentius
2395 4757 2790 4823 auscultarem,
2824 4757 3037 4811 mirans
3059 4757 3123 4810 in
3149 4756 3505 4812 sermonibus
3525 4761 3584 4810 et
3608 4773 3708 4811 ac-

2099 4845 2250 4900 tibus
2286 4861 2350 4898 ac
2373 4844 2656 4899 laboribus
2687 4845 2857 4912 illius,
2891 4845 3006 4898 dixi
3034 4863 3046 4898 :
3106 4847 3277 4900 Pater
3309 4845 3571 4915 benigne,
3607 4846 3702 4901 die

2098 4933 2390 4989 Dominico
2430 4935 2515 4986 vel
2560 4933 2803 4988 Sabbato
2861 4933 3314 4988 communionem
3353 4933 3708 5005 percipiebas

2103 5024 2208 5092 (18)
2250 5021 2320 5076 ab
2349 5022 2584 5093 aliquo?
2630 5023 2704 5075 At
2733 5022 2828 5076 ille
2857 5023 3227 5093 respondens,
3249 5023 3334 5077 ait
3363 5043 3375 5077 :
3421 5023 3591 5078 Omni
3613 5023 3708 5078 die

2099 5111 2388 5166 Dominico
2417 5111 2500 5164 vel
2533 5109 2775 5165 Sabbato
2805 5111 3072 5181 angelum
3100 5111 3326 5166 Domini
3342 5117 3609 5183 paratum
3625 5112 3708 5166 in-

419 5209 552 5247 cens
579 5210 670 5248 me
693 5210 914 5250 servare
937 5201 1106 5250 cauta
1133 5198 1556 5269 diligentia(15)
1586 5199 1901 5252 doctrinam
1913 5200 2015 5253 Dei
2094 5200 2276 5266 venio,
2323 5204 2742 5253 sacrosanctum
2797 5216 2998 5272 corpus
3019 5205 3076 5254 et
3096 5199 3431 5270 sanguinem
3473 5200 3707 5254 Domini

419 5282 1055 5348 mandatorum.Quibus
1073 5285 1154 5339 ita
1173 5287 2016 5356 peraetis,orationesuasancta
2096 5288 2273 5342 nostri
2301 5289 2432 5343 Jesu
2480 5287 2686 5342 Christi
2737 5305 2929 5342 secum
2974 5289 3361 5343 deferentem:
3425 5289 3494 5342 de
3541 5291 3708 5359 cujus

416 5371 654 5426 Domino
677 5377 859 5439 κη
889 5391 979 5427 me
1001 5376 1430 5444 commendavit;
1461 5382 1822 5448 etseparatus
1851 5394 2010 5444 ame,
2096 5393 2268 5430 manu
2296 5377 2436 5431 mihi
2467 5377 2868 5448 pretiosissima
2898 5377 3181 5432 donantur
3197 5377 3707 5448 muneravitaeque

415 5461 486 5514 ad
512 5462 740 5538 propria
767 5463 1056 5517 remeavit.
1075 5464 1184 5517 Per
1202 5464 1452 5533 singulos
1471 5481 1601 5519 vero
1618 5482 1795 5520 annos
1808 5466 2006 5520 solitus
2087 5481 2226 5519 mea:
2246 5467 2398 5520 salus
2417 5471 2709 5537 perpetua.
2737 5467 2945 5520 Verum
2971 5467 3145 5521 etiam
3165 5483 3360 5521 omnes
3389 5466 3487 5537 qui
3525 5466 3706 5522 vitam

411 5555 534 5604 erat
560 5567 650 5605 me
678 5551 924 5616 visitare,
957 5569 1022 5607 ac
1051 5551 1202 5623 quali
1258 5552 1534 5607 industria
1561 5559 1619 5608 et
1647 5554 2004 5626 simplicitate
2088 5553 2400 5623 spiritalem
2427 5555 2640 5610 ducunt
2658 5555 2718 5608 in
2747 5569 2938 5609 eremo
2954 5555 3214 5610 monachi
3235 5555 3336 5610 tali
3353 5555 3700 5626 partieipan-
3731 5551 3766 5586 δ
