3946 6192
276 241 380 301 217

1265 246 1434 301 VITA
1473 246 1733 302 SANCTI
1773 245 2150 312 ONUPHRII,
2194 246 2550 301 EREMIT/E.

3445 245 3550 304 218

274 380 371 426 tur
394 370 624 442 gaudio.
652 368 721 423 Hi
749 385 878 423 vero
898 371 1079 423 sancti
1108 371 1374 437 eremitar,
1396 371 1492 442 qui
1519 372 1663 425 hanc
1684 371 1935 431 solitu-A
1955 388 2128 440 regno
2166 372 2433 425 caelorum
2465 376 2686 425 aeternae
2729 370 3071 426 haereditatis
3107 388 3279 443 capax
3324 373 3438 426 ﬁet.
3491 373 3551 426 Si

273 461 470 515 dinem
498 459 777 523 habitant,
805 459 853 512 si
893 458 1129 512 fortasse
1154 459 1455 529 aliquando
1479 461 1663 515 videre
1693 460 1877 514 homi-

274 567 409 604 nem
454 549 797 614 desiderant,
832 548 980 601 illico
1007 548 1064 602 in
1103 550 1305 603 malum
1336 548 1406 603 ab
1445 551 1645 620 angelo
1673 550 1878 621 depor-

272 644 513 694 tantur:
544 639 815 693 visionem
852 637 962 691 illic
990 638 1190 693 animae
1220 640 1524 709 justorum,
1543 640 1878 709 fulgentium

272 730 421 783 sicut
454 729 537 781 sol
573 728 632 781 in
676 744 849 797 regno
878 727 1067 781 Patris
1095 744 1310 794 eorum,
1342 727 1420 781 ibi
1459 728 1878 783 multitudinem

272 817 733 887 eontemplantur
753 817 1102 887 angelorum,
1130 832 1374 887 suasque
1403 817 1622 872 animas
1642 818 1877 872 ccetibus

273 907 486 960 mixtas
514 905 827 959 beatorum.
878 906 1063 969 Quare
1101 921 1294 960 omnes
1322 906 1418 976 qui
1446 906 1505 960 in
1546 922 1725 975 agone
1753 924 1883 961 con-

274 995 543 1060 tendunt,
581 999 702 1048 tota
738 999 945 1060 mente,
992 999 1113 1047 toto
1155 994 1344 1057 corde,
1384 994 1519 1048 totis
1562 995 1774 1049 viribus
1822 995 1880 1049 in

274 1083 427 1137 bono
456 1100 625 1153 opere
664 1083 899 1148 fervent,
930 1088 1209 1153 quatenus
1249 1083 1487 1152 gloriam
1519 1084 1755 1138 caelestis
1784 1100 1880 1155 pa-

272 1173 404 1225 tria
430 1188 563 1225 cum
599 1172 822 1225 Christo
856 1178 913 1225 et
935 1188 1061 1226 cum
1104 1173 1311 1226 sanctis
1347 1178 1673 1227 mereantur
1708 1173 1882 1244 possi-

275 1261 434 1315 dere.
460 1262 578 1315 Ista
605 1260 847 1331 denique
865 1261 1072 1325 omnia,
1098 1262 1412 1315 venerando
1442 1262 1734 1333 Onuphrio
1755 1278 1882 1316 nar-

274 1353 467 1413 rante,
500 1347 731 1417 cognovi
744 1348 908 1418 juxta
937 1348 1318 1405 summitatem
1358 1348 1536 1419 ipsius
1578 1348 1883 1403 monticelli

276 1437 419 1507 (19),
452 1435 549 1489 ubi
581 1435 819 1490 obviavit
850 1437 1109 1490 mihi.Ita
1135 1436 1670 1507 videlicetgaudium
1693 1454 1881 1492 meum

269 1525 579 1596 impletum
611 1531 712 1589 est,
738 1530 801 1578 ut
828 1541 1053 1579 omnem
1081 1526 1493 1592 adversitatem,
1517 1542 1688 1596 quam
1707 1527 1765 1579 in
1788 1527 1883 1581 iti-

270 1630 412 1667 nere
433 1614 700 1680 tuleram,
723 1614 1006 1667 traderem
1035 1614 1315 1668 oblivioni.

1960 459 2083 529 quis
2109 476 2240 513 vero
2270 459 2611 514 oblationem
2633 476 2744 513 non
2766 461 2912 515 valet
2930 462 3147 527 offerre,
3178 461 3258 515 vel
3288 478 3402 533 prae
3436 462 3555 515 ino-

1959 548 2052 619 pia
2074 549 2371 615 redimere,
2406 548 2455 602 is
2484 549 2543 602 in
2578 549 2805 602 nomine
2832 549 3056 603 Domini
3094 555 3151 603 et
3180 551 3251 604 ad
3282 550 3553 605 honorem

1959 637 2111 691 illius
2131 637 2540 709 eleemosynam
2555 636 2910 707 (2'2)pauperi
2929 638 3160 705 tribuat,
3180 646 3237 693 et
3251 654 3354 710 ego
3381 639 3553 693 orabo

1961 742 2062 797 pro
2087 743 2151 780 eo
2170 727 2229 780 in
2258 732 2557 797 conspectu
2575 726 2695 791 Dei,
2725 732 2789 779 ut
2805 727 3009 796 dignus
3024 728 3083 781 in
3112 729 3557 783 ccelestibusvita

1963 832 2207 886 superna
2247 815 2460 886 perfrui
2488 815 2684 868 valeat.
2721 815 2779 869 Si
2810 815 2934 885 quis
2963 833 3144 886 neque
3173 817 3513 871 oblationem
3537 858 3550 882 ,

1962 920 2065 958 nec
2094 905 2509 975 eleemosynam
2530 909 2716 975 potest
2744 904 2962 966 offerre.
2992 919 3092 975 pro
3124 906 3397 960 charitate
3428 923 3557 960 mea

1962 993 2253 1047 incensum
2282 992 2520 1047 Domino
2549 994 2664 1046 Deo
2694 997 2887 1046 nostro
2914 993 2973 1046 in
3003 994 3232 1047 odorem
3266 995 3555 1049 suavitatis

1962 1083 2245 1146 accendat,
2281 1088 2337 1135 et
2364 1099 2467 1152 ego
2496 1098 2631 1151 rogo
2660 1098 2760 1152 pro
2795 1098 2880 1148 eo,
2912 1086 2979 1135 ut
3012 1082 3284 1151 gaudium
3312 1100 3556 1153 perenne

1963 1171 2263 1241 possideat.
2299 1171 2401 1225 Cui
2438 1171 2668 1241 inquam
2691 1190 2701 1223 :
2722 1171 2890 1224 Pater
2905 1171 3004 1235 mi,
3039 1187 3108 1225 ne
3140 1171 3399 1225 irascaris
3420 1173 3557 1227 silo-

1965 1275 2143 1329 quar:
2178 1260 2238 1314 Si
2269 1259 2561 1313 incensum
2600 1276 2701 1313 nec
2741 1260 2864 1329 quis
2912 1259 3099 1325 habet,
3138 1277 3240 1313 nec
3278 1260 3558 1316 facultatis

1965 1347 2199 1418 aliquid,
2222 1349 2371 1402 unde
2405 1349 2585 1402 Deum
2630 1349 2853 1418 placare
2883 1353 3068 1419 potest
3105 1346 3236 1417 (‘23),
3283 1355 3347 1402 ut
3370 1354 3559 1402 tamen

1965 1442 2065 1490 tua
2087 1436 2473 1491 benedictione
2493 1454 2606 1490 non
2634 1442 2841 1501 careat,
2868 1437 2925 1490 in
2957 1454 3290 1507 quacunque
3318 1437 3560 1491 tribula-

1965 1526 2118 1579 tione
2146 1526 2462 1579 teinvocat?
2489 1527 2644 1579 Tunc
2672 1525 2765 1579 ille
2787 1526 3100 1596 respondit:
3130 1526 3188 1580 Si
3205 1527 3330 1596 quis
3349 1543 3565 1597 pauper

1966 1615 2025 1667 in
2054 1615 2296 1681 deserto,
2344 1615 2429 1667 vel
2458 1614 2515 1667 in
2560 1614 2748 1684 aliquo
2790 1614 2897 1668 alio
2928 1615 3048 1668 loco
3092 1615 3430 1669 oblationem
3464 1620 3564 1669 aut

346 1704 484 1758 CAP.
510 1704 630 1756 XII.
662 1731 725 1742 —
758 1703 958 1768 Credo,
994 1703 1246 1773 inquam,
1280 1704 1467 1770 Pater,
1509 1704 1659 1758 inter
1697 1704 1947 1784 felicesB
1967 1703 2398 1774 eleemosynam,
2430 1720 2529 1756 seu
2558 1703 2847 1756 incensum
2884 1719 2997 1756 non
3029 1703 3236 1757 habeat
3263 1704 3335 1756 ad
3363 1704 3567 1757 immo-

272 1808 370 1845 me
398 1791 683 1861 deputari,
732 1791 865 1860 quia
894 1791 1084 1844 videre
1126 1797 1182 1845 te
1212 1798 1270 1845 et
1316 1809 1487 1863 opera
1518 1799 1618 1846 tua
1661 1793 1888 1863 egregia

279 1880 599 1951 promerui.
622 1879 803 1932 Verba
836 1885 934 1933 tua
963 1880 1133 1933 nimis
1149 1881 1402 1951 pulchra,
1425 1882 1579 1935 omni
1595 1882 1886 1935 dulcedine

273 1970 521 2035 mellita,
555 1969 636 2022 ita
660 1968 770 2021 mei
810 1975 1112 2039 penetrant
1134 1970 1318 2023 cordis
1340 1971 1559 2035 intima,
1593 1977 1658 2025 ut
1678 1970 1886 2041 possim

274 2059 473 2111 dicere
501 2074 629 2111 cum
658 2058 959 2111 Psalmista
985 2077 998 2112 :
1033 2058 1213 2122 Quam
1245 2059 1431 2113 dulcia
1466 2058 1719 2113 faucibus
1747 2059 1887 2112 meis

275 2148 513 2217 eloquia
549 2152 666 2210 tua,
705 2162 877 2216 super
914 2147 1029 2200 mel
1071 2153 1129 2200 et
1184 2147 1369 2201 favum
1413 2148 1496 2201 ori
1540 2164 1665 2201 meo
1720 2150 1885 2213 (Psal.

276 2236 523 2305 cxvm)!
565 2235 672 2298 Qui
713 2236 836 2288 ait:
884 2235 1006 2302 Fili,
1053 2252 1277 2288 mecum
1314 2235 1481 2302 vade;
1512 2236 1699 2288 locum
1750 2252 1892 2288 mea:

276 2324 657 2379 habitationis
705 2324 982 2395 conspice,
1027 2340 1324 2395 parcamus
1368 2325 1660 2395 paululum
1688 2323 1891 2377 verbis.

279 2413 574 2469 Continuo
600 2413 863 2477 surrexit,
896 2412 1130 2483 praeivit;
1163 2417 1386 2466 secutus
1416 2429 1563 2466 sum.
1606 2412 1773 2466 Duxit
1803 2428 1893 2465 me

278 2518 481 2556 secum
515 2502 674 2571 quasi
703 2502 879 2555 trium
896 2500 1287 2554 milliariorum
1306 2501 1440 2554 iter:
1467 2500 1723 2554 venimus
1752 2500 1895 2554 Cali-

279 2592 575 2645 diomeam
608 2590 664 2643 in
695 2590 1005 2660 spiritalem
1027 2590 1232 2655 locum,
1264 2589 1557 2643 arboribus
1580 2591 1896 2660 palmarum

279 2683 588 2749 gratanter
626 2685 911 2731 ornatum.
964 2676 1049 2731 Ibi
1095 2694 1286 2748 preces
1330 2678 1569 2731 Domino
1609 2678 1892 2745 fudimus;

286 2768 491 2838 eisque
514 2767 807 2837 completis
828 2767 885 2819 in
898 2772 1108 2819 terram
1136 2766 1403 2831 sedimus,
1435 2767 1495 2819 in
1511 2765 1713 2820 divinis
1733 2767 1900 2821 alter-

282 2863 494 2910 cantes
523 2855 778 2925 eloquiis.
814 2856 941 2908 Sole
963 2856 1313 2926 jamjamque
1349 2855 1411 2909 in
1432 2871 1691 2909 occasum
1716 2871 1895 2922 verso,

283 2946 410 2999 vidi
440 2960 647 3016 panem
677 2944 925 3015 positum
968 2961 1097 2997 cum
1138 2960 1286 3015 aqua
1314 2944 1532 3014 exigua.
1564 2945 1665 2997 Vir
1692 2944 1902 2998 etenim

1970 1792 2221 1857 landum,
2246 1798 2460 1861 surgat,
2486 1797 2543 1845 et
2572 1808 2771 1844 manus
2793 1808 2923 1845 suas
2947 1793 3016 1845 ad
3041 1792 3339 1845 Dominum
3369 1797 3563 1845 exten-

1968 1879 2085 1945 dat,
2108 1885 2196 1933 ter
2229 1880 2568 1933 Dominicam
2590 1880 2921 1943 orationem,
2947 1880 3003 1933 id
3027 1887 3129 1946 est,
3155 1881 3322 1934 Pater
3348 1886 3557 1947 noster,

1968 1985 2069 2039 pro
2111 1985 2199 2021 me
2231 1968 2617 2022 cum-intenta
2658 1973 2867 2034 mente,
2911 1974 2967 2022 et
2994 1969 3054 2022 in
3090 1969 3315 2023 nomine
3359 1975 3565 2024 sancte

1968 2057 2263 2111 Trinitatis
2302 2057 2522 2127 psallat.
2556 2058 2671 2126 Ego
2704 2074 2831 2111 vero
2870 2074 2970 2127 pro
3007 2057 3128 2127 ipso
3157 2059 3227 2111 ad
3266 2058 3567 2113 Dominum

1973 2146 2277 2211 intercedo,
2311 2152 2375 2199 ut
2402 2146 2526 2199 vitae
2546 2146 2785 2199 cmlestis
2814 2152 3100 2200 mereatur
3123 2146 3403 2218 particeps
3440 2148 3565 2202 ﬁeri

1974 2251 2102 2288 cum
2115 2234 2375 2288 omnibus
2396 2234 2603 2288 sanctis
2622 2235 2742 2288 Dei.

2049 2324 2180 2378 CAP.
2212 2324 2357 2377 XIV.
2382 2355 2444 2363 —
2466 2324 2678 2377 Iterum
2698 2323 2812 2377 dixi
2832 2324 2903 2377 ad
2947 2340 3106 2377 eum:
3132 2325 3387 2389 Domine,
3420 2325 3467 2377 si
3489 2326 3571 2378 di-

1975 2429 2121 2482 gnus
2148 2429 2351 2479 essem,
2384 2418 2487 2466 aut
2510 2412 2557 2465 si
2590 2412 2752 2466 donis
2782 2412 2978 2481 gratiae
3016 2418 3128 2466 ture
3175 2413 3313 2466 mihi
3352 2413 3563 2479 liceret,

1977 2507 2105 2571 post
2131 2500 2346 2555 obitum
2364 2506 2527 2555 tuum
2557 2501 2740 2554 locum
2772 2501 2942 2554 istum
2963 2501 3329 2555 libentissime
3359 2501 3571 2555 obtine-

1979 2607 2119 2643 rem.
2148 2590 2342 2643 Atille
2367 2590 2483 2644 ait:
2515 2591 2885 2660 Nequaquam
2926 2589 3047 2653 tibi,
3090 2590 3191 2655 ﬁli,
3225 2591 3568 2657 conceditur,

1978 2694 2081 2731 nec
2098 2677 2301 2732 idcirco
2330 2678 2485 2732 misit
2513 2683 2568 2731 te
2596 2678 2745 2732 Deus
2771 2678 2829 2731 in
2860 2678 3365 2749 peregrinationem
3409 2679 3573 2732 istius

1980 2767 2317 2833 solitudinis,
2345 2773 2409 2821 ut
2436 2766 2526 2821 hic
2546 2767 2828 2821 obtineres
2844 2768 3029 2821 locum
3047 2766 3442 2835 habitationis;
3475 2768 3573 2822 sed

1982 2863 2048 2911 ut
2060 2873 2187 2910 cum
2204 2857 2375 2927 justis
2396 2857 2490 2927 qui
2523 2858 2581 2911 in
2602 2858 2824 2910 deserto
2853 2862 2987 2910 sunt
2999 2857 3302 2927 gratuleris
3328 2875 3339 2909 :
3362 2864 3419 2910 et
3441 2857 3575 2912 inti-

1986 2962 2141 2999 mare
2171 2962 2239 2999 ea
2268 2946 2493 3000 studeas
2523 2946 2752 3012 mundo,
2784 2962 2906 3016 quae
2939 2945 3245 3015 cognovisti
3276 2946 3334 2999 in
3365 2962 3573 3001 eremo.

286 3036 396 3089 Dei
437 3034 694 3087 sentiens
722 3048 813 3086 me
842 3032 1085 3102 fatigari,
1119 3032 1259 3086 dixit
1286 3032 1426 3086 mihi
1462 3050 1472 3084 :
1498 3033 1769 3099 Profecto,
1798 3033 1897 3099 ﬁli,
1917 3040 1961 3099 ρ
1980 3037 2045 3090 In
2094 3035 2394 3105 [Egyptum
2444 3051 2615 3104 perge
2639 3053 2650 3086 :
2685 3034 2761 3087 ibi
2791 3041 2909 3088 esto
2944 3050 3120 3104 usque
3150 3034 3219 3087 ad
3248 3035 3418 3087 ﬁnem
3451 3034 3576 3088 vita:

283 3140 463 3178 cerno
502 3130 561 3177 te
583 3122 910 3193 periclitari,
944 3122 1052 3175 nisi
1101 3121 1287 3175 cibum
1309 3121 1516 3192 capias.
1559 3122 1737 3191 Surge
1765 3138 1898 3191 ergo

287 3220 351 3266 et
381 3211 637 3265 comede.
680 3211 784 3264 Cui
828 3210 1098 3280 inquam:
1146 3210 1297 3263 Vivit
1335 3209 1605 3263 Dominus
1628 3212 1740 3275 (ΙΙΙ
1771 3212 1895 3277 Reg.

286 3306 453 3369 ΠΗ),
496 3305 554 3353 et
581 3298 909 3353 benedictus
947 3298 1218 3352 Dominus
1244 3298 1395 3351 Deus
1425 3313 1603 3362 meus,
1645 3297 1703 3351 in
1740 3299 1902 3368 cujus

288 3394 602 3459 conspectu
631 3387 861 3453 erimus;
896 3403 1008 3440 non
1027 3386 1322 3449 manduco,
1349 3402 1531 3456 neque
1552 3385 1700 3451 bibo,
1726 3386 1903 3440 donec

290 3479 577 3532 charitate
610 3493 754 3548 pura
788 3476 1002 3547 pariter
1038 3475 1224 3529 cibum
1277 3475 1572 3528 sumimus.
1606 3475 1787 3544 Igitur
1814 3475 1903 3527 vix

290 3584 430 3621 eum
470 3566 633 3635 coegi
675 3571 740 3619 ut
771 3565 979 3618 faceret
1017 3564 1166 3634 quod
1207 3563 1372 3618 volui.
1406 3564 1810 3617 Verumtamen
1840 3569 1905 3617 ut

290 3672 492 3710 meum
538 3654 770 3725 agnovit
822 3653 1183 3717 desiderium,
1236 3668 1442 3722 panem
1473 3651 1662 3722 fregit,
1704 3651 1906 3706 tribuit

291 3745 459 3811 mihi;
483 3743 947 3797 manducavimus
973 3748 1029 3795 et
1053 3741 1291 3795 saturati
1307 3757 1503 3794 sumus
1523 3745 1705 3806 103
1725 3740 1908 3794 nobis-

292 3852 409 3905 que
428 3834 749 3903 fragmenta
758 3831 1158 3902 superfuerunt
1175 3829 1489 3884 edentibus.
1502 3830 1735 3884 Noctem
1751 3830 1907 3883 illam

292 3924 624 3977 insomnem
645 3937 787 3992 pene
802 3920 1083 3986 duximus,
1100 3919 1414 3990 divinisque
1433 3918 1906 3972 laudibusimmo-

290 4012 409 4067 rati
437 4028 657 4065 sumus.

379 4103 514 4155 CAP.
548 4101 702 4154 XIII.
738 4130 804 4140 —
830 4098 994 4152 Mane
1034 4098 1198 4164 facto,
1229 4101 1358 4167 post
1380 4096 1578 4150 horam
1617 4095 1904 4161 orationis,

301 4190 569 4244 videbam
603 4189 818 4242 vultum
849 4189 970 4257 ejus
1000 4187 1213 4257 pallore
1242 4185 1322 4238 ita
1350 4190 1652 4251 mutatum,
1690 4190 1747 4238 et
1774 4184 1908 4254 quid

297 4278 577 4333 acciderit
620 4277 847 4348 quaesivi
876 4276 945 4329 ab
975 4292 1061 4329 eo.
1101 4275 1209 4338 Qui
1231 4274 1347 4327 ait:
1398 4274 1525 4327 Non
1555 4289 1902 4344 expavescas,

1980 3130 2125 3190 tuae;
2160 3140 2299 3194 opus
2326 3123 2536 3177 bonum
2566 3124 2790 3194 perﬁce,
2815 3128 2870 3177 et
2898 3122 3137 3193 accipies
3163 3139 3426 3176 coronam
3455 3139 3580 3193 per-

1981 3218 2163 3283 petuae
2189 3213 2401 3282 gloriae.

2054 3302 2184 3355 CAP.
2218 3302 2335 3355 XV.
2371 3332 2436 3342 -—
2472 3302 2600 3355 Haec
2625 3318 2752 3355 cum
2782 3302 2950 3355 homo
2979 3302 3081 3356 Dei
3110 3303 3451 3372 loqueretur,
3486 3302 3581 3355 ad-

1983 3391 2205 3445 volutus
2225 3408 2349 3444 sum
2371 3390 2607 3461 pedibus
2631 3392 2772 3460 ejus,
2805 3390 3028 3445 dicens:
3059 3392 3227 3444 Pater
3246 3391 3433 3455 chare,
3466 3391 3579 3444 scio

1985 3480 2136 3533 enim
2164 3480 2298 3550 quia
2328 3478 2598 3550 quidquid
2628 3478 2857 3548 petieris
2879 3495 2914 3531 a
2944 3478 3078 3545 Deo,
3102 3478 3256 3532 dabit
3274 3478 3375 3531 tibi
3394 3477 3580 3532 Domi-

1985 3585 2091 3623 nus
2116 3573 2344 3639 propter
2370 3569 2710 3621 immensum
2748 3567 2997 3621 laborem
3026 3567 3350 3620 certaminis
3372 3564 3582 3636 longis-

1984 3657 2131 3722 simi,
2157 3673 2266 3727 quo
2288 3673 2490 3726 corpus
2523 3661 2686 3709 tuum
2725 3654 2973 3708 afflixisti
3018 3655 3377 3725 septuaginta
3420 3653 3584 3707 annis

1986 3762 2087 3817 pro
2113 3746 2339 3799 nomine
2368 3744 2622 3799 Domini:
2650 3743 2834 3814 praebe
2865 3760 2997 3811 ergo
3029 3743 3168 3796 mihi
3200 3759 3437 3815 munera
3473 3748 3583 3796 tua:

1990 3838 2197 3888 sanctae
2217 3833 2640 3898 benedictionis,
2668 3838 2944 3903 quatenus
2962 3830 3062 3885 tibi
3084 3832 3142 3884 in
3162 3831 3365 3885 virtute
3375 3830 3587 3885 efﬁciar

1989 3922 2205 3987 similis,
2241 3928 2298 3975 et
2317 3926 2418 3975 tua
2436 3921 2842 3975 interventione
2871 3920 3102 3991 spiritus
3122 3936 3280 3973 meus
3311 3920 3589 3990 dirigatur

1989 4011 2121 4064 etin
2148 4011 2337 4064 futuro
2385 4016 2570 4063 tecum
2621 4010 2945 4081 participari
2994 4025 3232 4062 merear.
3301 4009 3408 4072 Qui
3460 4025 3587 4062 mox

1990 4105 2217 4153 econtra
2230 4099 2592 4169 respondens,
2618 4098 2853 4169 protulit
2874 4098 2982 4151 ista
3001 4113 3014 4152 :
3040 4098 3343 4168 Paphnuti,
3379 4115 3448 4151 ne
3460 4114 3587 4151 con—

1990 4188 2257 4241 tristeris:
2284 4188 2481 4258 petitio
2511 4193 2628 4253 tua,
2644 4187 2928 4239 tribuente
2943 4187 3200 4251 Domino,
3227 4186 3335 4239 erit
3349 4186 3584 4239 stabilis.

1993 4277 2089 4330 Sta
2120 4277 2177 4330 in
2198 4276 2326 4341 ﬁde,
2358 4275 2594 4329 viriliter
2622 4292 2743 4344 age,
2776 4274 2963 4327 oculos
2978 4290 3103 4328 cum
3121 4280 3306 4327 mente
3318 4274 3386 4326 ad
3407 4275 3587 4327 Deum

296 4368 481 4422 frater
526 4367 827 4438 Paphnuti,
875 4364 1141 4435 quoniam
1169 4363 1525 4434 Omnipotens
1576 4363 1726 4416 Deus
1756 4368 1907 4416 recto
1924 4354 1971 4412 D
1991 4365 2227 4434 erige,in
2243 4364 2524 4419 mandatis
2543 4362 3139 4428 corrcborare,bonum
3159 4362 3592 4432 facereimpiger

294 4458 512 4510 itinere
539 4456 597 4509 in
625 4455 769 4508 hanc
797 4453 1158 4508 solitudinem
1188 4452 1392 4505 direxit
1422 4457 1498 4518 te,
1519 4456 1584 4504 ut
1605 4450 1909 4505 honoriﬁce

299 4545 550 4616 sepelias
570 4560 679 4609 me,
712 4549 883 4613 atque
913 4558 1115 4613 corpus
1131 4557 1320 4594 meum
1350 4540 1705 4593 commendes
1722 4545 1906 4593 terrae.

302 4635 429 4688 Hac
452 4634 664 4687 etenim
688 4633 828 4685 hora
864 4631 1056 4685 anima
1079 4629 1263 4684 carnis
1292 4629 1528 4682 vinculis
1553 4628 1862 4682 absolvitur
1895 4648 1908 4696 ;

301 4728 481 4794 atque
514 4722 584 4775 ad
603 4723 912 4775 creatorem
942 4735 1108 4773 suum
1121 4719 1179 4771 in
1209 4718 1430 4771 caeleste
1451 4733 1688 4786 regnum
1718 4717 1914 4788 depor-

296 4818 485 4866 tatur.
517 4811 714 4864 Frater
726 4808 1128 4873 amantissime,
1154 4807 1291 4874 (scio
1313 4822 1556 4876 namque
1571 4806 1913 4861 desiderium

299 4900 491 4966 tuum)
528 4899 752 4969 quando
776 4897 1011 4951 redieris
1042 4896 1098 4949 in
1128 4895 1416 4966 IEgytum,
1460 4911 1775 4948 memorare
1805 4895 1915 4949 mei

299 4990 365 5043 in
385 4987 694 5059 praesentia
708 4986 944 5039 fratrum
960 4984 1337 5049 tuorum,etin
1350 4988 1649 5052 conspectu
1662 4983 1914 5037 omnium

302 5078 602 5132 Christum
633 5075 954 5129 colentium.
992 5075 1122 5127 Haec
1152 5077 1239 5126 est
1278 5072 1581 5143 postulatio
1614 5088 1736 5125 mea
1767 5071 1905 5141 ('20);

301 5183 485 5237 quam
519 5164 813 5235 impetravi
839 5180 873 5217 a
895 5162 1134 5217 Domino
1164 5162 1299 5215 Deo.
1336 5160 1393 5214 Si
1415 5160 1539 5230 quis
1565 5160 1907 5215 oblationem

300 5254 383 5308 ob
412 5269 671 5307 amorem
718 5251 962 5305 nominis
1009 5250 1119 5304 mei
1149 5255 1281 5303 ante
1310 5254 1668 5319 conspectum
1696 5250 1920 5303 Domini

1991 4454 2284 4520 contende,
2309 4459 2367 4507 et
2379 4453 2549 4506 vitam
2573 4459 2840 4507 aeternam
2856 4452 3212 4523 apprehende
3229 4453 3281 4517 (Ι
3308 4452 3429 4505 Cor.
3449 4453 3585 4518 xv1).

1992 4544 2298 4612 Protegant
2324 4547 2381 4596 te
2418 4542 2602 4612 angeli
2632 4542 2753 4608 Dei,
2804 4547 2861 4595 et
2890 4546 3217 4595 conservent
3242 4545 3299 4594 te
3337 4538 3406 4593 ab
3437 4539 3591 4592 omni

1993 4632 2222 4686 consilio
2242 4630 2551 4703 pravitatis,
2582 4637 2648 4685 ut
2676 4647 2850 4702 purus
2879 4636 3009 4684 ante
3037 4630 3215 4683 Deum
3242 4634 3298 4683 et
3317 4628 3590 4682 immacu-

1995 4721 2144 4774 latus
2173 4720 2231 4773 in
2262 4720 2353 4774 die
2383 4720 2469 4773 sui
2499 4718 2773 4772 examinis
2802 4717 3124 4770 inveniaris.
3158 4717 3293 4770 Post
3320 4716 3437 4770 hare
3468 4732 3590 4770 sur-

1997 4809 2161 4876 rexit,
2181 4814 2237 4862 et
2256 4809 2327 4863 ad
2348 4808 2650 4862 Dominum
2666 4808 2983 4877 lacrymans
2994 4805 3190 4870 oravit,
3217 4822 3405 4873 genua
3418 4805 3590 4871 ﬂexit,

1999 4902 2167 4968 atque
2186 4898 2370 4952 subito
2390 4897 2549 4950 dixit:
2575 4898 2639 4950 In
2660 4911 2862 4949 manus
2891 4900 3036 4953 tuas,
3060 4895 3226 4959 Deus,
3261 4894 3593 4948 commendo

1997 4986 2259 5057 spiritum
2282 5002 2487 5039 meum.
2506 4986 2760 5054 Cumque
2779 4983 2895 5036 haec
2925 4983 3173 5049 dixisset,
3198 4984 3390 5038 lumen
3407 4983 3594 5054 splen-

1997 5077 2190 5130 didum
2207 5091 2409 5145 corpus
2430 5074 2552 5143 ejus
2585 5070 2954 5131 obumbravit.
2981 5077 3037 5125 et
3057 5073 3113 5125 in
3135 5071 3307 5142 ipsius
3339 5072 3594 5126 claritate

2000 5166 2230 5221 luminis
2250 5164 2440 5218 anima
2469 5168 2663 5216 sancta
2691 5178 2859 5215 carne
2888 5162 3071 5215 soluta
3096 5167 3198 5215 est.

2073 5256 2203 5309 CAP.
2236 5254 2380 5307 XVI.
2403 5252 2703 5322 ~Repente
2734 5267 2865 5303 vero
2895 5267 3082 5304 vocem
3098 5251 3427 5320 angelorum
3444 5250 3592 5303 mul-

300 5341 495 5397 nostri
525 5342 659 5395 Jesu
689 5340 920 5407 Christi,
945 5339 1088 5393 etad
1108 5338 1333 5392 laudem
1352 5337 1475 5406 ejus
1501 5335 1613 5404 ('21)
1636 5337 1910 5406 immolat,
1994 5350 2183 5398 torum
2202 5340 2408 5407 audivi,
2426 5339 2778 5393 laudantium
2800 5340 3000 5405 Deum,
3025 5344 3083 5393 et
3110 5339 3167 5391 in
3197 5338 3446 5391 discessu
3468 5354 3593 5390 san-

301 5431 384 5485 ab
413 5430 569 5484 omni
610 5429 921 5483 tentatione
949 5427 1176 5491 diaboli,
1214 5431 1272 5480 et
1307 5443 1343 5479 a
1372 5425 1592 5479 vinculo
1622 5427 1915 5496 pravitatis
1997 5428 2256 5499 ctissimae
2293 5426 2497 5479 anima:
2551 5424 2730 5479 sancti
2774 5424 3071 5494 Onuphrii,
3135 5424 3346 5477 aethera
3382 5422 3593 5475 scilicet

302 5522 578 5574 humana:
604 5518 749 5572 liber
775 5516 983 5582 existit,
1014 5522 1183 5587 atque
1213 5530 1341 5569 cum
1379 5514 1588 5568 sanctis
1613 5516 1829 5584 angelis
1858 5516 1917 5571 in
1998 5516 2265 5587 angelicis
2280 5515 2511 5571 canticis
2524 5513 2848 5569 resonantia
2869 5513 3001 5583 (24),
3024 5512 3295 5582 gaudium
3313 5508 3592 5563 ineffabile
