  <div class='ocr_page' id='page_1' title='image "/cluster/home/n/w/nwhite01/storage/ocr_20150623/73/hvd.32044054758776/117.png"; bbox 0 0 3946 6192; ppageno 0'>
   <div class='ocr_carea' id='block_1_1' title="bbox 351 292 460 351">
    <p class='ocr_par' dir='ltr' id='par_1_1' title="bbox 351 292 460 351">
     <span class='ocr_line' id='line_1_1' title="bbox 351 292 460 351; baseline -0.018 0"><span class='ocrx_word' id='word_1_1' title='bbox 351 292 460 351; x_wconf 79' lang='lat'><strong>223</strong></span> 
     </span>
    </p>
   </div>
   <div class='ocr_carea' id='block_1_2' title="bbox 1024 507 1272 562">
    <p class='ocr_par' dir='ltr' id='par_1_2' title="bbox 1024 507 1272 562">
     <span class='ocr_line' id='line_1_2' title="bbox 1024 507 1272 562; baseline 0 -2"><span class='ocrx_word' id='word_1_2' title='bbox 1024 507 1272 562; x_wconf 87' lang='lat' dir='ltr'>PRETE.</span> 
     </span>
    </p>
   </div>
   <div class='ocr_carea' id='block_1_3' title="bbox 621 649 1680 718">
    <p class='ocr_par' dir='ltr' id='par_1_3' title="bbox 621 649 1680 718">
     <span class='ocr_line' id='line_1_3' title="bbox 621 649 1680 718; baseline -0.001 -14"><span class='ocrx_word' id='word_1_3' title='bbox 621 649 992 708; x_wconf 74' lang='lat' dir='ltr'>Cassiodorus.</span> <span class='ocrx_word' id='word_1_4' title='bbox 1029 649 1208 702; x_wconf 87' lang='lat' dir='ltr'>Instit.</span> <span class='ocrx_word' id='word_1_5' title='bbox 1237 650 1412 702; x_wconf 82' lang='lat' dir='ltr'>divin.</span> <span class='ocrx_word' id='word_1_6' title='bbox 1437 666 1557 718; x_wconf 86' lang='lat' dir='ltr'>cap.</span> <span class='ocrx_word' id='word_1_7' title='bbox 1591 649 1680 706; x_wconf 68' lang='lat'>‘23.</span> 
     </span>
    </p>
   </div>
   <div class='ocr_carea' id='block_1_4' title="bbox 425 773 1952 845">
    <p class='ocr_par' dir='ltr' id='par_1_4' title="bbox 425 773 1952 845">
     <span class='ocr_line' id='line_1_4' title="bbox 425 773 1952 845; baseline 0.002 -17"><span class='ocrx_word' id='word_1_8' title='bbox 425 773 727 844; x_wconf 87' lang='lat' dir='ltr'>Dionysius</span> <span class='ocrx_word' id='word_1_9' title='bbox 753 773 1078 840; x_wconf 88' lang='lat' dir='ltr'>monachus,</span> <span class='ocrx_word' id='word_1_10' title='bbox 1103 773 1312 845; x_wconf 82' lang='lat' dir='ltr'>Scytha</span> <span class='ocrx_word' id='word_1_11' title='bbox 1329 774 1556 828; x_wconf 89' lang='lat' dir='ltr'>natione</span> <span class='ocrx_word' id='word_1_12' title='bbox 1585 775 1685 828; x_wconf 90' lang='lat' dir='ltr'>sed</span> <span class='ocrx_word' id='word_1_13' title='bbox 1702 775 1952 831; x_wconf 89' lang='lat' dir='ltr'>moribus</span> 
     </span>
    </p>
   </div>
   <div class='ocr_carea' id='block_1_5' title="bbox 355 861 1949 934">
    <p class='ocr_par' dir='ltr' id='par_1_5' title="bbox 355 861 1949 934">
     <span class='ocr_line' id='line_1_5' title="bbox 355 861 1949 934; baseline 0 -16"><span class='ocrx_word' id='word_1_14' title='bbox 355 861 585 918; x_wconf 86' lang='lat' dir='ltr'>omnino</span> <span class='ocrx_word' id='word_1_15' title='bbox 605 863 910 926; x_wconf 88' lang='lat' dir='ltr'>Romanus,</span> <span class='ocrx_word' id='word_1_16' title='bbox 940 861 997 915; x_wconf 91' lang='lat' dir='ltr'>in</span> <span class='ocrx_word' id='word_1_17' title='bbox 1016 868 1256 934; x_wconf 89' lang='lat' dir='ltr'>utraque</span> <span class='ocrx_word' id='word_1_18' title='bbox 1281 863 1478 934; x_wconf 82' lang='lat' dir='ltr'>lingua</span> <span class='ocrx_word' id='word_1_19' title='bbox 1506 864 1666 918; x_wconf 88' lang='lat' dir='ltr'>valde</span> <span class='ocrx_word' id='word_1_20' title='bbox 1690 865 1949 919; x_wconf 87' lang='lat' dir='ltr'>doctissi-</span> 
     </span>
    </p>
   </div>
   <div class='ocr_carea' id='block_1_6' title="bbox 355 949 1948 1022">
    <p class='ocr_par' dir='ltr' id='par_1_6' title="bbox 355 949 1948 1022">
     <span class='ocr_line' id='line_1_6' title="bbox 355 949 1948 1022; baseline 0.003 -18"><span class='ocrx_word' id='word_1_21' title='bbox 355 967 502 1017; x_wconf 91' lang='lat' dir='ltr'>mus,</span> <span class='ocrx_word' id='word_1_22' title='bbox 527 950 768 1004; x_wconf 86' lang='lat' dir='ltr'>reddens</span> <span class='ocrx_word' id='word_1_23' title='bbox 789 949 1102 1005; x_wconf 90' lang='lat' dir='ltr'>actionibus</span> <span class='ocrx_word' id='word_1_24' title='bbox 1114 951 1252 1018; x_wconf 91' lang='lat' dir='ltr'>suis,</span> <span class='ocrx_word' id='word_1_25' title='bbox 1277 969 1444 1022; x_wconf 92' lang='lat' dir='ltr'>quam</span> <span class='ocrx_word' id='word_1_26' title='bbox 1464 952 1524 1006; x_wconf 89' lang='lat' dir='ltr'>in</span> <span class='ocrx_word' id='word_1_27' title='bbox 1548 953 1706 1007; x_wconf 82' lang='lat' dir='ltr'>libris</span> <span class='ocrx_word' id='word_1_28' title='bbox 1724 953 1948 1008; x_wconf 90' lang='lat' dir='ltr'>Domini</span> 
     </span>
    </p>
   </div>
   <div class='ocr_carea' id='block_1_7' title="bbox 355 1039 1952 1111">
    <p class='ocr_par' dir='ltr' id='par_1_7' title="bbox 355 1039 1952 1111">
     <span class='ocr_line' id='line_1_7' title="bbox 355 1039 1952 1111; baseline 0.001 -17"><span class='ocrx_word' id='word_1_29' title='bbox 355 1041 570 1110; x_wconf 77' lang='lat' dir='ltr'>legerat</span> <span class='ocrx_word' id='word_1_30' title='bbox 589 1039 940 1110; x_wconf 66' lang='lat' dir='ltr'>aequitatem;</span> <span class='ocrx_word' id='word_1_31' title='bbox 977 1039 1074 1110; x_wconf 87' lang='lat' dir='ltr'>qui</span> <span class='ocrx_word' id='word_1_32' title='bbox 1105 1041 1421 1111; x_wconf 89' lang='lat' dir='ltr'>Scripturas</span> <span class='ocrx_word' id='word_1_33' title='bbox 1450 1041 1667 1096; x_wconf 86' lang='lat' dir='ltr'>divinas</span> <span class='ocrx_word' id='word_1_34' title='bbox 1683 1047 1843 1096; x_wconf 87' lang='lat' dir='ltr'>tanta</span> <span class='ocrx_word' id='word_1_35' title='bbox 1860 1059 1952 1096; x_wconf 89' lang='lat' dir='ltr'>cu-</span> 
     </span>
    </p>
   </div>
   <div class='ocr_carea' id='block_1_8' title="bbox 354 1128 1953 1199">
    <p class='ocr_par' dir='ltr' id='par_1_8' title="bbox 354 1128 1953 1199">
     <span class='ocr_line' id='line_1_8' title="bbox 354 1128 1953 1199; baseline 0.001 -17"><span class='ocrx_word' id='word_1_36' title='bbox 354 1128 608 1182; x_wconf 88' lang='lat' dir='ltr'>riositate</span> <span class='ocrx_word' id='word_1_37' title='bbox 629 1128 970 1182; x_wconf 83' lang='lat' dir='ltr'>discusserat</span> <span class='ocrx_word' id='word_1_38' title='bbox 997 1133 1166 1199; x_wconf 90' lang='lat' dir='ltr'>atque</span> <span class='ocrx_word' id='word_1_39' title='bbox 1185 1129 1555 1195; x_wconf 83' lang='lat' dir='ltr'>intellexerat,</span> <span class='ocrx_word' id='word_1_40' title='bbox 1577 1135 1641 1184; x_wconf 89' lang='lat' dir='ltr'>ut</span> <span class='ocrx_word' id='word_1_41' title='bbox 1669 1130 1953 1184; x_wconf 88' lang='lat' dir='ltr'>undecun-</span> 
     </span>
    </p>
   </div>
   <div class='ocr_carea' id='block_1_9' title="bbox 357 1216 1952 1290">
    <p class='ocr_par' dir='ltr' id='par_1_9' title="bbox 357 1216 1952 1290">
     <span class='ocr_line' id='line_1_9' title="bbox 357 1216 1952 1290; baseline 0.002 -20"><span class='ocrx_word' id='word_1_42' title='bbox 357 1233 466 1288; x_wconf 91' lang='lat' dir='ltr'>que</span> <span class='ocrx_word' id='word_1_43' title='bbox 481 1217 859 1286; x_wconf 87' lang='lat' dir='ltr'>interrogatus</span> <span class='ocrx_word' id='word_1_44' title='bbox 875 1216 1090 1284; x_wconf 89' lang='lat' dir='ltr'>fuisset,</span> <span class='ocrx_word' id='word_1_45' title='bbox 1104 1223 1363 1288; x_wconf 88' lang='lat' dir='ltr'>paratum</span> <span class='ocrx_word' id='word_1_46' title='bbox 1383 1217 1616 1272; x_wconf 87' lang='lat' dir='ltr'>haberet</span> <span class='ocrx_word' id='word_1_47' title='bbox 1630 1224 1952 1290; x_wconf 86' lang='lat' dir='ltr'>competens</span> 
     </span>
    </p>
   </div>
   <div class='ocr_carea' id='block_1_10' title="bbox 355 1305 1952 1378">
    <p class='ocr_par' dir='ltr' id='par_1_10' title="bbox 355 1305 1952 1378">
     <span class='ocr_line' id='line_1_10' title="bbox 355 1305 1952 1378; baseline 0 -18"><span class='ocrx_word' id='word_1_48' title='bbox 355 1306 477 1360; x_wconf 88' lang='lat' dir='ltr'>sine</span> <span class='ocrx_word' id='word_1_49' title='bbox 507 1305 697 1376; x_wconf 92' lang='lat' dir='ltr'>aliqua</span> <span class='ocrx_word' id='word_1_50' title='bbox 732 1305 1000 1359; x_wconf 89' lang='lat' dir='ltr'>dilatione</span> <span class='ocrx_word' id='word_1_51' title='bbox 1019 1323 1376 1377; x_wconf 90' lang='lat' dir='ltr'>responsum;</span> <span class='ocrx_word' id='word_1_52' title='bbox 1405 1307 1502 1378; x_wconf 89' lang='lat' dir='ltr'>qui</span> <span class='ocrx_word' id='word_1_53' title='bbox 1531 1325 1752 1362; x_wconf 86' lang='lat' dir='ltr'>mecum</span> <span class='ocrx_word' id='word_1_54' title='bbox 1769 1308 1952 1361; x_wconf 85' lang='lat' dir='ltr'>diale-</span> 
     </span>
    </p>
   </div>
   <div class='ocr_carea' id='block_1_11' title="bbox 357 1394 1958 1468">
    <p class='ocr_par' dir='ltr' id='par_1_11' title="bbox 357 1394 1958 1468">
     <span class='ocr_line' id='line_1_11' title="bbox 357 1394 1958 1468; baseline 0.001 -20"><span class='ocrx_word' id='word_1_55' title='bbox 357 1394 558 1448; x_wconf 87' lang='lat' dir='ltr'>cticam</span> <span class='ocrx_word' id='word_1_56' title='bbox 585 1394 738 1464; x_wconf 80' lang='lat' dir='ltr'>legit,</span> <span class='ocrx_word' id='word_1_57' title='bbox 771 1399 828 1448; x_wconf 91' lang='lat' dir='ltr'>et</span> <span class='ocrx_word' id='word_1_58' title='bbox 847 1395 904 1448; x_wconf 91' lang='lat' dir='ltr'>in</span> <span class='ocrx_word' id='word_1_59' title='bbox 925 1395 1177 1466; x_wconf 88' lang='lat' dir='ltr'>exemplo</span> <span class='ocrx_word' id='word_1_60' title='bbox 1197 1395 1426 1464; x_wconf 81' lang='lat' dir='ltr'>gloriosi</span> <span class='ocrx_word' id='word_1_61' title='bbox 1449 1396 1756 1466; x_wconf 86' lang='lat' dir='ltr'>magisterii</span> <span class='ocrx_word' id='word_1_62' title='bbox 1785 1396 1958 1468; x_wconf 91' lang='lat' dir='ltr'>pluri-</span> 
     </span>
    </p>
   </div>
   <div class='ocr_carea' id='block_1_12' title="bbox 356 1481 1955 1554">
    <p class='ocr_par' dir='ltr' id='par_1_12' title="bbox 356 1481 1955 1554">
     <span class='ocr_line' id='line_1_12' title="bbox 356 1481 1955 1554; baseline 0.003 -20"><span class='ocrx_word' id='word_1_63' title='bbox 356 1497 480 1542; x_wconf 84' lang='lat' dir='ltr'>mos</span> <span class='ocrx_word' id='word_1_64' title='bbox 508 1498 688 1535; x_wconf 90' lang='lat' dir='ltr'>annos</span> <span class='ocrx_word' id='word_1_65' title='bbox 705 1481 879 1536; x_wconf 86' lang='lat' dir='ltr'>vitam</span> <span class='ocrx_word' id='word_1_66' title='bbox 907 1499 1089 1548; x_wconf 91' lang='lat' dir='ltr'>suam,</span> <span class='ocrx_word' id='word_1_67' title='bbox 1113 1488 1414 1552; x_wconf 57' lang='lat' dir='ltr'>praestante</span> <span class='ocrx_word' id='word_1_68' title='bbox 1435 1483 1692 1550; x_wconf 91' lang='lat' dir='ltr'>Domino,</span> <span class='ocrx_word' id='word_1_69' title='bbox 1712 1484 1955 1554; x_wconf 84' lang='lat' dir='ltr'>gloriose</span> 
     </span>
    </p>
   </div>
   <div class='ocr_carea' id='block_1_13' title="bbox 355 1569 1956 1642">
    <p class='ocr_par' dir='ltr' id='par_1_13' title="bbox 355 1569 1956 1642">
     <span class='ocr_line' id='line_1_13' title="bbox 355 1569 1956 1642; baseline 0.002 -20"><span class='ocrx_word' id='word_1_70' title='bbox 355 1569 655 1638; x_wconf 87' lang='lat' dir='ltr'>transegit.</span> <span class='ocrx_word' id='word_1_71' title='bbox 689 1570 869 1624; x_wconf 88' lang='lat' dir='ltr'>Pudet</span> <span class='ocrx_word' id='word_1_72' title='bbox 889 1587 976 1624; x_wconf 90' lang='lat' dir='ltr'>me</span> <span class='ocrx_word' id='word_1_73' title='bbox 1006 1571 1076 1624; x_wconf 91' lang='lat' dir='ltr'>de</span> <span class='ocrx_word' id='word_1_74' title='bbox 1104 1577 1361 1626; x_wconf 82' lang='lat' dir='ltr'>consorte</span> <span class='ocrx_word' id='word_1_75' title='bbox 1389 1571 1574 1626; x_wconf 90' lang='lat' dir='ltr'>dicere</span> <span class='ocrx_word' id='word_1_76' title='bbox 1604 1573 1756 1642; x_wconf 92' lang='lat' dir='ltr'>quod</span> <span class='ocrx_word' id='word_1_77' title='bbox 1776 1573 1837 1626; x_wconf 90' lang='lat' dir='ltr'>in</span> <span class='ocrx_word' id='word_1_78' title='bbox 1865 1589 1956 1626; x_wconf 92' lang='lat' dir='ltr'>me</span> 
     </span>
    </p>
   </div>
   <div class='ocr_carea' id='block_1_14' title="bbox 357 1659 866 1728">
    <p class='ocr_par' dir='ltr' id='par_1_14' title="bbox 357 1659 866 1728">
     <span class='ocr_line' id='line_1_14' title="bbox 357 1659 866 1728; baseline -0.004 -16"><span class='ocrx_word' id='word_1_79' title='bbox 357 1673 576 1727; x_wconf 87' lang='lat' dir='ltr'>nequeo</span> <span class='ocrx_word' id='word_1_80' title='bbox 601 1659 866 1728; x_wconf 85' lang='lat' dir='ltr'>reperire.</span> 
     </span>
    </p>
   </div>
   <div class='ocr_carea' id='block_1_15' title="bbox 1385 289 2612 354">
    <p class='ocr_par' dir='ltr' id='par_1_15' title="bbox 1385 289 2612 354">
     <span class='ocr_line' id='line_1_15' title="bbox 1385 289 2612 354; baseline -0.007 -3"><span class='ocrx_word' id='word_1_81' title='bbox 1385 297 1479 352; x_wconf 90' lang='lat' dir='ltr'>DE</span> <span class='ocrx_word' id='word_1_82' title='bbox 1514 297 1703 354; x_wconf 84' lang='lat' dir='ltr'>VITIS</span> <span class='ocrx_word' id='word_1_83' title='bbox 1741 295 2037 354; x_wconf 83' lang='lat' dir='ltr'>PATRUM</span> <span class='ocrx_word' id='word_1_84' title='bbox 2073 293 2287 349; x_wconf 86' lang='lat' dir='ltr'><strong>LIBER</strong></span> <span class='ocrx_word' id='word_1_85' title='bbox 2323 289 2612 346; x_wconf 85' lang='lat' dir='ltr'>PRIMUS.</span> 
     </span>
    </p>
   </div>
   <div class='ocr_carea' id='block_1_16' title="bbox 351 420 2018 481">
    <p class='ocr_par' dir='ltr' id='par_1_16' title="bbox 351 420 2018 481">
     <span class='ocr_line' id='line_1_16' title="bbox 351 420 2018 481; baseline 0.003 -5"><span class='ocrx_word' id='word_1_86' title='bbox 351 420 447 476; x_wconf 90' lang='lat' dir='ltr'>DE</span> <span class='ocrx_word' id='word_1_87' title='bbox 475 421 820 477; x_wconf 86' lang='lat' dir='ltr'>DIONYSIO</span> <span class='ocrx_word' id='word_1_88' title='bbox 853 420 1123 476; x_wconf 87' lang='lat' dir='ltr'>EXIGUO</span> <span class='ocrx_word' id='word_1_89' title='bbox 1189 421 1415 476; x_wconf 89' lang='lat' dir='ltr'>HUJUS</span> <span class='ocrx_word' id='word_1_90' title='bbox 1470 423 1658 478; x_wconf 67' lang='lat' dir='ltr'>VITIE</span> <span class='ocrx_word' id='word_1_91' title='bbox 1699 422 2018 481; x_wconf 76' lang='lat' dir='ltr'>INTER-A</span> 
     </span>
    </p>
   </div>
   <div class='ocr_carea' id='block_1_17' title="bbox 3519 281 3624 338">
    <p class='ocr_par' dir='ltr' id='par_1_17' title="bbox 3519 281 3624 338">
     <span class='ocr_line' id='line_1_17' title="bbox 3519 281 3624 338; baseline 0.019 -2"><span class='ocrx_word' id='word_1_92' title='bbox 3519 281 3624 338; x_wconf 62' lang='lat'>2‘24</span> 
     </span>
    </p>
   </div>
   <div class='ocr_carea' id='block_1_18' title="bbox 2291 408 3363 481">
    <p class='ocr_par' dir='ltr' id='par_1_18' title="bbox 2291 408 3363 481">
     <span class='ocr_line' id='line_1_18' title="bbox 2291 408 3363 481; baseline -0.008 -10"><span class='ocrx_word' id='word_1_93' title='bbox 2291 419 2346 472; x_wconf 85' lang='lat' dir='ltr'>V.</span> <span class='ocrx_word' id='word_1_94' title='bbox 2370 417 2529 481; x_wconf 85' lang='lat' dir='ltr'>Beda,</span> <span class='ocrx_word' id='word_1_95' title='bbox 2551 416 2616 469; x_wconf 80' lang='lat' dir='ltr'>de</span> <span class='ocrx_word' id='word_1_96' title='bbox 2639 415 2857 468; x_wconf 79' lang='lat' dir='ltr'>ratione</span> <span class='ocrx_word' id='word_1_97' title='bbox 2891 412 3095 478; x_wconf 84' lang='lat' dir='ltr'>Temp.,</span> <span class='ocrx_word' id='word_1_98' title='bbox 3123 425 3242 477; x_wconf 94' lang='lat' dir='ltr'>cap.</span> <span class='ocrx_word' id='word_1_99' title='bbox 3274 408 3363 464; x_wconf 77' lang='lat'>45.</span> 
     </span>
    </p>
   </div>
   <div class='ocr_carea' id='block_1_19' title="bbox 2105 499 3624 568">
    <p class='ocr_par' dir='ltr' id='par_1_19' title="bbox 2105 499 3624 568">
     <span class='ocr_line' id='line_1_19' title="bbox 2105 499 3624 568; baseline -0.008 -6"><span class='ocrx_word' id='word_1_100' title='bbox 2105 506 2283 562; x_wconf 82' lang='lat' dir='ltr'>Primi</span> <span class='ocrx_word' id='word_1_101' title='bbox 2308 502 2830 560; x_wconf 89' lang='lat' dir='ltr'>decemnovennalis</span> <span class='ocrx_word' id='word_1_102' title='bbox 2867 499 3059 554; x_wconf 87' lang='lat' dir='ltr'>circuli</span> <span class='ocrx_word' id='word_1_103' title='bbox 3099 515 3264 552; x_wconf 90' lang='lat' dir='ltr'>versu</span> <span class='ocrx_word' id='word_1_104' title='bbox 3304 503 3624 568; x_wconf 87' lang='lat' dir='ltr'>temporum</span> 
     </span>
    </p>
   </div>
   <div class='ocr_carea' id='block_1_20' title="bbox 2035 586 3626 668">
    <p class='ocr_par' dir='ltr' id='par_1_20' title="bbox 2035 586 3626 668">
     <span class='ocr_line' id='line_1_20' title="bbox 2035 586 3626 668; baseline -0.009 -16"><span class='ocrx_word' id='word_1_105' title='bbox 2035 598 2170 652; x_wconf 88' lang='lat' dir='ltr'>ordo</span> <span class='ocrx_word' id='word_1_106' title='bbox 2196 595 2526 668; x_wconf 69' lang='lat' dir='ltr'>prteﬁgitur,</span> <span class='ocrx_word' id='word_1_107' title='bbox 2561 609 2729 662; x_wconf 89' lang='lat' dir='ltr'>quem</span> <span class='ocrx_word' id='word_1_108' title='bbox 2759 589 2937 644; x_wconf 82' lang='lat' dir='ltr'>Graeci</span> <span class='ocrx_word' id='word_1_109' title='bbox 2965 588 3330 642; x_wconf 90' lang='lat' dir='ltr'>calculatores</span> <span class='ocrx_word' id='word_1_110' title='bbox 3350 603 3384 640; x_wconf 90' lang='lat' dir='ltr'>a</span> <span class='ocrx_word' id='word_1_111' title='bbox 3407 586 3626 640; x_wconf 89' lang='lat' dir='ltr'>Diocle-</span> 
     </span>
    </p>
   </div>
   <div class='ocr_carea' id='block_1_21' title="bbox 2033 675 3632 756">
    <p class='ocr_par' dir='ltr' id='par_1_21' title="bbox 2033 675 3632 756">
     <span class='ocr_line' id='line_1_21' title="bbox 2033 675 3632 756; baseline -0.008 -16"><span class='ocrx_word' id='word_1_112' title='bbox 2033 686 2172 740; x_wconf 89' lang='lat' dir='ltr'>tiani</span> <span class='ocrx_word' id='word_1_113' title='bbox 2191 683 2462 756; x_wconf 83' lang='lat' dir='ltr'>principis</span> <span class='ocrx_word' id='word_1_114' title='bbox 2485 681 2648 735; x_wconf 91' lang='lat' dir='ltr'>annis</span> <span class='ocrx_word' id='word_1_115' title='bbox 2667 679 3058 743; x_wconf 87' lang='lat' dir='ltr'>observavere;</span> <span class='ocrx_word' id='word_1_116' title='bbox 3083 676 3180 730; x_wconf 90' lang='lat' dir='ltr'>sed</span> <span class='ocrx_word' id='word_1_117' title='bbox 3195 675 3518 747; x_wconf 87' lang='lat' dir='ltr'>Dionysius,</span> <span class='ocrx_word' id='word_1_118' title='bbox 3542 691 3632 727; x_wconf 87' lang='lat' dir='ltr'>ve-</span> 
     </span>
    </p>
   </div>
   <div class='ocr_carea' id='block_1_22' title="bbox 2033 765 3624 836">
    <p class='ocr_par' dir='ltr' id='par_1_22' title="bbox 2033 765 3624 836">
     <span class='ocr_line' id='line_1_22' title="bbox 2033 765 3624 836; baseline -0.009 -6"><span class='ocrx_word' id='word_1_119' title='bbox 2033 774 2299 830; x_wconf 84' lang='lat' dir='ltr'>nerabilis</span> <span class='ocrx_word' id='word_1_120' title='bbox 2318 771 2488 826; x_wconf 84' lang='lat' dir='ltr'>abbas</span> <span class='ocrx_word' id='word_1_121' title='bbox 2515 771 2782 825; x_wconf 68' lang='lat' dir='ltr'>Romane</span> <span class='ocrx_word' id='word_1_122' title='bbox 2803 767 2980 833; x_wconf 79' lang='lat' dir='ltr'>urbis,</span> <span class='ocrx_word' id='word_1_123' title='bbox 3001 771 3059 821; x_wconf 91' lang='lat' dir='ltr'>et</span> <span class='ocrx_word' id='word_1_124' title='bbox 3083 767 3378 836; x_wconf 89' lang='lat' dir='ltr'>utriusque</span> <span class='ocrx_word' id='word_1_125' title='bbox 3397 765 3624 835; x_wconf 65' lang='lat' dir='ltr'>linguae,</span> 
     </span>
    </p>
   </div>
   <div class='ocr_carea' id='block_1_23' title="bbox 2034 853 3629 925">
    <p class='ocr_par' dir='ltr' id='par_1_23' title="bbox 2034 853 3629 925">
     <span class='ocr_line' id='line_1_23' title="bbox 2034 853 3629 925; baseline -0.009 -6"><span class='ocrx_word' id='word_1_126' title='bbox 2034 865 2238 919; x_wconf 72' lang='lat' dir='ltr'>Graecae</span> <span class='ocrx_word' id='word_1_127' title='bbox 2279 861 2538 916; x_wconf 85' lang='lat' dir='ltr'>videlicet</span> <span class='ocrx_word' id='word_1_128' title='bbox 2573 864 2630 912; x_wconf 91' lang='lat' dir='ltr'>et</span> <span class='ocrx_word' id='word_1_129' title='bbox 2676 857 2908 923; x_wconf 66' lang='lat' dir='ltr'>Latinae,</span> <span class='ocrx_word' id='word_1_130' title='bbox 2941 873 3055 910; x_wconf 91' lang='lat' dir='ltr'>non</span> <span class='ocrx_word' id='word_1_131' title='bbox 3094 853 3324 925; x_wconf 88' lang='lat' dir='ltr'>ignobili</span> <span class='ocrx_word' id='word_1_132' title='bbox 3361 853 3629 924; x_wconf 66' lang='lat' dir='ltr'>praeditus</span> 
     </span>
    </p>
   </div>
   <div class='ocr_carea' id='block_1_24' title="bbox 2033 941 3630 1018">
    <p class='ocr_par' dir='ltr' id='par_1_24' title="bbox 2033 941 3630 1018">
     <span class='ocr_line' id='line_1_24' title="bbox 2033 941 3630 1018; baseline -0.009 -10"><span class='ocrx_word' id='word_1_133' title='bbox 2033 952 2285 1018; x_wconf 89' lang='lat' dir='ltr'>scientia,</span> <span class='ocrx_word' id='word_1_134' title='bbox 2307 951 2582 1006; x_wconf 84' lang='lat' dir='ltr'>Paschales</span> <span class='ocrx_word' id='word_1_135' title='bbox 2607 949 2846 1002; x_wconf 83' lang='lat' dir='ltr'>scribens</span> <span class='ocrx_word' id='word_1_136' title='bbox 2872 947 3126 1010; x_wconf 74' lang='lat' dir='ltr'>circulos,</span> <span class='ocrx_word' id='word_1_137' title='bbox 3155 943 3336 998; x_wconf 89' lang='lat' dir='ltr'>noluit</span> <span class='ocrx_word' id='word_1_138' title='bbox 3359 941 3441 997; x_wconf 90' lang='lat' dir='ltr'>eis</span> <span class='ocrx_word' id='word_1_139' title='bbox 3463 941 3630 1008; x_wconf 87' lang='lat' dir='ltr'>(sicut</span> 
     </span>
    </p>
   </div>
   <div class='ocr_carea' id='block_1_25' title="bbox 2033 1030 3632 1114">
    <p class='ocr_par' dir='ltr' id='par_1_25' title="bbox 2033 1030 3632 1114">
     <span class='ocr_line' id='line_1_25' title="bbox 2033 1030 3632 1114; baseline -0.009 -17"><span class='ocrx_word' id='word_1_140' title='bbox 2033 1042 2151 1114; x_wconf 89' lang='lat' dir='ltr'>ipse</span> <span class='ocrx_word' id='word_1_141' title='bbox 2179 1043 2437 1106; x_wconf 89' lang='lat' dir='ltr'>testatur)</span> <span class='ocrx_word' id='word_1_142' title='bbox 2450 1035 2780 1091; x_wconf 90' lang='lat' dir='ltr'>memoriam</span> <span class='ocrx_word' id='word_1_143' title='bbox 2808 1033 2968 1104; x_wconf 90' lang='lat' dir='ltr'>impii</span> <span class='ocrx_word' id='word_1_144' title='bbox 2987 1031 3359 1104; x_wconf 89' lang='lat' dir='ltr'>persecutoris</span> <span class='ocrx_word' id='word_1_145' title='bbox 3387 1030 3632 1084; x_wconf 91' lang='lat' dir='ltr'>innecte-</span> 
     </span>
    </p>
   </div>
   <div class='ocr_carea' id='block_1_26' title="bbox 2033 1118 3631 1198">
    <p class='ocr_par' dir='ltr' id='par_1_26' title="bbox 2033 1118 3631 1198">
     <span class='ocr_line' id='line_1_26' title="bbox 2033 1118 3631 1198; baseline -0.008 -13"><span class='ocrx_word' id='word_1_146' title='bbox 2033 1149 2113 1196; x_wconf 91' lang='lat' dir='ltr'>re,</span> <span class='ocrx_word' id='word_1_147' title='bbox 2145 1130 2243 1184; x_wconf 90' lang='lat' dir='ltr'>sed</span> <span class='ocrx_word' id='word_1_148' title='bbox 2272 1128 2452 1198; x_wconf 86' lang='lat' dir='ltr'>magis</span> <span class='ocrx_word' id='word_1_149' title='bbox 2481 1125 2638 1195; x_wconf 84' lang='lat' dir='ltr'>eligit</span> <span class='ocrx_word' id='word_1_150' title='bbox 2673 1124 2744 1178; x_wconf 90' lang='lat' dir='ltr'>ab</span> <span class='ocrx_word' id='word_1_151' title='bbox 2771 1123 3159 1177; x_wconf 86' lang='lat' dir='ltr'>incarnatione</span> <span class='ocrx_word' id='word_1_152' title='bbox 3197 1120 3420 1175; x_wconf 90' lang='lat' dir='ltr'>Domini</span> <span class='ocrx_word' id='word_1_153' title='bbox 3453 1118 3631 1172; x_wconf 86' lang='lat' dir='ltr'>nostri</span> 
     </span>
    </p>
   </div>
   <div class='ocr_carea' id='block_1_27' title="bbox 2035 1207 3634 1286">
    <p class='ocr_par' dir='ltr' id='par_1_27' title="bbox 2035 1207 3634 1286">
     <span class='ocr_line' id='line_1_27' title="bbox 2035 1207 3634 1286; baseline -0.009 -11"><span class='ocrx_word' id='word_1_154' title='bbox 2035 1221 2064 1276; x_wconf 88' lang='lat' dir='ltr'>J</span> <span class='ocrx_word' id='word_1_155' title='bbox 2070 1237 2167 1274; x_wconf 91' lang='lat' dir='ltr'>esu</span> <span class='ocrx_word' id='word_1_156' title='bbox 2183 1218 2391 1274; x_wconf 90' lang='lat' dir='ltr'>Christi</span> <span class='ocrx_word' id='word_1_157' title='bbox 2411 1222 2668 1286; x_wconf 88' lang='lat' dir='ltr'>tempora</span> <span class='ocrx_word' id='word_1_158' title='bbox 2688 1217 3020 1285; x_wconf 70' lang='lat' dir='ltr'>praznotare,</span> <span class='ocrx_word' id='word_1_159' title='bbox 3044 1216 3323 1282; x_wconf 86' lang='lat' dir='ltr'>quatenus</span> <span class='ocrx_word' id='word_1_160' title='bbox 3343 1207 3634 1263; x_wconf 88' lang='lat' dir='ltr'>exordium</span> 
     </span>
    </p>
   </div>
   <div class='ocr_carea' id='block_1_28' title="bbox 2037 1301 3634 1381">
    <p class='ocr_par' dir='ltr' id='par_1_28' title="bbox 2037 1301 3634 1381">
     <span class='ocr_line' id='line_1_28' title="bbox 2037 1301 3634 1381; baseline -0.009 -17"><span class='ocrx_word' id='word_1_161' title='bbox 2037 1309 2155 1381; x_wconf 89' lang='lat' dir='ltr'>spei</span> <span class='ocrx_word' id='word_1_162' title='bbox 2186 1314 2391 1362; x_wconf 75' lang='lat' dir='ltr'>nostrae</span> <span class='ocrx_word' id='word_1_163' title='bbox 2410 1305 2600 1359; x_wconf 90' lang='lat' dir='ltr'>notius</span> <span class='ocrx_word' id='word_1_164' title='bbox 2621 1301 2781 1357; x_wconf 92' lang='lat' dir='ltr'>nobis</span> <span class='ocrx_word' id='word_1_165' title='bbox 2811 1301 3094 1364; x_wconf 82' lang='lat' dir='ltr'>existeret,</span> <span class='ocrx_word' id='word_1_166' title='bbox 3123 1306 3181 1354; x_wconf 92' lang='lat' dir='ltr'>et</span> <span class='ocrx_word' id='word_1_167' title='bbox 3206 1315 3376 1353; x_wconf 89' lang='lat' dir='ltr'>causa</span> <span class='ocrx_word' id='word_1_168' title='bbox 3403 1313 3634 1368; x_wconf 86' lang='lat' dir='ltr'>repara-</span> 
     </span>
    </p>
   </div>
   <div class='ocr_carea' id='block_1_29' title="bbox 2037 1384 3635 1462">
    <p class='ocr_par' dir='ltr' id='par_1_29' title="bbox 2037 1384 3635 1462">
     <span class='ocr_line' id='line_1_29' title="bbox 2037 1384 3635 1462; baseline -0.009 -10"><span class='ocrx_word' id='word_1_169' title='bbox 2037 1397 2206 1453; x_wconf 91' lang='lat' dir='ltr'>tionis</span> <span class='ocrx_word' id='word_1_170' title='bbox 2245 1397 2522 1460; x_wconf 82' lang='lat' dir='ltr'>humanae,</span> <span class='ocrx_word' id='word_1_171' title='bbox 2554 1393 2611 1446; x_wconf 87' lang='lat' dir='ltr'>id</span> <span class='ocrx_word' id='word_1_172' title='bbox 2650 1395 2753 1458; x_wconf 90' lang='lat' dir='ltr'>est,</span> <span class='ocrx_word' id='word_1_173' title='bbox 2798 1389 2984 1462; x_wconf 88' lang='lat' dir='ltr'>passio</span> <span class='ocrx_word' id='word_1_174' title='bbox 3020 1387 3417 1459; x_wconf 87' lang='lat' dir='ltr'>Redemptoris</span> <span class='ocrx_word' id='word_1_175' title='bbox 3457 1384 3635 1440; x_wconf 89' lang='lat' dir='ltr'>nostri</span> 
     </span>
    </p>
   </div>
   <div class='ocr_carea' id='block_1_30' title="bbox 2039 1485 2643 1541">
    <p class='ocr_par' dir='ltr' id='par_1_30' title="bbox 2039 1485 2643 1541">
     <span class='ocr_line' id='line_1_30' title="bbox 2039 1485 2643 1541; baseline -0.01 -1"><span class='ocrx_word' id='word_1_176' title='bbox 2039 1486 2350 1541; x_wconf 88' lang='lat' dir='ltr'>evidentius</span> <span class='ocrx_word' id='word_1_177' title='bbox 2379 1485 2643 1538; x_wconf 82' lang='lat' dir='ltr'>eluceret.</span> 
     </span>
    </p>
   </div>
   <div class='ocr_carea' id='block_1_31' title="bbox 2037 1561 3630 1644">
    <p class='ocr_par' dir='ltr' id='par_1_31' title="bbox 2037 1561 3630 1644">
     <span class='ocr_line' id='line_1_31' title="bbox 2037 1561 3630 1644; baseline -0.01 -12"><span class='ocrx_word' id='word_1_178' title='bbox 2037 1576 2366 1644; x_wconf 84' lang='lat' dir='ltr'>Sigebcrtus,</span> <span class='ocrx_word' id='word_1_179' title='bbox 2406 1575 2650 1639; x_wconf 83' lang='lat' dir='ltr'>catalogo</span> <span class='ocrx_word' id='word_1_180' title='bbox 2672 1572 2882 1624; x_wconf 84' lang='lat' dir='ltr'>illustr.</span> <span class='ocrx_word' id='word_1_181' title='bbox 2915 1569 3110 1622; x_wconf 87' lang='lat' dir='ltr'>Ecclcs.</span> <span class='ocrx_word' id='word_1_182' title='bbox 3135 1567 3362 1634; x_wconf 87' lang='lat' dir='ltr'>Script.,</span> <span class='ocrx_word' id='word_1_183' title='bbox 3395 1581 3512 1632; x_wconf 78' lang='lat' dir='ltr'>cap.</span> <span class='ocrx_word' id='word_1_184' title='bbox 3541 1561 3630 1618; x_wconf 77' lang='lat'>27.</span> 
     </span>
    </p>
   </div>
   <div class='ocr_carea' id='block_1_32' title="bbox 2107 1653 3628 1734">
    <p class='ocr_par' dir='ltr' id='par_1_32' title="bbox 2107 1653 3628 1734">
     <span class='ocr_line' id='line_1_32' title="bbox 2107 1653 3628 1734; baseline -0.009 -16"><span class='ocrx_word' id='word_1_185' title='bbox 2107 1662 2406 1734; x_wconf 81' lang='lat' dir='ltr'>Dionysius</span> <span class='ocrx_word' id='word_1_186' title='bbox 2436 1659 2608 1714; x_wconf 88' lang='lat' dir='ltr'>abbas</span> <span class='ocrx_word' id='word_1_187' title='bbox 2636 1660 2942 1723; x_wconf 87' lang='lat' dir='ltr'>Romanus,</span> <span class='ocrx_word' id='word_1_188' title='bbox 2961 1660 3333 1726; x_wconf 89' lang='lat' dir='ltr'>cognomento</span> <span class='ocrx_word' id='word_1_189' title='bbox 3366 1653 3628 1722; x_wconf 80' lang='lat' dir='ltr'>Exiguus,</span> 
     </span>
    </p>
   </div>
   <div class='ocr_carea' id='block_1_33' title="bbox 430 1743 3636 1834">
    <p class='ocr_par' dir='ltr' id='par_1_33' title="bbox 430 1743 3636 1834">
     <span class='ocr_line' id='line_1_33' title="bbox 430 1743 3636 1834; baseline -0.001 -35"><span class='ocrx_word' id='word_1_190' title='bbox 430 1747 560 1800; x_wconf 91' lang='lat' dir='ltr'>Fuit</span> <span class='ocrx_word' id='word_1_191' title='bbox 587 1747 740 1800; x_wconf 90' lang='lat' dir='ltr'>enim</span> <span class='ocrx_word' id='word_1_192' title='bbox 760 1747 816 1800; x_wconf 90' lang='lat' dir='ltr'>in</span> <span class='ocrx_word' id='word_1_193' title='bbox 852 1747 948 1801; x_wconf 90' lang='lat' dir='ltr'>illo</span> <span class='ocrx_word' id='word_1_194' title='bbox 978 1764 1105 1800; x_wconf 91' lang='lat' dir='ltr'>cum</span> <span class='ocrx_word' id='word_1_195' title='bbox 1135 1749 1414 1819; x_wconf 87' lang='lat' dir='ltr'>sapientia</span> <span class='ocrx_word' id='word_1_196' title='bbox 1451 1765 1660 1818; x_wconf 87' lang='lat' dir='ltr'>magna</span> <span class='ocrx_word' id='word_1_197' title='bbox 1685 1749 1954 1820; x_wconf 91' lang='lat' dir='ltr'>simplici-</span> <span class='ocrx_word' id='word_1_198' title='bbox 1979 1751 2263 1834; x_wconf 76' lang='lat' dir='ltr'>Bgemina</span> <span class='ocrx_word' id='word_1_199' title='bbox 2289 1750 2525 1804; x_wconf 89' lang='lat' dir='ltr'>scientia</span> <span class='ocrx_word' id='word_1_200' title='bbox 2553 1749 2745 1802; x_wconf 71' lang='lat' dir='ltr'>Graece</span> <span class='ocrx_word' id='word_1_201' title='bbox 2784 1753 2842 1800; x_wconf 91' lang='lat' dir='ltr'>et</span> <span class='ocrx_word' id='word_1_202' title='bbox 2869 1745 3066 1800; x_wconf 83' lang='lat' dir='ltr'>Latine</span> <span class='ocrx_word' id='word_1_203' title='bbox 3104 1745 3306 1809; x_wconf 91' lang='lat' dir='ltr'>clarus,</span> <span class='ocrx_word' id='word_1_204' title='bbox 3345 1743 3636 1796; x_wconf 84' lang='lat' dir='ltr'>transtulit</span> 
     </span>
    </p>
   </div>
   <div class='ocr_carea' id='block_1_34' title="bbox 357 1835 1955 1908">
    <p class='ocr_par' dir='ltr' id='par_1_34' title="bbox 357 1835 1955 1908">
     <span class='ocr_line' id='line_1_34' title="bbox 357 1835 1955 1908; baseline 0.002 -21"><span class='ocrx_word' id='word_1_205' title='bbox 357 1838 464 1897; x_wconf 88' lang='lat' dir='ltr'>tas,</span> <span class='ocrx_word' id='word_1_206' title='bbox 493 1851 625 1888; x_wconf 90' lang='lat' dir='ltr'>cum</span> <span class='ocrx_word' id='word_1_207' title='bbox 645 1835 902 1889; x_wconf 88' lang='lat' dir='ltr'>doctrina</span> <span class='ocrx_word' id='word_1_208' title='bbox 921 1835 1230 1903; x_wconf 86' lang='lat' dir='ltr'>humilitas,</span> <span class='ocrx_word' id='word_1_209' title='bbox 1253 1853 1378 1890; x_wconf 93' lang='lat' dir='ltr'>cum</span> <span class='ocrx_word' id='word_1_210' title='bbox 1409 1837 1670 1890; x_wconf 85' lang='lat' dir='ltr'>facundia</span> <span class='ocrx_word' id='word_1_211' title='bbox 1693 1837 1955 1908; x_wconf 86' lang='lat' dir='ltr'>loquendi</span> 
     </span>
    </p>
   </div>
   <div class='ocr_carea' id='block_1_35' title="bbox 358 1923 1958 1993">
    <p class='ocr_par' dir='ltr' id='par_1_35' title="bbox 358 1923 1958 1993">
     <span class='ocr_line' id='line_1_35' title="bbox 358 1923 1958 1993; baseline 0.002 -17"><span class='ocrx_word' id='word_1_212' title='bbox 358 1923 632 1993; x_wconf 76' lang='lat' dir='ltr'>parcit-as;</span> <span class='ocrx_word' id='word_1_213' title='bbox 665 1929 726 1977; x_wconf 92' lang='lat' dir='ltr'>ut</span> <span class='ocrx_word' id='word_1_214' title='bbox 756 1924 814 1977; x_wconf 92' lang='lat' dir='ltr'>in</span> <span class='ocrx_word' id='word_1_215' title='bbox 843 1925 998 1977; x_wconf 93' lang='lat' dir='ltr'>nullo</span> <span class='ocrx_word' id='word_1_216' title='bbox 1027 1941 1086 1978; x_wconf 89' lang='lat' dir='ltr'>se</span> <span class='ocrx_word' id='word_1_217' title='bbox 1119 1925 1204 1978; x_wconf 88' lang='lat' dir='ltr'>vel</span> <span class='ocrx_word' id='word_1_218' title='bbox 1243 1925 1509 1979; x_wconf 86' lang='lat' dir='ltr'>extremis</span> <span class='ocrx_word' id='word_1_219' title='bbox 1536 1925 1762 1980; x_wconf 81' lang='lat' dir='ltr'>famulis</span> <span class='ocrx_word' id='word_1_220' title='bbox 1803 1932 1958 1980; x_wconf 89' lang='lat' dir='ltr'>ante-</span> 
     </span>
    </p>
   </div>
   <div class='ocr_carea' id='block_1_36' title="bbox 357 2011 1958 2084">
    <p class='ocr_par' dir='ltr' id='par_1_36' title="bbox 357 2011 1958 2084">
     <span class='ocr_line' id='line_1_36' title="bbox 357 2011 1958 2084; baseline 0.002 -19"><span class='ocrx_word' id='word_1_221' title='bbox 357 2011 549 2078; x_wconf 89' lang='lat' dir='ltr'>ferret,</span> <span class='ocrx_word' id='word_1_222' title='bbox 589 2029 718 2066; x_wconf 89' lang='lat' dir='ltr'>cum</span> <span class='ocrx_word' id='word_1_223' title='bbox 764 2013 968 2083; x_wconf 87' lang='lat' dir='ltr'>dignus</span> <span class='ocrx_word' id='word_1_224' title='bbox 1009 2020 1158 2068; x_wconf 90' lang='lat' dir='ltr'>esset</span> <span class='ocrx_word' id='word_1_225' title='bbox 1202 2031 1398 2084; x_wconf 85' lang='lat' dir='ltr'>regum</span> <span class='ocrx_word' id='word_1_226' title='bbox 1446 2016 1567 2068; x_wconf 89' lang='lat' dir='ltr'>sine</span> <span class='ocrx_word' id='word_1_227' title='bbox 1607 2015 1958 2069; x_wconf 85' lang='lat' dir='ltr'>dubitatione</span> 
     </span>
    </p>
   </div>
   <div class='ocr_carea' id='block_1_37' title="bbox 359 2101 1961 2174">
    <p class='ocr_par' dir='ltr' id='par_1_37' title="bbox 359 2101 1961 2174">
     <span class='ocr_line' id='line_1_37' title="bbox 359 2101 1961 2174; baseline 0.002 -20"><span class='ocrx_word' id='word_1_228' title='bbox 359 2101 669 2171; x_wconf 91' lang='lat' dir='ltr'>colloquiis.</span> <span class='ocrx_word' id='word_1_229' title='bbox 702 2103 1044 2156; x_wconf 82' lang='lat' dir='ltr'>Interveniat</span> <span class='ocrx_word' id='word_1_230' title='bbox 1071 2120 1172 2174; x_wconf 90' lang='lat' dir='ltr'>pro</span> <span class='ocrx_word' id='word_1_231' title='bbox 1201 2103 1380 2170; x_wconf 91' lang='lat' dir='ltr'>nobis,</span> <span class='ocrx_word' id='word_1_232' title='bbox 1405 2105 1500 2174; x_wconf 89' lang='lat' dir='ltr'>qui</span> <span class='ocrx_word' id='word_1_233' title='bbox 1521 2103 1810 2158; x_wconf 90' lang='lat' dir='ltr'>nobiscum</span> <span class='ocrx_word' id='word_1_234' title='bbox 1839 2119 1961 2158; x_wconf 87' lang='lat' dir='ltr'>ora-</span> 
     </span>
    </p>
   </div>
   <div class='ocr_carea' id='block_1_38' title="bbox 359 2193 1956 2262">
    <p class='ocr_par' dir='ltr' id='par_1_38' title="bbox 359 2193 1956 2262">
     <span class='ocr_line' id='line_1_38' title="bbox 359 2193 1956 2262; baseline 0.003 -20"><span class='ocrx_word' id='word_1_235' title='bbox 359 2206 422 2242; x_wconf 86' lang='lat' dir='ltr'>re</span> <span class='ocrx_word' id='word_1_236' title='bbox 460 2201 850 2259; x_wconf 79' lang='lat' dir='ltr'>consueverat;</span> <span class='ocrx_word' id='word_1_237' title='bbox 898 2198 959 2245; x_wconf 85' lang='lat' dir='ltr'>ut</span> <span class='ocrx_word' id='word_1_238' title='bbox 987 2193 1148 2262; x_wconf 89' lang='lat' dir='ltr'>cujus</span> <span class='ocrx_word' id='word_1_239' title='bbox 1178 2193 1269 2246; x_wconf 90' lang='lat' dir='ltr'>hic</span> <span class='ocrx_word' id='word_1_240' title='bbox 1304 2209 1501 2246; x_wconf 91' lang='lat' dir='ltr'>sumus</span> <span class='ocrx_word' id='word_1_241' title='bbox 1546 2193 1798 2247; x_wconf 89' lang='lat' dir='ltr'>oratione</span> <span class='ocrx_word' id='word_1_242' title='bbox 1841 2193 1956 2247; x_wconf 88' lang='lat' dir='ltr'>suf-</span> 
     </span>
    </p>
   </div>
   <div class='ocr_carea' id='block_1_39' title="bbox 359 2277 1673 2352">
    <p class='ocr_par' dir='ltr' id='par_1_39' title="bbox 359 2277 1673 2352">
     <span class='ocr_line' id='line_1_39' title="bbox 359 2277 1673 2352; baseline 0.004 -21"><span class='ocrx_word' id='word_1_243' title='bbox 359 2277 506 2343; x_wconf 85' lang='lat' dir='ltr'>fulti,</span> <span class='ocrx_word' id='word_1_244' title='bbox 537 2279 658 2348; x_wconf 83' lang='lat' dir='ltr'>ejus</span> <span class='ocrx_word' id='word_1_245' title='bbox 679 2279 958 2349; x_wconf 89' lang='lat' dir='ltr'>possimus</span> <span class='ocrx_word' id='word_1_246' title='bbox 979 2297 1128 2334; x_wconf 92' lang='lat' dir='ltr'>nunc</span> <span class='ocrx_word' id='word_1_247' title='bbox 1154 2282 1372 2336; x_wconf 90' lang='lat' dir='ltr'>meritis</span> <span class='ocrx_word' id='word_1_248' title='bbox 1401 2281 1673 2352; x_wconf 88' lang='lat' dir='ltr'>adjuvari.</span> 
     </span>
    </p>
   </div>
   <div class='ocr_carea' id='block_1_40' title="bbox 431 2367 1958 2442">
    <p class='ocr_par' dir='ltr' id='par_1_40' title="bbox 431 2367 1958 2442">
     <span class='ocr_line' id='line_1_40' title="bbox 431 2367 1958 2442; baseline 0.003 -23"><span class='ocrx_word' id='word_1_249' title='bbox 431 2367 539 2431; x_wconf 84' lang='lat' dir='ltr'>Qui</span> <span class='ocrx_word' id='word_1_250' title='bbox 569 2367 778 2437; x_wconf 87' lang='lat' dir='ltr'>petitus</span> <span class='ocrx_word' id='word_1_251' title='bbox 817 2384 852 2421; x_wconf 90' lang='lat' dir='ltr'>a</span> <span class='ocrx_word' id='word_1_252' title='bbox 889 2368 1174 2440; x_wconf 88' lang='lat' dir='ltr'>Stephano</span> <span class='ocrx_word' id='word_1_253' title='bbox 1213 2371 1470 2442; x_wconf 88' lang='lat' dir='ltr'>episcopo</span> <span class='ocrx_word' id='word_1_254' title='bbox 1512 2370 1857 2436; x_wconf 90' lang='lat' dir='ltr'>Salonitano,</span> <span class='ocrx_word' id='word_1_255' title='bbox 1891 2388 1958 2424; x_wconf 86' lang='lat' dir='ltr'>ex</span> 
     </span>
    </p>
   </div>
   <div class='ocr_carea' id='block_1_41' title="bbox 363 2455 1962 2530">
    <p class='ocr_par' dir='ltr' id='par_1_41' title="bbox 363 2455 1962 2530">
     <span class='ocr_line' id='line_1_41' title="bbox 363 2455 1962 2530; baseline 0.003 -23"><span class='ocrx_word' id='word_1_256' title='bbox 363 2455 572 2508; x_wconf 73' lang='lat' dir='ltr'>Graecis</span> <span class='ocrx_word' id='word_1_257' title='bbox 592 2456 1003 2528; x_wconf 86' lang='lat' dir='ltr'>exemplaribus</span> <span class='ocrx_word' id='word_1_258' title='bbox 1019 2460 1262 2512; x_wconf 75' lang='lat' dir='ltr'>(Janones</span> <span class='ocrx_word' id='word_1_259' title='bbox 1283 2461 1678 2513; x_wconf 86' lang='lat' dir='ltr'>Ecclesiastioos</span> <span class='ocrx_word' id='word_1_260' title='bbox 1688 2461 1770 2530; x_wconf 70' lang='grc' dir='ltr'>(εἰ)</span> <span class='ocrx_word' id='word_1_261' title='bbox 1793 2459 1962 2513; x_wconf 88' lang='lat' dir='ltr'>mori-</span> 
     </span>
    </p>
   </div>
   <div class='ocr_carea' id='block_1_42' title="bbox 361 2542 1961 2618">
    <p class='ocr_par' dir='ltr' id='par_1_42' title="bbox 361 2542 1961 2618">
     <span class='ocr_line' id='line_1_42' title="bbox 361 2542 1961 2618; baseline 0.004 -22"><span class='ocrx_word' id='word_1_262' title='bbox 361 2542 468 2597; x_wconf 90' lang='lat' dir='ltr'>bus</span> <span class='ocrx_word' id='word_1_263' title='bbox 495 2543 630 2608; x_wconf 90' lang='lat' dir='ltr'>suis,</span> <span class='ocrx_word' id='word_1_264' title='bbox 665 2549 729 2598; x_wconf 93' lang='lat' dir='ltr'>ut</span> <span class='ocrx_word' id='word_1_265' title='bbox 751 2551 873 2599; x_wconf 90' lang='lat' dir='ltr'>erat</span> <span class='ocrx_word' id='word_1_266' title='bbox 889 2547 1091 2617; x_wconf 90' lang='lat' dir='ltr'>planus</span> <span class='ocrx_word' id='word_1_267' title='bbox 1111 2553 1280 2618; x_wconf 88' lang='lat' dir='ltr'>atque</span> <span class='ocrx_word' id='word_1_268' title='bbox 1309 2548 1572 2612; x_wconf 88' lang='lat' dir='ltr'>disertus,</span> <span class='ocrx_word' id='word_1_269' title='bbox 1604 2565 1821 2618; x_wconf 62' lang='lat' dir='ltr'>magna:</span> <span class='ocrx_word' id='word_1_270' title='bbox 1852 2549 1961 2602; x_wconf 85' lang='lat' dir='ltr'>elo-</span> 
     </span>
    </p>
   </div>
   <div class='ocr_carea' id='block_1_43' title="bbox 285 2632 1960 2706">
    <p class='ocr_par' dir='ltr' id='par_1_43' title="bbox 285 2632 1960 2706">
     <span class='ocr_line' id='line_1_43' title="bbox 285 2632 1960 2706; baseline 0.004 -22"><span class='ocrx_word' id='word_1_271' title='bbox 285 2645 288 2649; x_wconf 82' lang='lat'>‘</span> <span class='ocrx_word' id='word_1_272' title='bbox 363 2632 606 2702; x_wconf 72' lang='lat' dir='ltr'>quentia:</span> <span class='ocrx_word' id='word_1_273' title='bbox 632 2633 755 2686; x_wconf 92' lang='lat' dir='ltr'>luce</span> <span class='ocrx_word' id='word_1_274' title='bbox 772 2635 1105 2706; x_wconf 87' lang='lat' dir='ltr'>composuit,</span> <span class='ocrx_word' id='word_1_275' title='bbox 1125 2653 1264 2706; x_wconf 92' lang='lat' dir='ltr'>quos</span> <span class='ocrx_word' id='word_1_276' title='bbox 1279 2636 1444 2690; x_wconf 88' lang='lat' dir='ltr'>hodie</span> <span class='ocrx_word' id='word_1_277' title='bbox 1469 2653 1575 2690; x_wconf 90' lang='lat' dir='ltr'>usu</span> <span class='ocrx_word' id='word_1_278' title='bbox 1594 2636 1960 2691; x_wconf 91' lang='lat' dir='ltr'>celeberrimo</span> 
     </span>
    </p>
   </div>
   <div class='ocr_carea' id='block_1_44' title="bbox 364 2721 1963 2798">
    <p class='ocr_par' dir='ltr' id='par_1_44' title="bbox 364 2721 1963 2798">
     <span class='ocr_line' id='line_1_44' title="bbox 364 2721 1963 2798; baseline 0.003 -22"><span class='ocrx_word' id='word_1_279' title='bbox 364 2721 610 2776; x_wconf 89' lang='lat' dir='ltr'>Ecclesia</span> <span class='ocrx_word' id='word_1_280' title='bbox 639 2724 892 2778; x_wconf 89' lang='lat' dir='ltr'>Romana</span> <span class='ocrx_word' id='word_1_281' title='bbox 933 2726 1340 2796; x_wconf 87' lang='lat' dir='ltr'>complectitur.</span> <span class='ocrx_word' id='word_1_282' title='bbox 1384 2727 1498 2780; x_wconf 86' lang='lat' dir='ltr'>Hos</span> <span class='ocrx_word' id='word_1_283' title='bbox 1545 2727 1714 2780; x_wconf 89' lang='lat' dir='ltr'>etiam</span> <span class='ocrx_word' id='word_1_284' title='bbox 1741 2732 1963 2798; x_wconf 91' lang='lat' dir='ltr'>oportet</span> 
     </span>
    </p>
   </div>
   <div class='ocr_carea' id='block_1_45' title="bbox 361 2811 1960 2882">
    <p class='ocr_par' dir='ltr' id='par_1_45' title="bbox 361 2811 1960 2882">
     <span class='ocr_line' id='line_1_45' title="bbox 361 2811 1960 2882; baseline 0.004 -19"><span class='ocrx_word' id='word_1_285' title='bbox 361 2826 458 2864; x_wconf 89' lang='lat' dir='ltr'>vos</span> <span class='ocrx_word' id='word_1_286' title='bbox 485 2811 710 2866; x_wconf 84' lang='lat' dir='ltr'>assidue</span> <span class='ocrx_word' id='word_1_287' title='bbox 739 2813 946 2882; x_wconf 88' lang='lat' dir='ltr'>legere,</span> <span class='ocrx_word' id='word_1_288' title='bbox 979 2830 1049 2868; x_wconf 92' lang='lat' dir='ltr'>ne</span> <span class='ocrx_word' id='word_1_289' title='bbox 1074 2815 1374 2869; x_wconf 90' lang='lat' dir='ltr'>videamini</span> <span class='ocrx_word' id='word_1_290' title='bbox 1408 2820 1522 2870; x_wconf 90' lang='lat' dir='ltr'>tam</span> <span class='ocrx_word' id='word_1_291' title='bbox 1553 2815 1828 2870; x_wconf 89' lang='lat' dir='ltr'>salutares</span> <span class='ocrx_word' id='word_1_292' title='bbox 1857 2817 1960 2870; x_wconf 87' lang='lat' dir='ltr'>Ec-</span> 
     </span>
    </p>
   </div>
   <div class='ocr_carea' id='block_1_46' title="bbox 361 2899 1647 2975">
    <p class='ocr_par' dir='ltr' id='par_1_46' title="bbox 361 2899 1647 2975">
     <span class='ocr_line' id='line_1_46' title="bbox 361 2899 1647 2975; baseline 0.005 -23"><span class='ocrx_word' id='word_1_293' title='bbox 361 2899 701 2954; x_wconf 88' lang='lat' dir='ltr'>clesiasticas</span> <span class='ocrx_word' id='word_1_294' title='bbox 729 2903 956 2972; x_wconf 88' lang='lat' dir='ltr'>regulas</span> <span class='ocrx_word' id='word_1_295' title='bbox 988 2903 1341 2974; x_wconf 88' lang='lat' dir='ltr'>culpabiliter</span> <span class='ocrx_word' id='word_1_296' title='bbox 1368 2905 1647 2975; x_wconf 89' lang='lat' dir='ltr'>ignorare.</span> 
     </span>
    </p>
   </div>
   <div class='ocr_carea' id='block_1_47' title="bbox 352 2988 1958 3060">
    <p class='ocr_par' dir='ltr' id='par_1_47' title="bbox 352 2988 1958 3060">
     <span class='ocr_line' id='line_1_47' title="bbox 352 2988 1958 3060; baseline 0.004 -20"><span class='ocrx_word' id='word_1_297' title='bbox 352 3000 366 3008; x_wconf 88' lang='grc'>·</span> <span class='ocrx_word' id='word_1_298' title='bbox 431 2988 558 3042; x_wconf 85' lang='lat' dir='ltr'>Alia</span> <span class='ocrx_word' id='word_1_299' title='bbox 571 3005 793 3060; x_wconf 89' lang='lat' dir='ltr'>quoque</span> <span class='ocrx_word' id='word_1_300' title='bbox 817 2994 996 3045; x_wconf 81' lang='lat' dir='ltr'>multa</span> <span class='ocrx_word' id='word_1_301' title='bbox 1015 3009 1079 3044; x_wconf 75' lang='lat' dir='ltr'>ea:</span> <span class='ocrx_word' id='word_1_302' title='bbox 1104 2993 1282 3048; x_wconf 64' lang='lat' dir='ltr'>Grzco</span> <span class='ocrx_word' id='word_1_303' title='bbox 1306 2996 1599 3046; x_wconf 79' lang='lat' dir='ltr'>transtulit</span> <span class='ocrx_word' id='word_1_304' title='bbox 1621 2995 1682 3046; x_wconf 91' lang='lat' dir='ltr'>in</span> <span class='ocrx_word' id='word_1_305' title='bbox 1697 2995 1958 3047; x_wconf 83' lang='lat' dir='ltr'>Latinum</span> 
     </span>
    </p>
   </div>
   <div class='ocr_carea' id='block_1_48' title="bbox 2039 1833 3635 1903">
    <p class='ocr_par' dir='ltr' id='par_1_48' title="bbox 2039 1833 3635 1903">
     <span class='ocr_line' id='line_1_48' title="bbox 2039 1833 3635 1903; baseline -0.008 -8"><span class='ocrx_word' id='word_1_306' title='bbox 2039 1843 2108 1895; x_wconf 93' lang='lat' dir='ltr'>de</span> <span class='ocrx_word' id='word_1_307' title='bbox 2138 1841 2330 1895; x_wconf 67' lang='lat' dir='ltr'>Graeco</span> <span class='ocrx_word' id='word_1_308' title='bbox 2361 1839 2418 1892; x_wconf 90' lang='lat' dir='ltr'>in</span> <span class='ocrx_word' id='word_1_309' title='bbox 2443 1837 2704 1892; x_wconf 88' lang='lat' dir='ltr'>Latinum</span> <span class='ocrx_word' id='word_1_310' title='bbox 2756 1837 2998 1890; x_wconf 86' lang='lat' dir='ltr'>Protcrii</span> <span class='ocrx_word' id='word_1_311' title='bbox 3025 1835 3099 1903; x_wconf 69' lang='grc' dir='ltr'>(Γ)</span> <span class='ocrx_word' id='word_1_312' title='bbox 3128 1833 3500 1888; x_wconf 71' lang='grc' dir='ltr'>ΛΙεα-αηιῑνίηί</span> <span class='ocrx_word' id='word_1_313' title='bbox 3527 1835 3635 1900; x_wconf 83' lang='lat' dir='ltr'>cpi-</span> 
     </span>
    </p>
   </div>
   <div class='ocr_carea' id='block_1_49' title="bbox 2037 1921 3634 1999">
    <p class='ocr_par' dir='ltr' id='par_1_49' title="bbox 2037 1921 3634 1999">
     <span class='ocr_line' id='line_1_49' title="bbox 2037 1921 3634 1999; baseline -0.008 -15"><span class='ocrx_word' id='word_1_314' title='bbox 2037 1933 2184 1999; x_wconf 87' lang='lat' dir='ltr'>scopi</span> <span class='ocrx_word' id='word_1_315' title='bbox 2200 1932 2406 1997; x_wconf 83' lang='lat' dir='ltr'>scripta</span> <span class='ocrx_word' id='word_1_316' title='bbox 2427 1927 2496 1981; x_wconf 89' lang='lat' dir='ltr'>ad</span> <span class='ocrx_word' id='word_1_317' title='bbox 2518 1927 2761 1980; x_wconf 89' lang='lat' dir='ltr'>Leonem</span> <span class='ocrx_word' id='word_1_318' title='bbox 2781 1940 2983 1995; x_wconf 86' lang='lat' dir='ltr'>papam</span> <span class='ocrx_word' id='word_1_319' title='bbox 3007 1924 3070 1976; x_wconf 88' lang='lat' dir='ltr'>de</span> <span class='ocrx_word' id='word_1_320' title='bbox 3091 1921 3408 1976; x_wconf 81' lang='lat' dir='ltr'>celebrando</span> <span class='ocrx_word' id='word_1_321' title='bbox 3428 1921 3634 1974; x_wconf 81' lang='lat' dir='ltr'>Pascha</span> 
     </span>
    </p>
   </div>
   <div class='ocr_carea' id='block_1_50' title="bbox 2039 2007 3635 2072">
    <p class='ocr_par' dir='ltr' id='par_1_50' title="bbox 2039 2007 3635 2072">
     <span class='ocr_line' id='line_1_50' title="bbox 2039 2007 3635 2072; baseline -0.008 0"><span class='ocrx_word' id='word_1_322' title='bbox 2039 2019 2098 2072; x_wconf 91' lang='lat' dir='ltr'>in</span> <span class='ocrx_word' id='word_1_323' title='bbox 2128 2034 2275 2072; x_wconf 88' lang='lat' dir='ltr'>anno</span> <span class='ocrx_word' id='word_1_324' title='bbox 2305 2015 2530 2071; x_wconf 89' lang='lat' dir='ltr'>Domini</span> <span class='ocrx_word' id='word_1_325' title='bbox 2557 2013 2680 2069; x_wconf 87' lang='grc'>455.</span> <span class='ocrx_word' id='word_1_326' title='bbox 2711 2011 3024 2067; x_wconf 89' lang='lat' dir='ltr'>Transtulit</span> <span class='ocrx_word' id='word_1_327' title='bbox 3059 2011 3230 2064; x_wconf 89' lang='lat' dir='ltr'>etiam</span> <span class='ocrx_word' id='word_1_328' title='bbox 3259 2009 3328 2062; x_wconf 93' lang='lat' dir='ltr'>de</span> <span class='ocrx_word' id='word_1_329' title='bbox 3355 2009 3546 2062; x_wconf 79' lang='lat' dir='ltr'>Graeco</span> <span class='ocrx_word' id='word_1_330' title='bbox 3576 2007 3635 2060; x_wconf 90' lang='lat' dir='ltr'>in</span> 
     </span>
    </p>
   </div>
   <div class='ocr_carea' id='block_1_51' title="bbox 2041 2097 3637 2168">
    <p class='ocr_par' dir='ltr' id='par_1_51' title="bbox 2041 2097 3637 2168">
     <span class='ocr_line' id='line_1_51' title="bbox 2041 2097 3637 2168; baseline -0.008 -7"><span class='ocrx_word' id='word_1_331' title='bbox 2041 2107 2303 2161; x_wconf 91' lang='lat' dir='ltr'>Latinum</span> <span class='ocrx_word' id='word_1_332' title='bbox 2335 2107 2544 2158; x_wconf 85' lang='lat' dir='ltr'>librum</span> <span class='ocrx_word' id='word_1_333' title='bbox 2576 2104 2828 2168; x_wconf 72' lang='lat' dir='ltr'>Gregorii</span> <span class='ocrx_word' id='word_1_334' title='bbox 2855 2102 3092 2166; x_wconf 80' lang='lat' dir='ltr'>Nysseni</span> <span class='ocrx_word' id='word_1_335' title='bbox 3121 2100 3184 2152; x_wconf 84' lang='lat' dir='ltr'>de</span> <span class='ocrx_word' id='word_1_336' title='bbox 3212 2099 3521 2152; x_wconf 83' lang='lat' dir='ltr'>conditione</span> <span class='ocrx_word' id='word_1_337' title='bbox 3545 2097 3637 2149; x_wconf 84' lang='lat' dir='ltr'>ho-</span> 
     </span>
    </p>
   </div>
   <div class='ocr_carea' id='block_1_52' title="bbox 2041 2185 3638 2262">
    <p class='ocr_par' dir='ltr' id='par_1_52' title="bbox 2041 2185 3638 2262">
     <span class='ocr_line' id='line_1_52' title="bbox 2041 2185 3638 2262; baseline -0.007 -14"><span class='ocrx_word' id='word_1_338' title='bbox 2041 2198 2214 2248; x_wconf 90' lang='lat' dir='ltr'>minis</span> <span class='ocrx_word' id='word_1_339' title='bbox 2237 2194 2326 2262; x_wconf 84' lang='lat' dir='ltr'>(g),</span> <span class='ocrx_word' id='word_1_340' title='bbox 2357 2199 2414 2246; x_wconf 93' lang='lat' dir='ltr'>et</span> <span class='ocrx_word' id='word_1_341' title='bbox 2451 2195 2623 2246; x_wconf 82' lang='lat' dir='ltr'>Vitam</span> <span class='ocrx_word' id='word_1_342' title='bbox 2657 2191 2940 2246; x_wconf 85' lang='lat' dir='ltr'>Pachomii</span> <span class='ocrx_word' id='word_1_343' title='bbox 2963 2189 3175 2242; x_wconf 81' lang='lat' dir='ltr'>abbatis</span> <span class='ocrx_word' id='word_1_344' title='bbox 3206 2186 3300 2258; x_wconf 86' lang='lat' dir='ltr'>(h).</span> <span class='ocrx_word' id='word_1_345' title='bbox 3327 2185 3559 2256; x_wconf 88' lang='lat' dir='ltr'>Scripsit</span> <span class='ocrx_word' id='word_1_346' title='bbox 3579 2188 3638 2238; x_wconf 91' lang='lat' dir='ltr'>et</span> 
     </span>
    </p>
   </div>
   <div class='ocr_carea' id='block_1_53' title="bbox 2041 2273 3638 2358">
    <p class='ocr_par' dir='ltr' id='par_1_53' title="bbox 2041 2273 3638 2358">
     <span class='ocr_line' id='line_1_53' title="bbox 2041 2273 3638 2358; baseline -0.009 -19"><span class='ocrx_word' id='word_1_347' title='bbox 2041 2285 2181 2356; x_wconf 90' lang='lat' dir='ltr'>ipse,</span> <span class='ocrx_word' id='word_1_348' title='bbox 2209 2288 2335 2354; x_wconf 87' lang='lat' dir='ltr'>post</span> <span class='ocrx_word' id='word_1_349' title='bbox 2365 2281 2654 2353; x_wconf 81' lang='lat' dir='ltr'>Cyrillum,</span> <span class='ocrx_word' id='word_1_350' title='bbox 2691 2280 2919 2358; x_wconf 72' lang='lat' dir='ltr'>Cyclum</span> <span class='ocrx_word' id='word_1_351' title='bbox 2950 2280 3194 2345; x_wconf 79' lang='lat' dir='ltr'>quinque</span> <span class='ocrx_word' id='word_1_352' title='bbox 3223 2278 3525 2342; x_wconf 81' lang='lat' dir='ltr'>cyclorum,</span> <span class='ocrx_word' id='word_1_353' title='bbox 3547 2273 3638 2326; x_wconf 91' lang='lat' dir='ltr'>in-</span> 
     </span>
    </p>
   </div>
   <div class='ocr_carea' id='block_1_54' title="bbox 2041 2361 3638 2444">
    <p class='ocr_par' dir='ltr' id='par_1_54' title="bbox 2041 2361 3638 2444">
     <span class='ocr_line' id='line_1_54' title="bbox 2041 2361 3638 2444; baseline -0.008 -17"><span class='ocrx_word' id='word_1_354' title='bbox 2041 2374 2252 2444; x_wconf 90' lang='lat' dir='ltr'>cipiens</span> <span class='ocrx_word' id='word_1_355' title='bbox 2281 2371 2352 2426; x_wconf 92' lang='lat' dir='ltr'>ab</span> <span class='ocrx_word' id='word_1_356' title='bbox 2383 2387 2531 2424; x_wconf 88' lang='lat' dir='ltr'>anno</span> <span class='ocrx_word' id='word_1_357' title='bbox 2562 2369 2680 2423; x_wconf 89' lang='lat' dir='ltr'>nati</span> <span class='ocrx_word' id='word_1_358' title='bbox 2709 2369 2842 2422; x_wconf 82' lang='lat' dir='ltr'>Jesu</span> <span class='ocrx_word' id='word_1_359' title='bbox 2875 2365 3083 2420; x_wconf 90' lang='lat' dir='ltr'>Christi</span> <span class='ocrx_word' id='word_1_360' title='bbox 3115 2363 3218 2420; x_wconf 72' lang='grc'>532</span> <span class='ocrx_word' id='word_1_361' title='bbox 3249 2363 3344 2434; x_wconf 91' lang='lat' dir='ltr'>qui</span> <span class='ocrx_word' id='word_1_362' title='bbox 3382 2367 3468 2416; x_wconf 88' lang='lat' dir='ltr'>est</span> <span class='ocrx_word' id='word_1_363' title='bbox 3503 2361 3638 2415; x_wconf 86' lang='lat' dir='ltr'>ulti-</span> 
     </span>
    </p>
   </div>
   <div class='ocr_carea' id='block_1_55' title="bbox 2042 2456 3640 2529">
    <p class='ocr_par' dir='ltr' id='par_1_55' title="bbox 2042 2456 3640 2529">
     <span class='ocr_line' id='line_1_55' title="bbox 2042 2456 3640 2529; baseline -0.009 -12"><span class='ocrx_word' id='word_1_364' title='bbox 2042 2479 2168 2516; x_wconf 92' lang='lat' dir='ltr'>mus</span> <span class='ocrx_word' id='word_1_365' title='bbox 2193 2478 2376 2516; x_wconf 91' lang='lat' dir='ltr'>annus</span> <span class='ocrx_word' id='word_1_366' title='bbox 2404 2459 2594 2529; x_wconf 88' lang='lat' dir='ltr'>magni</span> <span class='ocrx_word' id='word_1_367' title='bbox 2621 2457 2780 2529; x_wconf 80' lang='lat' dir='ltr'>cycli,</span> <span class='ocrx_word' id='word_1_368' title='bbox 2804 2456 2902 2526; x_wconf 93' lang='lat' dir='ltr'>qui</span> <span class='ocrx_word' id='word_1_369' title='bbox 2923 2460 3010 2509; x_wconf 91' lang='lat' dir='ltr'>est</span> <span class='ocrx_word' id='word_1_370' title='bbox 3037 2469 3312 2508; x_wconf 87' lang='lat' dir='ltr'>annorum</span> <span class='ocrx_word' id='word_1_371' title='bbox 3343 2465 3529 2506; x_wconf 78' lang='lat' dir='ltr'>Dxxxn</span> <span class='ocrx_word' id='word_1_372' title='bbox 3555 2467 3640 2503; x_wconf 83' lang='lat' dir='ltr'>se-</span> 
     </span>
    </p>
   </div>
   <div class='ocr_carea' id='block_1_56' title="bbox 2042 2545 3119 2610">
    <p class='ocr_par' dir='ltr' id='par_1_56' title="bbox 2042 2545 3119 2610">
     <span class='ocr_line' id='line_1_56' title="bbox 2042 2545 3119 2610; baseline -0.009 -4"><span class='ocrx_word' id='word_1_373' title='bbox 2042 2552 2154 2606; x_wconf 91' lang='lat' dir='ltr'>mel</span> <span class='ocrx_word' id='word_1_374' title='bbox 2184 2550 2363 2604; x_wconf 84' lang='lat' dir='ltr'>exacti</span> <span class='ocrx_word' id='word_1_375' title='bbox 2392 2566 2426 2603; x_wconf 90' lang='lat' dir='ltr'>a</span> <span class='ocrx_word' id='word_1_376' title='bbox 2447 2547 2739 2602; x_wconf 88' lang='lat' dir='ltr'>nativitate</span> <span class='ocrx_word' id='word_1_377' title='bbox 2761 2545 2987 2610; x_wconf 89' lang='lat' dir='ltr'>Christi,</span> <span class='ocrx_word' id='word_1_378' title='bbox 3012 2548 3119 2598; x_wconf 69' lang='lat' dir='ltr'>efc.</span> 
     </span>
    </p>
   </div>
   <div class='ocr_carea' id='block_1_57' title="bbox 2309 2632 3396 2701">
    <p class='ocr_par' dir='ltr' id='par_1_57' title="bbox 2309 2632 3396 2701">
     <span class='ocr_line' id='line_1_57' title="bbox 2309 2632 3396 2701; baseline -0.01 -8"><span class='ocrx_word' id='word_1_379' title='bbox 2309 2639 2662 2701; x_wconf 82' lang='lat' dir='ltr'>Trithcmins,</span> <span class='ocrx_word' id='word_1_380' title='bbox 2698 2638 2840 2690; x_wconf 86' lang='lat' dir='ltr'>libro</span> <span class='ocrx_word' id='word_1_381' title='bbox 2871 2636 2935 2688; x_wconf 86' lang='lat' dir='ltr'>dc</span> <span class='ocrx_word' id='word_1_382' title='bbox 2963 2634 3165 2701; x_wconf 85' lang='lat' dir='ltr'>Script.</span> <span class='ocrx_word' id='word_1_383' title='bbox 3198 2632 3396 2686; x_wconf 82' lang='lat' dir='ltr'>Eccles.</span> 
     </span>
    </p>
   </div>
   <div class='ocr_carea' id='block_1_58' title="bbox 2112 2718 3638 2800">
    <p class='ocr_par' dir='ltr' id='par_1_58' title="bbox 2112 2718 3638 2800">
     <span class='ocr_line' id='line_1_58' title="bbox 2112 2718 3638 2800; baseline -0.009 -16"><span class='ocrx_word' id='word_1_384' title='bbox 2112 2729 2432 2800; x_wconf 83' lang='lat' dir='ltr'>Dionysius,</span> <span class='ocrx_word' id='word_1_385' title='bbox 2449 2726 2620 2780; x_wconf 87' lang='lat' dir='ltr'>abbas</span> <span class='ocrx_word' id='word_1_386' title='bbox 2633 2725 2938 2788; x_wconf 85' lang='lat' dir='ltr'>Romanus,</span> <span class='ocrx_word' id='word_1_387' title='bbox 2959 2726 3330 2791; x_wconf 90' lang='lat' dir='ltr'>cognomento</span> <span class='ocrx_word' id='word_1_388' title='bbox 3349 2720 3433 2786; x_wconf 93' lang='lat' dir='ltr'>(ut</span> <span class='ocrx_word' id='word_1_389' title='bbox 3444 2718 3638 2784; x_wconf 83' lang='lat' dir='ltr'>fertur)</span> 
     </span>
    </p>
   </div>
   <div class='ocr_carea' id='block_1_59' title="bbox 2043 2811 3638 2889">
    <p class='ocr_par' dir='ltr' id='par_1_59' title="bbox 2043 2811 3638 2889">
     <span class='ocr_line' id='line_1_59' title="bbox 2043 2811 3638 2889; baseline -0.008 -16"><span class='ocrx_word' id='word_1_390' title='bbox 2043 2819 2308 2889; x_wconf 84' lang='lat' dir='ltr'>Exiguus,</span> <span class='ocrx_word' id='word_1_391' title='bbox 2331 2817 2417 2870; x_wconf 91' lang='lat' dir='ltr'>vir</span> <span class='ocrx_word' id='word_1_392' title='bbox 2443 2821 2594 2870; x_wconf 91' lang='lat' dir='ltr'>certe</span> <span class='ocrx_word' id='word_1_393' title='bbox 2613 2813 2839 2884; x_wconf 88' lang='lat' dir='ltr'>ingenio</span> <span class='ocrx_word' id='word_1_394' title='bbox 2860 2819 2918 2866; x_wconf 90' lang='lat' dir='ltr'>et</span> <span class='ocrx_word' id='word_1_395' title='bbox 2935 2811 3170 2866; x_wconf 89' lang='lat' dir='ltr'>scientia</span> <span class='ocrx_word' id='word_1_396' title='bbox 3199 2824 3438 2878; x_wconf 85' lang='lat' dir='ltr'>magnus</span> <span class='ocrx_word' id='word_1_397' title='bbox 3467 2813 3638 2878; x_wconf 88' lang='lat' dir='ltr'>atque</span> 
     </span>
    </p>
   </div>
   <div class='ocr_carea' id='block_1_60' title="bbox 2041 2895 3637 2973">
    <p class='ocr_par' dir='ltr' id='par_1_60' title="bbox 2041 2895 3637 2973">
     <span class='ocr_line' id='line_1_60' title="bbox 2041 2895 3637 2973; baseline -0.009 -11"><span class='ocrx_word' id='word_1_398' title='bbox 2041 2905 2467 2970; x_wconf 88' lang='lat' dir='ltr'>clarissimus,in</span> <span class='ocrx_word' id='word_1_399' title='bbox 2489 2901 2791 2973; x_wconf 89' lang='lat' dir='ltr'>Scripturis</span> <span class='ocrx_word' id='word_1_400' title='bbox 2805 2899 3012 2955; x_wconf 90' lang='lat' dir='ltr'>sanctis</span> <span class='ocrx_word' id='word_1_401' title='bbox 3033 2897 3312 2962; x_wconf 89' lang='lat' dir='ltr'>eruditus,</span> <span class='ocrx_word' id='word_1_402' title='bbox 3332 2902 3389 2950; x_wconf 88' lang='lat' dir='ltr'>et</span> <span class='ocrx_word' id='word_1_403' title='bbox 3404 2896 3462 2950; x_wconf 94' lang='lat' dir='ltr'>in</span> <span class='ocrx_word' id='word_1_404' title='bbox 3479 2895 3637 2948; x_wconf 92' lang='lat' dir='ltr'>disci-</span> 
     </span>
    </p>
   </div>
   <div class='ocr_carea' id='block_1_61' title="bbox 2040 2985 3636 3068">
    <p class='ocr_par' dir='ltr' id='par_1_61' title="bbox 2040 2985 3636 3068">
     <span class='ocr_line' id='line_1_61' title="bbox 2040 2985 3636 3068; baseline -0.008 -18"><span class='ocrx_word' id='word_1_405' title='bbox 2040 2997 2194 3068; x_wconf 90' lang='lat' dir='ltr'>plina</span> <span class='ocrx_word' id='word_1_406' title='bbox 2220 2993 2571 3050; x_wconf 79' lang='lat' dir='ltr'>saecularium</span> <span class='ocrx_word' id='word_1_407' title='bbox 2589 2992 2905 3045; x_wconf 87' lang='lat' dir='ltr'>litterarum</span> <span class='ocrx_word' id='word_1_408' title='bbox 2926 2987 3190 3042; x_wconf 90' lang='lat' dir='ltr'>nobiliter</span> <span class='ocrx_word' id='word_1_409' title='bbox 3208 2986 3422 3050; x_wconf 89' lang='lat' dir='ltr'>doctus,</span> <span class='ocrx_word' id='word_1_410' title='bbox 3443 2985 3636 3038; x_wconf 63' lang='lat' dir='ltr'>Graeco</span> 
     </span>
    </p>
   </div>
   <div class='ocr_carea' id='block_1_62' title="bbox 365 3071 3636 3154">
    <p class='ocr_par' dir='ltr' id='par_1_62' title="bbox 365 3071 3636 3154">
     <span class='ocr_line' id='line_1_62' title="bbox 365 3071 3636 3154; baseline -0.005 -12"><span class='ocrx_word' id='word_1_411' title='bbox 365 3075 454 3146; x_wconf 67' lang='grc' dir='ltr'>(ο),</span> <span class='ocrx_word' id='word_1_412' title='bbox 489 3093 611 3148; x_wconf 69' lang='lat' dir='ltr'>quae</span> <span class='ocrx_word' id='word_1_413' title='bbox 649 3079 880 3133; x_wconf 71' lang='lat' dir='ltr'>utilitati</span> <span class='ocrx_word' id='word_1_414' title='bbox 921 3086 1158 3150; x_wconf 76' lang='lat' dir='ltr'>Possunt</span> <span class='ocrx_word' id='word_1_415' title='bbox 1199 3081 1456 3135; x_wconf 69' lang='grc' dir='ltr'>Εοοιθείεε</span> <span class='ocrx_word' id='word_1_416' title='bbox 1500 3071 2098 3154; x_wconf 57' lang='grc' dir='ltr'>ϐοηγθῐιίνθίριιίοθι</span> <span class='ocrx_word' id='word_1_417' title='bbox 2125 3085 2322 3140; x_wconf 85' lang='lat' dir='ltr'>Latino</span> <span class='ocrx_word' id='word_1_418' title='bbox 2369 3081 2590 3153; x_wconf 90' lang='lat' dir='ltr'>eloquio</span> <span class='ocrx_word' id='word_1_419' title='bbox 2618 3081 2821 3145; x_wconf 88' lang='lat' dir='ltr'>clarus,</span> <span class='ocrx_word' id='word_1_420' title='bbox 2851 3076 3191 3148; x_wconf 89' lang='lat' dir='ltr'>computista</span> <span class='ocrx_word' id='word_1_421' title='bbox 3237 3080 3295 3129; x_wconf 91' lang='lat' dir='ltr'>et</span> <span class='ocrx_word' id='word_1_422' title='bbox 3329 3074 3636 3129; x_wconf 87' lang='lat' dir='ltr'>calculator</span> 
     </span>
    </p>
   </div>
   <div class='ocr_carea' id='block_1_63' title="bbox 362 3165 3634 3245">
    <p class='ocr_par' dir='ltr' id='par_1_63' title="bbox 362 3165 3634 3245">
     <span class='ocr_line' id='line_1_63' title="bbox 362 3165 3634 3245; baseline -0.001 -26"><span class='ocrx_word' id='word_1_423' title='bbox 362 3169 523 3219; x_wconf 85' lang='lat' dir='ltr'>tanta</span> <span class='ocrx_word' id='word_1_424' title='bbox 551 3167 869 3222; x_wconf 90' lang='lat' dir='ltr'>Latinitatis</span> <span class='ocrx_word' id='word_1_425' title='bbox 885 3173 942 3222; x_wconf 91' lang='lat' dir='ltr'>et</span> <span class='ocrx_word' id='word_1_426' title='bbox 956 3169 1268 3224; x_wconf 66' lang='lat' dir='ltr'>Graacitatis</span> <span class='ocrx_word' id='word_1_427' title='bbox 1296 3171 1496 3242; x_wconf 88' lang='lat' dir='ltr'>peritia</span> <span class='ocrx_word' id='word_1_428' title='bbox 1515 3171 1873 3241; x_wconf 83' lang='lat' dir='ltr'>fungebatur,</span> <span class='ocrx_word' id='word_1_429' title='bbox 1895 3177 1960 3226; x_wconf 87' lang='lat' dir='ltr'>ut</span> <span class='ocrx_word' id='word_1_430' title='bbox 2038 3181 2359 3245; x_wconf 81' lang='lat' dir='ltr'>temporum</span> <span class='ocrx_word' id='word_1_431' title='bbox 2390 3170 2668 3241; x_wconf 87' lang='lat' dir='ltr'>egregius.</span> <span class='ocrx_word' id='word_1_432' title='bbox 2703 3167 2939 3239; x_wconf 88' lang='lat' dir='ltr'>Scripsit</span> <span class='ocrx_word' id='word_1_433' title='bbox 2975 3165 3175 3220; x_wconf 88' lang='lat' dir='ltr'>Latino</span> <span class='ocrx_word' id='word_1_434' title='bbox 3203 3179 3461 3218; x_wconf 91' lang='lat' dir='ltr'>sermone</span> <span class='ocrx_word' id='word_1_435' title='bbox 3490 3178 3634 3216; x_wconf 90' lang='lat' dir='ltr'>non-</span> 
     </span>
    </p>
   </div>
   <div class='ocr_carea' id='block_1_64' title="bbox 365 3251 3631 3332">
    <p class='ocr_par' dir='ltr' id='par_1_64' title="bbox 365 3251 3631 3332">
     <span class='ocr_line' id='line_1_64' title="bbox 365 3251 3631 3332; baseline -0.001 -25"><span class='ocrx_word' id='word_1_436' title='bbox 365 3270 727 3326; x_wconf 89' lang='lat' dir='ltr'>quoscunque</span> <span class='ocrx_word' id='word_1_437' title='bbox 743 3255 914 3311; x_wconf 90' lang='lat' dir='ltr'>libros</span> <span class='ocrx_word' id='word_1_438' title='bbox 939 3258 1160 3312; x_wconf 62' lang='lat' dir='ltr'>Graecos</span> <span class='ocrx_word' id='word_1_439' title='bbox 1178 3259 1236 3312; x_wconf 92' lang='lat' dir='ltr'>in</span> <span class='ocrx_word' id='word_1_440' title='bbox 1257 3259 1516 3330; x_wconf 82' lang='lat' dir='ltr'>manibus</span> <span class='ocrx_word' id='word_1_441' title='bbox 1541 3261 1836 3331; x_wconf 67' lang='lat' dir='ltr'>acciperet,</span> <span class='ocrx_word' id='word_1_442' title='bbox 1858 3261 1960 3314; x_wconf 91' lang='lat' dir='ltr'>La-</span> <span class='ocrx_word' id='word_1_443' title='bbox 2041 3263 2195 3316; x_wconf 90' lang='lat' dir='ltr'>nulla</span> <span class='ocrx_word' id='word_1_444' title='bbox 2204 3259 2565 3332; x_wconf 87' lang='lat' dir='ltr'>opuscula,de</span> <span class='ocrx_word' id='word_1_445' title='bbox 2583 3256 2783 3328; x_wconf 90' lang='lat' dir='ltr'>quibus</span> <span class='ocrx_word' id='word_1_446' title='bbox 2799 3272 2902 3325; x_wconf 90' lang='lat' dir='ltr'>ego</span> <span class='ocrx_word' id='word_1_447' title='bbox 2918 3259 3142 3308; x_wconf 90' lang='lat' dir='ltr'>tantum</span> <span class='ocrx_word' id='word_1_448' title='bbox 3160 3251 3345 3324; x_wconf 90' lang='lat' dir='ltr'>reperi</span> <span class='ocrx_word' id='word_1_449' title='bbox 3359 3251 3631 3320; x_wconf 91' lang='lat' dir='ltr'>subjecta:</span> 
     </span>
    </p>
   </div>
   <div class='ocr_carea' id='block_1_65' title="bbox 363 3344 1960 3420">
    <p class='ocr_par' dir='ltr' id='par_1_65' title="bbox 363 3344 1960 3420">
     <span class='ocr_line' id='line_1_65' title="bbox 363 3344 1960 3420; baseline 0.004 -23"><span class='ocrx_word' id='word_1_450' title='bbox 363 3344 480 3398; x_wconf 92' lang='lat' dir='ltr'>tine</span> <span class='ocrx_word' id='word_1_451' title='bbox 493 3344 612 3399; x_wconf 90' lang='lat' dir='ltr'>sine</span> <span class='ocrx_word' id='word_1_452' title='bbox 623 3346 926 3402; x_wconf 71' lang='lat' dir='ltr'>offensione</span> <span class='ocrx_word' id='word_1_453' title='bbox 942 3353 1371 3414; x_wconf 88' lang='lat' dir='ltr'>transcurreret,</span> <span class='ocrx_word' id='word_1_454' title='bbox 1391 3349 1709 3420; x_wconf 89' lang='lat' dir='ltr'>iterumque</span> <span class='ocrx_word' id='word_1_455' title='bbox 1729 3349 1960 3403; x_wconf 89' lang='lat' dir='ltr'>Latinos</span> 
     </span>
    </p>
   </div>
   <div class='ocr_carea' id='block_1_66' title="bbox 362 3433 1962 3508">
    <p class='ocr_par' dir='ltr' id='par_1_66' title="bbox 362 3433 1962 3508">
     <span class='ocr_line' id='line_1_66' title="bbox 362 3433 1962 3508; baseline 0.003 -21"><span class='ocrx_word' id='word_1_456' title='bbox 362 3433 547 3488; x_wconf 83' lang='lat' dir='ltr'>Attico</span> <span class='ocrx_word' id='word_1_457' title='bbox 572 3451 831 3491; x_wconf 84' lang='lat' dir='ltr'>sermone</span> <span class='ocrx_word' id='word_1_458' title='bbox 858 3437 1152 3508; x_wconf 88' lang='lat' dir='ltr'>relegeret,</span> <span class='ocrx_word' id='word_1_459' title='bbox 1181 3443 1246 3492; x_wconf 90' lang='lat' dir='ltr'>ut</span> <span class='ocrx_word' id='word_1_460' title='bbox 1268 3438 1524 3492; x_wconf 88' lang='lat' dir='ltr'>crederes</span> <span class='ocrx_word' id='word_1_461' title='bbox 1552 3439 1656 3492; x_wconf 92' lang='lat' dir='ltr'>hoc</span> <span class='ocrx_word' id='word_1_462' title='bbox 1684 3455 1806 3492; x_wconf 89' lang='lat' dir='ltr'>esse</span> <span class='ocrx_word' id='word_1_463' title='bbox 1831 3454 1962 3492; x_wconf 84' lang='lat' dir='ltr'>con-</span> 
     </span>
    </p>
   </div>
   <div class='ocr_carea' id='block_1_67' title="bbox 364 3523 1958 3596">
    <p class='ocr_par' dir='ltr' id='par_1_67' title="bbox 364 3523 1958 3596">
     <span class='ocr_line' id='line_1_67' title="bbox 364 3523 1958 3596; baseline 0.003 -20"><span class='ocrx_word' id='word_1_464' title='bbox 364 3523 658 3594; x_wconf 81' lang='lat' dir='ltr'>scriptum,</span> <span class='ocrx_word' id='word_1_465' title='bbox 681 3525 830 3596; x_wconf 92' lang='lat' dir='ltr'>quod</span> <span class='ocrx_word' id='word_1_466' title='bbox 851 3543 912 3580; x_wconf 89' lang='lat' dir='ltr'>os</span> <span class='ocrx_word' id='word_1_467' title='bbox 923 3529 1044 3596; x_wconf 87' lang='lat' dir='ltr'>ejus</span> <span class='ocrx_word' id='word_1_468' title='bbox 1071 3527 1342 3580; x_wconf 75' lang='lat' dir='ltr'>inoffensa</span> <span class='ocrx_word' id='word_1_469' title='bbox 1359 3527 1652 3581; x_wconf 88' lang='lat' dir='ltr'>velocitate</span> <span class='ocrx_word' id='word_1_470' title='bbox 1667 3525 1958 3580; x_wconf 89' lang='lat' dir='ltr'>fundebat.</span> 
     </span>
    </p>
   </div>
   <div class='ocr_carea' id='block_1_68' title="bbox 435 3613 1961 3686">
    <p class='ocr_par' dir='ltr' id='par_1_68' title="bbox 435 3613 1961 3686">
     <span class='ocr_line' id='line_1_68' title="bbox 435 3613 1961 3686; baseline 0.002 -20"><span class='ocrx_word' id='word_1_471' title='bbox 435 3613 691 3682; x_wconf 89' lang='lat' dir='ltr'>Longum</span> <span class='ocrx_word' id='word_1_472' title='bbox 717 3620 803 3667; x_wconf 87' lang='lat' dir='ltr'>est</span> <span class='ocrx_word' id='word_1_473' title='bbox 825 3615 894 3667; x_wconf 90' lang='lat' dir='ltr'>de</span> <span class='ocrx_word' id='word_1_474' title='bbox 923 3615 1018 3668; x_wconf 90' lang='lat' dir='ltr'>illo</span> <span class='ocrx_word' id='word_1_475' title='bbox 1048 3614 1164 3668; x_wconf 90' lang='lat' dir='ltr'>viro</span> <span class='ocrx_word' id='word_1_476' title='bbox 1183 3622 1383 3669; x_wconf 86' lang='lat' dir='ltr'>cuncta</span> <span class='ocrx_word' id='word_1_477' title='bbox 1408 3621 1677 3680; x_wconf 86' lang='lat' dir='ltr'>retexere,</span> <span class='ocrx_word' id='word_1_478' title='bbox 1696 3615 1791 3686; x_wconf 91' lang='lat' dir='ltr'>qui</span> <span class='ocrx_word' id='word_1_479' title='bbox 1813 3616 1961 3669; x_wconf 88' lang='lat' dir='ltr'>inter</span> 
     </span>
    </p>
   </div>
   <div class='ocr_carea' id='block_1_69' title="bbox 364 3701 1963 3774">
    <p class='ocr_par' dir='ltr' id='par_1_69' title="bbox 364 3701 1963 3774">
     <span class='ocr_line' id='line_1_69' title="bbox 364 3701 1963 3774; baseline 0.003 -20"><span class='ocrx_word' id='word_1_480' title='bbox 364 3701 612 3770; x_wconf 89' lang='lat' dir='ltr'>reliquas</span> <span class='ocrx_word' id='word_1_481' title='bbox 635 3701 870 3756; x_wconf 86' lang='lat' dir='ltr'>virtutes</span> <span class='ocrx_word' id='word_1_482' title='bbox 893 3703 997 3756; x_wconf 89' lang='lat' dir='ltr'>hoc</span> <span class='ocrx_word' id='word_1_483' title='bbox 1018 3702 1278 3757; x_wconf 88' lang='lat' dir='ltr'>habuisse</span> <span class='ocrx_word' id='word_1_484' title='bbox 1298 3703 1568 3774; x_wconf 90' lang='lat' dir='ltr'>probatur</span> <span class='ocrx_word' id='word_1_485' title='bbox 1587 3704 1872 3770; x_wconf 85' lang='lat' dir='ltr'>eximium,</span> <span class='ocrx_word' id='word_1_486' title='bbox 1897 3709 1963 3758; x_wconf 89' lang='lat' dir='ltr'>ut</span> 
     </span>
    </p>
   </div>
   <div class='ocr_carea' id='block_1_70' title="bbox 365 3791 1958 3864">
    <p class='ocr_par' dir='ltr' id='par_1_70' title="bbox 365 3791 1958 3864">
     <span class='ocr_line' id='line_1_70' title="bbox 365 3791 1958 3864; baseline 0.005 -25"><span class='ocrx_word' id='word_1_487' title='bbox 365 3803 492 3840; x_wconf 92' lang='lat' dir='ltr'>cum</span> <span class='ocrx_word' id='word_1_488' title='bbox 523 3803 582 3842; x_wconf 91' lang='lat' dir='ltr'>se</span> <span class='ocrx_word' id='word_1_489' title='bbox 598 3793 783 3843; x_wconf 91' lang='lat' dir='ltr'>totum</span> <span class='ocrx_word' id='word_1_490' title='bbox 807 3791 922 3845; x_wconf 93' lang='lat' dir='ltr'>Deo</span> <span class='ocrx_word' id='word_1_491' title='bbox 950 3791 1292 3858; x_wconf 89' lang='lat' dir='ltr'>tradidisset,</span> <span class='ocrx_word' id='word_1_492' title='bbox 1309 3809 1421 3846; x_wconf 91' lang='lat' dir='ltr'>non</span> <span class='ocrx_word' id='word_1_493' title='bbox 1447 3798 1958 3864; x_wconf 74' lang='lat' dir='ltr'>aspernaretursze-</span> 
     </span>
    </p>
   </div>
   <div class='ocr_carea' id='block_1_71' title="bbox 365 3875 1956 3948">
    <p class='ocr_par' dir='ltr' id='par_1_71' title="bbox 365 3875 1956 3948">
     <span class='ocr_line' id='line_1_71' title="bbox 365 3875 1956 3948; baseline 0.006 -21"><span class='ocrx_word' id='word_1_494' title='bbox 365 3875 639 3930; x_wconf 89' lang='lat' dir='ltr'>cularium</span> <span class='ocrx_word' id='word_1_495' title='bbox 652 3879 1164 3934; x_wconf 89' lang='lat' dir='ltr'>conversationibus</span> <span class='ocrx_word' id='word_1_496' title='bbox 1177 3881 1466 3936; x_wconf 85' lang='lat' dir='ltr'>interesse.</span> <span class='ocrx_word' id='word_1_497' title='bbox 1487 3881 1687 3936; x_wconf 89' lang='lat' dir='ltr'>Castus</span> <span class='ocrx_word' id='word_1_498' title='bbox 1698 3881 1956 3948; x_wconf 90' lang='lat' dir='ltr'>nimium,</span> 
     </span>
    </p>
   </div>
   <div class='ocr_carea' id='block_1_72' title="bbox 364 3965 1960 4038">
    <p class='ocr_par' dir='ltr' id='par_1_72' title="bbox 364 3965 1960 4038">
     <span class='ocr_line' id='line_1_72' title="bbox 364 3965 1960 4038; baseline 0.004 -21"><span class='ocrx_word' id='word_1_499' title='bbox 364 3980 492 4018; x_wconf 91' lang='lat' dir='ltr'>cum</span> <span class='ocrx_word' id='word_1_500' title='bbox 521 3965 732 4021; x_wconf 89' lang='lat' dir='ltr'>alienas</span> <span class='ocrx_word' id='word_1_501' title='bbox 761 3969 1010 4038; x_wconf 90' lang='lat' dir='ltr'>quotidie</span> <span class='ocrx_word' id='word_1_502' title='bbox 1039 3969 1252 4024; x_wconf 87' lang='lat' dir='ltr'>videret</span> <span class='ocrx_word' id='word_1_503' title='bbox 1265 3986 1493 4036; x_wconf 85' lang='lat' dir='ltr'>uxores;</span> <span class='ocrx_word' id='word_1_504' title='bbox 1527 3970 1680 4024; x_wconf 89' lang='lat' dir='ltr'>mitis</span> <span class='ocrx_word' id='word_1_505' title='bbox 1699 3987 1826 4024; x_wconf 92' lang='lat' dir='ltr'>cum</span> <span class='ocrx_word' id='word_1_506' title='bbox 1845 3971 1960 4024; x_wconf 88' lang='lat' dir='ltr'>fere</span> 
     </span>
    </p>
   </div>
   <div class='ocr_carea' id='block_1_73' title="bbox 363 4053 1960 4130">
    <p class='ocr_par' dir='ltr' id='par_1_73' title="bbox 363 4053 1960 4130">
     <span class='ocr_line' id='line_1_73' title="bbox 363 4053 1960 4130; baseline 0.005 -25"><span class='ocrx_word' id='word_1_507' title='bbox 363 4053 618 4122; x_wconf 90' lang='lat' dir='ltr'>gentium</span> <span class='ocrx_word' id='word_1_508' title='bbox 633 4071 835 4109; x_wconf 89' lang='lat' dir='ltr'>vesano</span> <span class='ocrx_word' id='word_1_509' title='bbox 863 4057 1086 4111; x_wconf 90' lang='lat' dir='ltr'>turbine</span> <span class='ocrx_word' id='word_1_510' title='bbox 1107 4060 1446 4130; x_wconf 83' lang='lat' dir='ltr'>pulsaretur.</span> <span class='ocrx_word' id='word_1_511' title='bbox 1470 4059 1764 4114; x_wconf 87' lang='lat' dir='ltr'>Fundebat</span> <span class='ocrx_word' id='word_1_512' title='bbox 1783 4060 1960 4130; x_wconf 78' lang='lat' dir='ltr'>lacry—</span> 
     </span>
    </p>
   </div>
   <div class='ocr_carea' id='block_1_74' title="bbox 365 4127 1959 4218">
    <p class='ocr_par' dir='ltr' id='par_1_74' title="bbox 365 4127 1959 4218">
     <span class='ocr_line' id='line_1_74' title="bbox 365 4127 1959 4218; baseline 0.004 -24"><span class='ocrx_word' id='word_1_513' title='bbox 365 4157 488 4195; x_wconf 89' lang='lat' dir='ltr'>mas</span> <span class='ocrx_word' id='word_1_514' title='bbox 509 4149 692 4196; x_wconf 90' lang='lat' dir='ltr'>motus</span> <span class='ocrx_word' id='word_1_515' title='bbox 703 4145 1149 4215; x_wconf 86' lang='lat' dir='ltr'>compunctione,</span> <span class='ocrx_word' id='word_1_516' title='bbox 1171 4164 1298 4201; x_wconf 92' lang='lat' dir='ltr'>cum</span> <span class='ocrx_word' id='word_1_517' title='bbox 1321 4127 1542 4202; x_wconf 77' lang='lat' dir='ltr'>audiret</span> <span class='ocrx_word' id='word_1_518' title='bbox 1550 4149 1780 4218; x_wconf 88' lang='lat' dir='ltr'>garrula</span> <span class='ocrx_word' id='word_1_519' title='bbox 1790 4147 1959 4202; x_wconf 90' lang='lat' dir='ltr'>verba</span> 
     </span>
    </p>
   </div>
   <div class='ocr_carea' id='block_1_75' title="bbox 364 4230 1954 4307">
    <p class='ocr_par' dir='ltr' id='par_1_75' title="bbox 364 4230 1954 4307">
     <span class='ocr_line' id='line_1_75' title="bbox 364 4230 1954 4307; baseline 0.005 -24"><span class='ocrx_word' id='word_1_520' title='bbox 364 4230 592 4284; x_wconf 63' lang='lat' dir='ltr'>laetitiae.</span> <span class='ocrx_word' id='word_1_521' title='bbox 616 4233 918 4302; x_wconf 87' lang='lat' dir='ltr'>Jejunabat</span> <span class='ocrx_word' id='word_1_522' title='bbox 937 4234 1057 4289; x_wconf 91' lang='lat' dir='ltr'>sine</span> <span class='ocrx_word' id='word_1_523' title='bbox 1085 4235 1512 4307; x_wconf 86' lang='lat' dir='ltr'>exprobratione</span> <span class='ocrx_word' id='word_1_524' title='bbox 1534 4237 1954 4307; x_wconf 90' lang='lat' dir='ltr'>prandentium,</span> 
     </span>
    </p>
   </div>
   <div class='ocr_carea' id='block_1_76' title="bbox 364 4318 1960 4396">
    <p class='ocr_par' dir='ltr' id='par_1_76' title="bbox 364 4318 1960 4396">
     <span class='ocr_line' id='line_1_76' title="bbox 364 4318 1960 4396; baseline 0.004 -25"><span class='ocrx_word' id='word_1_525' title='bbox 364 4323 423 4372; x_wconf 88' lang='lat' dir='ltr'>et</span> <span class='ocrx_word' id='word_1_526' title='bbox 449 4318 574 4372; x_wconf 92' lang='lat' dir='ltr'>ideo</span> <span class='ocrx_word' id='word_1_527' title='bbox 601 4321 864 4375; x_wconf 89' lang='lat' dir='ltr'>conviviis</span> <span class='ocrx_word' id='word_1_528' title='bbox 880 4328 1176 4392; x_wconf 88' lang='lat' dir='ltr'>gratanter</span> <span class='ocrx_word' id='word_1_529' title='bbox 1200 4325 1490 4391; x_wconf 86' lang='lat' dir='ltr'>intererat,</span> <span class='ocrx_word' id='word_1_530' title='bbox 1516 4330 1582 4378; x_wconf 93' lang='lat' dir='ltr'>ut</span> <span class='ocrx_word' id='word_1_531' title='bbox 1599 4325 1748 4378; x_wconf 90' lang='lat' dir='ltr'>inter</span> <span class='ocrx_word' id='word_1_532' title='bbox 1767 4341 1960 4396; x_wconf 89' lang='lat' dir='ltr'>corpo-</span> 
     </span>
    </p>
   </div>
   <div class='ocr_carea' id='block_1_77' title="bbox 2114 3348 3634 3417">
    <p class='ocr_par' dir='ltr' id='par_1_77' title="bbox 2114 3348 3634 3417">
     <span class='ocr_line' id='line_1_77' title="bbox 2114 3348 3634 3417; baseline -0.009 -12"><span class='ocrx_word' id='word_1_533' title='bbox 2114 3351 2341 3417; x_wconf 81' lang='lat' dir='ltr'>Uyclum</span> <span class='ocrx_word' id='word_1_534' title='bbox 2394 3348 2702 3402; x_wconf 83' lang='lat' dir='ltr'>Paschalem</span> <span class='ocrx_word' id='word_1_535' title='bbox 2751 3359 3022 3413; x_wconf 79' lang='lat' dir='ltr'>magnum</span> <span class='ocrx_word' id='word_1_536' title='bbox 3069 3358 3354 3396; x_wconf 81' lang='lat' dir='ltr'>annorum</span> <span class='ocrx_word' id='word_1_537' title='bbox 3426 3353 3634 3402; x_wconf 77' lang='lat' dir='ltr'>nxxxn,</span> 
     </span>
    </p>
   </div>
   <div class='ocr_carea' id='block_1_78' title="bbox 2041 3439 2220 3505">
    <p class='ocr_par' dir='ltr' id='par_1_78' title="bbox 2041 3439 2220 3505">
     <span class='ocr_line' id='line_1_78' title="bbox 2041 3439 2220 3505; baseline -0.017 -11"><span class='ocrx_word' id='word_1_538' title='bbox 2041 3439 2137 3494; x_wconf 86' lang='lat' dir='ltr'>lib.</span> <span class='ocrx_word' id='word_1_539' title='bbox 2166 3454 2185 3492; x_wconf 90' lang='grc' dir='ltr'><strong>Ι</strong></span> <span class='ocrx_word' id='word_1_540' title='bbox 2207 3457 2220 3505; x_wconf 88' lang='grc'><strong>;</strong></span> 
     </span>
    </p>
   </div>
   <div class='ocr_carea' id='block_1_79' title="bbox 2111 3520 3642 3594">
    <p class='ocr_par' dir='ltr' id='par_1_79' title="bbox 2111 3520 3642 3594">
     <span class='ocr_line' id='line_1_79' title="bbox 2111 3520 3642 3594; baseline -0.007 -12"><span class='ocrx_word' id='word_1_541' title='bbox 2111 3531 2186 3582; x_wconf 74' lang='lat' dir='ltr'>Ile</span> <span class='ocrx_word' id='word_1_542' title='bbox 2214 3529 2431 3581; x_wconf 81' lang='lat' dir='ltr'>ratione</span> <span class='ocrx_word' id='word_1_543' title='bbox 2457 3527 2583 3594; x_wconf 83' lang='lat' dir='ltr'>festi</span> <span class='ocrx_word' id='word_1_544' title='bbox 2608 3525 2907 3587; x_wconf 79' lang='lat' dir='ltr'>Paschalis,</span> <span class='ocrx_word' id='word_1_545' title='bbox 2932 3520 3076 3588; x_wconf 84' lang='lat' dir='ltr'>lib.1;</span> <span class='ocrx_word' id='word_1_546' title='bbox 3105 3521 3380 3575; x_wconf 75' lang='lat' dir='ltr'>Paschalis</span> <span class='ocrx_word' id='word_1_547' title='bbox 3406 3521 3534 3588; x_wconf 81' lang='lat' dir='ltr'>festi</span> <span class='ocrx_word' id='word_1_548' title='bbox 3551 3534 3642 3572; x_wconf 89' lang='lat' dir='ltr'>ra-</span> 
     </span>
    </p>
   </div>
   <div class='ocr_carea' id='block_1_80' title="bbox 2045 3620 2269 3671">
    <p class='ocr_par' dir='ltr' id='par_1_80' title="bbox 2045 3620 2269 3671">
     <span class='ocr_line' id='line_1_80' title="bbox 2045 3620 2269 3671; baseline -0.004 -1"><span class='ocrx_word' id='word_1_549' title='bbox 2045 3623 2061 3670; x_wconf 91' lang='lat' dir='ltr'>t</span> <span class='ocrx_word' id='word_1_550' title='bbox 2070 3620 2246 3671; x_wconf 86' lang='lat' dir='ltr'>ionem</span> <span class='ocrx_word' id='word_1_551' title='bbox 2257 3657 2269 3669; x_wconf 95' lang='lat'>.</span> 
     </span>
    </p>
   </div>
   <div class='ocr_carea' id='block_1_81' title="bbox 2111 3696 3636 3774">
    <p class='ocr_par' dir='ltr' id='par_1_81' title="bbox 2111 3696 3636 3774">
     <span class='ocr_line' id='line_1_81' title="bbox 2111 3696 3636 3774; baseline -0.007 -14"><span class='ocrx_word' id='word_1_552' title='bbox 2111 3707 2191 3760; x_wconf 93' lang='lat' dir='ltr'>De</span> <span class='ocrx_word' id='word_1_553' title='bbox 2227 3704 2442 3759; x_wconf 63' lang='lat' dir='ltr'>ueteris</span> <span class='ocrx_word' id='word_1_554' title='bbox 2465 3705 2530 3774; x_wconf 87' lang='lat' dir='ltr'>(i)</span> <span class='ocrx_word' id='word_1_555' title='bbox 2559 3702 2695 3756; x_wconf 89' lang='lat' dir='ltr'>nihil</span> <span class='ocrx_word' id='word_1_556' title='bbox 2725 3700 2928 3772; x_wconf 89' lang='lat' dir='ltr'>reperi.</span> <span class='ocrx_word' id='word_1_557' title='bbox 2970 3699 3283 3754; x_wconf 86' lang='lat' dir='ltr'>Transtulit</span> <span class='ocrx_word' id='word_1_558' title='bbox 3323 3703 3514 3752; x_wconf 90' lang='lat' dir='ltr'>autem</span> <span class='ocrx_word' id='word_1_559' title='bbox 3566 3696 3636 3750; x_wconf 87' lang='lat' dir='ltr'>de</span> 
     </span>
    </p>
   </div>
   <div class='ocr_carea' id='block_1_82' title="bbox 2043 3787 3636 3851">
    <p class='ocr_par' dir='ltr' id='par_1_82' title="bbox 2043 3787 3636 3851">
     <span class='ocr_line' id='line_1_82' title="bbox 2043 3787 3636 3851; baseline -0.008 -2"><span class='ocrx_word' id='word_1_560' title='bbox 2043 3795 2234 3849; x_wconf 86' lang='lat' dir='ltr'>Graeco</span> <span class='ocrx_word' id='word_1_561' title='bbox 2258 3794 2314 3848; x_wconf 92' lang='lat' dir='ltr'>in</span> <span class='ocrx_word' id='word_1_562' title='bbox 2345 3793 2640 3848; x_wconf 89' lang='lat' dir='ltr'>Latinum:</span> <span class='ocrx_word' id='word_1_563' title='bbox 2682 3792 2856 3846; x_wconf 80' lang='lat' dir='ltr'>Vitam</span> <span class='ocrx_word' id='word_1_564' title='bbox 2884 3791 3066 3842; x_wconf 84' lang='lat' dir='ltr'>sancti</span> <span class='ocrx_word' id='word_1_565' title='bbox 3093 3789 3375 3843; x_wconf 85' lang='lat' dir='ltr'>Pachomii</span> <span class='ocrx_word' id='word_1_566' title='bbox 3392 3787 3636 3851; x_wconf 83' lang='lat' dir='ltr'>abbatis;</span> 
     </span>
    </p>
   </div>
   <div class='ocr_carea' id='block_1_83' title="bbox 2044 3875 3642 3952">
    <p class='ocr_par' dir='ltr' id='par_1_83' title="bbox 2044 3875 3642 3952">
     <span class='ocr_line' id='line_1_83' title="bbox 2044 3875 3642 3952; baseline -0.006 -16"><span class='ocrx_word' id='word_1_567' title='bbox 2044 3885 2253 3937; x_wconf 86' lang='lat' dir='ltr'>librum</span> <span class='ocrx_word' id='word_1_568' title='bbox 2275 3899 2485 3952; x_wconf 85' lang='lat' dir='ltr'>quoque</span> <span class='ocrx_word' id='word_1_569' title='bbox 2517 3882 2770 3947; x_wconf 83' lang='lat' dir='ltr'>Gregorii</span> <span class='ocrx_word' id='word_1_570' title='bbox 2792 3879 3085 3944; x_wconf 84' lang='lat' dir='ltr'>Emisseni,</span> <span class='ocrx_word' id='word_1_571' title='bbox 3114 3879 3177 3930; x_wconf 82' lang='lat' dir='ltr'>de</span> <span class='ocrx_word' id='word_1_572' title='bbox 3206 3877 3516 3930; x_wconf 80' lang='lat' dir='ltr'>conditione</span> <span class='ocrx_word' id='word_1_573' title='bbox 3551 3875 3642 3927; x_wconf 79' lang='lat' dir='ltr'>lio-</span> 
     </span>
    </p>
   </div>
   <div class='ocr_carea' id='block_1_84' title="bbox 2043 3965 3640 4041">
    <p class='ocr_par' dir='ltr' id='par_1_84' title="bbox 2043 3965 3640 4041">
     <span class='ocr_line' id='line_1_84' title="bbox 2043 3965 3640 4041; baseline -0.006 -16"><span class='ocrx_word' id='word_1_574' title='bbox 2043 3975 2235 4034; x_wconf 85' lang='lat' dir='ltr'>mim‘s;</span> <span class='ocrx_word' id='word_1_575' title='bbox 2267 3977 2318 4026; x_wconf 81' lang='lat' dir='ltr'>et</span> <span class='ocrx_word' id='word_1_576' title='bbox 2353 3975 2559 4041; x_wconf 83' lang='lat' dir='ltr'>scripta</span> <span class='ocrx_word' id='word_1_577' title='bbox 2588 3971 2844 4033; x_wconf 85' lang='lat' dir='ltr'>Protcrii,</span> <span class='ocrx_word' id='word_1_578' title='bbox 2878 3965 3258 4022; x_wconf 67' lang='lat' dir='ltr'>Alexandrini</span> <span class='ocrx_word' id='word_1_579' title='bbox 3285 3966 3535 4033; x_wconf 82' lang='lat' dir='ltr'>episcopi,</span> <span class='ocrx_word' id='word_1_580' title='bbox 3565 3965 3640 4016; x_wconf 84' lang='lat' dir='ltr'>ad</span> 
     </span>
    </p>
   </div>
   <div class='ocr_carea' id='block_1_85' title="bbox 2041 4055 3244 4128">
    <p class='ocr_par' dir='ltr' id='par_1_85' title="bbox 2041 4055 3244 4128">
     <span class='ocr_line' id='line_1_85' title="bbox 2041 4055 3244 4128; baseline -0.007 -15"><span class='ocrx_word' id='word_1_581' title='bbox 2041 4061 2264 4113; x_wconf 77' lang='lat' dir='ltr'>Leonem</span> <span class='ocrx_word' id='word_1_582' title='bbox 2287 4075 2490 4128; x_wconf 83' lang='lat' dir='ltr'>papam</span> <span class='ocrx_word' id='word_1_583' title='bbox 2519 4057 2606 4126; x_wconf 86' lang='lat' dir='ltr'>(j).</span> <span class='ocrx_word' id='word_1_584' title='bbox 2636 4057 2704 4111; x_wconf 83' lang='lat' dir='ltr'>Et</span> <span class='ocrx_word' id='word_1_585' title='bbox 2721 4058 2968 4124; x_wconf 62' lang='lat' dir='ltr'>quzdam</span> <span class='ocrx_word' id='word_1_586' title='bbox 3007 4057 3124 4107; x_wconf 85' lang='lat' dir='ltr'>alia</span> <span class='ocrx_word' id='word_1_587' title='bbox 3146 4055 3244 4122; x_wconf 61' lang='lat' dir='ltr'>(lg).</span> 
     </span>
    </p>
   </div>
   <div class='ocr_carea' id='block_1_86' title="bbox 2110 4139 3624 4216">
    <p class='ocr_par' dir='ltr' id='par_1_86' title="bbox 2110 4139 3624 4216">
     <span class='ocr_line' id='line_1_86' title="bbox 2110 4139 3624 4216; baseline -0.003 -14"><span class='ocrx_word' id='word_1_588' title='bbox 2110 4148 2397 4202; x_wconf 83' lang='lat' dir='ltr'>Inchoavit</span> <span class='ocrx_word' id='word_1_589' title='bbox 2423 4153 2612 4202; x_wconf 89' lang='lat' dir='ltr'>autem</span> <span class='ocrx_word' id='word_1_590' title='bbox 2643 4145 2873 4216; x_wconf 81' lang='lat' dir='ltr'>Cyclum</span> <span class='ocrx_word' id='word_1_591' title='bbox 2899 4160 3064 4197; x_wconf 91' lang='lat' dir='ltr'>suum</span> <span class='ocrx_word' id='word_1_592' title='bbox 3085 4159 3232 4196; x_wconf 90' lang='lat' dir='ltr'>anno</span> <span class='ocrx_word' id='word_1_593' title='bbox 3247 4141 3471 4196; x_wconf 90' lang='lat' dir='ltr'>Domini</span> <span class='ocrx_word' id='word_1_594' title='bbox 3502 4139 3568 4197; x_wconf 86' lang='grc'>53</span> <span class='ocrx_word' id='word_1_595' title='bbox 3589 4144 3624 4206; x_wconf 82' lang='lat'>‘,</span> 
     </span>
    </p>
   </div>
   <div class='ocr_carea' id='block_1_87' title="bbox 2040 4229 3630 4307">
    <p class='ocr_par' dir='ltr' id='par_1_87' title="bbox 2040 4229 3630 4307">
     <span class='ocr_line' id='line_1_87' title="bbox 2040 4229 3630 4307; baseline -0.004 -17"><span class='ocrx_word' id='word_1_596' title='bbox 2040 4236 2136 4307; x_wconf 91' lang='lat' dir='ltr'>qui</span> <span class='ocrx_word' id='word_1_597' title='bbox 2155 4237 2262 4291; x_wconf 87' lang='lat' dir='ltr'>fuit</span> <span class='ocrx_word' id='word_1_598' title='bbox 2286 4237 2518 4290; x_wconf 91' lang='lat' dir='ltr'>ultimus</span> <span class='ocrx_word' id='word_1_599' title='bbox 2539 4251 2718 4289; x_wconf 90' lang='lat' dir='ltr'>annus</span> <span class='ocrx_word' id='word_1_600' title='bbox 2739 4233 2929 4302; x_wconf 89' lang='lat' dir='ltr'>magni</span> <span class='ocrx_word' id='word_1_601' title='bbox 2951 4232 3087 4304; x_wconf 88' lang='lat' dir='ltr'>cycli</span> <span class='ocrx_word' id='word_1_602' title='bbox 3112 4231 3406 4303; x_wconf 77' lang='lat' dir='ltr'>paschalis,</span> <span class='ocrx_word' id='word_1_603' title='bbox 3430 4229 3526 4301; x_wconf 90' lang='lat' dir='ltr'>qui</span> <span class='ocrx_word' id='word_1_604' title='bbox 3547 4247 3630 4284; x_wconf 87' lang='lat' dir='ltr'>se-</span> 
     </span>
    </p>
   </div>
   <div class='ocr_carea' id='block_1_88' title="bbox 2040 4320 3367 4392">
    <p class='ocr_par' dir='ltr' id='par_1_88' title="bbox 2040 4320 3367 4392">
     <span class='ocr_line' id='line_1_88' title="bbox 2040 4320 3367 4392; baseline -0.004 -14"><span class='ocrx_word' id='word_1_605' title='bbox 2040 4326 2151 4379; x_wconf 91' lang='lat' dir='ltr'>mel</span> <span class='ocrx_word' id='word_1_606' title='bbox 2172 4331 2398 4380; x_wconf 85' lang='lat' dir='ltr'>exactus</span> <span class='ocrx_word' id='word_1_607' title='bbox 2425 4325 2482 4378; x_wconf 90' lang='lat' dir='ltr'>in</span> <span class='ocrx_word' id='word_1_608' title='bbox 2511 4323 2772 4378; x_wconf 91' lang='lat' dir='ltr'>eumdem</span> <span class='ocrx_word' id='word_1_609' title='bbox 2800 4338 3022 4392; x_wconf 89' lang='lat' dir='ltr'>semper</span> <span class='ocrx_word' id='word_1_610' title='bbox 3047 4320 3367 4374; x_wconf 90' lang='lat' dir='ltr'>revertitur.</span> 
     </span>
    </p>
   </div>
   <div class='ocr_carea' id='block_1_89' title="bbox 365 4407 3630 4485">
    <p class='ocr_par' dir='ltr' id='par_1_89' title="bbox 365 4407 3630 4485">
     <span class='ocr_line' id='line_1_89' title="bbox 365 4407 3630 4485; baseline 0 -24"><span class='ocrx_word' id='word_1_611' title='bbox 365 4407 512 4462; x_wconf 85' lang='lat' dir='ltr'>rales</span> <span class='ocrx_word' id='word_1_612' title='bbox 541 4409 734 4481; x_wconf 89' lang='lat' dir='ltr'>epulas</span> <span class='ocrx_word' id='word_1_613' title='bbox 764 4410 1083 4481; x_wconf 88' lang='lat' dir='ltr'>inquisitus,</span> <span class='ocrx_word' id='word_1_614' title='bbox 1111 4413 1392 4484; x_wconf 89' lang='lat' dir='ltr'>spiritales</span> <span class='ocrx_word' id='word_1_615' title='bbox 1411 4414 1600 4484; x_wconf 87' lang='lat' dir='ltr'>copias</span> <span class='ocrx_word' id='word_1_616' title='bbox 1619 4431 1844 4485; x_wconf 89' lang='lat' dir='ltr'>semper</span> <span class='ocrx_word' id='word_1_617' title='bbox 1871 4415 2028 4472; x_wconf 83' lang='lat' dir='ltr'>ex-D</span> <span class='ocrx_word' id='word_1_618' title='bbox 2113 4413 2328 4467; x_wconf 89' lang='lat' dir='ltr'>Claruit</span> <span class='ocrx_word' id='word_1_619' title='bbox 2365 4429 2497 4482; x_wconf 86' lang='lat' dir='ltr'>ergo</span> <span class='ocrx_word' id='word_1_620' title='bbox 2528 4410 2631 4465; x_wconf 92' lang='lat' dir='ltr'>sub</span> <span class='ocrx_word' id='word_1_621' title='bbox 2674 4410 2991 4465; x_wconf 75' lang='lat' dir='ltr'>Iustiniano</span> <span class='ocrx_word' id='word_1_622' title='bbox 3039 4409 3172 4480; x_wconf 91' lang='lat' dir='ltr'>imp.</span> <span class='ocrx_word' id='word_1_623' title='bbox 3227 4424 3450 4479; x_wconf 86' lang='lat' dir='ltr'>magno,</span> <span class='ocrx_word' id='word_1_624' title='bbox 3481 4423 3630 4462; x_wconf 91' lang='lat' dir='ltr'>anno</span> 
     </span>
    </p>
   </div>
   <div class='ocr_carea' id='block_1_90' title="bbox 364 4495 1959 4572">
    <p class='ocr_par' dir='ltr' id='par_1_90' title="bbox 364 4495 1959 4572">
     <span class='ocr_line' id='line_1_90' title="bbox 364 4495 1959 4572; baseline 0.004 -22"><span class='ocrx_word' id='word_1_625' title='bbox 364 4495 601 4552; x_wconf 83' lang='lat' dir='ltr'>biberet.</span> <span class='ocrx_word' id='word_1_626' title='bbox 633 4499 794 4562; x_wconf 86' lang='lat' dir='ltr'>Quod</span> <span class='ocrx_word' id='word_1_627' title='bbox 818 4499 865 4552; x_wconf 88' lang='lat' dir='ltr'>si</span> <span class='ocrx_word' id='word_1_628' title='bbox 888 4506 1079 4554; x_wconf 84' lang='lat' dir='ltr'>tamen</span> <span class='ocrx_word' id='word_1_629' title='bbox 1097 4501 1399 4571; x_wconf 92' lang='lat' dir='ltr'>aliquando</span> <span class='ocrx_word' id='word_1_630' title='bbox 1427 4503 1764 4568; x_wconf 88' lang='lat' dir='ltr'>comederet,</span> <span class='ocrx_word' id='word_1_631' title='bbox 1789 4519 1959 4572; x_wconf 84' lang='lat' dir='ltr'>parvo</span> 
     </span>
    </p>
   </div>
   <div class='ocr_carea' id='block_1_91' title="bbox 366 4586 1954 4656">
    <p class='ocr_par' dir='ltr' id='par_1_91' title="bbox 366 4586 1954 4656">
     <span class='ocr_line' id='line_1_91' title="bbox 366 4586 1954 4656; baseline 0.003 -17"><span class='ocrx_word' id='word_1_632' title='bbox 366 4587 593 4656; x_wconf 89' lang='lat' dir='ltr'>quidem</span> <span class='ocrx_word' id='word_1_633' title='bbox 617 4586 760 4652; x_wconf 89' lang='lat' dir='ltr'>cibo,</span> <span class='ocrx_word' id='word_1_634' title='bbox 777 4588 875 4641; x_wconf 91' lang='lat' dir='ltr'>sed</span> <span class='ocrx_word' id='word_1_635' title='bbox 891 4593 1082 4642; x_wconf 87' lang='lat' dir='ltr'>tamen</span> <span class='ocrx_word' id='word_1_636' title='bbox 1105 4589 1245 4642; x_wconf 91' lang='lat' dir='ltr'>escis</span> <span class='ocrx_word' id='word_1_637' title='bbox 1255 4589 1644 4645; x_wconf 92' lang='lat' dir='ltr'>communibus</span> <span class='ocrx_word' id='word_1_638' title='bbox 1671 4589 1954 4644; x_wconf 90' lang='lat' dir='ltr'>utebatur.</span> 
     </span>
    </p>
   </div>
   <div class='ocr_carea' id='block_1_92' title="bbox 376 4676 1959 4750">
    <p class='ocr_par' dir='ltr' id='par_1_92' title="bbox 376 4676 1959 4750">
     <span class='ocr_line' id='line_1_92' title="bbox 376 4676 1959 4750; baseline 0.001 -20"><span class='ocrx_word' id='word_1_639' title='bbox 376 4680 416 4739; x_wconf 84' lang='grc' dir='ltr'><strong>Ι</strong></span> <span class='ocrx_word' id='word_1_640' title='bbox 429 4679 556 4740; x_wconf 70' lang='lat'><strong>08</strong></span> <span class='ocrx_word' id='word_1_641' title='bbox 575 4676 734 4730; x_wconf 92' lang='lat' dir='ltr'>Unde</span> <span class='ocrx_word' id='word_1_642' title='bbox 753 4693 1038 4730; x_wconf 87' lang='lat' dir='ltr'>summum</span> <span class='ocrx_word' id='word_1_643' title='bbox 1052 4693 1230 4747; x_wconf 87' lang='lat' dir='ltr'>genus</span> <span class='ocrx_word' id='word_1_644' title='bbox 1251 4678 1466 4733; x_wconf 67' lang='lat' dir='ltr'>aestimo</span> <span class='ocrx_word' id='word_1_645' title='bbox 1481 4679 1785 4750; x_wconf 57' lang='lat' dir='ltr'>patientia,</span> <span class='ocrx_word' id='word_1_646' title='bbox 1811 4679 1959 4733; x_wconf 88' lang='lat' dir='ltr'>inter</span> 
     </span>
    </p>
   </div>
   <div class='ocr_carea' id='block_1_93' title="bbox 364 4761 1963 4832">
    <p class='ocr_par' dir='ltr' id='par_1_93' title="bbox 364 4761 1963 4832">
     <span class='ocr_line' id='line_1_93' title="bbox 364 4761 1963 4832; baseline 0.004 -18"><span class='ocrx_word' id='word_1_647' title='bbox 364 4761 642 4816; x_wconf 87' lang='lat' dir='ltr'>humanas</span> <span class='ocrx_word' id='word_1_648' title='bbox 663 4780 783 4818; x_wconf 91' lang='lat' dir='ltr'>esse</span> <span class='ocrx_word' id='word_1_649' title='bbox 799 4765 1045 4832; x_wconf 87' lang='lat' dir='ltr'>delicias,</span> <span class='ocrx_word' id='word_1_650' title='bbox 1069 4772 1126 4820; x_wconf 91' lang='lat' dir='ltr'>et</span> <span class='ocrx_word' id='word_1_651' title='bbox 1145 4766 1496 4821; x_wconf 64' lang='lat' dir='ltr'>abstinentia&quot;:</span> <span class='ocrx_word' id='word_1_652' title='bbox 1507 4768 1788 4822; x_wconf 89' lang='lat' dir='ltr'>custodire</span> <span class='ocrx_word' id='word_1_653' title='bbox 1810 4784 1963 4821; x_wconf 90' lang='lat' dir='ltr'>men-</span> 
     </span>
    </p>
   </div>
   <div class='ocr_carea' id='block_1_94' title="bbox 367 4853 1963 4925">
    <p class='ocr_par' dir='ltr' id='par_1_94' title="bbox 367 4853 1963 4925">
     <span class='ocr_line' id='line_1_94' title="bbox 367 4853 1963 4925; baseline 0.005 -23"><span class='ocrx_word' id='word_1_654' title='bbox 367 4865 578 4904; x_wconf 90' lang='lat' dir='ltr'>suram.</span> <span class='ocrx_word' id='word_1_655' title='bbox 613 4853 742 4918; x_wconf 91' lang='lat' dir='ltr'>Sed,</span> <span class='ocrx_word' id='word_1_656' title='bbox 775 4860 840 4907; x_wconf 91' lang='lat' dir='ltr'>ut</span> <span class='ocrx_word' id='word_1_657' title='bbox 864 4853 1010 4908; x_wconf 90' lang='lat' dir='ltr'>bona</span> <span class='ocrx_word' id='word_1_658' title='bbox 1039 4856 1240 4909; x_wconf 88' lang='lat' dir='ltr'>mentis</span> <span class='ocrx_word' id='word_1_659' title='bbox 1265 4857 1386 4925; x_wconf 92' lang='lat' dir='ltr'>ejus</span> <span class='ocrx_word' id='word_1_660' title='bbox 1415 4856 1662 4910; x_wconf 86' lang='lat' dir='ltr'>infucata</span> <span class='ocrx_word' id='word_1_661' title='bbox 1689 4857 1853 4910; x_wconf 87' lang='lat' dir='ltr'>laude</span> <span class='ocrx_word' id='word_1_662' title='bbox 1878 4873 1963 4910; x_wconf 84' lang='lat' dir='ltr'>re-</span> 
     </span>
    </p>
   </div>
   <div class='ocr_carea' id='block_1_95' title="bbox 366 4937 1964 5016">
    <p class='ocr_par' dir='ltr' id='par_1_95' title="bbox 366 4937 1964 5016">
     <span class='ocr_line' id='line_1_95' title="bbox 366 4937 1964 5016; baseline 0.005 -25"><span class='ocrx_word' id='word_1_663' title='bbox 366 4937 634 4999; x_wconf 81' lang='lat' dir='ltr'>feramus.</span> <span class='ocrx_word' id='word_1_664' title='bbox 653 4945 776 4994; x_wconf 92' lang='lat' dir='ltr'>erat</span> <span class='ocrx_word' id='word_1_665' title='bbox 801 4947 954 4996; x_wconf 89' lang='lat' dir='ltr'>totus</span> <span class='ocrx_word' id='word_1_666' title='bbox 983 4943 1320 5012; x_wconf 88' lang='lat' dir='ltr'>Catholicus,</span> <span class='ocrx_word' id='word_1_667' title='bbox 1352 4951 1506 4999; x_wconf 86' lang='lat' dir='ltr'>totus</span> <span class='ocrx_word' id='word_1_668' title='bbox 1533 4945 1782 5016; x_wconf 88' lang='lat' dir='ltr'>paternis</span> <span class='ocrx_word' id='word_1_669' title='bbox 1802 4961 1964 5016; x_wconf 87' lang='lat' dir='ltr'>regu-</span> 
     </span>
    </p>
   </div>
   <div class='ocr_carea' id='block_1_96' title="bbox 367 5027 1964 5105">
    <p class='ocr_par' dir='ltr' id='par_1_96' title="bbox 367 5027 1964 5105">
     <span class='ocr_line' id='line_1_96' title="bbox 367 5027 1964 5105; baseline 0.004 -24"><span class='ocrx_word' id='word_1_670' title='bbox 367 5027 438 5081; x_wconf 91' lang='lat' dir='ltr'>lis</span> <span class='ocrx_word' id='word_1_671' title='bbox 491 5035 916 5099; x_wconf 87' lang='lat' dir='ltr'>perseveranter</span> <span class='ocrx_word' id='word_1_672' title='bbox 961 5032 1235 5100; x_wconf 85' lang='lat' dir='ltr'>addictus,</span> <span class='ocrx_word' id='word_1_673' title='bbox 1293 5040 1349 5088; x_wconf 90' lang='lat' dir='ltr'>et</span> <span class='ocrx_word' id='word_1_674' title='bbox 1408 5033 1678 5104; x_wconf 88' lang='lat' dir='ltr'>quidquid</span> <span class='ocrx_word' id='word_1_675' title='bbox 1730 5039 1964 5105; x_wconf 89' lang='lat' dir='ltr'>possunt</span> 
     </span>
    </p>
   </div>
   <div class='ocr_carea' id='block_1_97' title="bbox 371 5117 1964 5194">
    <p class='ocr_par' dir='ltr' id='par_1_97' title="bbox 371 5117 1964 5194">
     <span class='ocr_line' id='line_1_97' title="bbox 371 5117 1964 5194; baseline 0.004 -24"><span class='ocrx_word' id='word_1_676' title='bbox 371 5117 621 5187; x_wconf 88' lang='lat' dir='ltr'>legentes</span> <span class='ocrx_word' id='word_1_677' title='bbox 640 5135 741 5189; x_wconf 90' lang='lat' dir='ltr'>per</span> <span class='ocrx_word' id='word_1_678' title='bbox 760 5120 1006 5175; x_wconf 91' lang='lat' dir='ltr'>diversos</span> <span class='ocrx_word' id='word_1_679' title='bbox 1031 5139 1298 5193; x_wconf 79' lang='lat' dir='ltr'>quaerere,</span> <span class='ocrx_word' id='word_1_680' title='bbox 1314 5123 1372 5177; x_wconf 92' lang='lat' dir='ltr'>in</span> <span class='ocrx_word' id='word_1_681' title='bbox 1397 5123 1549 5176; x_wconf 91' lang='lat' dir='ltr'>illius</span> <span class='ocrx_word' id='word_1_682' title='bbox 1573 5123 1810 5177; x_wconf 88' lang='lat' dir='ltr'>scientia</span> <span class='ocrx_word' id='word_1_683' title='bbox 1835 5139 1964 5194; x_wconf 85' lang='lat' dir='ltr'>cog-</span> 
     </span>
    </p>
   </div>
   <div class='ocr_carea' id='block_1_98' title="bbox 362 5206 1964 5283">
    <p class='ocr_par' dir='ltr' id='par_1_98' title="bbox 362 5206 1964 5283">
     <span class='ocr_line' id='line_1_98' title="bbox 362 5206 1964 5283; baseline 0.004 -23"><span class='ocrx_word' id='word_1_684' title='bbox 362 5206 700 5262; x_wconf 90' lang='lat' dir='ltr'>noscebatur</span> <span class='ocrx_word' id='word_1_685' title='bbox 750 5225 916 5280; x_wconf 88' lang='lat' dir='ltr'>posse</span> <span class='ocrx_word' id='word_1_686' title='bbox 964 5210 1196 5280; x_wconf 85' lang='lat' dir='ltr'>fulgere.</span> <span class='ocrx_word' id='word_1_687' title='bbox 1256 5213 1430 5282; x_wconf 87' lang='lat' dir='ltr'>Cujus</span> <span class='ocrx_word' id='word_1_688' title='bbox 1492 5211 1707 5266; x_wconf 89' lang='lat' dir='ltr'>nomini</span> <span class='ocrx_word' id='word_1_689' title='bbox 1775 5212 1964 5283; x_wconf 84' lang='lat' dir='ltr'>aliqua</span> 
     </span>
    </p>
   </div>
   <div class='ocr_carea' id='block_1_99' title="bbox 365 5296 1962 5370">
    <p class='ocr_par' dir='ltr' id='par_1_99' title="bbox 365 5296 1962 5370">
     <span class='ocr_line' id='line_1_99' title="bbox 365 5296 1962 5370; baseline 0.004 -21"><span class='ocrx_word' id='word_1_690' title='bbox 365 5296 521 5366; x_wconf 86' lang='lat' dir='ltr'>pravi</span> <span class='ocrx_word' id='word_1_691' title='bbox 552 5297 809 5351; x_wconf 90' lang='lat' dir='ltr'>homines</span> <span class='ocrx_word' id='word_1_692' title='bbox 843 5299 1187 5353; x_wconf 89' lang='lat' dir='ltr'>calumniose</span> <span class='ocrx_word' id='word_1_693' title='bbox 1215 5300 1476 5354; x_wconf 88' lang='lat' dir='ltr'>nituntur</span> <span class='ocrx_word' id='word_1_694' title='bbox 1503 5299 1780 5370; x_wconf 88' lang='lat' dir='ltr'>ingerere,</span> <span class='ocrx_word' id='word_1_695' title='bbox 1812 5300 1962 5355; x_wconf 91' lang='lat' dir='ltr'>unde</span> 
     </span>
    </p>
   </div>
   <div class='ocr_carea' id='block_1_100' title="bbox 365 5385 1960 5458">
    <p class='ocr_par' dir='ltr' id='par_1_100' title="bbox 365 5385 1960 5458">
     <span class='ocr_line' id='line_1_100' title="bbox 365 5385 1960 5458; baseline 0.003 -20"><span class='ocrx_word' id='word_1_696' title='bbox 365 5401 471 5439; x_wconf 90' lang='lat' dir='ltr'>sua</span> <span class='ocrx_word' id='word_1_697' title='bbox 494 5385 788 5440; x_wconf 88' lang='lat' dir='ltr'>videantur</span> <span class='ocrx_word' id='word_1_698' title='bbox 814 5393 1003 5441; x_wconf 89' lang='lat' dir='ltr'>errata</span> <span class='ocrx_word' id='word_1_699' title='bbox 1031 5388 1387 5458; x_wconf 88' lang='lat' dir='ltr'>aliquatenus</span> <span class='ocrx_word' id='word_1_700' title='bbox 1415 5405 1698 5443; x_wconf 81' lang='lat' dir='ltr'>excusare.</span> <span class='ocrx_word' id='word_1_701' title='bbox 1728 5390 1837 5444; x_wconf 93' lang='lat' dir='ltr'>Sed</span> <span class='ocrx_word' id='word_1_702' title='bbox 1867 5389 1960 5443; x_wconf 91' lang='lat' dir='ltr'>ille</span> 
     </span>
    </p>
   </div>
   <div class='ocr_carea' id='block_1_101' title="bbox 360 5474 1958 5548">
    <p class='ocr_par' dir='ltr' id='par_1_101' title="bbox 360 5474 1958 5548">
     <span class='ocr_line' id='line_1_101' title="bbox 360 5474 1958 5548; baseline 0.004 -22"><span class='ocrx_word' id='word_1_703' title='bbox 360 5474 478 5544; x_wconf 90' lang='lat' dir='ltr'>jam</span> <span class='ocrx_word' id='word_1_704' title='bbox 503 5474 688 5528; x_wconf 82' lang='lat' dir='ltr'>saeculi</span> <span class='ocrx_word' id='word_1_705' title='bbox 704 5475 1358 5546; x_wconf 84' lang='lat' dir='ltr'>perversitatederelicta,</span> <span class='ocrx_word' id='word_1_706' title='bbox 1376 5481 1677 5548; x_wconf 67' lang='lat' dir='ltr'>praestante</span> <span class='ocrx_word' id='word_1_707' title='bbox 1700 5479 1958 5543; x_wconf 87' lang='lat' dir='ltr'>Domino,</span> 
     </span>
    </p>
   </div>
   <div class='ocr_carea' id='block_1_102' title="bbox 367 5562 1960 5635">
    <p class='ocr_par' dir='ltr' id='par_1_102' title="bbox 367 5562 1960 5635">
     <span class='ocr_line' id='line_1_102' title="bbox 367 5562 1960 5635; baseline 0.003 -19"><span class='ocrx_word' id='word_1_708' title='bbox 367 5562 428 5616; x_wconf 90' lang='lat' dir='ltr'>in</span> <span class='ocrx_word' id='word_1_709' title='bbox 473 5562 728 5618; x_wconf 74' lang='lat' dir='ltr'>Ecclesiae</span> <span class='ocrx_word' id='word_1_710' title='bbox 756 5580 892 5634; x_wconf 86' lang='lat' dir='ltr'>pace</span> <span class='ocrx_word' id='word_1_711' title='bbox 931 5565 1201 5635; x_wconf 89' lang='lat' dir='ltr'>sepultus,</span> <span class='ocrx_word' id='word_1_712' title='bbox 1245 5566 1394 5620; x_wconf 87' lang='lat' dir='ltr'>inter</span> <span class='ocrx_word' id='word_1_713' title='bbox 1420 5566 1521 5620; x_wconf 91' lang='lat' dir='ltr'>Dei</span> <span class='ocrx_word' id='word_1_714' title='bbox 1570 5566 1809 5622; x_wconf 87' lang='lat' dir='ltr'>famulos</span> <span class='ocrx_word' id='word_1_715' title='bbox 1837 5583 1960 5621; x_wconf 90' lang='lat' dir='ltr'>cre-</span> 
     </span>
    </p>
   </div>
   <div class='ocr_carea' id='block_1_103' title="bbox 369 5652 1315 5708">
    <p class='ocr_par' dir='ltr' id='par_1_103' title="bbox 369 5652 1315 5708">
     <span class='ocr_line' id='line_1_103' title="bbox 369 5652 1315 5708; baseline 0.003 -3"><span class='ocrx_word' id='word_1_716' title='bbox 369 5652 585 5708; x_wconf 88' lang='lat' dir='ltr'>dendus</span> <span class='ocrx_word' id='word_1_717' title='bbox 604 5658 693 5706; x_wconf 88' lang='lat' dir='ltr'>est</span> <span class='ocrx_word' id='word_1_718' title='bbox 717 5652 925 5707; x_wconf 85' lang='lat' dir='ltr'>habere</span> <span class='ocrx_word' id='word_1_719' title='bbox 952 5655 1315 5708; x_wconf 90' lang='lat' dir='ltr'>consortium.</span> 
     </span>
    </p>
   </div>
   <div class='ocr_carea' id='block_1_104' title="bbox 2038 4499 2420 4557">
    <p class='ocr_par' dir='ltr' id='par_1_104' title="bbox 2038 4499 2420 4557">
     <span class='ocr_line' id='line_1_104' title="bbox 2038 4499 2420 4557; baseline -0.008 -1"><span class='ocrx_word' id='word_1_720' title='bbox 2038 4502 2264 4556; x_wconf 92' lang='lat' dir='ltr'>Domini</span> <span class='ocrx_word' id='word_1_721' title='bbox 2298 4499 2420 4557; x_wconf 87' lang='grc'>540.</span> 
     </span>
    </p>
   </div>
   <div class='ocr_carea' id='block_1_105' title="bbox 2040 4585 3630 4655">
    <p class='ocr_par' dir='ltr' id='par_1_105' title="bbox 2040 4585 3630 4655">
     <span class='ocr_line' id='line_1_105' title="bbox 2040 4585 3630 4655; baseline -0.005 -9"><span class='ocrx_word' id='word_1_722' title='bbox 2040 4593 2263 4646; x_wconf 68' lang='lat' dir='ltr'>[deinde</span> <span class='ocrx_word' id='word_1_723' title='bbox 2290 4593 2431 4644; x_wconf 82' lang='lat' dir='ltr'>Viris</span> <span class='ocrx_word' id='word_1_724' title='bbox 2445 4590 2746 4644; x_wconf 82' lang='lat' dir='ltr'>illust.ord.</span> <span class='ocrx_word' id='word_1_725' title='bbox 2769 4591 2950 4642; x_wconf 86' lang='lat' dir='ltr'>sancti</span> <span class='ocrx_word' id='word_1_726' title='bbox 2967 4589 3256 4653; x_wconf 75' lang='lat' dir='ltr'>Benedicti,</span> <span class='ocrx_word' id='word_1_727' title='bbox 3273 4588 3366 4640; x_wconf 85' lang='lat' dir='ltr'>lib.</span> <span class='ocrx_word' id='word_1_728' title='bbox 3385 4585 3630 4655; x_wconf 67' lang='lat' dir='ltr'>n,cap.li.</span> 
     </span>
    </p>
   </div>
   <div class='ocr_carea' id='block_1_106' title="bbox 2113 4675 3631 4752">
    <p class='ocr_par' dir='ltr' id='par_1_106' title="bbox 2113 4675 3631 4752">
     <span class='ocr_line' id='line_1_106' title="bbox 2113 4675 3631 4752; baseline -0.005 -18"><span class='ocrx_word' id='word_1_729' title='bbox 2113 4679 2428 4752; x_wconf 88' lang='lat' dir='ltr'>Dionysius,</span> <span class='ocrx_word' id='word_1_730' title='bbox 2461 4677 2631 4732; x_wconf 90' lang='lat' dir='ltr'>abbas</span> <span class='ocrx_word' id='word_1_731' title='bbox 2659 4679 2960 4742; x_wconf 87' lang='lat' dir='ltr'>Romanus,</span> <span class='ocrx_word' id='word_1_732' title='bbox 3003 4680 3372 4746; x_wconf 88' lang='lat' dir='ltr'>cognomento</span> <span class='ocrx_word' id='word_1_733' title='bbox 3411 4675 3631 4745; x_wconf 80' lang='lat' dir='ltr'>Exigui,</span> 
     </span>
    </p>
   </div>
   <div class='ocr_carea' id='block_1_107' title="bbox 2041 4764 3634 4838">
    <p class='ocr_par' dir='ltr' id='par_1_107' title="bbox 2041 4764 3634 4838">
     <span class='ocr_line' id='line_1_107' title="bbox 2041 4764 3634 4838; baseline -0.004 -16"><span class='ocrx_word' id='word_1_734' title='bbox 2041 4769 2126 4823; x_wconf 88' lang='lat' dir='ltr'>vir</span> <span class='ocrx_word' id='word_1_735' title='bbox 2150 4769 2208 4823; x_wconf 91' lang='lat' dir='ltr'>in</span> <span class='ocrx_word' id='word_1_736' title='bbox 2222 4768 2421 4822; x_wconf 86' lang='lat' dir='ltr'>divinis</span> <span class='ocrx_word' id='word_1_737' title='bbox 2440 4767 2744 4838; x_wconf 90' lang='lat' dir='ltr'>Scripturis</span> <span class='ocrx_word' id='word_1_738' title='bbox 2759 4765 2921 4819; x_wconf 86' lang='lat' dir='ltr'>valde</span> <span class='ocrx_word' id='word_1_739' title='bbox 2952 4765 3224 4830; x_wconf 87' lang='lat' dir='ltr'>eruditus,</span> <span class='ocrx_word' id='word_1_740' title='bbox 3256 4770 3313 4818; x_wconf 92' lang='lat' dir='ltr'>et</span> <span class='ocrx_word' id='word_1_741' title='bbox 3329 4764 3386 4818; x_wconf 92' lang='lat' dir='ltr'>in</span> <span class='ocrx_word' id='word_1_742' title='bbox 3403 4765 3634 4817; x_wconf 67' lang='lat' dir='ltr'>saecula-</span> 
     </span>
    </p>
   </div>
   <div class='ocr_carea' id='block_1_108' title="bbox 2043 4854 3640 4926">
    <p class='ocr_par' dir='ltr' id='par_1_108' title="bbox 2043 4854 3640 4926">
     <span class='ocr_line' id='line_1_108' title="bbox 2043 4854 3640 4926; baseline -0.005 -14"><span class='ocrx_word' id='word_1_743' title='bbox 2043 4857 2198 4912; x_wconf 87' lang='lat' dir='ltr'>ribus</span> <span class='ocrx_word' id='word_1_744' title='bbox 2242 4857 2446 4910; x_wconf 89' lang='lat' dir='ltr'>litteris</span> <span class='ocrx_word' id='word_1_745' title='bbox 2486 4855 2878 4926; x_wconf 89' lang='lat' dir='ltr'>peritissimus,</span> <span class='ocrx_word' id='word_1_746' title='bbox 2907 4854 3208 4908; x_wconf 87' lang='lat' dir='ltr'>calculator</span> <span class='ocrx_word' id='word_1_747' title='bbox 3249 4858 3305 4906; x_wconf 90' lang='lat' dir='ltr'>et</span> <span class='ocrx_word' id='word_1_748' title='bbox 3348 4857 3640 4921; x_wconf 89' lang='lat' dir='ltr'>geometer</span> 
     </span>
    </p>
   </div>
   <div class='ocr_carea' id='block_1_109' title="bbox 2042 4940 3638 5016">
    <p class='ocr_par' dir='ltr' id='par_1_109' title="bbox 2042 4940 3638 5016">
     <span class='ocr_line' id='line_1_109' title="bbox 2042 4940 3638 5016; baseline -0.004 -16"><span class='ocrx_word' id='word_1_749' title='bbox 2042 4946 2297 5016; x_wconf 87' lang='lat' dir='ltr'>insignis,</span> <span class='ocrx_word' id='word_1_750' title='bbox 2333 4945 2525 4998; x_wconf 65' lang='lat' dir='ltr'>Graeco</span> <span class='ocrx_word' id='word_1_751' title='bbox 2566 4949 2624 4997; x_wconf 93' lang='lat' dir='ltr'>et</span> <span class='ocrx_word' id='word_1_752' title='bbox 2659 4943 2859 4996; x_wconf 89' lang='lat' dir='ltr'>Latino</span> <span class='ocrx_word' id='word_1_753' title='bbox 2898 4942 3208 4995; x_wconf 92' lang='lat' dir='ltr'>instructus</span> <span class='ocrx_word' id='word_1_754' title='bbox 3236 4940 3456 5011; x_wconf 90' lang='lat' dir='ltr'>eloquio</span> <span class='ocrx_word' id='word_1_755' title='bbox 3493 4958 3504 4991; x_wconf 89' lang='lat'><strong>:</strong></span> <span class='ocrx_word' id='word_1_756' title='bbox 3537 4940 3638 5010; x_wconf 88' lang='lat' dir='ltr'>qui</span> 
     </span>
    </p>
   </div>
   <div class='ocr_carea' id='block_1_110' title="bbox 2044 5029 3638 5102">
    <p class='ocr_par' dir='ltr' id='par_1_110' title="bbox 2044 5029 3638 5102">
     <span class='ocr_line' id='line_1_110' title="bbox 2044 5029 3638 5102; baseline -0.006 -12"><span class='ocrx_word' id='word_1_757' title='bbox 2044 5035 2310 5090; x_wconf 81' lang='lat' dir='ltr'>doctrinae</span> <span class='ocrx_word' id='word_1_758' title='bbox 2339 5050 2456 5088; x_wconf 67' lang='lat' dir='ltr'>suae</span> <span class='ocrx_word' id='word_1_759' title='bbox 2490 5048 2752 5102; x_wconf 88' lang='lat' dir='ltr'>magnam</span> <span class='ocrx_word' id='word_1_760' title='bbox 2792 5031 2941 5102; x_wconf 88' lang='lat' dir='ltr'>apud</span> <span class='ocrx_word' id='word_1_761' title='bbox 2987 5035 3202 5084; x_wconf 90' lang='lat' dir='ltr'>veteres</span> <span class='ocrx_word' id='word_1_762' title='bbox 3243 5029 3638 5084; x_wconf 84' lang='lat' dir='ltr'>auctoritatem</span> 
     </span>
    </p>
   </div>
   <div class='ocr_carea' id='block_1_111' title="bbox 2044 5117 3642 5191">
    <p class='ocr_par' dir='ltr' id='par_1_111' title="bbox 2044 5117 3642 5191">
     <span class='ocr_line' id='line_1_111' title="bbox 2044 5117 3642 5191; baseline -0.006 -12"><span class='ocrx_word' id='word_1_763' title='bbox 2044 5128 2394 5187; x_wconf 88' lang='lat' dir='ltr'>consecutus,</span> <span class='ocrx_word' id='word_1_764' title='bbox 2424 5121 2600 5175; x_wconf 90' lang='lat' dir='ltr'>edidit</span> <span class='ocrx_word' id='word_1_765' title='bbox 2616 5136 2729 5174; x_wconf 88' lang='lat' dir='ltr'>non</span> <span class='ocrx_word' id='word_1_766' title='bbox 2757 5119 3074 5191; x_wconf 82' lang='lat' dir='ltr'>spernenda</span> <span class='ocrx_word' id='word_1_767' title='bbox 3100 5118 3386 5190; x_wconf 85' lang='lat' dir='ltr'>Opuscula,</span> <span class='ocrx_word' id='word_1_768' title='bbox 3418 5117 3488 5171; x_wconf 91' lang='lat' dir='ltr'>de</span> <span class='ocrx_word' id='word_1_769' title='bbox 3517 5117 3642 5187; x_wconf 91' lang='lat' dir='ltr'>qui-</span> 
     </span>
    </p>
   </div>
   <div class='ocr_carea' id='block_1_112' title="bbox 2046 5208 3420 5284">
    <p class='ocr_par' dir='ltr' id='par_1_112' title="bbox 2046 5208 3420 5284">
     <span class='ocr_line' id='line_1_112' title="bbox 2046 5208 3420 5284; baseline -0.004 -16"><span class='ocrx_word' id='word_1_770' title='bbox 2046 5213 2147 5268; x_wconf 88' lang='lat' dir='ltr'>bus</span> <span class='ocrx_word' id='word_1_771' title='bbox 2174 5227 2353 5284; x_wconf 88' lang='lat' dir='ltr'>pauca</span> <span class='ocrx_word' id='word_1_772' title='bbox 2379 5210 2451 5264; x_wconf 90' lang='lat' dir='ltr'>ad</span> <span class='ocrx_word' id='word_1_773' title='bbox 2483 5226 2667 5263; x_wconf 89' lang='lat' dir='ltr'>meam</span> <span class='ocrx_word' id='word_1_774' title='bbox 2700 5208 2962 5262; x_wconf 91' lang='lat' dir='ltr'>notitiam</span> <span class='ocrx_word' id='word_1_775' title='bbox 2993 5212 3374 5278; x_wconf 83' lang='lat' dir='ltr'>pervenerunt</span> <span class='ocrx_word' id='word_1_776' title='bbox 3405 5223 3420 5262; x_wconf 89' lang='lat'><strong>:</strong></span> 
     </span>
    </p>
   </div>
   <div class='ocr_carea' id='block_1_113' title="bbox 2112 5297 3639 5364">
    <p class='ocr_par' dir='ltr' id='par_1_113' title="bbox 2112 5297 3639 5364">
     <span class='ocr_line' id='line_1_113' title="bbox 2112 5297 3639 5364; baseline -0.005 -9"><span class='ocrx_word' id='word_1_777' title='bbox 2112 5303 2185 5355; x_wconf 82' lang='lat' dir='ltr'>De</span> <span class='ocrx_word' id='word_1_778' title='bbox 2206 5303 2421 5354; x_wconf 86' lang='lat' dir='ltr'>ratione</span> <span class='ocrx_word' id='word_1_779' title='bbox 2447 5300 2662 5352; x_wconf 58' lang='lat' dir='ltr'>Pascha:</span> <span class='ocrx_word' id='word_1_780' title='bbox 2691 5299 2923 5351; x_wconf 81' lang='lat' dir='ltr'>librum.</span> <span class='ocrx_word' id='word_1_781' title='bbox 2952 5301 3136 5362; x_wconf 71' lang='grc' dir='ltr'>ιω</span> <span class='ocrx_word' id='word_1_782' title='bbox 3159 5297 3385 5362; x_wconf 79' lang='lat' dir='ltr'>Cyclum</span> <span class='ocrx_word' id='word_1_783' title='bbox 3425 5310 3639 5364; x_wconf 82' lang='lat' dir='ltr'>quoque</span> 
     </span>
    </p>
   </div>
   <div class='ocr_carea' id='block_1_114' title="bbox 2043 5387 3637 5458">
    <p class='ocr_par' dir='ltr' id='par_1_114' title="bbox 2043 5387 3637 5458">
     <span class='ocr_line' id='line_1_114' title="bbox 2043 5387 3637 5458; baseline -0.004 -16"><span class='ocrx_word' id='word_1_784' title='bbox 2043 5404 2312 5458; x_wconf 86' lang='lat' dir='ltr'>magnum</span> <span class='ocrx_word' id='word_1_785' title='bbox 2345 5389 2779 5456; x_wconf 82' lang='lat' dir='ltr'>quingentorum</span> <span class='ocrx_word' id='word_1_786' title='bbox 2808 5389 3046 5453; x_wconf 83' lang='lat' dir='ltr'>triginta</span> <span class='ocrx_word' id='word_1_787' title='bbox 3067 5387 3311 5438; x_wconf 84' lang='lat' dir='ltr'>duorum</span> <span class='ocrx_word' id='word_1_788' title='bbox 3329 5399 3637 5438; x_wconf 81' lang='lat' dir='ltr'>annorum.</span> 
     </span>
    </p>
   </div>
   <div class='ocr_carea' id='block_1_115' title="bbox 2042 5476 3182 5546">
    <p class='ocr_par' dir='ltr' id='par_1_115' title="bbox 2042 5476 3182 5546">
     <span class='ocr_line' id='line_1_115' title="bbox 2042 5476 3182 5546; baseline -0.005 -14"><span class='ocrx_word' id='word_1_789' title='bbox 2042 5479 2310 5546; x_wconf 80' lang='lat' dir='ltr'>Epistolas</span> <span class='ocrx_word' id='word_1_790' title='bbox 2334 5479 2502 5531; x_wconf 87' lang='lat' dir='ltr'>etiam</span> <span class='ocrx_word' id='word_1_791' title='bbox 2532 5477 2835 5529; x_wconf 82' lang='lat' dir='ltr'>nonnullas</span> <span class='ocrx_word' id='word_1_792' title='bbox 2865 5476 3182 5543; x_wconf 86' lang='lat' dir='ltr'>composuit.</span> 
     </span>
    </p>
   </div>
   <div class='ocr_carea' id='block_1_116' title="bbox 2111 5560 3646 5630">
    <p class='ocr_par' dir='ltr' id='par_1_116' title="bbox 2111 5560 3646 5630">
     <span class='ocr_line' id='line_1_116' title="bbox 2111 5560 3646 5630; baseline -0.005 -10"><span class='ocrx_word' id='word_1_793' title='bbox 2111 5567 2192 5620; x_wconf 88' lang='lat' dir='ltr'>De</span> <span class='ocrx_word' id='word_1_794' title='bbox 2222 5566 2412 5620; x_wconf 68' lang='lat' dir='ltr'>Graeco</span> <span class='ocrx_word' id='word_1_795' title='bbox 2436 5565 2494 5619; x_wconf 91' lang='lat' dir='ltr'>in</span> <span class='ocrx_word' id='word_1_796' title='bbox 2513 5564 2777 5619; x_wconf 76' lang='lat' dir='ltr'>Latinum</span> <span class='ocrx_word' id='word_1_797' title='bbox 2795 5563 3086 5617; x_wconf 87' lang='lat' dir='ltr'>transtulit</span> <span class='ocrx_word' id='word_1_798' title='bbox 3115 5580 3126 5614; x_wconf 89' lang='lat'>:</span> <span class='ocrx_word' id='word_1_799' title='bbox 3154 5560 3372 5630; x_wconf 87' lang='lat' dir='ltr'>Scripta</span> <span class='ocrx_word' id='word_1_800' title='bbox 3401 5562 3646 5614; x_wconf 80' lang='lat' dir='ltr'>Protcrii</span> 
     </span>
    </p>
   </div>
   <div class='ocr_carea' id='block_1_117' title="bbox 2040 5649 3636 5721">
    <p class='ocr_par' dir='ltr' id='par_1_117' title="bbox 2040 5649 3636 5721">
     <span class='ocr_line' id='line_1_117' title="bbox 2040 5649 3636 5721; baseline -0.005 -11"><span class='ocrx_word' id='word_1_801' title='bbox 2040 5657 2413 5710; x_wconf 70' lang='lat' dir='ltr'>Alexandrini</span> <span class='ocrx_word' id='word_1_802' title='bbox 2429 5656 2504 5708; x_wconf 88' lang='lat' dir='ltr'>ad</span> <span class='ocrx_word' id='word_1_803' title='bbox 2525 5655 2746 5707; x_wconf 83' lang='lat' dir='ltr'>Leonem</span> <span class='ocrx_word' id='word_1_804' title='bbox 2759 5668 2965 5721; x_wconf 88' lang='lat' dir='ltr'>papam</span> <span class='ocrx_word' id='word_1_805' title='bbox 2978 5654 3042 5706; x_wconf 85' lang='lat' dir='ltr'>de</span> <span class='ocrx_word' id='word_1_806' title='bbox 3061 5652 3265 5706; x_wconf 86' lang='lat' dir='ltr'>Pascha</span> <span class='ocrx_word' id='word_1_807' title='bbox 3285 5649 3636 5714; x_wconf 76' lang='lat' dir='ltr'>celebrando;</span> 
     </span>
    </p>
   </div>
  </div>
