3946 6192
359 288 433 346 29
1084 286 1255 340 VITA
1296 288 1435 343 SAN
1440 289 1555 344 ΟΤΙ
1594 291 1948 346 PACHOMII
1986 292 2291 350 ABBATIS
2328 296 2858 355 TABENNENSIS.
3507 315 3614 374 230

320 417 550 481 cietate,
584 432 697 469 non
729 418 847 467 tam
868 414 1121 467 locorum
1153 430 1321 483 quam
1353 432 1576 469 morum
1591 416 2049 471 dissimilitudine
2070 418 2401 474 dividemur.
2426 422 2541 476 Nec
2562 423 2818 479 videatur
2833 428 3077 498 cuipiam
3096 433 3323 501 mirum,
3348 441 3496 508 quod
3510 444 3611 498 hu-

313 506 572 576 jusmodi
609 510 795 576 pestes
826 503 898 572 (‘2)
926 502 1096 572 justis
1120 503 1443 557 hominibus
1473 506 1857 571 adversentur,
1894 508 2116 589 quando
2137 508 2285 578 pleni
2307 509 2467 571 dolis,
2496 511 2647 580 pleni
2673 514 2905 569 fallaciis
2934 517 3038 571 sibi
3074 537 3295 593 quoque
3328 502 3438 582 non
3477 549 3609 602 par-

316 602 471 665 cant,
505 602 559 649 et
588 611 777 648 secum
807 592 913 663 ipsi
941 592 1271 662 plerumque
1302 593 1653 648 dissentiant.
1688 597 1848 651 Tales
1873 603 2136 667 expertus
2155 598 2238 649 vir
2264 597 2459 651 beatus
2481 606 2649 670 atque
2675 603 2951 671 gloriosus
2970 610 3192 676 genitor
3204 592 3390 669 vester
3413 592 3611 683 (3).Βο-

315 686 512 738 minus
541 700 719 741 meus.
756 699 869 736 non
894 681 1074 735 solum
1102 681 1383 751 patienter
1412 700 1475 734 ac
1505 684 1724 737 fortiter
1751 684 2145 738 insectationes
2172 702 2366 739 eorum
2397 704 2621 757 semper
2646 707 2746 758 pro
2766 693 2989 760 justitia
3016 702 3265 767 pertulit,
3304 706 3400 758 sed
3421 681 3610 766 etiam

252 764 273 777 °
309 775 478 839 felice
512 775 621 831 ﬁne
650 789 750 843 Pro
776 771 1010 839 νειαίμιεε
1042 771 1193 852 (quae~
1210 771 1466 837 Christus
1495 776 1598 839 est)
1629 780 1953 835 constanter
1975 781 2143 844 atque
2171 774 2485 830 sublimiter
2508 777 2679 831 totius
2703 782 2899 835 mundi
2928 764 3161 841 adversa
3180 764 3602 861 superavit.

435 863 742 935 perfectam
772 862 896 919 vita:
936 861 1189 929 regulam
1223 866 1546 917 sanctorum
1577 863 1793 926 meritis
1818 864 2226 933 propemodum
2255 871 2656 920 consonantem
2669 868 2836 925 nimis
2856 879 3055 943 empto
3073 879 3443 946 perfectorum
3460 886 3606 941 vim-

308 972 441 1021 rum
470 953 640 1013 docta
660 958 829 1021 atque
857 950 1097 1046 facunda
1122 950 1696 1046 ortu-ioueperscribi,
1720 958 1971 1046 ut-tanta
2001 953 2275 1046 claritudo
2304 954 2474 1046 vestri
2503 956 2744 1046 generis,
2770 963 3103 1033 tantumque
3134 967 3302 1023 decus
3327 990 3391 1025 ex
3417 976 3607 1046 aliqua

290 1049 583 1111 139qu
613 1044 792 1112 Ραΐῗεν
823 1045 880 1135 εξ
908 1040 1084 1135 Yil:
1103 1038 1441 1135 θάωίΐῖιῐξάεξ
1456 1039 1559 1093 "iri
1576 1041 1662 1094 Vix
1688 1040 1933 1110 antiquis
1960 1040 2216 1103 Baebius,
2247 1058 2368 1111 quae
2390 1042 2611 1099 favente
2637 1045 2856 1101 Christo
2880 1066 2915 1102 a
2933 1051 3086 1106 vobis
3108 1056 3462 1117 luereditario
3475 1038 3604 1135 jure

306 1132 623 1204 perﬁcitur,
654 1127 910 1193 lectionis
940 1126 1121 1181 ofﬁcio
1159 1127 1399 1197 posteris
1428 1127 1741 1191 intimetur.

314 1257 3589 1295 μὴ’-*ᾐκ-

1248 1352 1913 1541 ῇβιοσιαῳω
2031 1358 2639 1493 auctoris.

375 1591 655 1653 Dominus
668 1602 866 1651 noster
881 1599 908 1652 Ι
914 1614 1042 1653 esus
1057 1599 1333 1667 Christus,
1358 1600 1648 1672 sapientiae
1673 1601 1815 1667 fons,
1840 1607 1897 1657 et
1916 1592 2164 1661 scientiae
2191 1624 2386 1662 verum
2408 1609 2619 1669 lumen,
2652 1623 2959 1676 verumque
2987 1606 3087 1661 Dei
3117 1606 3295 1677 patris
3333 1603 3599 1674 Verbum,

300 1684 572 1751 perquod
588 1684 881 1741 factasunt
895 1688 1103 1751 omnia,
1122 1690 1301 1742 sciens
1322 1690 1713 1745 inﬁrmitatem
1736 1699 1986 1747 nostram
2008 1695 2075 1748 ad
2097 1703 2325 1766 peccata
2345 1715 2579 1768 pronam
2598 1704 2766 1773 atque
2787 1696 3148 1766 praecipitem,
3163 1696 3323 1764 plura
3340 1696 3485 1749 circa
3501 1713 3601 1749 nos

298 1771 557 1825 remedia
584 1790 701 1828 suae
731 1776 955 1845 pietatis
980 1778 1244 1831 ostendit.
1269 1778 1553 1833 Abraham
1571 1797 1814 1851 namque
1840 1788 2002 1852 pater
2018 1789 2224 1849 noster,
2251 1801 2379 1837 cum
2400 1785 2599 1838 divinis
2624 1771 2795 1854 jussis
2811 1784 3221 1854 obtemperans,
3239 1785 3415 1837 ﬁlium
3437 1801 3601 1837 suum

296 1859 534 1915 oﬂ‘erret
560 1864 619 1915 in
647 1865 937 1931 sacriﬁcio,
966 1868 1178 1936 placuit
1196 1869 1331 1933 Deo,
1352 1874 1411 1921 et
1430 1869 1631 1922 merito
1654 1871 1783 1924 ﬁdei
1801 1888 1927 1925 mox
1942 1876 1999 1924 et
2027 1872 2305 1926 haeredem
2328 1874 2539 1943 recepit
2558 1880 2615 1927 et
2635 1873 2927 1943 praemium
2951 1873 3099 1940 (Geni.
3124 1880 3278 1931 xxu).
3305 1872 3407 1925 Cui
3428 1873 3599 1927 etiam

296 1964 403 2017 per
428 1954 801 2022 semetipsum
823 1954 973 2008 Deus
986 1955 1217 2024 juravit,
1248 1957 1439 2010 dicens
1464 1975 1473 2009 :
1499 1958 1619 2011 Nisi
1639 1958 1974 2013 benedicens
2008 1960 2342 2015 benedixero
2372 1968 2447 2025 te,
2482 1968 2537 2015 et
2568 1962 2947 2032 multiplicans
2967 1960 3350 2031 multiplicabo
3380 1967 3436 2015 te
3456 1962 3601 2017 sicut
3700 1950 3703 1951 ν

293 2037 491 2091 stellas
521 2040 647 2094 celi
669 2042 731 2095 in
759 2043 1201 2110 multitudinem,
1232 2051 1288 2098 et
1310 2046 1453 2099 sicut
1481 2063 1712 2101 arenam
1743 2064 1865 2118 quae
1894 2055 1978 2102 est
2006 2049 2073 2103 ad
2098 2067 2254 2103 oram
2284 2050 2455 2103 maris
2474 2050 2921 2104 innumerabilis.
2942 2051 3011 2103 Et
3034 2050 3271 2103 iterum:
3305 2052 3368 2104 In
3387 2052 3600 2104 semine

287 2134 394 2180 tuo
424 2126 830 2185 benedicentur
858 2149 1050 2187 omnes
1062 2139 1259 2204 gentes
1274 2140 1437 2188 terra:
1463 2137 1669 2203 (Ibid).
1701 2137 1782 2189 De
1813 2155 1923 2207 quo
1943 2138 2158 2192 semine
2180 2138 2474 2193 manifeste
2515 2156 2617 2193 nos
2647 2140 2841 2193 edocet
2866 2140 3185 2209 Apostolus,
3212 2139 3399 2193 dicens
3423 2159 3433 2193 :
3473 2141 3599 2194 Non

288 2215 432 2269 dicit
456 2223 517 2270 et
536 2219 864 2286 seminibus,
896 2223 1057 2291 quasi
1084 2222 1142 2275 in
1172 2224 1384 2288 multis,
1419 2225 1517 2277 sed
1548 2225 1707 2295 quasi
1727 2226 1787 2279 in
1806 2242 1938 2289 uno,
1976 2232 2033 2280 et
2055 2227 2255 2281 semini
2286 2234 2403 2294 tuo,
2436 2228 2583 2298 quod
2624 2233 2709 2280 est
2738 2227 2994 2281 Christus
3035 2226 3176 2297 (Gal.
3230 2232 3336 2295 III).
3388 2229 3596 2284 Omnes

287 2305 674 2365 ethnisancti
713 2310 1016 2380 prophetae,
1058 2317 1229 2366 tantae
1254 2313 1453 2366 salutis
1481 2328 1748 2367 arcanum
1779 2315 2060 2369 revelante
2106 2316 2317 2387 Spiritu
2350 2322 2559 2381 sancto,
2594 2316 2978 2387 prazvidentes,
3019 2317 3370 2387 scientesque
3415 2317 3595 2372 Deum

288 2394 449 2448 nullo
478 2397 651 2450 modo
674 2415 835 2468 posse
861 2401 1193 2465 mentiri,ad
1223 2403 1502 2456 sanandos
1532 2403 1829 2473 languores
1859 2409 2080 2479 nostros
2109 2405 2394 2458 caelestem
2424 2404 2701 2458 mediCum
2741 2403 3081 2458 nuntiabant
3109 2421 3229 2458 esse
3274 2411 3591 2473 venturum,

287 2486 464 2552 atque
493 2490 562 2537 ut
588 2486 756 2540 celeri
785 2489 1086 2558 praesentia
1106 2506 1211 2543 sua
1229 2492 1575 2561 prospiceret
1588 2493 1836 2546 humano
1860 2493 2075 2561 generi,
2099 2493 2366 2547 continua
2392 2494 2796 2564 supplicatione
2821 2493 3141 2563 poscebant.
3176 2495 3249 2548 At
3276 2495 3593 2551 misericors

288 2570 464 2635 Deus,
480 2574 579 2643 qui
607 2575 700 2644 pia
730 2582 857 2629 vota
877 2594 1100 2649 semper
1118 2579 1530 2645 antevenit,nec
1544 2597 1792 2651 unquam
1823 2582 2032 2634 deserit
2047 2599 2141 2635 eos
2167 2583 2262 2652 qui
2277 2600 2336 2636 se
2352 2588 2470 2636 toto
2498 2583 2662 2636 corde
2684 2582 3023 2657 quaesierint,
3048 2583 3444 2653 promissiones
3463 2602 3594 2640 suas

287 2661 616 2716 nommis'
486 2661 497 2671 ’
568 2662 580 2672 ’
643 2663 839 2718 diebus
869 2666 1139 2736 implevit,
1174 2668 1403 2721 mittens
1434 2669 1638 2723 Filium
1668 2686 1834 2723 suum
1856 2675 2048 2724 natum
2072 2688 2138 2724 ex
2161 2672 2412 2739 muliere,
2434 2672 2640 2726 factum
2662 2672 2764 2725 sub
2779 2672 2917 2741 lege,
2955 2678 2993 2749 ι
3019 2672 3245 2751 laqui
3264 2690 3365 2743 pro
3386 2673 3594 2728 simili—

286 2749 490 2805 tudine
521 2753 882 2828 mortalitatis
912 2760 1114 2810 nostrae
1143 2773 1315 2810 carne
1342 2763 1648 2828 pateretur,
1684 2775 1924 2829 eumque
1957 2760 2053 2828 qui
2102 2759 2346 2814 habebat
2374 2762 2572 2814 mortis
2602 2761 2902 2831 imperium
2935 2777 3039 2814 sua
3069 2767 3249 2815 morte
3280 2762 3595 2817 destrueret

286 2838 473 2905 (Hebr.
502 2844 591 2909 Ιι).
617 2842 868 2913 Denique
890 2844 1182 2898 divinitate
1214 2862 1316 2900 sua
1330 2862 1563 2902 manens
1586 2847 1962 2917 impassibilis,
1994 2865 2029 2901 a
2046 2850 2402 2920 corruptione
2423 2855 2591 2920 atque
2613 2851 2843 2903 interitu
2863 2866 2965 2903 nos
2986 2851 3243 2916 redemit,
3268 2857 3325 2905 et
3344 2869 3378 2905 a
3395 2853 3594 2907 vincu-

283 2927 355 2981 lis
378 2928 624 2989 absolvit
645 2931 1037 2987 insolubilibus
1054 2934 1362 2989 inferorum
1389 2954 1401 3001 ;
1431 2937 1786 3006 perfectaque
1815 2937 2233 3008 dispensatione
2256 2945 2463 2992 nostrae
2482 2939 2902 3009 redemptionis,
2930 2939 3188 2993 omnibus
3215 2941 3478 3011 gentibus
3494 2959 3594 3013 per

282 3016 575 3075 lavacrum
610 3022 1054 3089 regenerationis
1084 3029 1437 3093 peccatorum
1460 3024 1865 3094 indulgentiam
1882 3027 2136 3089 contulit,
2163 3034 2502 3098 cunctosque
2525 3028 2594 3081 ad
2617 3044 2807 3081 veram
2824 3029 2994 3082 ﬁdem
3007 3046 3110 3105 per
3129 3030 3441 3084 doctrinam
3464 3048 3593 3102 apo~

282 3107 544 3163 stodicam
579 3111 944 3176 conﬂuentes,
972 3113 1134 3181 juxta
1159 3112 1299 3166 illud
1331 3113 1479 3183 quod
1502 3114 1559 3167 in
1588 3114 1889 3183 Evangelio
1914 3115 2011 3177 ait,
2039 3116 2246 3169 Euntes
2273 3117 2465 3169 docete
2484 3133 2677 3169 omnes
2704 3123 2921 3185 gentes,
2942 3116 3291 3187 baptizantes
3311 3120 3475 3173 eosin
3496 3137 3593 3174 no-
3647 3190 3653 3197 ‘

283 3196 441 3251 mine
468 3196 679 3264 Patris,
706 3205 761 3252 et
778 3199 927 3266 Filii,
949 3206 1005 3254 et
1026 3201 1270 3272 Spiritus
1290 3202 1468 3256 sancti
1491 3204 1704 3270 (Matth.
1737 3210 1952 3272 xxvm),
1975 3203 2204 3272 gremiis
2232 3204 2465 3258 inﬁnitae
2499 3205 2722 3275 pietatis
2745 3222 2857 3260 suae
2883 3205 3171 3276 amplexus
3201 3211 3303 3260 est.

356 3287 547 3356 Igitur
580 3305 707 3343 cum
734 3306 838 3359 per
865 3290 1183 3345 universam
1209 3297 1426 3346 terram
1457 3292 1743 3362 Evangelii
1776 3291 2056 3363 prmconia
2083 3298 2462 3359 coruscarent,
2510 3298 2567 3347 et
2594 3295 2784 3364 plures
2835 3294 2893 3348 in
2938 3295 3298 3365 adOptionem
3345 3298 3591 3352 ﬁliorum

286 3391 397 3444 per
420 3378 665 3446 gratiam
696 3378 909 3433 Christi
940 3387 1354 3446 concurrerent,
1390 3381 1651 3435 inimicus
1680 3381 1911 3435 humani
1942 3382 2165 3451 generis
2198 3382 2556 3435 vehementer
2594 3382 2830 3445 exarsit;
2854 3384 3142 3454 multoque
3172 3384 3451 3439 severiora
3473 3392 3593 3440 ten-

285 3464 579 3521 tationum
611 3467 825 3537 praelia,
853 3484 1020 3538 quam
1045 3469 1200 3539 prius
1229 3469 1405 3523 servis
1432 3470 1534 3524 Dei
1561 3469 1915 3537 excitaverat,
1946 3469 2102 3523 nisus
2132 3475 2217 3523 est
2248 3487 2627 3537 commovere;
2662 3471 2977 3541 suspicatus
3009 3471 3197 3525 infelix
3228 3473 3375 3543 quod
3404 3481 3593 3543 posset

283 3554 457 3610 nobis
484 3555 596 3609 iter
624 3556 987 3626 indulgentiae
1015 3558 1257 3612 caelestis
1285 3557 1595 3612 obstruere.
1628 3559 1735 3615 Sed
1764 3559 1867 3612 hac
1896 3559 2019 3629 ipsa
2047 3559 2359 3613 intentione
2399 3576 2501 3613 sua
2532 3560 2796 3631 deceptus
2825 3566 2911 3614 est
2957 3567 3014 3613 et
3060 3561 3246 3614 elisus.
3295 3561 3590 3632 Adjutorio

284 3659 546 3714 namque
572 3645 749 3699 divini
780 3646 1050 3709 muneris,
1087 3663 1119 3699 a
1148 3646 1407 3700 ﬁdelibus
1437 3653 1491 3701 et
1521 3647 1881 3717 vigilantibus
1904 3648 2109 3701 virium
2140 3635 2261 3718 ejus
2288 3653 2653 3719 proteruntur
2681 3650 2916 3715 insidiae,
2950 3654 3014 3703 ut
3056 3650 3161 3719 ipsi
3191 3649 3417 3720 quidem
3457 3668 3590 3705 con-

282 3732 458 3799 fusio,
490 3732 718 3787 famulis
745 3740 936 3789 autem
965 3733 1173 3789 Christi
1211 3736 1475 3805 perennis
1531 3736 1713 3806 gloria
1765 3743 2139 3806 comparetur.
2192 3738 2335 3791 Nam
2376 3739 2539 3809 juxta
2588 3738 2811 3792 Domini
2858 3738 3305 3809 permissionem,
3355 3756 3482 3793 cum
3519 3741 3590 3795 ad

284 3838 533 3876 examen
564 3824 848 3892 patientia
874 3840 941 3877 ac
967 3824 1096 3877 ﬁdei
1134 3841 1328 3877 eorum
1361 3825 1457 3894 qui
1486 3824 1802 3895 spiritualia
1842 3825 1986 3879 bella
2036 3826 2343 3895 prudenter
2387 3833 2662 3891 exercent,
2716 3828 2920 3898 pagani
2970 3827 3342 3901 imperatores
3388 3829 3591 3883 existe-

282 3916 442 3975 rent,
473 3917 534 3965 et
562 3911 769 3983 ubique
797 3917 993 3967 contra
1036 3912 1384 3967 Christianos
1432 3914 1838 3983 persecutionis
1897 3914 2141 3984 procella
2186 3915 2511 3981 desaeviret;
2563 3916 2727 3970 multi
2768 3917 2916 3986 apud
2961 3918 3261 3988 Egyptum
3314 3924 3592 3990 martyres

283 4000 476 4053 sancti
502 4016 605 4069 per
642 4001 795 4054 varia
831 4001 1105 4072 supplicia
1141 4017 1318 4071 usque
1338 4002 1411 4055 ad
1449 4007 1689 4056 mortem
1727 4003 1786 4057 in
1811 4002 2019 4055 Christi
2050 4003 2277 4057 nomine
2309 4005 2697 4075 perstiterunt,
2725 4011 2782 4059 et
2811 4006 2979 4059 simul
3010 4024 3136 4061 cum
3172 4007 3337 4062 Petro
3356 4009 3591 4062 Alexan-

284 4088 475 4145 drina
500 4088 740 4143 civitatis
761 4090 1038 4161 episcopo,
1064 4096 1364 4161 perpetuas
1390 4106 1626 4144 coronas
1647 4096 1705 4144 et
1732 4091 2074 4144 immortalia
2094 4092 2326 4162 praemia
2356 4098 2489 4146 sunt
2517 4093 2723 4164 adepti.

367 4178 672 4245 Crescebat
697 4185 887 4233 autem
918 4183 975 4232 in
1004 4180 1125 4234 dies
1154 4179 1404 4234 ﬁdelium
1431 4179 1753 4244 multitudo,
1777 4185 1836 4233 et
1871 4197 1973 4251 per
2001 4182 2189 4234 omnia
2212 4182 2336 4255 loca
2364 4182 2696 4237 mirabiliter
2716 4183 3061 4253 augebatur;
3094 4202 3196 4239 nec
3216 4202 3327 4240 non
3348 4187 3589 4241 ecclesiae

280 4283 469 4337 quam
498 4268 754 4337 plurimm
778 4274 838 4321 et
876 4274 1193 4339 martyrum
1238 4269 1521 4325 memoriae
1565 4268 2038 4322 construebantur
2084 4269 2424 4341 impensius;
2486 4272 2828 4325 monasteria
2870 4289 3091 4342 quoque
3133 4273 3589 4343 frequentissima

282 4371 500 4415 comm
547 4356 642 4427 qui
686 4356 1044 4411 continentia:
1101 4356 1409 4423 studentes,
1464 4356 1934 4411 renuntiaverunt
1978 4359 2198 4421 saeculo,
2241 4359 2559 4413 solitudinis
2607 4361 2783 4431 ipsius
2830 4366 3045 4414 secreta
3111 4362 3466 4415 decorabant.
3516 4364 3585 4416 Hi

282 4461 548 4514 namque
567 4446 661 4516 qui
684 4446 753 4499 de
779 4446 1043 4516 gentibus
1070 4446 1129 4500 in
1154 4446 1382 4500 Christo
1404 4446 1776 4511 crediderant,
1810 4445 2226 4501 considerantes
2256 4454 2567 4519 martyrum
2612 4451 2916 4521 passiones,
2964 4467 3269 4520 eorumque
3307 4450 3587 4506 sincerum

276 4535 448 4588 circa
472 4534 762 4589 Christum
788 4534 1157 4590 confessionis
1186 4534 1467 4601 affectum,
1501 4542 1792 4606 coeperunt
1815 4542 1873 4590 et
1899 4535 2005 4607 ipsi
2033 4552 2133 4605 per
2159 4536 2400 4605 gratiam
2445 4537 2671 4591 Domini
2709 4545 3029 4593 sanctorum
3080 4540 3253 4593 vitam
3293 4556 3587 4595 conversa-

280 4622 624 4692 tionemque
651 4623 872 4688 sectari,
902 4629 961 4677 et
987 4624 1157 4694 hujus
1179 4623 1550 4677 institutionis
1575 4640 1714 4691 esse,
1750 4630 1813 4678 ut
1841 4625 2011 4679 etiam
2042 4625 2129 4679 his
2167 4626 2305 4679 illud
2330 4630 2621 4697 aptaretur
2647 4628 2899 4698 Apostoli
2925 4647 2934 4680 :
2972 4628 3327 4682 Circuierunt
3370 4629 3428 4682 in
3466 4646 3587 4682 me-

280 4710 451 4773 lotis,
472 4712 534 4765 in
562 4711 797 4782 pellibus
817 4712 1079 4782 caprinis,
1116 4716 1362 4781 egentes,
1394 4712 1720 4782 angustiati,
1764 4712 1976 4795 afﬂicti,
2011 4715 2210 4789 quibus
2238 4732 2350 4769 non
2377 4721 2499 4769 erat
2533 4716 2736 4786 dignus
2782 4717 3043 4781 mundus,
3096 4717 3153 4770 in
3192 4716 3588 4772 solitudinibus

280 4807 560 4854 euantes
588 4806 646 4855 et
672 4801 973 4867 montibus,
1002 4802 1064 4854 in
1090 4800 1369 4871 speluncis
1398 4806 1456 4854 et
1483 4800 1736 4855 cavernis
1762 4806 1927 4856 terrae
1958 4804 2135 4871 (Hebr.
2168 4806 2264 4874 x1).
2294 4806 2549 4869 Quietem
2588 4806 2827 4877 denique
2874 4806 3190 4861 solitudinis
3237 4811 3586 4880 appetentes,

283 4891 512 4963 gaudia
532 4891 769 4962 propriae
797 4889 994 4953 salutis
1020 4906 1087 4943 ac
1109 4889 1246 4943 ﬁdei
1268 4889 1455 4943 divino
1488 4906 1722 4944 munere
1752 4897 1884 4945 sunt
1911 4894 2211 4957 consecuti,
2245 4894 2572 4965 caeterisque
2602 4911 2729 4947 mox
2776 4894 3030 4963 exempla
3073 4893 3414 4950 sublimioris
3460 4897 3587 4951 vitae

278 4979 731 5049 aderisque
752 4978 1129 5049 prmbuerunt.
1162 4977 1437 5032 Omnibus
1453 4979 1603 5033 enim
1626 4980 1872 5039 (terrenis
1910 4982 2059 5035 exuti
2088 4982 2346 5052 negotiis,
2376 4983 2557 5036 adhuc
2575 4988 2860 5037 morantes
2889 4982 2947 5035 in
2977 4999 3226 5054 corpore,
3259 4986 3589 5059 angelorum

277 5069 542 5125 emisisti
568 5078 703 5123 sunt
719 5069 1108 5122 sanditatem:
1140 5083 1243 5138 per
1270 5084 1438 5137 quam
1458 5068 1690 5137 fastigia
1718 5069 2048 5123 scandentes
2069 5071 2218 5125 celsa
2234 5071 2526 5137 virtutum,
2549 5072 2699 5124 ultra
2714 5069 3149 5127 admirationem
3170 5074 3421 5128 enituere
3441 5092 3591 5131 mor-

274 5160 517 5221 talium,
548 5159 631 5213 ita
659 5163 725 5212 ut
751 5157 811 5211 in
838 5158 994 5211 nullo
1020 5172 1255 5227 prorsus
1283 5155 1689 5226 antiquissimis
1713 5157 1974 5212 Patribus
1998 5158 2290 5212 inferiores
2321 5158 2624 5212 existerent
2648 5180 2660 5213 :
2696 5152 3109 5230 mquiparantes
3140 5162 3311 5217 etiam
3359 5163 3586 5219 illorum

278 5249 505 5303 uerita
531 5248 628 5320 qui
654 5264 758 5319 pro
787 5247 1011 5301 nomine
1028 5245 1238 5300 Christi
1264 5246 1397 5299 Jesu
1426 5245 1650 5299 Domini
1675 5247 1852 5300 nostri
1878 5253 2235 5301 certaverunt
2258 5264 2433 5317 usque
2461 5246 2531 5300 ad
2555 5248 2908 5320 sanguinem,
2942 5250 3304 5305 invisibilium
3337 5253 3585 5308 hostium

278 5337 589 5391 molimina
609 5337 984 5401 desk-nentes,
1002 5334 1299 5406 de~quibus
1317 5334 1400 5388 ait
1419 5335 1747 5405 Apostolus:
1771 5336 1896 5389 Non
1914 5341 1999 5391 est
2014 5336 2171 5390 nobis
2193 5336 2509 5391 colluctatio
2524 5338 2790 5392 adversus
2811 5356 3034 5393 carnem
3049 5348 3105 5395 et
3117 5342 3469 5412 sanguinem,
3489 5342 3587 5396 sed

284 5428 565 5489 adversus
584 5426 940 5497 principatus
960 5430 1017 5478 et
1035 5430 1360 5495 potestates,
1386 5428 1581 5476 contra
1602 5423 1795 5477 mundi
1823 5432 2067 5479 rectores
2084 5424 2447 5480 tenebrarum
2470 5428 2690 5493 harum,
2727 5436 2921 5482 contra
2952 5429 3225 5500 spiritalia
3246 5430 3506 5515 nequitia:
3525 5431 3584 5483 in

285 5514 613 5571 caelestibus
643 5516 854 5584 (Ephes.
889 5518 983 5577 vI).
1008 5514 1266 5577 Quorum
1297 5512 1666 5565 multiformes
1690 5519 2065 5581 praecaventes
2094 5514 2366 5573 incursus,
2399 5523 2453 5570 et
2479 5521 2647 5587 caput
2675 5519 2949 5589 serpentis
2969 5519 3185 5589 antiqui
3212 5512 3431 5571 fortiter
3449 5535 3582 5572 con-

282 5612 565 5673 terentes,
596 5603 959 5675 sempiternis
984 5603 1229 5674 praemiis
1257 5608 1390 5657 sunt
1416 5602 1599 5673 potiti,
1631 5602 1701 5655 de
1726 5603 1927 5673 quibus
1949 5603 2217 5673 scriptum
2246 5609 2356 5657 est:
2379 5604 2538 5668 Quod
2569 5607 2760 5660 oculus
2791 5623 2902 5661 non
2930 5607 3083 5671 vidit,
3120 5623 3222 5661 nec
3240 5607 3392 5683 auris
3422 5605 3582 5658 audi-

287 5696 393 5761 vit,
421 5711 529 5749 nec
556 5694 619 5748 in
638 5709 734 5751 cor
752 5691 1005 5747 hominis
1032 5690 1287 5746 ascendit
1312 5707 1439 5761 quae
1464 5690 1800 5763 praeparavit
1826 5691 1979 5746 Deus
1996 5691 2358 5762 diligentibus
2384 5708 2445 5746 se
2479 5695 2605 5763 (Isa.
2636 5707 2793 5762 LXIV;
2826 5697 2857 5750 Ι
2884 5695 3003 5749 Cor.
3036 5699 3120 5763 ιι).
