3946 6192
367 356 3642 385 m

1723 480 2301 630 VITA.

441 751 578 803 CAP.
611 760 849 802 PRIMUM.
869 746 1084 800 —Erat
1103 761 1204 816 per
1223 745 1280 798 id
1304 749 1527 814 tempus
1552 742 1704 797 beati
1729 742 1958 797 Antonii
1975 744 2027 802 A
2043 726 2315 814 responsa
2333 758 2447 796 non
2473 742 2774 797 redderent
2799 760 2810 795 :
2839 743 3178 813 tandemque
3207 742 3500 796 immundo
3531 741 3642 812 spi-

370 837 500 890 Vita
527 835 742 890 cunctis
770 835 840 888 ad
867 834 1206 888 imitandum
1235 833 1501 904 praeclare
1529 831 1834 902 proposita,
1869 831 1966 901 qui

371 925 562 995 magni
595 926 726 980 Elim
754 929 922 994 atque
954 922 1154 987 Elisaei,
1185 938 1402 975 necnon
1431 926 1489 974 et
1527 921 1706 975 sancti
1735 919 1967 975 Joannis

369 1014 634 1085 Baptistae
651 1013 944 1068 aemulator
961 1011 1220 1077 existens,
1241 1015 1456 1064 secreta
1485 1009 1771 1064 interioris
1791 1009 1967 1063 eremi

370 1103 561 1156 studio
593 1107 838 1157 sectatus
875 1105 963 1155 est
1006 1099 1297 1170 singulari,
1329 1099 1616 1170 vitamque
1659 1098 1969 1153 caelestium

371 1191 430 1245 in
454 1191 622 1246 terris
649 1190 826 1260 gessit
852 1206 1042 1243 amore
1063 1188 1303 1242 virtutis.
1340 1187 1445 1242 Cui
1470 1193 1696 1242 sanctus
1722 1187 1971 1241 Athana-

371 1280 508 1347 sius,
531 1279 920 1334 Alexandrinze
939 1277 1183 1331 civitatis
1211 1277 1466 1342 antistes,
1487 1276 1710 1348 proprio
1731 1277 1876 1348 stylo
1891 1281 1972 1329 te-

374 1368 702 1424 stimonium
720 1367 956 1439 praebuit
977 1385 988 1419 :
1011 1367 1213 1436 dignus
1224 1382 1358 1419 sane
1377 1366 1586 1418 relator
1604 1363 1973 1418 conversatio-

375 1458 463 1512 nis
478 1457 726 1522 Antonii,
745 1456 839 1526 qui
851 1457 1013 1526 juxta
1031 1454 1495 1525 supplicationem
1513 1453 1772 1518 fratrum,
1796 1452 1971 1505 vitam

377 1547 500 1617 ejus
545 1563 646 1616 pro
681 1545 987 1600 multorum
1034 1542 1432 1596 commoditate
1485 1540 1875 1612 perscriberet,
1917 1545 1975 1593 et

379 1635 756 1691 aemulandum
774 1650 904 1687 eum
917 1632 1049 1686 viris
1077 1631 1424 1702 spiritalibus
1445 1631 1748 1684 exhiberet.
1774 1631 1838 1684 In
1865 1644 1976 1700 quo

2048 833 2160 888 ritu
2190 833 2489 896 revelante,
2513 832 2772 902 cognovit
2799 833 2959 903 pueri
2989 831 3275 886 Pachomii
3295 849 3464 886 causa
3490 831 3646 884 inso-

2048 924 2152 977 lita
2179 922 2497 994 provenisse
2517 921 2758 987 silentia,
2792 921 3038 991 atquein
3064 921 3182 976 haec
3200 920 3368 974 verba
3385 919 3647 992 prorupit

2048 1012 2322 1067 attonitus
2347 1029 2358 1063 :
2391 1011 2536 1074 Quid
2561 1009 2820 1064 inimicus
2841 1011 3075 1064 deorum
3110 1011 3218 1064 huc
3241 1009 3430 1064 venit?
3453 1009 3647 1079 procul

2047 1101 2179 1154 hinc
2225 1117 2353 1155 eum
2406 1100 2599 1171 procul
2637 1099 2846 1170 pellite,
2887 1106 2944 1154 et
2983 1099 3314 1170 quantocius
3367 1103 3643 1152 amovcte.

2051 1189 2212 1254 Quod
2231 1206 2358 1243 cum
2379 1195 2641 1260 parentes
2659 1190 2708 1258 ej
2717 1206 2782 1243 us
2807 1189 3115 1254 audissent,
3131 1204 3372 1258 eumque
3387 1204 3490 1241 suo
3519 1203 3649 1241 con-

2052 1279 2364 1350 spexissent
2380 1277 2630 1348 separari
2645 1278 2944 1342 consortio,
2963 1294 3203 1331 maerore
3224 1293 3428 1346 magno
3447 1275 3650 1346 repleti

2053 1373 2218 1422 sunt:
2249 1385 2315 1422 eo
2341 1368 2636 1439 praecipue,
2662 1367 2811 1438 quod
2842 1367 3101 1420 inimicus
3130 1366 3364 1420 deorum
3389 1365 3491 1419 tali
3509 1364 3650 1419 fuis-

2052 1463 2137 1511 set
2179 1457 2584 1511 contestatione
2612 1457 2946 1510 declaratus.
2979 1454 3353 1524 Ambigebant
3383 1471 3516 1524 ergo
3549 1470 3650 1525 pa-

2055 1551 2243 1600 rentes
2259 1547 2400 1616 ejus.
2416 1545 2549 1616 quid
2569 1545 2637 1598 de
2658 1562 2724 1598 eo
2743 1545 2921 1608 ﬁeret,
2945 1544 3078 1615 quia
3093 1549 3150 1598 et
3170 1549 3339 1598 antea
3355 1560 3486 1598 cum
3509 1558 3652 1613 pau-

2059 1635 2235 1688 lulum
2256 1635 2611 1704 degustasset
2629 1633 2698 1686 de
2726 1633 2853 1687 vino
2867 1632 3152 1686 libationis
3175 1633 3652 1704 daemonum,pro-

381 1740 550 1795 opere
577 1722 753 1776 sancti
785 1736 1008 1792 quoque
1045 1720 1229 1774 Patris
1253 1721 1495 1773 Ammon
1535 1717 1604 1787 (4)
1638 1717 1912 1783 meminit,
1945 1734 1980 1771 τι
2059 1725 2214 1778 tinus
2243 1729 2568 1777 evomuerat
2595 1722 2755 1776 illud.
2790 1723 2919 1776 Haec
2947 1722 3137 1794 itaque
3163 1738 3292 1776 cum
3324 1738 3383 1775 se
3408 1721 3660 1774 viderent

381 1831 492 1885 quo
517 1830 619 1883 per
642 1812 742 1866 Dei
761 1811 1004 1881 gratiam
1025 1810 1267 1880 primum
1283 1810 1437 1879 jacta
1461 1813 1594 1862 sunt
1613 1807 1982 1862 fundamenta
2063 1830 2176 1866 non
2203 1829 2368 1884 posse
2397 1812 2733 1876 discernere,
2769 1812 3121 1882 quieverunt.
3155 1809 3449 1865 Instabant
3467 1814 3660 1864 autem

383 1900 818 1957 conversationis
855 1916 1052 1954 eorum
1089 1898 1326 1951 fratrum
1371 1897 1467 1968 qui
1503 1913 1652 1950 nunc
1693 1897 1752 1950 in
1791 1901 1981 1950 monte
2063 1908 2128 1956 ut
2165 1901 2508 1973 Egyptiacis
2561 1899 2912 1954 imbueretur
2947 1900 3170 1966 litteris,
3203 1905 3262 1954 et
3297 1898 3662 1969 antiquorum

381 1991 578 2044 Nitriae
618 1993 1054 2052 commorantur,
1089 2003 1302 2040 necnon
1345 1991 1402 2039 et
1438 1985 1815 2050 Theodorum,
1853 2001 1984 2038 san-
2064 1991 2265 2046 studiis
2288 1991 2704 2044 informaretur.

383 2085 539 2133 ctum
556 2077 861 2132 admodum
887 2077 1087 2142 virum,
1111 2075 1206 2146 qui
1226 2092 1354 2129 cum
1377 2091 1509 2128 sene
1526 2073 1756 2146 praefato
1775 2073 1978 2140 fuerat,
2000 2091 2048 2151 Β
2139 2080 2271 2134 ΟΜ),
2300 2077 2392 2136 IV.
2446 2107 2516 2121 .-
2546 2079 2756 2132 Eodem
2806 2073 3059 2150 tempore
3115 2078 3488 2133 Constantino
3538 2081 3668 2148 post

384 2167 535 2222 idem
568 2166 727 2221 nobis
773 2165 1020 2236 pontifex
1065 2164 1361 2230 indicavit;
1395 2180 1562 2233 quem
1609 2162 1883 2232 singulari
1921 2179 1987 2216 ac
2067 2167 2511 2240 persecutionem
2528 2168 2586 2222 in
2617 2168 2853 2239 imperio
2882 2168 3223 2240 perdurante
3254 2168 3356 2236 (5),
3386 2174 3444 2220 et
3471 2171 3671 2220 contra

383 2257 629 2328 perfecto
645 2255 930 2326 proposito
949 2259 1006 2307 et
1019 2253 1127 2307 fide
1150 2269 1262 2307 non
1274 2254 1406 2306 ficta
1416 2253 1532 2306 Deo
1543 2251 1830 2305 subditum
1845 2251 1984 2305 mul~
2066 2263 2372 2328 tyrannum
2412 2257 2757 2311 Maxentium
2782 2257 2864 2326 (6)
2889 2263 3120 2327 gerente
3149 2257 3426 2328 praelium,
3457 2270 3668 2326 praece-

383 2345 597 2416 tiplicia
620 2343 818 2397 retulit
836 2342 1038 2396 diaboli
1063 2341 1516 2396 machinamenta
1537 2357 1850 2411 superasse.
1878 2339 1988 2409 Igi-
2069 2351 2166 2418 pta
2206 2345 2417 2416 regalia
2467 2351 2838 2400 cucurrerunt
2884 2343 2978 2415 (7),
3020 2352 3084 2400 ut
3130 2345 3438 2400 lectissimi-
3459 2343 3669 2415 quique

383 2437 481 2486 tur
508 2431 711 2503 ubique
741 2430 928 2484 divina
955 2431 1142 2499 gratia
1165 2430 1388 2500 copiose
1415 2429 1637 2494 diffusa,
1671 2428 1806 2482 illud
1836 2428 1986 2498 quod
2062 2437 2331 2506 juvenum
2347 2434 2950 2506 adtirociniimilitiam
2974 2433 3182 2506 ubique
3207 2439 3536 2488 tenerentur
3551 2432 3627 2497 (8)
3653 2448 3666 2482 :

386 2522 447 2576 in
477 2521 717 2576 Psalmis
746 2519 1016 2590 scriptum
1042 2520 1281 2585 canitur,
1314 2519 1618 2572 declaraVit
1648 2519 1933 2589 expletum
1968 2536 1980 2570 ε
2067 2505 2216 2578 inter
2242 2541 2380 2594 quos
2395 2505 2453 2578 et
2468 2521 2803 2578 Pachomius
2821 2540 2998 2578 annos
3017 2505 3183 2578 natus
3199 2522 3668 2593 vigintidetentus

387 2609 642 2664 Visitasti
674 2613 904 2671 terram,
929 2613 986 2661 et
1004 2607 1294 2660 inebriasti
1321 2623 1465 2672 eam,
1493 2606 1880 2676 multiplicasti
1909 2607 1988 2659 lo-

390 2698 676 2768 cupletare
695 2713 820 2751 eam
856 2699 1022 2764 (Psal.
1053 2697 1218 2765 Lx1v).
1247 2696 1390 2749 Nam
1424 2712 1523 2766 pro
1551 2695 1786 2749 tristitia
1811 2699 1868 2748 et
1894 2712 1989 2764 ge-

392 2786 554 2852 mitu,
587 2785 858 2857 gaudium
905 2786 1164 2856 provenit
1213 2789 1272 2838 et
1324 2783 1556 2849 laetitia;
1592 2789 1648 2838 et
1687 2800 1789 2854 pro
1831 2783 1988 2838 solli-

391 2875 638 2930 citudine
669 2879 836 2946 atque
875 2873 1122 2940 miseria,
1157 2873 1392 2928 felicitas
1439 2872 1822 2944 securitasque
1860 2889 1989 2928 suc-

394 2963 580 3019 cessit.

464 3050 608 3107 lﬁnc
636 3053 828 3124 itaque
866 3053 1062 3107 Patres
1093 3053 1514 3118 monachorum,
1550 3051 1655 3106 viri
1685 3049 1990 3117 mirabiles,

393 3141 454 3196 in
483 3141 755 3196 universis
786 3141 1192 3212 propemodum
1221 3141 1544 3211 regionibus
1569 3147 1609 3206 ι
1633 3146 1747 3206 l4
1774 3139 1996 3193 exstite-

2069 2618 2172 2678 est,
2186 2617 2250 2667 ut
2273 2613 2391 2684 ipse
2415 2618 2610 2684 postea
2628 2613 2840 2667 retulit.
2861 2613 3113 2683 Cumque
3144 2612 3272 2666 navi
3299 2611 3498 2665 fuisset
3521 2609 3670 2663 inter

2069 2701 2206 2756 alios
2235 2701 2305 2755 ad
2337 2701 2636 2772 peregrina
2658 2707 3028 2768 transvectus,
3055 2701 3125 2755 ad
3157 2701 3440 2754 civitatem
3461 2715 3670 2770 quam—

2071 2791 2200 2844 dam
2225 2790 2292 2860 (9)
2318 2807 2550 2861 vespera
2576 2797 2812 2860 urgente
2838 2791 3010 2844 delati
3038 2776 3188 2844 sunt.
3213 2790 3372 2843 Cives
3394 2805 3527 2858 ergo
3559 2786 3668 2840 loci

2072 2879 2244 2946 illius,
2262 2878 2514 2932 videntes
2539 2879 2750 2933 tirones
2776 2879 2983 2934 arctius
3003 2878 3271 2934 custodiri
3290 2878 3422 2946 (l0),
3447 2882 3504 2930 et
3531 2875 3670 2946 quid

2074 2967 2186 3024 illis
2219 2968 2515 3022 accidisset
2553 2967 2754 3034 edocti,
2787 2968 2995 3039 pietate
3027 2968 3166 3022 moti
3205 2973 3355 3032 sunt,
3391 2971 3466 3031 et,
3503 2965 3672 3035 juxta

2075 3061 2404 3114 mandatum
2436 3058 2644 3113 Christi
2685 3059 2886 3113 solatia
2905 3059 2965 3114 in
2993 3060 3234 3115 maximo
3261 3079 3500 3116 maerore
3521 3061 3674 3134 posi-

2075 3149 2169 3214 tis,
2205 3154 2262 3202 et
2297 3148 2614 3202 necessaria
2638 3147 2885 3219 corporis
2913 3149 3244 3203 attulerunt.
3276 3151 3432 3205 Tunc
3459 3151 3675 3205 Pacho-

395 3236 546 3297 runt,
564 3247 802 3302 quorum
834 3229 1063 3284 nomina
1099 3231 1159 3284 in
1187 3229 1330 3284 libro
1353 3229 1656 3284 viventium
1687 3228 1999 3300 probantur
2077 3239 2226 3292 mins
2254 3238 2706 3293 animadvertam
2731 3239 2878 3308 quod
2918 3239 2990 3292 ab
3015 3239 3096 3293 eis
3136 3240 3344 3294 factum
3371 3247 3475 3306 est,
3506 3241 3678 3295 nimis

389 3319 658 3390 ascripta.
681 3318 1006 3374 Ρωιείεεὶῐηὶ
1036 3335 1171 3373 sane
1190 3323 1325 3372 tunc
1356 3319 1540 3372 adhuc
1567 3334 1669 3390 per
1689 3317 1997 3388 Ᾱέεγριιιω
2079 3327 2386 3391 admirans,
2411 3327 2590 3381 abhis
2611 3327 2708 3398 qui
2729 3327 2898 3382 simul
2919 3328 3159 3382 aderant
3180 3328 3418 3399 inquirit
3437 3329 3534 3400 qui
3564 3330 3678 3384 sint

397 3416 453 3464 ct
479 3408 824 3464 Thebaidam
847 3408 1108 3462 monachi
1137 3425 1258 3462 esse
1285 3406 1627 3462 ferebantur.
1651 3407 1786 3461 Post
1814 3422 1998 3477 perse-
2017 3405 2061 3464 Ο
2080 3417 2184 3470 viri
2205 3416 2318 3480 isti,
2349 3415 2428 3470 sic
2468 3431 2601 3486 erga
2633 3414 3074 3470 misericordiam
3107 3422 3276 3487 atque
3297 3417 3677 3472 humilitatem

396 3495 1998 3567 cntionemnamqucDiocletianietMaximianicrudelium
2080 3505 2326 3578 prompti
2346 3521 2411 3559 ac
2439 3505 2660 3571 faciles;
2692 3505 3014 3575 audivitque
3035 3505 3384 3560 Christianos
3405 3523 3546 3572 esse,
3581 3507 3680 3577 qui

397 3587 736 3660 principum,
779 3585 1080 3639 imﬂtitudo
1115 3585 1372 3654 gentium
1429 3583 1661 3638 intravit
1692 3586 1863 3660 (Rom:
1891 3586 1984 3648 x1),

2079 3595 2227 3649 circa
2247 3611 2462 3660 omnes,
2486 3600 2542 3648 et
2561 3594 2805 3648 maxime
2821 3593 3262 3665 peregrinantes,
3287 3595 3681 3666 impenderent

399 3677 545 3730 sicut
573 3674 835 3728 divinitus
863 3673 1300 3744 praaordinatum
1331 3679 1436 3738 est,
1471 3679 1528 3727 et
1553 3672 1864 3727 fecunditas
1896 3673 1984 3726 Ec-

2081 3700 2259 3755 prona
2289 3682 2642 3737 liberalitatis
2670 3683 2868 3740 officia.
2901 3683 3304 3738 Sciscitabatur
3322 3690 3514 3738 autem
3541 3685 3680 3755 quid

401 3763 580 3816 εὶεδίω
607 3762 822 3815 fruetus
863 3761 1239 3832 ίῖωΡῙίεείῖηοε
1267 3761 1436 3832 οωΡίίῖ
1463 3761 1743 3827 inhibere,
1789 3761 1998 3815 sanctis
2079 3772 2202 3844 ipsa
2213 3771 2317 3826 sibi
2339 3772 2472 3826 velit
2496 3771 2797 3842 appellatio
2814 3773 3059 3827 nominis
3077 3772 3380 3827 Christiani
3405 3791 3418 3840 ;
3442 3772 3683 3827 dictum-

402 3849 674 3920 episcopis
699 3851 861 3918 juxta
893 3848 1199 3902 doctrinam
1235 3855 1369 3902 tunc
1397 3849 1761 3920 apostolicam
1789 3849 1900 3902 iter
1931 3850 1999 3903 ﬁ-

403 3938 493 3992 dei
515 3938 735 3991 sincera
765 3952 987 4008 quoque
1015 3937 1436 3992 conversatione
1463 3937 1926 3993 monstrantibus.

473 4028 605 4082 CAP.
638 4027 710 4081 II.
736 4057 794 4066 -
817 4026 924 4080 Per
951 4025 1104 4080 idem
1135 4031 1364 4098 tempus
1385 4027 1718 4081 Pachomius
1748 4027 1996 4098 quidam,

403 4115 712 4170 secundum
742 4115 915 4169 ritum
953 4132 1018 4169 ac
1042 4115 1402 4170 traditionem
1433 4121 1731 4188 parentum
1753 4115 1999 4188 gentilis,

406 4205 555 4276 apud
583 4204 924 4260 Thebaidam
961 4221 1340 4272 commanens,
1369 4204 1557 4260 divina
1585 4206 1770 4276 gratia
1797 4205 2004 4276 guber-

407 4299 596 4362 nante,
629 4294 981 4350 Christianus
1004 4294 1231 4349 effectus
1260 4300 1364 4350 est.
1399 4294 1502 4348 Hic
1527 4293 1598 4348 ab
1630 4295 2007 4350 adolescentia

408 4399 511 4437 sua
525 4383 864 4455 praecipuam
893 4383 1232 4453 frugalitatis
1257 4383 1466 4440 dicitur
1491 4384 1799 4456 arripuisse
1827 4384 2006 4438 virtu-

409 4478 546 4526 tem.
581 4472 792 4528 Idcirco
832 4476 1024 4525 autem
1057 4489 1155 4542 pro
1192 4472 1372 4541 gloria
1415 4473 1642 4538 Christi,
1675 4473 1772 4544 qui
1799 4489 1902 4527 nos
1938 4473 2006 4527 de

409 4561 660 4616 tenebris
701 4561 916 4615 vocavit
943 4560 1014 4614 ad
1044 4561 1246 4626 lucem,
1294 4566 1352 4614 et
1377 4578 1480 4632 pro
1525 4561 1770 4616 utilitate
1813 4578 2008 4616 eorum

411 4650 507 4720 qui
535 4649 646 4704 ista
672 4649 871 4704 lecturi
911 4654 1060 4715 sunt,
1093 4649 1336 4703 strictim
1374 4649 1854 4704 conversationem
1885 4651 2008 4720 ejus

413 4715 535 4808 qua:
575 4738 742 4792 fuerit
771 4755 805 4792 a
831 4738 1080 4808 parvulo,
1129 4737 1330 4800 refero,
1373 4738 1505 4809 quia
1549 4755 1582 4792 a
1628 4744 1790 4794 tanta
1825 4715 2077 4810 perfe-D

415 4823 598 4879 ctione
631 4827 754 4896 ejus
783 4826 946 4880 initia
971 4843 1192 4898 quoque
1219 4827 1343 4898 ipsa
1381 4843 1496 4882 non
1523 4827 1866 4899 discrepant.

2082 3877 2190 3932 que
2217 3867 2304 3915 est
2331 3861 2382 3915 ei
2424 3867 2482 3915 et
2517 3861 2775 3916 homines
2821 3877 2943 3915 esse
2973 3861 3112 3932 pios,
3157 3867 3215 3916 et
3257 3877 3402 3916 verae
3436 3863 3683 3916 cultores
3745 3928 3760 3938 ο

2082 3950 2390 4019 religionis,
2419 3949 2708 4004 credentes
2727 3949 2785 4004 in
2807 3951 3034 4004 nomine
3062 3951 3092 4005 J
3097 3967 3198 4005 esu
3218 3950 3425 4004 Christi
3450 3950 3550 4004 ﬁlii
3578 3950 3684 4005 Dei

2083 4037 2377 4108 unigeniti,
2410 4037 2736 4108 cunctisque
2773 4055 2875 4109 pro
2921 4037 3131 4093 viribus
3158 4037 3590 4104 benefacientes,
3625 4043 3688 4092 et

2085 4131 2377 4198 sperantes
2403 4143 2438 4180 a
2463 4127 2580 4181 Deo
2607 4126 3039 4184 retributionem
3058 4127 3333 4182 bonorum
3359 4144 3594 4198 operum
3627 4127 3687 4180 in

2085 4215 2276 4270 futura
2290 4215 2404 4270 vita
2427 4215 2730 4287 percipere.
2751 4217 2876 4271 Haac
2890 4217 3125 4271 audiens
3147 4216 3498 4282 Pacbomius,
3518 4215 3688 4270 corde

2087 4308 2456 4376 compunctus
2479 4309 2600 4372 est;
2632 4310 2690 4358 et
2716 4305 3030 4360 illustratus
3057 4306 3245 4360 divino
3274 4306 3506 4372 lumine,
3529 4304 3690 4360 Chri-

2087 4394 2401 4448 stianorum
2431 4393 2668 4448 miratus
2697 4399 2785 4448 est
2811 4393 2977 4448 fidem
3002 4412 3014 4461 ;
3048 4399 3218 4464 atque
3269 4393 3440 4448 divini
3468 4393 3691 4448 timoris

2088 4483 2218 4553 igne
2246 4498 2565 4547 succensus,
2593 4483 2885 4553 paululum
2913 4483 3272 4554 praesentium
3302 4481 3691 4553 conspectibus

2091 4587 2212 4625 sese
2238 4569 2514 4625 subtraxit
2545 4589 2558 4637 ;
2590 4575 2648 4624 et
2681 4571 2755 4624 ad
2783 4571 2984 4626 caelum
3025 4587 3228 4625 manus
3275 4571 3518 4636 elevans,
3557 4569 3640 4623 ait
3673 4589 3686 4623 :

2093 4659 2461 4731 Omnipotens
2489 4659 2657 4721 Deus,
2691 4658 2786 4730 qui
2829 4659 3010 4714 fecisti
3046 4659 3252 4714 cmlum
3281 4667 3340 4714 et
3381 4667 3612 4724 terram,
3642 4659 3692 4712 si

2095 4749 2398 4820 respiciens
2419 4747 2730 4819 respexeris
2749 4748 2820 4802 ad
2849 4765 3072 4820 precem
3090 4765 3295 4815 meam,
3315 4755 3379 4804 et
3402 4747 3580 4802 sancti
3603 4747 3692 4802 tui

2093 4837 2336 4892 nominis
2363 4837 2501 4890 mihi
2527 4851 2721 4891 veram
2749 4838 3052 4892 contuleris
3080 4837 3498 4909 perfectamque
3526 4852 3694 4906 regu-

488 4915 618 4968 CA‘"
651 4915 750 4969 ῙῙῙ·
803 4946 866 4956 “
905 4915 1006 4969 Hic
1035 4916 1243 4970 θωηίηι
1285 4933 1410 4972 Cum
1452 4916 1636 4971 adhuc
1677 4934 1818 4988 Puer
1844 4923 2008 4985 esset:
2095 4927 2231 4992 lam,
2263 4932 2431 4997 atque
2460 4924 2531 4980 ab
2568 4926 2674 4980 hac
2701 4943 2793 4981 me
2820 4927 3087 4998 compede
3116 4927 3372 4981 maeroris
3395 4925 3692 4991 exemeris,

417 5019 544 5056 cum
564 5003 893 5072 parentibus
911 5004 1026 5057 suis
1042 5005 1113 5058 ad
1129 5005 1494 5060 simulacrum
1511 5006 1792 5077 quoddam
1812 5007 2018 5061 demo-
2096 5015 2322 5070 servitio
2340 5020 2440 5069 tuo
2468 5031 2560 5070 me
2584 5016 2807 5070 tradam
2835 5015 3050 5070 cunctis
3075 5015 3274 5070 diebus
3301 5015 3426 5070 vim;
3454 5031 3610 5077 mem,
3635 5019 3697 5068 et

420 5091 507 5145 nis
537 5107 706 5161 super
729 5091 911 5162 ripam
941 5091 1055 5145 Nili
1083 5094 1331 5148 fluminis
1359 5095 1712 5160 collocatum,
1742 5100 2016 5166 tanquam
2097 5109 2284 5176 spreto
2305 5104 2505 5158 seculo
2528 5105 2740 5174 jugiter
2765 5104 2866 5159 tibi
2894 5103 3208 5160 adhaerebo.
3232 5105 3367 5169 Quae
3385 5120 3514 5159 cum
3541 5119 3698 5157 oras-

421 5177 678 5248 yictimas
698 5179 988 5236 oblaturus
1011 5181 1253 5234 advenit.
1287 5183 1538 5254 Cumque
1558 5184 1816 5238 sacerdos
1836 5184 2017 5255 impu-
2097 5198 2201 5260 set,
2233 5193 2305 5246 ad
2334 5209 2467 5248 suos
2511 5209 2769 5247 reversus
2801 5198 2888 5247 est
2913 5193 3148 5248 comites
3172 5213 3190 5257 ;
3234 5199 3293 5248 et
3319 5193 3410 5248 die
3438 5192 3697 5262 sequenti

420 5267 688 5322 rissimus
717 5285 879 5322 sacra
923 5269 1196 5338 sacrilega
1224 5271 1388 5325 solito
1417 5271 1697 5326 celebrare
1727 5272 2014 5340 voluisset,
2099 5281 2170 5336 de
2197 5281 2420 5335 civitate
2442 5281 2540 5335 illa
2570 5281 2802 5353 profecti
2833 5288 2984 5336 sunt,
3029 5283 3284 5352 Cumque
3329 5281 3548 5336 diversa
3575 5281 3700 5335 loca

422 5357 722 5429 praesentia
741 5357 1028 5411 Pachomii
1043 5357 1309 5411 daemonis
1325 5376 1554 5429 prorsus
1580 5378 1855 5417 evanuere
1883 5379 2020 5434 prae-
2101 5370 2322 5441 navigio
2353 5370 2672 5438 circuirent,
2704 5371 2752 5425 si
2781 5370 3004 5441 quando
3033 5370 3400 5425 Pachomium
3439 5371 3700 5440 voluptas

423 5446 608 5516 διίεςία-
627 5447 768 5500 Tum
785 5445 880 5500 diu
908 5446 1259 5517 militumque
1282 5446 1429 5502 idem
1453 5450 1711 5504 sacerdos
1733 5451 2014 5517 hiBSitans,
2101 5458 2350 5530 corporis
2370 5464 2428 5513 et
2447 5459 2733 5514 mundana
2753 5459 3035 5513 titillasset
3056 5457 3519 5525 illecebra,nimis
3547 5474 3704 5511 aver-

425 5541 484 5595 in
512 5539 741 5594 modum
766 5540 1067 5606 simulacri,
1088 5540 1236 5612 quod
1267 5540 1502 5601 colebat,
1533 5545 1742 5599 mansit
1765 5545 2021 5600 immobi—
2104 5547 2352 5614 sabatur,
2372 5548 2689 5620 sponsionis
2704 5564 2819 5604 sua:
2843 5564 3078 5616 memor,
3099 5564 3212 5619 qua
3230 5564 3290 5602 se
3311 5546 3548 5601 Domino
3576 5562 3699 5600 ser-

411 5629 493 5704 ,lis
519 5647 531 5698 ;
563 5629 924 5685 vehementer
971 5629 1258 5686 admirans
1289 5647 1389 5686 cur
1431 5631 1706 5688 solemnia
1740 5634 2024 5690 daemones
2105 5637 2352 5693 viturum
2389 5653 2512 5693 esse
2534 5637 2850 5694 devoverat.
2880 5637 3028 5693 Nam
3062 5635 3254 5692 divina
3277 5635 3466 5707 gratia
3495 5635 3701 5692 suifra-
