4004 6196
315 356 425 415 233

1080 357 1250 414 VITA
1287 359 1547 416 SANCTI
1584 361 1939 418 PACHOMII
1974 362 2280 419 ABBATIS
2315 359 2832 416 TABENNENSIS.

3482 362 3592 420 234

312 488 506 554 gante,
532 483 655 554 jam
686 481 757 536 ab
803 480 965 536 annis
1009 482 1321 554 puerilibus
1371 488 1590 539 amator
1626 486 2168 547 exstiteratAcravit
2199 484 2329 557 (14).
2349 484 2719 541 Morabantur
2739 480 2872 555 ergo
2901 484 3088 550 simul,
3122 483 3476 541 abstinentia;
3504 490 3588 542 at-

312 572 611 627 mstitatis.

385 664 517 716 CAP.
549 662 616 715 V.
642 693 707 702 -—
738 662 919 734 igitur
947 665 1348 721 Constantinus
1375 665 1684 736 imperator
1707 664 1915 737 pietate

312 767 378 804 ac
407 752 540 817 ﬁde,
576 769 688 822 qua
714 753 939 809 Christo
960 755 1213 820 credidit,
1248 754 1535 809 victoriam
1565 755 1634 808 de
1662 754 1917 808 hostibus

312 845 669 907 consecutus,
726 842 940 897 tirones
982 844 1153 915 jussit
1191 843 1419 898 absolvi.
1456 844 1546 898 Sic
1585 843 1917 897 Pachomius

314 935 513 1000 Optata
542 929 646 983 sibi
661 929 918 986 libertate
935 950 1215 999 concessa,
1243 933 1500 1004 protinus
1520 932 1590 985 ad
1617 931 1916 987 Thebaidis

316 1018 595 1072 ulteriora
606 1020 941 1089 regreditur,
958 1023 1015 1075 et
1043 1022 1331 1091 ingressus
1351 1021 1663 1087 ecclesiam,
1688 1039 1811 1092 qua:
1831 1026 1918 1075 est

315 1106 376 1161 in
406 1106 550 1172 vico,
598 1108 685 1162 cui
741 1126 1050 1179 cognomen
1109 1115 1195 1164 est
1234 1109 1661 1164 Chinoboscium
1693 1110 1821 1185 (il),
1854 1111 1919 1164 ﬁt

316 1196 471 1250 illico
490 1197 949 1265 catechumenus,
966 1202 1023 1252 et
1036 1204 1162 1269 post
1189 1198 1481 1270 paululum
1507 1198 1753 1269 gratiam
1773 1199 1920 1252 lava-

318 1286 400 1340 cri
431 1285 623 1339 vitalis
650 1286 993 1357 adipiscitur.
1030 1288 1098 1341 Et
1125 1286 1249 1359 ipsa
1279 1292 1459 1354 nocte,
1496 1304 1608 1358 qua
1636 1287 1920 1359 mysteriis

316 1375 500 1429 sacris
522 1374 776 1430 imbutus
804 1381 908 1443 est,
925 1376 1063 1430 vidit
1080 1376 1139 1431 in
1166 1377 1378 1432 somnis
1402 1377 1573 1431 veluti
1604 1394 1789 1431 rorem
1809 1394 1921 1432 cm-

319 1465 458 1518 litus
486 1465 764 1535 allapsum
793 1482 953 1519 suam
984 1466 1228 1537 replesse
1261 1467 1569 1533 dexteram,
1612 1472 1669 1521 et
1694 1467 1750 1520 in
1780 1467 1921 1520 mel-

316 1554 389 1607 lis
413 1552 533 1621 (l?)
552 1552 789 1608 crevisse
806 1554 1203 1625 pinguedinem
1228 1578 1239 1620 ;
1261 1555 1477 1609 audivit
1496 1572 1718 1627 quoque
1728 1572 1919 1610 vocem

316 1642 604 1696 dicentem
634 1642 740 1696 sibi
771 1661 782 1695 :
817 1642 1140 1711 Considera,
1174 1644 1457 1711 Pachomi,
1491 1645 1640 1716 quod
1681 1645 1916 1715 geritur.

318 1732 419 1785 Est
444 1732 598 1785 enim
639 1737 675 1796 1
702 1738 740 1797 ι
756 1732 934 1797 5hoc
954 1734 1176 1803 signum
1201 1734 1420 1803 gratim,
1438 1750 1559 1804 quae
1588 1733 1736 1787 tibia
1758 1733 1920 1788 Chri-

1997 593 2105 647 que
2124 574 2384 646 precibus
2413 591 2642 646 operam
2668 575 2885 629 dantes.
2917 572 3202 627 Texebant
3229 590 3450 646 quoque
3472 575 3591 629 cili-

1998 665 2100 728 cia,
2136 670 2193 718 et
2219 663 2554 718 laborabant
2578 661 2836 716 manibus
2856 661 2990 727 suis,
3000 662 3163 731 juxta
3188 661 3416 717 beatum
3435 664 3587 734 Apo-

2000 738 2224 818 stolum,
2244 769 2357 806 non
2376 757 2595 807 tantum
2611 768 2711 822 pro
2727 767 2829 805 sua
2848 749 3148 804 refectione
3165 751 3252 804 vel
3273 752 3593 822 requie,sed

1999 848 2064 896 ut
2091 841 2363 896 haberent
2382 842 2531 896 unde
2558 840 2872 894 tribuerent
2901 838 3292 894 necessitatem
3322 840 3589 911 patienti-

1996 930 2101 985 bus
2133 932 2341 999 (Ephcs.
2366 933 2458 999 ιγ).
2490 931 2554 983 In
2574 928 2780 999 vigiliis
2802 928 2972 981 etiam
2991 944 3117 981 cum
3144 934 3448 983 nocturnas
3467 945 3592 983 ora-

1998 1020 2178 1074 tiones
2206 1019 2570 1083 celebrarent,
2595 1018 2642 1070 si
2672 1016 2894 1087 quando
2916 1015 3102 1070 senior
3142 1016 3370 1072 vidisset
3396 1035 3594 1073 somno

1999 1108 2363 1163 Pachomium
2388 1108 2586 1179 premi,
2614 1107 2855 1160 educens
2886 1121 3014 1159 eum
3030 1105 3195 1170 foras,
3212 1123 3439 1160 arenam
3464 1124 3591 1178 por-

1999 1204 2120 1252 tare
2153 1195 2510 1269 praecipiebat
2538 1195 2606 1248 de
2635 1195 2755 1249 loco
2786 1194 2856 1248 ad
2886 1195 3129 1248 alterum
3154 1195 3338 1249 locum
3362 1214 3376 1262 ;
3409 1200 3467 1249 et
3493 1196 3595 1250 tali

2001 1287 2263 1342 exercitio
2292 1290 2540 1339 mentem
2569 1286 2692 1354 ejus
2711 1289 3001 1353 gravatam
3023 1283 3205 1337 somni
3233 1283 3480 1354 pondere
3499 1301 3592 1339 su-

2002 1375 2277 1439 blevabat,
2309 1374 2611 1428 instituens
2641 1389 2704 1427 ac
2735 1374 2986 1427 formans
3031 1389 3181 1439 eum,
3232 1376 3296 1426 ut
3324 1372 3595 1427 sollicitus

2004 1472 2151 1520 esset
2177 1466 2235 1519 in
2264 1467 2538 1539 precibus,
2573 1467 2761 1520 dicens
2792 1463 2843 1518 ei
2877 1482 2887 1516 :
2922 1461 3158 1527 Labora,
3207 1461 3493 1527 Pachomi,
3539 1468 3597 1517 et

2001 1557 2187 1626 vigila,
2213 1574 2282 1611 ne
2314 1558 2537 1629 quando
2567 1555 2734 1627 (quod
2773 1553 2933 1615 absit)
2964 1552 3033 1606 ab
3062 1552 3167 1606 hoc
3194 1567 3343 1605 nunc
3373 1550 3595 1623 incepto

2002 1648 2286 1717 proposito
2302 1652 2358 1700 te
2373 1651 2633 1700 amoveat
2647 1645 2694 1698 is
2714 1644 2809 1714 qui
2832 1646 3032 1707 tentat,
3066 1646 3123 1693 et
3135 1639 3320 1694 inanis
3330 1639 3599 1695 ﬁatlabor

2002 1740 2211 1789 noster.
2246 1736 2379 1799 Quae
2407 1740 2608 1789 cuncta
2636 1731 2973 1786 Pachomius
3002 1728 3327 1783 obedienter
3354 1744 3420 1782 ac
3447 1728 3597 1783 solli-

315 1827 405 1874 sto
428 1820 637 1875 collata
662 1826 765 1874 est.
790 1822 934 1876 Hinc
952 1822 1144 1894 itaque
1156 1822 1341 1877 divino
1370 1823 1755 1877 inﬂammatus
1783 1823 1920 1877 affe-
1939 1803 1980 1861 Β
2001 1823 2109 1877 cite
2138 1824 2467 1895 suscipiens,
2483 1839 2548 1877 ac
2562 1823 2631 1876 de
2651 1822 2741 1875 die
2760 1821 2818 1873 in
2842 1820 2991 1873 diem
3007 1823 3212 1872 saneta;
3233 1816 3591 1872 continentiae

313 1916 434 1976 ctu,
471 1914 531 1964 et
560 1928 627 1964 ex
647 1911 960 1965 dilectionis
984 1912 1171 1982 jaculo
1197 1911 1408 1966 salubri
1435 1913 1663 1966 vulnere
1701 1912 1920 1966 saucia-

313 2006 430 2063 tus,
445 2004 630 2053 totum
644 2016 704 2055 se
724 2000 1031 2072 disciplinis
1061 2006 1232 2072 atque
1246 1999 1691 2056 institutionibus
1717 2000 1919 2055 divinis

310 2087 439 2158 subj
448 2088 663 2159 ugavit.

387 2178 532 2232 CAP.
548 2178 718 2232 VI.—
740 2178 968 2232 Audivit
978 2183 1166 2233 autem
1184 2180 1482 2250 quemdam
1503 2181 1918 2247 anachoretam,

312 2267 405 2321 cui
439 2284 649 2321 nomen
679 2273 803 2321 erat
833 2267 1117 2322 Palaemon
1158 2266 1290 2337 (l3),
1323 2268 1473 2323 intra
1503 2269 1677 2323 eremi
1710 2274 1925 2339 secreta

314 2355 563 2411 Domino
587 2356 963 2423 servientem;
1014 2357 1085 2411 ad
1126 2373 1293 2428 quem
1341 2358 1652 2425 confestim,
1702 2375 1829 2412 cum
1859 2375 1925 2413 eo

314 2445 558 2515 cupiens
588 2443 861 2511 habitare,
896 2445 1159 2517 perrexit,
1191 2451 1249 2499 et
1280 2447 1509 2517 pulsans
1554 2447 1763 2501 ostium
1812 2448 1926 2501 eel-

318 2534 451 2587 lulae
480 2534 981 2605 ejus,precabatur
1004 2535 1340 2606 ingressum.
1362 2534 1467 2589 Cui
1494 2552 1662 2589 senex
1676 2536 1927 2607 aliquan-

318 2623 513 2676 tulum
542 2623 884 2694 patefaciens
901 2622 1135 2690 aditum,
1159 2623 1298 2677 dixit
1321 2641 1332 2676 :
1358 2624 1504 2688 Quid
1523 2624 1636 2677 vis?
1650 2629 1749 2678 aut
1759 2640 1926 2695 quem

319 2711 568 2782 quaeris?
627 2713 761 2766 Erat
796 2712 946 2766 enim
992 2729 1183 2767 severo
1239 2717 1484 2783 aspectu,
1518 2719 1748 2784 propter
1779 2713 1927 2784 quod

318 2802 507 2855 multo
518 2806 773 2873 tempore
783 2801 1067 2855 solitarius
1080 2801 1249 2855 vitam
1271 2802 1465 2872 rigidae
1489 2801 1925 2857 conversationis

318 2895 614 2960 exegerat.
640 2890 1003 2961 Respondeas
1027 2895 1215 2945 autem
1246 2891 1605 2958 Pachomius,
1629 2891 1709 2944 ait
1738 2909 1749 2943 :
1777 2891 1925 2945 Deus

322 2995 416 3032 me
434 2979 595 3033 misit
625 2979 694 3033 ad
715 2984 791 3046 te,
816 2986 882 3033 ut
895 2980 1201 3034 monachus
1228 2981 1380 3035 ﬁam.
1418 2980 1520 3035 Cui
1543 2980 1730 3034 senior
1762 2998 1773 3033 :
1798 2981 1924 3034 Non

315 3074 483 3138 potes
514 3068 628 3131 hic,
652 3068 855 3139 inquit,
886 3070 1193 3123 monachus
1226 3069 1385 3133 ﬁeri;
1431 3086 1542 3124 non
1575 3069 1726 3124 enim
1757 3085 1926 3141 parva

2002 1912 2340 1984 profectibus
2361 1929 2632 1975 crescens,
2667 1908 3042 1964 venerabilem
3062 1922 3256 1961 senem
3275 1904 3443 1960 nimis
3471 1905 3591 1959 ala-

1999 2019 2151 2056 crem
2178 2002 2482 2073 laetumque
2510 2000 2796 2065 reddebat,
2825 1999 2907 2052 ita
2934 2002 2998 2051 ut
3017 1996 3239 2051 Christo
3256 2010 3480 2065 semper
3495 2010 3598 2065 pro

2003 2092 2424 2146 conversatione
2455 2092 2577 2161 ejus
2603 2088 2817 2160 gratias
2845 2091 3058 2157 ageret.

2076 2181 2213 2235 CAP.
2239 2181 2464 2235 VIII.—
2488 2181 2595 2234 Per
2611 2179 2759 2232 idem
2785 2183 3010 2247 tempus
3037 2172 3450 2229 sacratissimus
3476 2170 3597 2226 dies

2005 2269 2291 2323 Paschalis
2319 2269 2639 2333 advenerat,
2673 2272 2730 2321 et
2757 2266 2838 2320 ait
2867 2265 2938 2319 ad
2964 2262 3330 2318 Pachomium
3359 2260 3548 2316 senior
3575 2281 3591 2317 :

2007 2358 2283 2422 Quoniam
2311 2363 2641 2412 cunctorum
2669 2354 3115 2411 Christianorum
3154 2349 3485 2406 universalis
3514 2353 3602 2404 est

2006 2447 2116 2501 ista
2141 2447 2431 2512 festivitas,
2463 2445 2624 2500 nobis
2648 2461 2869 2515 quoque
2912 2458 3046 2515 para
3086 2458 3208 2512 quae
3248 2438 3377 2494 usui
3407 2443 3598 2493 nostro

2008 2541 2143 2591 sunt
2168 2552 2434 2606 congrua.
2466 2535 2622 2589 Tune
2647 2534 2740 2587 ille
2770 2537 3061 2603 promptus
3102 2530 3171 2585 ad
3205 2528 3600 2598 obtemperan-

2008 2625 2162 2691 dum,
2196 2625 2250 2679 id
2283 2624 2432 2695 quod
2462 2623 2567 2678 sibi
2593 2625 3047 2694 precceptum-est
3070 2618 3356 2690 implevit;
3397 2620 3602 2687 praeter

2009 2715 2234 2769 solitum
2266 2730 2509 2784 namque
2530 2728 2832 2784 parumper
2860 2710 3137 2781 accipiens
3150 2707 3276 2773 olei,
3310 2723 3438 2760 cum
3466 2704 3601 2759 sali-

1973 2797 1978 2802 ’
2009 2804 2113 2858 bus
2130 2803 2280 2858 tritis
2307 2802 2623 2857 admiscuit.
2641 2803 2925 2872 Lapsanas
2954 2798 3126 2865 enim,
3157 2796 3215 2850 id
3236 2800 3339 2863 est,
3354 2793 3603 2865 agrestia

2008 2893 2161 2946 olera
2190 2892 2321 2961 (15),
2356 2897 2414 2946 et
2437 2890 2640 2945 herbas
2668 2891 2805 2944 alias
2829 2893 3032 2960 praeter
3072 2887 3259 2940 oleum
3297 2899 3603 2938 consueve-

2007 2986 2138 3035 rant
2164 2981 2348 3036 edere.
2383 2982 2522 3035 Cum
2554 2996 2687 3050 ergo
2713 2981 3101 3051 prmparasset,
3139 2973 3221 3028 ait
3259 2972 3329 3027 ad
3359 2987 3551 3026 senem
3583 2987 3596 3024 :

2007 3071 2133 3124 Feci
2163 3070 2310 3140 quod
2340 3076 2441 3124 tua
2481 3069 2792 3140 paternitas
2838 3063 3151 3137 imperavit.
3194 3064 3449 3131 Cumque
3475 3062 3605 3130 post

316 3173 412 3211 res
442 3156 659 3227 agitur,
674 3156 722 3211 si
750 3157 865 3211 veri
893 3158 1155 3212 monachi
1173 3157 1520 3212 conversatio
1550 3164 1704 3213 casta
1731 3175 1925 3229 pense—
1945 3164 1988 3226 C
2008 3159 2291 3213 orationes
2316 3158 2514 3213 beatus
2542 3159 2821 3213 Palaemon
2849 3152 3173 3209 accessisset
3215 3150 3287 3204 ad
3326 3163 3601 3214 mensam,

318 3252 419 3298 tur
439 3263 452 3311 ;
468 3261 606 3298 nam
618 3245 808 3316 plures
826 3246 935 3299 huc
956 3246 1169 3300 dudum
1187 3246 1493 3314 venientes,
1525 3246 1709 3301 affecti
1736 3247 1922 3313 taedio,

320 3334 759 3404 perseverantia:
771 3351 883 3389 non
902 3339 1134 3390 tenuere
1156 3335 1437 3390 virtutem.
1464 3336 1533 3389 Et
1553 3336 1888 3390 Pachomius
1910 3356 1921 3390 :

322 3424 450 3476 Non
482 3428 639 3487 sunt,
674 3423 876 3495 inquit,
909 3426 1149 3495 aequales
1179 3426 1432 3479 omnium
1471 3442 1676 3481 mores.
1718 3425 1927 3480 Idcirco

320 3528 529 3582 precor
557 3518 625 3566 ut
647 3529 735 3566 me
762 3512 1009 3583 digneris
1028 3514 1301 3585 excipere,
1335 3520 1391 3569 et
1418 3531 1677 3584 processu
1709 3520 1930 3585 tempo—

322 3601 405 3654 ris
431 3606 554 3654 tam
581 3602 927 3656 voluntatem
956 3619 1141 3656 meam
1163 3620 1329 3674 quam
1360 3602 1786 3675 possibilitatem
1818 3604 1932 3674 ple-

328 3690 459 3743 nius
492 3690 856 3760 approbabis.
893 3691 962 3744 Et
997 3691 1185 3745 senior
1213 3692 1294 3745 ait
1325 3709 1336 3744 :
1369 3692 1495 3746 Jam
1523 3691 1625 3746 tibi
1668 3692 1931 3764 praefatus

326 3795 455 3831 sum
513 3779 662 3849 quod
719 3778 809 3832 hic
849 3779 971 3833 fieri
1007 3781 1315 3834 monachus
1348 3781 1501 3835 nullo
1535 3782 1700 3835 modo
1729 3781 1927 3852 possis.

329 3867 513 3937 Perge
534 3868 721 3936 magis
745 3868 814 3921 ad
828 3868 978 3922 aliud
1001 3869 1425 3938 monasterium,
1450 3876 1641 3924 etcum
1657 3871 1935 3941 tantisper

328 3955 543 4010 ibidem
572 3957 932 4012 continentiae
961 3974 1187 4028 operam
1214 3958 1435 4012 dederis
1462 3964 1597 4018 tunc
1623 3960 1693 4013 ad
1724 3976 1814 4013 me
1842 3976 1933 4013 re-

327 4046 592 4116 gredere,
626 4052 796 4117 teque
830 4047 952 4101 sine
990 4064 1149 4102 mora
1177 4047 1499 4119 suscipiam.
1530 4049 1933 4103 Verumtamen

330 4134 566 4189 adverte
590 4135 741 4205 quod
761 4134 1037 4207 dico.Ego
1052 4136 1161 4202 hic,
1182 4137 1281 4203 fili,
1313 4137 1450 4191 satis
1471 4137 1766 4207 frugaliter
1788 4137 1929 4194 vivo.

332 4224 478 4277 Nam
495 4223 673 4277 nimis
688 4225 866 4279 ardua
889 4229 944 4279 et
963 4224 1265 4280 durissima
1276 4226 1696 4280 conversatione
1714 4243 1804 4281 me
1819 4243 1936 4281 cas-

330 4314 471 4385 tigo,
504 4312 722 4368 nullius
748 4313 830 4367 rei
859 4313 1111 4368 ciborum
1135 4320 1318 4382 utens,
1337 4315 1442 4371 nisi
1462 4321 1681 4371 tantum
1697 4316 1859 4388 panis
1879 4322 1936 4371 et

331 4404 487 4457 salis.
514 4402 656 4458 Oleo
676 4408 867 4458 autem
892 4409 951 4457 et
968 4403 1097 4458 vino
1124 4403 1184 4458 in
1208 4409 1388 4459 totum
1410 4422 1637 4476 prorsus
1658 4405 1929 4460 abstineo.

2009 3248 2346 3318 vidissetque
2365 3248 2473 3301 olei
2494 3252 2827 3318 apparatum
2849 3261 2976 3299 cum
2996 3241 3225 3307 salibus,
3257 3237 3464 3292 fricans
3480 3251 3602 3290 ma-

2010 3337 2175 3391 nibus
2203 3337 2462 3402 frontem,
2498 3342 2556 3390 et
2582 3335 2823 3402 ubertim
2871 3332 3110 3388 fundens
3146 3331 3442 3399 lacrymas,
3478 3324 3602 3382 ait:

2010 3425 2285 3481 Dominus
2316 3443 2474 3481 meus
2500 3425 2795 3480 crucifixus
2823 3428 2927 3487 est,
2944 3428 3000 3476 et
3028 3437 3131 3491 ego
3148 3434 3297 3473 nunc
3316 3416 3501 3470 oleum
3517 3428 3611 3467 co-

2013 3515 2279 3568 medam?
2309 3516 2563 3585 Cumque
2587 3518 2812 3584 rogaret
2838 3529 2967 3566 eum
2987 3507 3320 3565 Pachomius
3342 3510 3408 3559 ut
3424 3501 3608 3557 modi-

2013 3620 2139 3657 cum
2172 3603 2304 3674 quid
2327 3620 2389 3658 ex
2416 3620 2481 3657 eo
2511 3602 3114 3668 sumeret,nullatenus
3138 3594 3431 3668 acquievit.
3446 3593 3605 3646 Tunc

2013 3709 2114 3763 pro
2147 3709 2302 3746 more
2331 3692 2447 3746 sale
2482 3697 2540 3745 et
2564 3708 2707 3762 pane
2738 3692 2906 3745 allato
2936 3690 3005 3743 ad
3028 3683 3481 3742 manducandum
3507 3695 3604 3751 pa-

2013 3782 2152 3835 riter
2179 3781 2740 3852 consederunt.;Quze
2769 3796 2937 3834 senex
2966 3777 3146 3832 crucis
3176 3772 3386 3831 Christi
3416 3770 3598 3840 signo,

2014 3871 2160 3925 sicut
2176 3876 2557 3935 consueverat,
2582 3869 2935 3935 benedicens,
2960 3866 3142 3921 cibum
3161 3868 3400 3933 uterque
3420 3874 3608 3928 sump-

2015 3965 2227 4026 serunt,
2285 3960 2520 4014 Domino
2571 3958 2784 4030 gratias
2825 3959 2909 4025 (ut
2936 3973 3039 4028 par
3071 3955 3268 4023 fuerat)
3318 3947 3609 4006 humiliter

2015 4047 2357 4104 exhibentes.

2087 4138 2217 4191 CAP.
2250 4138 2351 4196 1X.
2388 4169 2453 4179 -
2484 4139 2609 4193 Una
2634 4154 2764 4192 vero
2786 4136 3026 4202 dierum,
3050 4150 3179 4189 cum
3207 4129 3503 4202 vigilantes
3530 4122 3608 4178 si-

2015 4226 2131 4279 mul
2149 4226 2428 4281 Palaemon
2450 4233 2506 4281 et
2524 4227 2859 4282 Pachomius
2873 4226 3243 4281 accenderent
3260 4224 3469 4293 ignem,
3490 4219 3609 4290 qui-

2015 4315 2144 4368 dam
2172 4314 2349 4370 frater
2372 4316 2787 4387 superveniens,
2821 4315 2971 4385 apud
3011 4332 3105 4369 eos
3152 4328 3380 4367 manere
3408 4308 3603 4363 voluit.

2015 4403 2123 4468 Qui
2152 4420 2280 4458 cum
2308 4410 2602 4476 susceptus
2629 4411 2794 4472 esset,
2826 4404 2975 4458 inter
2991 4402 3161 4458 verba
3191 4404 3273 4464 (ut
3295 4399 3418 4455 ﬁeri
3448 4396 3606 4467 solet)

334 4492 521 4563 Vigilo
540 4491 838 4546 dimidium
856 4492 1056 4559 noctis,
1081 4493 1228 4564 quod
1257 4494 1503 4565 spatium
1531 4495 1617 4548 vel
1639 4494 1697 4549 in
1727 4484 2222 4564 oratio-Derupit,
2256 4499 2314 4547 et
2344 4494 2520 4548 dixit:
2551 4495 2610 4549 Si
2630 4494 2754 4566 quis
2785 4494 2965 4548 fidelis
2990 4498 3078 4549 est
3105 4509 3170 4547 ex
3198 4490 3370 4557 vobis,
3395 4494 3506 4544 stet
3517 4505 3609 4543 su-

334 4598 407 4635 ne
435 4580 701 4645 solemni,
733 4581 818 4635 vel
849 4580 909 4635 in
941 4581 1307 4636 meditatione
1341 4583 1540 4638 divina;
1568 4584 1823 4638 lectionis
1848 4584 1936 4638 in-

335 4687 528 4736 sumo;
562 4669 850 4727 interdum
885 4687 1107 4742 quoque
1127 4676 1304 4726 totam
1332 4677 1553 4727 noctem
1582 4673 1723 4728 duco
1753 4674 1938 4745 pervi-

333 4760 531 4829 gilem.
560 4759 692 4813 Haec
720 4764 910 4814 autem
942 4760 1177 4815 audiens
1217 4761 1569 4829 Pachomius,
1603 4763 1840 4834 expavit,
1875 4769 1940 4819 ut

336 4850 527 4903 solent
552 4849 715 4920 pueri
742 4850 1144 4920 magistrorum
1186 4851 1368 4905 vereri
1396 4852 1753 4922 praesentiam
1780 4870 1793 4919 ;
1839 4852 1936 4907 sed

333 4938 526 5008 gratia
551 4936 777 4992 Domini
806 4936 1122 5006 roboratus,
1154 4955 1378 4994 omnem
1408 4940 1556 4994 hunc
1584 4940 1831 4994 laborem
1858 4946 1940 4996 to-

336 5026 524 5081 lerare
552 5027 867 5098 proposuit,
907 5027 1139 5099 senique
1169 5029 1459 5100 respondit
1488 5046 1499 5082 :
1535 5029 1714 5083 Credo
1742 5030 1801 5083 in
1827 5030 1940 5084 Do-

336 5115 498 5169 mino
545 5116 680 5169 Iesu
721 5115 963 5184 Christo,
996 5116 1093 5187 qui
1121 5116 1261 5171 mihi
1304 5117 1689 5172 fortitudinem
1729 5118 1942 5189 patien-

336 5204 597 5274 tiamque
624 5204 930 5275 praestabit,
974 5210 1040 5260 ut
1067 5205 1269 5277 dignus
1299 5206 1513 5261 efﬁciar
1559 5207 1673 5262 tuis
1716 5208 1943 5280 adjutus

340 5293 624 5363 precibus,
661 5292 717 5346 in
749 5299 946 5348 sancta
997 5295 1416 5351 conversatione
1456 5313 1558 5368 per
1598 5298 1791 5353 omnia
1820 5298 1941 5354 vitae

338 5397 487 5435 meae
512 5380 797 5436 curricula
824 5399 1172 5453 permanere.

416 5470 552 5524 CAP.
576 5470 698 5525 VII.
726 5501 791 5511 -
820 5470 976 5526 Tunc
1000 5477 1225 5527 sanctus
1252 5472 1533 5527 Palaemon
1560 5473 1944 5544 spiritualibus

340 5558 523 5612 oculis
559 5558 788 5614 intuens
842 5560 1129 5615 Pachomii
1175 5561 1363 5629 fidem,
1410 5561 1638 5615 tandem
1688 5564 1947 5633 patefecit

341 5647 595 5715 aditum;
618 5664 862 5720 eumque
888 5649 1223 5722 suscipiens,
1254 5649 1453 5706 habitu
1475 5651 1735 5707 monachi
1758 5670 1946 5709 conse-

598 5747 867 5811 Pnaon.
910 5748 1188 5811 LXXIII.

2019 4598 2120 4653 per
2160 4583 2262 4637 hos
2305 4583 2575 4638 carbones
2611 4584 2777 4655 ignis,
2811 4590 2865 4639 et
2897 4583 3209 4638 orationem
3254 4579 3610 4639 Dominicam

2021 4671 2229 4725 sensim
2258 4673 2519 4744 lenteque
2540 4674 2883 4744 pronuntiet.
2901 4674 3076 4736 Quem
3108 4671 3305 4726 beatus
3326 4671 3611 4724 Palaemon

2018 4760 2338 4832 intelligens
2365 4763 2640 4834 superbiae
2663 4768 2884 4816 tumore
2913 4754 3228 4832 deceptum,
3265 4759 3614 4814 commonuit

2017 4850 2249 4905 dicens:
2295 4852 2518 4918 Desine,
2567 4852 2758 4918 frater,
2804 4850 2872 4905 ab
2910 4851 3013 4904 hac
3055 4849 3293 4915 insania,
3344 4865 3447 4904 nec
3499 4849 3613 4904 tale

2023 4940 2156 5011 quid
2184 4941 2420 4995 ulterius
2443 4942 2709 5013 loquaris.
2724 4941 2830 5006 Qui
2856 4940 3205 5012 correptione
3223 4941 3372 4995 senis
3400 4956 3514 4994 non
3530 4956 3614 4994 so-

2022 5029 2137 5083 lum
2157 5046 2268 5083 non
2299 5030 2605 5101 profecitin
2636 5031 2854 5099 melius,
2878 5031 2975 5085 sed
3003 5031 3130 5108 plus
3149 5030 3390 5085 elatione
3411 5028 3616 5084 mentis

2023 5117 2271 5183 inﬂatus,
2296 5136 2467 5190 super
2502 5119 2688 5189 ignem
2735 5126 2887 5174 stare
2935 5120 3103 5192 cmpit
3144 5121 3428 5185 audacter,
3462 5118 3616 5173 nullo

2024 5208 2129 5262 sibi
2158 5208 2379 5279 penitus
2407 5209 2747 5279 imperante;
2773 5216 3005 5282 eratque
3025 5210 3614 5281 conSpicere,quomo-
3720 5250 3727 5253 .

2023 5298 2094 5351 do
2124 5304 2456 5368 coeperante
2485 5298 2710 5353 inimico
2740 5299 2975 5355 humani
3002 5301 3246 5371 generis,
3291 5306 3347 5354 et
3374 5298 3612 5354 Domino

2023 5387 2761 5460 pormittente,nequaquam
2775 5395 3034 5461 perustus
3045 5390 3214 5445 fuerit
3224 5389 3370 5460 ignis
3383 5392 3615 5442 attactu.

2027 5477 2143 5529 Hoc
2164 5475 2345 5546 ipsum
2377 5484 2409 5542 |
2439 5484 2556 5542 ,εἰ
2576 5495 2706 5533 vero
2733 5481 2879 5549 quod
2908 5481 3084 5551 gessit
3104 5482 3350 5551 impune,
3372 5480 3443 5533 ad
3473 5494 3612 5545 aug-

2026 5569 2275 5619 mentum
2304 5566 2536 5637 profecit
2550 5569 2671 5638 ejus
2699 5568 2950 5637 insaniae,
2973 5570 3278 5624 secundum
3311 5570 3459 5640 quod
3488 5567 3618 5621 scri-

2025 5658 2186 5726 ptum
2214 5660 2304 5711 est
2332 5675 2344 5711 :
2376 5656 2461 5712 Ad
2500 5673 2698 5728 pravos
2727 5674 2927 5729 pravas
2972 5658 3089 5712 vias
3137 5658 3313 5713 mittit
3344 5656 3615 5712 Dominus

3339 5756 3380 5816 8
