4004 6196
1416 322 1511 382 DE
1545 323 1734 384 VITIS
1770 323 2066 384 PATRUM
2102 325 2318 386 LIBER
2352 326 2642 388 PRIMUS.

3553 329 3658 392 236

403 456 579 526 (Prov.
603 465 800 518 xxvm;
827 450 994 508 Eccli.
1026 451 1110 514 ιι).
1142 447 1260 502 Hoc
1287 445 1478 517 itaque
1519 465 1648 504 cum
1675 447 1874 503 fuisset
1901 449 2274 511 fa—Atientize
2301 467 2552 518 munere,
2583 435 2641 506 et
2660 467 2792 522 erga
2812 452 2991 511 Deum
3021 454 3456 525 proximumque
3480 456 3660 529 puris-

397 553 570 612 ctum,
606 547 830 615 postem
855 536 1104 592 dieidem
1121 535 1294 590 frater
1305 543 1526 592 mature
1541 538 1986 608 proﬁciscens,ac

398 637 551 692 velut
594 629 912 701 exprobans
942 625 1042 691 eis,
1066 625 1255 680 aiebat
1289 643 1299 680 :
1333 625 1438 680 Ubi
1465 631 1550 679 est
1587 627 1725 694 ﬁdes
1764 629 1986 681 vestra?

397 726 532 780 Post
566 737 701 775 non.
719 717 966 772 multum
992 731 1120 768 vero
1151 715 1421 785 temporis
1449 731 1682 770 cernens
1706 715 1980 782 diabolus,

393 827 521 867 eum
551 807 655 862 sibi
683 823 782 878 per
807 805 998 863 omnia
1023 803 1424 874 mancipatum,
1469 809 1526 857 et
1573 804 1732 858 facile
1761 805 1832 857 ad
1861 821 1984 875 quae

391 899 555 954 vellet
572 897 822 951 facinora
835 911 964 950 eum
990 910 1152 964 posse
1177 893 1526 963 compellere,
1559 894 1984 962 transﬁguravit

388 988 526 1043 sein
555 985 850 1040 mulierem
877 983 1188 1054 pulchram,
1212 981 1517 1052 splendidis
1547 981 1791 1036 vestibus
1821 983 1981 1036 ador-

384 1081 598 1141 natam,
641 1079 699 1128 et
727 1072 896 1144 erepit
945 1071 1152 1126 ostium
1181 1071 1332 1124 cellae
1359 1072 1481 1141 ejus
1505 1071 1866 1125 vehementer
1893 1089 1981 1125 ex-

379 1165 638 1221 tundere.
664 1163 772 1226 Qui
790 1178 916 1218 cum
938 1160 1270 1232 aperuisset,
1293 1159 1375 1216 ait
1387 1159 1436 1213 ei
1464 1159 1719 1214 diabolus
1738 1159 1796 1217 in
1825 1160 1980 1214 habi-

379 1261 505 1310 tum
534 1252 788 1308 mulieris
819 1251 1152 1306 immutatus
1181 1267 1191 1302 :
1227 1248 1470 1303 Obsecro
1484 1254 1560 1315 te,
1595 1248 1729 1318 quia
1757 1249 1925 1303 nimis
1945 1266 1979 1304 a

379 1341 749 1397 creditoribus
777 1355 1000 1408 urgeor,
1017 1344 1073 1392 et
1089 1343 1279 1392 metuo
1310 1353 1380 1392 ne
1401 1353 1491 1390 me
1521 1337 1710 1406 aliqua
1730 1338 1978 1408 pericula

389 1429 890 1502 comprehendant,
909 1426 1144 1498 recipias
1164 1443 1254 1480 me
1275 1425 1332 1479 in
1354 1432 1509 1480 tuam
1539 1426 1820 1493 cellulam,
1844 1443 1977 1498 quo-

387 1521 538 1576 niam
570 1517 818 1574 debitum
847 1517 1058 1571 solvere
1083 1531 1320 1585 nequeo,
1345 1521 1622 1586 quatenus
1638 1532 1737 1586 per
1753 1521 1808 1568 te
1829 1518 1979 1571 salva

385 1609 552 1674 facta,
584 1607 798 1678 gratias
823 1605 1092 1672 referam;
1123 1605 1274 1658 Deus
1304 1603 1450 1658 enim
1477 1621 1564 1658 me
1595 1605 1800 1659 direxit
1818 1605 1974 1659 adte.

2067 540 2209 593 sima
2236 541 2533 594 dilectione
2566 557 2680 611 prae
2700 541 2890 594 multis
2912 541 3196 596 nitebatur
3219 545 3507 599 excellere.
3528 545 3660 600 Haec

2067 635 2256 684 autem
2285 631 2504 700 aliaque
2533 631 2655 700 ejus
2683 629 2924 700 plurima
2941 631 3240 686 didicimus
3266 649 3300 688 a
3327 634 3535 690 sanctis
3563 634 3659 688 ho-

2067 719 2312 774 minibus
2340 719 2571 790 Dei,qui
2593 719 2758 772 simul
2793 736 2918 774 cum
2949 737 3014 774 eo
3045 721 3224 775 multo
3253 727 3506 792 tempore
3526 728 3662 776 sunt

2065 807 2298 873 morati;
2329 807 2532 878 quibus
2559 807 2727 860 etiam
2758 807 2883 862 vitae
2916 809 3224 878 spiritualis
3254 811 3507 882 exempla
3522 827 3657 865 con-

2061 899 2289 962 tulerat,
2320 904 2447 968 post
2473 897 2768 950 lectionem
2801 897 3000 952 divina:
3022 898 3161 968 legis
3191 914 3258 953 ea
3278 916 3400 970 quae
3430 900 3499 952 ad
3529 899 3660 954 aedi-

2063 985 2378 1040 ficationem
2399 985 2718 1040 animarum
2748 986 3030 1057 pertinent
3041 987 3656 1059 diligenterexponcns.

2061 1075 2195 1139 Qua
2243 1075 2376 1145 quia
2421 1075 2600 1129 multa
2629 1080 2778 1134 sunt,
2821 1080 2878 1129 et
2925 1075 3069 1130 vires
3112 1081 3317 1130 nostrae
3365 1077 3656 1148 parvitatis

2061 1165 2352 1228 excedunt,
2389 1180 2501 1217 non
2541 1164 2732 1217 omnia
2751 1164 3013 1235 praesenti
3035 1165 3180 1236 stylo
3201 1166 3650 1238 perscripsimus.

2059 1253 2186 1307 Non
2215 1251 2362 1306 enim
2396 1269 2590 1307 sumus
2619 1253 2822 1319 idonei,
2863 1253 3006 1307 tanti
3045 1253 3150 1307 viri
3188 1255 3392 1308 merita
3431 1255 3654 1326 eloquio

2058 1342 2180 1412 pari
2203 1341 2550 1412 depromere.

2133 1431 2262 1485 CAP.
2296 1429 2400 1486 XI.
2433 1461 2498 1470 —
2531 1429 2710 1500 Igitur
2738 1447 2874 1500 erga
2895 1431 3077 1486 locum
3109 1433 3335 1497 montis,
3359 1431 3455 1486 ubi
3475 1433 3655 1487 sancti

2061 1518 2448 1586 morabantur,
2495 1520 2662 1589 plena
2715 1519 2890 1590 spinis
2931 1537 3156 1574 eremus
3204 1521 3529 1592 adjacebat;
3583 1523 3655 1576 ad

2061 1625 2228 1678 quam
2259 1625 2404 1679 saepe
2433 1609 2767 1662 Pachomius
2792 1609 3020 1664 veniens
3044 1610 3199 1680 ligna
3237 1611 3446 1682 legere,
3487 1628 3658 1682 super
3733 1641 3751 1652 ρ

385 1703 548 1768 Quia
567 1701 820 1756 caecitate
843 1698 1284 1769 mentispenitus
1307 1697 1656 1764 obscuratus,
1675 1716 1775 1753 nec
1787 1701 1976 1754 valens
1993 1689 2248 1768 Bspinas
2275 1697 2440 1751 nudis
2471 1697 2706 1769 pedibus
2737 1698 3060 1761 incedebat;
3112 1705 3168 1752 et
3197 1715 3324 1753 cum
3357 1700 3656 1771 inﬁgere!!-

383 1791 702 1846 diseernere
723 1789 846 1861 quis
873 1794 1040 1854 esset,
1076 1788 1171 1858 qui
1193 1787 1298 1841 sibi
1329 1787 1469 1841 talia
1490 1788 1836 1858 loqueretur,
1862 1789 1979 1842 dia-

381 1879 573 1936 bolum
601 1879 776 1934 miser
801 1878 861 1932 in
887 1893 1053 1932 suum
1096 1876 1309 1946 recepit
1335 1875 1584 1930 exitium.
1616 1878 1770 1932 'I-‘unc
1800 1878 1977 1934 hostis

381 1975 590 2030 nostra
618 1967 964 2033 substantiae,
997 1966 1190 2020 videns
1206 1982 1332 2020 eum
1363 1965 1437 2018 ad
1465 1982 1630 2019 omne
1659 1966 1841 2021 scelus
1855 1983 1977 2022 esse

380 2058 745 2130 praecipitem,
770 2055 1008 2110 immisit
1021 2055 1073 2110 ei
1083 2059 1304 2126 turpem
1319 2055 1850 2126 concupiscentiam.
1868 2057 1974 2121 Qui

380 2164 510 2202 mox
539 2147 707 2202 cessit
721 2145 935 2200 inimici
955 2143 1434 2214 suggestionibus,
1449 2148 1506 2197 et
1529 2145 1652 2214 ejus
1675 2145 1975 2214 quasimu-

378 2237 582 2292 liebres
603 2235 802 2307 petivit
829 2234 1137 2305 amplexus.
1169 2233 1346 2296 Quem
1378 2233 1612 2304 spiritus
1651 2233 1975 2289 immundus

377 2325 664 2390 invadens,
710 2323 860 2378 elisit
885 2320 1174 2388 atrociter;
1207 2328 1266 2378 et
1294 2323 1580 2378 revolutus
1612 2339 1780 2394 super
1829 2325 1976 2394 pavi-

377 2412 838 2478 mentum,veluti
860 2417 1116 2468 mortuus
1145 2411 1240 2465 diu
1271 2411 1622 2482 multumque
1642 2415 1970 2482 permansit.

379 2505 515 2558 Post
543 2503 861 2572 aliquantos
883 2506 1077 2556 autem
1109 2500 1228 2554 dies
1259 2500 1484 2556 tandem
1516 2501 1574 2556 in
1604 2517 1663 2554 se
1694 2519 1968 2570 reversus,

379 2598 437 2647 et
481 2591 780 2646 dementias
824 2589 1064 2660 propriae
1111 2606 1235 2642 sero
1283 2589 1579 2659 paenitens,
1615 2590 1685 2642 ad
1716 2597 1972 2649 sanctum

379 2682 754 2737 Palaemonem
783 2678 967 2745 venit;
1001 2683 1059 2732 et
1087 2695 1216 2732 cum
1235 2694 1442 2747 magno
1465 2679 1600 2732 ﬂetu
1617 2678 1751 2747 quid
1768 2679 1872 2732 sibi
1887 2697 1974 2735 ac.

378 2771 609 2825 oidisset
655 2768 928 2840 exposuit,
973 2765 1282 2820 vociferans
1332 2772 1389 2819 et
1425 2767 1658 2822 dicens:
1693 2769 1968 2838 Agnosco,

383 2861 572 2920 Pater,
605 2873 868 2928 agnosco,
911 2856 1060 2927 quod
1096 2873 1200 2927 ego
1241 2872 1410 2910 causa
1449 2856 1780 2926 perditionis
1836 2875 1976 2912 meae

378 2949 636 3004 existam.
657 2947 810 3002 Bene
839 2945 989 3002 enim
1001 2961 1092 3000 me
1109 2961 1462 2998 commonere
1482 2945 1746 3018 dignatus
1775 2964 1852 3012 es,
1878 2947 1975 3000 sed

381 3055 487 3109 ego
503 3037 718 3102 infelix,
738 3035 835 3107 qui
858 3041 915 3090 te
935 3034 1132 3090 audire
1149 3034 1478 3104 contempsi.
1504 3034 1858 3106 Quapropter
1876 3033 1975 3088 ob-

381 3143 540 3183 secro
565 3132 634 3180 ut
659 3141 750 3180 me
771 3123 979 3178 sanctis
1008 3122 1354 3178 orationibus
1381 3123 1494 3178 tuis
1505 3123 1570 3176 ad
1574 3124 1594 3192 j
1605 3140 1772 3177 uvare
1785 3124 1977 3194 digne-

379 3217 478 3284 ris,
513 3233 585 3270 ne
613 3213 718 3269 sub
746 3211 960 3284 ingenti
990 3211 1236 3282 periculo
1275 3209 1642 3266 constitutum
1696 3211 1979 3283 discerpat

381 3306 646 3362 inimicus
684 3309 741 3359 et
781 3303 1038 3374 perimat.
1091 3301 1346 3371 Cumque
1395 3300 1503 3353 ista
1541 3317 1667 3354 cum
1715 3301 1976 3356 lamentis

377 3399 814 3469 prosequeretur
856 3397 914 3447 et
932 3390 1174 3454 ﬂetibus,
1202 3395 1260 3443 et
1279 3393 1504 3444 sanctus
1531 3389 1812 3443 Palaemon
1851 3389 1978 3444 bea-

379 3492 585 3556 tusque
613 3482 948 3538 Pachomius
977 3481 1256 3550 lacrymas
1282 3495 1381 3549 pro
1407 3494 1472 3531 eo
1499 3477 1802 3532 funderent
1831 3495 1977 3532 com-

380 3573 647 3648 patientis
671 3573 892 3630 aﬂectu,
927 3569 1112 3624 subito
1143 3573 1432 3638 correptus
1457 3565 1528 3620 ab
1557 3567 1848 3620 immundo
1860 3567 1975 3636 spi-

381 3665 516 3727 ritu,
545 3663 613 3715 de
643 3663 944 3730 conspectu
973 3672 1171 3711 eorum
1209 3655 1466 3726 prosiliit,
1515 3660 1572 3709 et
1609 3672 1710 3725 per
1753 3655 1976 3710 deserta

383 3754 694 3814 discurens,
723 3747 1000 3818 agebatur
1027 3745 1278 3800 infrenis.
1315 3743 1573 3796 Pervenit
1593 3739 1782 3797 autem
1804 3744 1875 3797 ad
1902 3743 1976 3798 ci-

382 3842 614 3896 vitatem
645 3834 966 3905 Panos(16)
987 3833 1232 3899 nomine,
1265 3850 1330 3886 ac
1357 3831 1617 3903 deinceps
1661 3832 1722 3886 in
1753 3833 1975 3888 fornace

382 3930 570 3987 balnei
599 3943 700 3998 per
718 3922 1025 3982 amentiam
1047 3938 1169 3976 sese
1183 3921 1558 3993 prmeipitans,
1575 3921 1830 3977 incendio
1851 3940 1976 3994 pro-

385 4021 540 4076 tinus
566 4014 803 4071 interiit.

457 4111 588 4165 ΟΑιι.
629 4105 698 4161 Χ.
741 4133 804 4148 ρ·-
847 4102 976 4159 Haec
999 4099 1232 4154 audiens
1271 4099 1576 4170 vidensque
1619 4100 1972 4169 Pachomius,

387 4197 570 4269 magis
599 4213 664 4272 ac
695 4191 878 4262 magis
907 4188 1520 4248 incubuitabstinentia:
1534 4195 1730 4244 tenere
1750 4208 1977 4246 mensu-

385 4305 542 4354 ram;
575 4290 634 4340 et
658 4299 784 4338 cum
815 4281 874 4336 in
904 4277 1184 4344 omnibus,
1209 4283 1329 4332 tum
1356 4278 1598 4332 maxime
1625 4277 1683 4334 in
1715 4280 1978 4336 orationi-

2058 1792 2153 1843 tur
2181 1786 2232 1840 ei
2261 1787 2536 1857 plurimae,
2564 1786 2876 1852 laetabatur,
2911 1789 3192 1859 patienter
3219 1805 3286 1842 ac
3331 1789 3556 1844 fortiter
3581 1790 3659 1844 fe-

2060 1891 2207 1940 rens,
2241 1877 2490 1930 recolens
2521 1877 2668 1946 quod
2693 1877 2966 1932 Dominus
2996 1883 3186 1932 noster
3217 1879 3274 1932 in
3297 1895 3462 1932 cruce
3491 1879 3659 1934 clavis

2059 1964 2230 2018 fuerit
2240 1965 2540 2035 dignanter
2549 1965 3052 2036 affixus.Diligebat
3066 1973 3257 2021 autem
3268 1968 3658 2022 anachoresim

2058 2053 2386 2124 plurimum,
2419 2053 2742 2124 frequenter
2763 2061 3028 2125 expetens
3053 2055 3434 2111 solitudinem.
3463 2057 3659 2112 Etillic

2057 2141 2153 2196 diu
2178 2143 2240 2196 in
2265 2143 2519 2197 oratione
2552 2143 2880 2216 persistens,
2915 2144 3155 2199 Domino
3193 2145 3564 2216 supplicabat,
3597 2152 3662 2200 ut

2057 2247 2092 2284 a
2121 2231 2293 2285 tantis
2326 2249 2385 2286 se
2409 2231 2702 2286 fraudibus
2721 2233 3028 2288 clementer
3056 2233 3318 2305 eriperet.

2130 2321 2259 2374 ΟΜ).
2299 2319 2423 2374 XII.
2465 2351 2532 2360 ——
2557 2321 2812 2384 Quodam
2840 2338 2969 2376 vero
3011 2329 3264 2394 tempore
3309 2323 3547 2400 contigit
3598 2327 3663 2378 ut

2057 2409 2394 2467 Pachomius
2421 2411 2614 2480 procul
2637 2427 2671 2464 a
2697 2411 2837 2464 cella
2861 2429 2966 2466 sua
2991 2429 3340 2484 progressus,
3360 2411 3579 2466 veniret
3590 2412 3663 2465 ad

2057 2499 2355 2569 quemdam
2404 2499 2603 2563 vicum,
2647 2499 2736 2553 cui
2765 2517 2968 2556 nomen
3015 2506 3099 2554 est
3123 2501 3493 2556 Tabennense
3529 2499 3656 2568 (17;,

2056 2587 2115 2640 in
2148 2604 2256 2657 quo
2287 2592 2420 2640 tunc
2448 2588 2636 2643 nullus
2665 2589 2891 2659 penitus
2915 2589 3199 2644 habitator
3229 2590 3522 2645 existebat.
3552 2589 3660 2644 Ubi

2055 2692 2179 2730 cum
2203 2692 2304 2746 pro
2326 2693 2481 2730 more
2505 2676 2718 2731 diutius
2744 2678 2801 2732 in
2821 2677 3168 2733 orationibus
3185 2679 3539 2749 perduraret,
3559 2695 3662 2731 vox
3742 2690 3752 2699 '

2057 2764 2127 2818 ad
2157 2781 2288 2818 eum
2318 2765 2536 2819 cmlitus
2565 2766 2752 2820 delata
2777 2771 2880 2833 est,
2915 2767 3104 2822 dicens
3139 2786 3149 2820 :
3189 2769 3346 2822 Mane
3367 2768 3478 2832 hic,
3509 2768 3663 2822 oPa—

2057 2853 2260 2918 chomi,
2278 2859 2336 2908 et
2349 2855 2755 2908 monasterium
2785 2861 3064 2914 construe.
3093 2856 3332 2912 Venturi
3353 2861 3487 2912 sunt
3501 2873 3660 2910 nam-

2059 2956 2166 3012 que
2195 2943 2267 2996 ad
2297 2948 2350 2995 te
2381 2943 2798 3013 quamplurimi,
2846 2949 2946 2998 tua
2979 2945 3266 3016 cupientes
3305 2945 3660 2999 institutione

2059 3032 2357 3110 proficere;
2377 3032 2578 3102 quibus
2608 3032 2872 3087 ducatum
2893 3033 3203 3104 praestabis,
3218 3035 3382 3103 juxta
3399 3035 3661 3104 regulam

2059 3135 2228 3188 quam
2253 3127 2638 3175 monstravere
2651 3121 2773 3176 tibi.
2791 3123 2860 3176 Et
2869 3123 3124 3192 protinus
3136 3123 3402 3194 apparuit
3421 3124 3660 3192 angelus

2059 3208 2302 3276 Domini,
2357 3209 2616 3264 deferens
2645 3210 2696 3264 ei
2733 3210 3004 3278 tabulam,
3052 3213 3111 3264 in
3156 3229 3268 3283 qua
3309 3217 3432 3265 erat
3476 3212 3660 3265 omnis

2059 3297 2239 3351 forma
2295 3297 2665 3354 institutionis
2714 3301 2975 3371 ascripta,
3009 3317 3122 3371 qua
3169 3301 3404 3355 docendi
3449 3301 3656 3368 forent,

2059 3386 2376 3458 quicunque
2426 3387 2494 3442 ad
2537 3389 2659 3456 ejus
2685 3389 2998 3458 magisterii
3031 3390 3220 3443 studia
3248 3391 3655 3460 pervenissent.

2059 3476 2240 3540 Quam
2272 3476 2524 3546 regulam
2563 3477 2957 3532 Tabennenses
2994 3478 3272 3550 hodieque
3305 3479 3652 3544 custodiunt,

2057 3565 2254 3619 eodem
2283 3565 2404 3619 cibo
2427 3582 2649 3636 semper
2669 3572 2890 3621 utentes
2920 3573 2976 3621 et
2993 3567 3208 3633 habitu,
3228 3568 3407 3638 ipsam
3428 3585 3656 3640 quoque

2055 3654 2408 3725 disciplinam
2425 3655 2662 3708 sollicita
2680 3655 3178 3726 circumspectione
3189 3664 3492 3712 servantes.
3503 3659 3654 3712 Nam

2055 3743 2313 3796 monachi
2345 3743 2438 3814 qui
2469 3744 2674 3797 ibidem
2706 3751 3082 3808 commancnt,
3117 3761 3229 3802 non
3257 3747 3438 3800 solum
3469 3763 3650 3811 more,

2055 3831 2152 3884 sed
2184 3837 2241 3884 et
2266 3831 2464 3886 robore
2495 3832 2742 3902 corporis
2782 3837 2838 3886 et
2885 3833 3134 3887 locorum
3183 3840 3224 3900 ι
3247 3841 3283 3900 Ι
3306 3839 3353 3898 τ
3390 3835 3504 3888 situ
3535 3851 3655 3906 pra:

2056 3920 2270 3973 cmteris
2292 3921 2457 4003 longe
2487 3921 2690 3975 diversi
2711 3927 2863 3984 sunt,
2894 3927 2952 3975 et
2975 3938 3200 3977 necesse
3230 3927 3316 3976 est
3345 3939 3442 3977 eos
3473 3922 3659 3977 diver-

2057 4025 2178 4062 sam
2204 4025 2427 4080 quoque
2459 4011 2712 4078 regulam
2741 4011 3042 4066 custodire.

2129 4097 2287 4151 Hanc
2323 4115 2456 4168 ergo
2493 4115 2682 4152 vocem
2712 4099 3048 4154 Pachomius
3090 4100 3296 4156 mentis
3326 4101 3658 4157 sinceritate

2058 4185 2397 4253 discernens,
2432 4204 2600 4258 quam
2651 4187 2731 4242 illi
2761 4187 2948 4242 divina
2987 4189 3172 4258 gratia
3210 4195 3268 4244 et
3295 4191 3498 4246 merita
3525 4191 3659 4247 vitae

2059 4276 2429 4342 contulerant,
2463 4277 2688 4346 agnovit
2711 4277 2783 4332 ad
2831 4293 2891 4330 se
2932 4277 3152 4332 ccelitus
3190 4278 3454 4346 delatam,
3489 4297 3658 4350 regu-

381 4379 487 4434 bus
516 4375 769 4431 animum
799 4385 1022 4428 servare
1049 4367 1399 4438 pervigilem,
1439 4368 1602 4438 juxta
1646 4367 1786 4424 illud
1827 4370 1973 4440 quod
1995 4363 2251 4460 Dlasque
2282 4365 2440 4418 valde
2469 4365 2752 4419 mirabiles
2781 4365 3134 4436 approbavit.
3192 4367 3346 4422 Tunc
3394 4384 3658 4424 reversus

371 4468 653 4539 'scriptum
666 4467 754 4517 est
767 4479 778 4514 :
798 4457 968 4516 Omni
980 4455 1232 4512 custodia
1241 4472 1400 4510 serva
1409 4473 1504 4509 cor
1515 4462 1676 4510 tuum
1693 4459 1817 4522 (Pro
1825 4475 1869 4512 ι’.
1880 4461 1946 4525 Iv)
1959 4500 1972 4514 .

381 4557 691 4619 Intantum,
725 4554 790 4606 ut
817 4564 945 4604 eum
974 4561 1142 4602 senex
1171 4544 1474 4598 miraretur
1517 4545 1809 4614 attonitus,
1843 4549 1978 4618 quia

381 4661 497 4700 non
522 4644 702 4699 solum
745 4641 1070 4695 consuetam
1107 4633 1458 4690 abstinentiae
1501 4635 1753 4704 regulam
1793 4637 1978 4690 alacer

385 4733 729 4788 extrinsecus
781 4723 1226 4797 exsequebatur,
1277 4721 1375 4776 sed
1421 4721 1592 4776 etiam
1640 4722 1976 4779 intrinsecus

385 4817 786 4875 conscientiam
815 4832 976 4875 suam
999 4815 1163 4885 juxta
1191 4810 1502 4866 ccelestium
1532 4811 1769 4866 formam
1791 4813 1976 4868 stude-

385 4909 484 4963 bat
509 4907 729 4977 exigere
757 4904 1136 4976 purissimam,
1169 4901 1314 4956 sicut
1337 4899 1533 4956 beatus
1559 4901 1858 4972 Apostolus
1887 4903 1978 4956 di-

383 4999 499 5052 cit:
534 4995 728 5051 Gloria
756 4999 949 5048 nostra
974 4992 1092 5048 haec
1132 4995 1236 5056 est,
1273 4989 1658 5050 testimonium
1695 4991 1976 5046 conscien-

382 5087 478 5142 tia
502 5090 708 5142 nostrae
733 5084 820 5154 (ΙΙ
845 5083 965 5137 Cor.
997 5083 1056 5146 il,
1097 5085 1283 5134 certus
1321 5096 1388 5134 ex
1431 5079 1536 5134 hoc
1570 5096 1838 5149 magnam
1869 5080 1974 5136 sibi

381 5175 441 5231 in
470 5172 787 5230 caelestibus
819 5186 1017 5242 parare
1047 5170 1382 5224 mercedem.
1424 5170 1570 5223 Nam
1599 5173 1657 5222 et
1683 5185 1809 5222 cum
1833 5168 1972 5222 divi-

381 5281 484 5320 nas
510 5263 827 5332 Scripturas
847 5260 1078 5328 legeret,
1103 5257 1496 5328 memoriaeque
1518 5257 1833 5324 mandaret,
1860 5275 1972 5312 non

378 5354 436 5408 id
457 5351 664 5426 passim
675 5348 1136 5421 negligenterque
1153 5345 1407 5411 faciebat,
1423 5347 1518 5400 sed
1531 5364 1703 5404 unum
1711 5347 1971 5418 quodque

382 5448 722 5515 praeceptum
751 5438 988 5493 solerter
1016 5435 1358 5501 examinans,
1391 5451 1456 5488 ac
1499 5435 1592 5506 pia
1629 5441 1816 5490 mente
1847 5452 1970 5507 per-

373 5539 640 5595 tractans,
675 5526 939 5584 studebat
966 5525 1025 5580 in
1054 5523 1174 5580 dies
1203 5539 1372 5594 opere
1399 5525 1686 5594 perﬁcere,
1705 5541 1827 5596 quae
1847 5541 1966 5579 me-

372 5622 555 5684 moria
578 5616 918 5684 retentabat.
953 5612 1236 5685 Praecipue
1265 5628 1396 5676 vero
1423 5612 1760 5670 humilitatis
1781 5630 1846 5670 ac
1873 5629 1970 5690 pa-

2059 4453 2129 4507 ad
2159 4453 2536 4508 venerabilem
2563 4470 2754 4508 senem
2792 4455 3184 4522 Palaemonem,
3226 4457 3419 4512 retulit
3450 4475 3655 4532 quem-

2057 4541 2359 4598 admodum
2387 4559 2519 4596 voce
2541 4543 2812 4598 sitdivina
2830 4545 3224 4612 commonitus,
3257 4545 3558 4601 obsecrans
3587 4557 3657 4604 ut

2057 4647 2248 4688 secum
2278 4632 2489 4702 pariter
2500 4634 2718 4686 veniret
2741 4633 2811 4686 ad
2839 4633 3025 4688 locum
3055 4650 3164 4704 quo
3185 4637 3656 4706 possentDomini

2057 4721 2323 4776 mandata
2352 4722 2592 4794 explere.
2623 4721 2731 4786 Qui
2764 4722 2959 4776 nolens
2984 4739 3113 4776 eum
3142 4723 3200 4777 in
3229 4724 3416 4796 aliquo
3444 4728 3659 4782 contri-

2059 4815 2228 4877 stare,
2252 4815 2446 4882 utpote
2470 4810 2860 4864 charissimum
2881 4811 3077 4878 ﬁlium,
3097 4813 3354 4883 precibus
3369 4815 3658 4885 ejusillico

2058 4899 2266 4973 paruit.
2299 4906 2467 4970 atque
2496 4900 2566 4954 ad
2593 4899 2880 4971 praefatam
2911 4900 3099 4956 villam
3127 4918 3256 4960 cum
3277 4919 3342 4958 eo
3372 4905 3654 4976 pervenit,

2058 4988 2446 5060 modicamque
2459 4988 2536 5042 ibi
2547 4989 2806 5042 cellulam
2823 4994 3228 5058 construentes,
3246 4991 3662 5050 laetabanturin

2056 5077 2315 5142 Domino,
2346 5077 2780 5149 promissionum
2811 5079 2932 5150 ejus
2956 5078 3228 5134 beneﬁcia
3240 5082 3659 5151 praestolantes.

2055 5166 2191 5222 Post
2221 5166 2573 5237 aliquantum
2593 5183 2721 5220 vero
2751 5167 3022 5240 temporis
3043 5167 3124 5222 ait
3152 5169 3517 5226 Palaemonad
3541 5171 3662 5225 Pa-

2055 5255 2336 5309 chomium
2365 5273 2376 5307 :
2411 5255 2688 5318 Quoniam
2712 5273 2879 5312 cerno
2907 5257 3152 5327 gratiam
3169 5275 3204 5312 a
3221 5259 3338 5312 Deo
3359 5258 3460 5314 tibi
3481 5260 3662 5316 colla-

2053 5351 2191 5409 tam,
2215 5351 2271 5398 et
2285 5344 2546 5415 deinceps
2564 5344 2690 5398 istic
2715 5362 3044 5416 permanere
3064 5346 3336 5418 disponis,
3359 5349 3504 5413 veni.
3530 5355 3660 5403 sta-

2051 5439 2277 5488 tuamus
2309 5434 2458 5488 inter
2484 5451 2586 5488 nos
2615 5439 3060 5506 pactum,utnon
3076 5435 3392 5492 dividamur
3410 5437 3480 5491 ab
3509 5437 3659 5492 invi.

2049 5539 2188 5590 cem,
2225 5522 2322 5576 sed
2351 5523 2604 5594 quandiu
2634 5523 2694 5580 in
2719 5523 2830 5578 hac
2846 5524 2971 5582 luce
2999 5541 3308 5596 versamur,
3322 5525 3656 5583 visitatione

2049 5629 2152 5674 nos
2179 5612 2532 5671 consolemur
2547 5613 2790 5672 assidua.
2805 5613 3070 5690 Utrisque
3083 5615 3424 5687 placuithaec
3434 5616 3655 5690 pact-io,
