4004 6196
328 342 434 405 ‘237

1096 350 1267 407 VITA
1305 354 1563 417 SANCTI
1602 356 1958 417 PACHOMII
1996 354 2301 417 ABBATIS
2337 352 2855 417 TABENNENSIS.

3497 351 3606 421 238

337 486 510 540 quam
545 474 700 529 omni
746 480 999 547 tempore
1054 478 1181 537 vitae
1209 497 1328 537 suae
1369 490 1486 539 tam
1530 484 1728 544 beatus
1766 502 1934 543 senex
1952 490 2194 556 Aptum.
2231 485 2340 541 Sed
2372 484 2568 543 beatus
2598 484 2934 542 Pachomius
2954 485 3025 541 ad
3054 485 3467 546 humiliandum
3490 503 3607 545 cor-

333 575 505 630 quam
536 560 735 619 beatus
775 565 1111 623 Pachomius
1147 569 1441 629 sollicitius
1486 580 1618 630 sunt
1665 574 1928 633 eXSecuti.

405 693 540 747 Car.
566 696 948 751 XIII.—Inter
968 699 1085 754 haec
1111 703 1444 759 venerabilis
1473 706 1621 761 idem
1659 709 1934 764 Palaemon

334 782 531 836 dolore
564 785 788 854 splenis,
825 787 920 857 qui
949 805 1014 841 ex
1040 790 1216 844 nimia
1245 794 1592 848 continentia
1622 795 1703 850 illi
1735 814 1932 867 prove-

335 877 519 936 nerat,
555 877 674 926 toto
707 892 938 946 corpore
974 878 1133 947 gravi
1155 881 1323 951 ccepit
1351 883 1698 952 aegritudinis
1726 886 1936 940 incom-

335 960 506 1013 modo
532 960 810 1017 laborare.
856 966 1003 1019 Nam
1033 967 1293 1022 sumebat
1319 987 1518 1036 escam,
1570 979 1705 1043 potu
1735 975 1937 1046 szepius

335 1047 662 1117 abstinens;
694 1053 830 1105 item
853 1054 1204 1110 solummodo
1225 1057 1467 1125 bibebat,
1498 1061 1639 1115 nihil
1669 1063 1775 1116 cibi
1808 1081 1935 1135 per-

335 1136 572 1207 cipiens.
600 1140 1033 1212 Rogatusigitur
1060 1145 1129 1198 ab
1155 1147 1434 1218 aliquibus
1454 1149 1741 1218 fratribus,
1759 1153 1936 1222 quiad

336 1242 466 1279 eum
494 1228 683 1297 gratia
710 1230 1047 1287 visitationis
1068 1235 1427 1303 advenerant,
1460 1255 1530 1291 ne
1561 1240 1783 1309 penitus
1805 1258 1937 1294 cor-

337 1332 445 1385 pus
476 1316 660 1371 debile
679 1317 983 1389 frangeret,
1008 1323 1103 1376 sed
1132 1324 1181 1377 ei
1203 1325 1617 1396 aliquantulum
1638 1330 1822 1383 solatii
1845 1348 1938 1401 pa-

337 1409 561 1458 teretur
588 1406 859 1478 impendi,
893 1411 1118 1465 tandem
1157 1414 1324 1467 cessit
1360 1417 1670 1482 orantibus,
1702 1424 1767 1471 ut
1790 1419 1937 1473 victu

337 1509 595 1564 congruo
623 1502 917 1551 attenuata
953 1500 1206 1554 membra
1233 1503 1524 1558 refoveret.
1558 1506 1663 1560 Sed
1694 1524 1803 1561 non
1833 1508 1939 1562 hoc

335 1582 554 1637 diutius
575 1586 823 1654 pertulit.
845 1588 985 1641 Nam
1007 1590 1290 1659 graviores
1308 1593 1471 1647 solito
1489 1594 1708 1648 dolores
1729 1597 1937 1666 splenis

334 1677 621 1740 expertus,
658 1674 851 1727 relicta
888 1675 1137 1730 ciborum
1180 1678 1495 1746 insolentia,
1539 1683 1605 1735 ad
1641 1684 1935 1754 antiquum

333 1759 546 1813 victum
576 1762 696 1815 sine
712 1763 980 1819 dilatione
1001 1766 1318 1831 revertitur,
1343 1770 1552 1823 dicens:
1579 1771 1636 1825 Si
1661 1779 1939 1845 martyres

334 1848 546 1903 Christi
576 1851 673 1903 alii
698 1868 801 1922 per
824 1853 1003 1907 frusta
1031 1855 1281 1923 lacerati,
1306 1858 1401 1911 alii
1423 1859 1602 1931 capite
1626 1862 1770 1928 caesi,
1803 1879 1939 1916 non-

333 1939 472 1992 nulli
496 1940 672 1993 etiam
692 1941 914 2011 ignibus
930 1950 1063 1997 sunt
1090 1946 1342 2013 cremati,
1368 1952 1422 2001 ct
1448 1953 1638 2003 tamen
1668 1966 1846 2023 usque
1866 1952 1937 2006 ad

335 2028 506 2081 finem
553 2030 778 2084 fortiter
791 2046 893 2101 pro
920 2032 1028 2086 ﬁde
1056 2034 1455 2104 toleraverunt,
1481 2055 1582 2092 cur
1602 2056 1702 2109 ego
1725 2040 1938 2111 patien-

329 2117 421 2171 tia:
452 2118 708 2188 praemia,
756 2121 943 2190 parvis
977 2122 1184 2176 cedens
1221 2124 1526 2192 doloribus,
1576 2128 1938 2202 impatienter

327 2205 620 2275 abjiciam,
648 2213 704 2261 et
720 2207 997 2264 desiderio
1018 2211 1141 2265 vitro
1162 2215 1454 2282 praesentis
1474 2216 1803 2271 atﬂictiones
1823 2235 1938 2273 mo-

327 2301 669 2350 mentaneas
689 2297 936 2352 inaniter
964 2304 1352 2371 expavescam?
1378 2304 1629 2376 Denique
1655 2307 1937 2361 suadenti-

328 2382 434 2438 bus
448 2386 706 2456 acquievi
729 2387 879 2441 cibos
894 2388 1147 2443 insolitos
1174 2408 1415 2457 sumere,
1441 2394 1537 2463 qui
1557 2393 1695 2447 mihi
1718 2395 1937 2449 dolores

327 2480 618 2528 auxerunt
646 2476 834 2547 potius
865 2494 1032 2549 quam
1056 2480 1230 2533 ullam
1259 2482 1508 2551 requiem
1534 2484 1936 2553 praestiterunt.

328 2563 646 2618 Recurram
677 2566 853 2636 igitur
881 2567 951 2620 ad
983 2569 1166 2639 prisca
1196 2570 1462 2635 remedia,
1498 2577 1554 2625 et
1577 2573 1935 2627 continentiae

325 2651 588 2706 subsidia
618 2670 730 2707 non
756 2655 1093 2727 relinquam,
1118 2657 1174 2711 in
1201 2658 1404 2729 quibus
1426 2665 1511 2713 est
1537 2662 1621 2729 (ut
1634 2678 1736 2731 ego
1748 2668 1935 2717 certus

325 2746 480 2810 sum)
510 2743 700 2796 omnis
719 2751 848 2814 post
875 2746 1056 2799 Deum
1078 2748 1302 2819 requies
1333 2754 1389 2802 et
1411 2767 1543 2803 vera
1572 2751 1782 2804 laetitia.
1808 2752 1933 2806 Non
1978 2786 1982 2792 -

326 2831 480 2884 enim
497 2836 732 2902 propter
744 2833 1004 2888 homines
1029 2835 1143 2889 haec
1157 2854 1316 2891 arma
1327 2839 1564 2910 suscepi,
1592 2840 1686 2892 sed
1701 2839 1936 2895 obamo-

324 2937 447 2973 rem
482 2920 698 2975 Christi
718 2922 808 2975 his
837 2934 1052 2979 certare
1073 2925 1341 2996 disposui.
1370 2927 1459 2981 Sic
1479 2928 1670 2999 itaque
1699 2928 1938 2983 viriliter

324 3025 525 3078 agens,
558 3009 710 3063 intra
739 3027 991 3066 mensem
1016 3013 1238 3067 dierum
1277 3014 1456 3068 valido
1485 3015 1756 3086 languore
1801 3033 1933 3071 con-

325 3105 595 3170 sumptus
619 3104 725 3155 est.
758 3102 843 3155 Ad
875 3119 1042 3172 quem
1072 3103 1406 3157 Pachomius
1434 3104 1679 3170 veniens,
1716 3105 1935 3160 fovebat

325 3205 459 3242 eum
485 3196 553 3243 ut
582 3195 822 3262 patrem,
849 3191 1178 3245 deosculans
1204 3193 1373 3264 pedes
1402 3195 1543 3263 ejus,
1585 3200 1754 3265 atque
1783 3173 1990 3248 com-C

324 3277 586 3348 plectens
616 3297 629 3345 ;
664 3285 722 3333 et
748 3279 917 3333 veluti
949 3281 1298 3347 valefaciens,
1354 3282 1432 3335 sic
1466 3299 1594 3335 eum
1648 3282 1939 3337 videbatur

325 3368 490 3420 aﬂari
503 3408 515 3419 .
532 3368 882 3422 Venerabilis
896 3376 1085 3424 autem
1103 3371 1447 3436 senex,omni
1464 3372 1735 3425 virtutum
1752 3373 1935 3442 gratia

325 3458 677 3522 cumulatus,
711 3466 769 3511 et
818 3459 1019 3529 plenus
1064 3459 1299 3524 dierum,
1335 3460 1478 3514 sicut
1510 3461 1778 3531 scriptum
1827 3467 1930 3529 est,

326 3546 547 3616 quievit
583 3545 642 3599 in
665 3563 802 3617 pace
833 3550 947 3609 (Job
976 3556 1130 3617 XLII).
1156 3550 1312 3603 Tunc
1341 3556 1569 3604 sanctus
1596 3551 1933 3605 Pachomius

326 3651 538 3706 corpus
562 3637 686 3706 ejus
715 3637 969 3707 sepelivit
1000 3655 1011 3690 :
1047 3640 1207 3708 cujus
1233 3638 1423 3692 anima
1464 3645 1723 3710 suscepta
1749 3640 1934 3695 choris

327 3724 626 3792 angelicis,
661 3724 731 3777 ad
753 3725 920 3778 cmlos
949 3730 1138 3780 evecta
1166 3732 1269 3781 est.
1299 3728 1421 3794 Quo
1441 3734 1690 3797 peracto,
1714 3728 1928 3783 Pacho-

326 3812 483 3866 mius
512 3812 583 3865 ad
615 3813 906 3884 proprium
919 3814 1286 3870 diversorium
1309 3817 1634 3874 revertitur.

403 3947 518 4001 CAP
531 3991 545 4004 .
574 3947 719 4003 XIV.
732 3976 784 3988 —
796 3949 987 4005 Etnon
1002 3955 1128 4021 post
1143 3951 1385 4005 multum
1402 3951 1691 4022 temporis,
1713 3969 1929 4022 germa-

326 4051 443 4089 nus
477 4035 619 4105 ejus,
669 4037 914 4093 Joannes
961 4038 1207 4105 nomine,
1240 4045 1441 4097 cuncta
1467 4039 1538 4094 de
1583 4040 1679 4095 illo
1703 4058 1927 4112 compe-

326 4123 509 4184 riens,
526 4125 680 4180 venit
703 4126 774 4179 ad
798 4142 948 4182 eum.
976 4126 1155 4191 Quem
1182 4144 1308 4182 cum
1337 4128 1579 4195 vidisset,
1600 4129 1824 4198 gavisus
1843 4134 1929 4185 est

323 4213 449 4283 plm
464 4213 665 4269 imum.
697 4215 841 4271 Nam
862 4232 927 4271 ex
948 4232 1060 4286 quo
1076 4215 1390 4289 baptizatus
1410 4217 1470 4275 in
1491 4217 1778 4275 Christum
1816 4234 1931 4275 cre-

2015 591 2120 645 pus
2141 574 2427 644 proprium
2448 573 2719 629 induebat
2742 591 2800 628 se
2824 574 3156 647 plerumque
3175 575 3372 633 cilicio.

2088 663 2157 719 Et
2182 678 2283 733 per
2311 679 2489 717 annos
2518 661 2855 732 quindecim,
2882 669 3009 732 post
3022 663 3147 718 illos
3169 663 3426 736 ingentes
3443 665 3608 725 sudo-

2017 766 2107 807 res
2127 756 2296 821 atque
2327 750 2546 806 labores
2558 750 2787 807 eximios
2814 750 3132 821 vigiliarum
3155 757 3212 809 et
3231 752 3604 818 abstinentia,

2018 854 2129 893 non
2154 840 2350 908 jacens
2364 855 2625 893 somnum
2650 837 2906 910 capiebat
2920 839 3193 908 noctibus,
3218 842 3316 898 sed
3335 841 3394 899 in
3424 841 3608 900 medio
3672 894 3681 899 .

2018 927 2230 985 cellulae
2252 944 2367 985 suae
2383 927 2656 993 residens,
2678 927 2817 982 adeo
2844 933 2910 982 ut
2929 944 3031 999 nec
3059 928 3285 985 dorsum
3302 930 3502 987 saltem
3514 947 3610 1003 pa-

2019 1016 2144 1071 rieti
2172 1033 2271 1086 pro
2303 1015 2711 1073 sustentatione
2739 1016 3053 1072 reclinaret.
3087 1018 3341 1089 Cumque
3360 1019 3528 1077 nimis
3543 1035 3611 1077 ex

2020 1104 2121 1159 hoc
2160 1104 2508 1175 afﬂigeretur
2529 1144 2542 1171 ,
2584 1104 2799 1159 ferebat
2826 1110 3016 1163 tamen
3046 1106 3435 1179 aequanimiter
3461 1108 3611 1167 hunc

2019 1193 2287 1258 laborem,
2311 1211 2408 1265 spe
2430 1194 2842 1266 quodammodo
2856 1194 3155 1267 praelibans
3165 1195 3321 1251 illam
3332 1196 3588 1270 requiem
3600 1241 3612 1264 ,

2020 1299 2143 1353 quae
2186 1282 2293 1339 sibi
2331 1282 2634 1353 parabatur
2659 1284 2719 1339 in
2748 1283 2923 1339 ocelis.
2957 1284 3340 1345 Plurimomm
3368 1301 3612 1358 namque

2021 1372 2254 1427 Patrum
2278 1372 2636 1427 considerans
2648 1372 2925 1441 instituta,
2944 1373 3114 1431 dabat
3124 1390 3346 1446 semper
3360 1390 3607 1447 operam,

2020 1477 2146 1517 cum
2169 1461 2394 1531 proprio
2408 1461 2580 1517 fratre
2609 1462 2680 1517 ad
2696 1463 2915 1532 majora
2928 1462 3153 1519 virtutis
3164 1468 3469 1533 augmenta
3488 1480 3615 1521 con-

2019 1565 2269 1618 surgere.
2301 1549 2692 1619 Operabantur
2716 1550 2887 1605 etiam
2910 1551 3125 1619 sedilia,
3158 1557 3215 1609 et
3230 1551 3616 1624 unusquisque

2019 1637 2165 1690 sicut
2192 1638 2521 1707 poterat,ita
2545 1638 2914 1705 vivebat,cum
2944 1656 3167 1694 summa
3191 1640 3406 1697 scilicet
3430 1640 3613 1699 humi-

2020 1726 2180 1781 litate
2212 1732 2268 1781 et
2289 1727 2576 1797 patientia,
2609 1732 2667 1783 et
2686 1727 2793 1781 fide
2818 1744 2931 1783 non
2960 1729 3108 1785 ﬁcta.

1961 1812 2006 1870 B
2092 1814 2222 1871 CAP.
2258 1815 2376 1873 XV.
2394 1845 2439 1856 «-
2454 1816 2609 1873 Inter
2623 1816 2740 1869 haec
2763 1816 3099 1872 Pachomius
3110 1816 3318 1873 iterum
3339 1816 3604 1874 divinitus

2019 1903 2355 1958 admonetur
2382 1920 2483 1974 pro
2518 1904 2725 1975 regulis
2755 1904 2957 1977 quibus
2984 1905 3255 1963 deberent
3273 1904 3493 1963 institui
3514 1906 3614 1979 qui

2019 1998 2181 2047 erant
2210 2009 2309 2063 per
2328 2009 2460 2047 eum
2480 1993 2717 2051 Domino
2729 1994 3016 2063 credituri;
3035 1994 3318 2067 coepitque
3337 2010 3467 2051 cum
3488 2010 3613 2067 ger-

2020 2097 2188 2137 mano
2219 2099 2320 2135 suo
2360 2082 2746 2141 habitaculum
2776 2084 2834 2140 in
2867 2100 2976 2155 quo
3015 2084 3323 2140 manebant
3349 2083 3609 2156 capacius

2018 2170 2274 2236 reddere,
2307 2177 2365 2227 et
2389 2171 2636 2228 aediﬁciis
2664 2172 2935 2243 ampliare
2949 2172 3398 2245 quamplurimis,
3420 2189 3615 2231 eorum

2022 2259 2103 2327 (ut
2116 2259 2373 2326 diximus)
2386 2261 2571 2330 gratia
2583 2260 2679 2331 qui
2699 2261 2898 2315 saeculo
2910 2262 3317 2328 renuntiantes,
3345 2268 3385 2331 ι
3410 2268 3447 2332 Ι
3466 2268 3525 2331 8
3543 2264 3614 2323 ad
3696 2276 3703 2281 '

2019 2347 2373 2405 serviendum
2409 2348 2630 2409 Christo
2660 2354 2823 2405 erant
2847 2348 2968 2405 sine
2986 2348 3339 2407 dubitatione
3360 2351 3611 2419 venturi;

2023 2441 2302 2507 quatenus
2341 2442 2529 2493 essent
2556 2438 2739 2509 spatia
2770 2438 2943 2508 digna
2971 2437 3350 2497 membrorum
3372 2437 3520 2510 '(l9),
3554 2441 3615 2499 in

2023 2523 2225 2596 quibus
2276 2542 2471 2581 eorum
2504 2526 2682 2596 possit
2723 2526 2895 2597 recipi
2937 2526 3256 2585 multitudo.
3290 2528 3433 2585 Cum
3479 2545 3612 2602 ergo

2016 2619 2244 2670 sanctus
2268 2615 2607 2670 Pachomius
2624 2615 2683 2668 in
2698 2616 2902 2685 majus,
2926 2621 2988 2673 ut
3008 2615 3219 2673 dictum
3242 2622 3345 2685 est,
3362 2616 3612 2675 locorum

2016 2703 2262 2760 ambitus
2282 2704 2625 2770 extenderet,
2648 2705 3037 2761 etmonasterii
3056 2704 3312 2771 membra
3330 2706 3610 2772 dilataret,

2017 2792 2166 2847 idem
2191 2793 2367 2849 frater
2394 2794 2516 2864 ejus
2535 2793 2899 2849 solitudinem
2919 2799 3090 2864 atque
3120 2793 3506 2853 anachoresim
3517 2811 3612 2853 co-

2017 2881 2225 2952 gitans,
2248 2881 2550 2937 habitaculi
2569 2882 2839 2953 diligebat
2860 2883 3178 2953 angustias;
3201 2888 3259 2941 et
3283 2882 3613 2943 nimiumin-

2017 2970 2185 3040 digne
2200 2970 2405 3036 ferens,
2427 2977 2550 3025 erat
2565 2971 2716 3028 enim
2733 2977 2873 3029 natu
2894 2972 3094 3043 major,
3116 2971 3197 3026 ait
3214 2970 3378 3028 beato
3392 2973 3608 3029 Pacho-

2016 3058 2148 3114 mio:
2171 3059 2375 3114 Desine
2395 3059 2465 3113 ab
2492 3060 2596 3115 hac
2614 3060 2926 3117 intentione
2941 3070 3059 3128 tua;
3084 3060 3219 3133 quid
3237 3060 3358 3135 agis
3377 3077 3498 3117 rem
3521 3078 3613 3118 su-

2015 3149 2312 3218 perﬂuam,
2333 3148 2579 3203 inaniter
2607 3148 2970 3222 temetipsum
2988 3149 3224 3203 dilatare
3244 3149 3607 3211 contendens.

2019 3235 2126 3301 Qui
2155 3252 2283 3291 cum
2315 3237 2430 3292 haec
2458 3236 2724 3301 audisset,
2768 3236 3014 3307 graviter
3044 3237 3271 3308 quidem
3301 3237 3433 3294 tulit
3461 3237 3610 3313 quod

2017 3324 2301 3381 insolitam
2323 3325 2575 3380 audisset
2596 3325 2883 3398 injuriam;
2907 3331 3297 3381 verumtamen
3325 3326 3465 3383 nihil
3492 3343 3610 3385 om-

2017 3414 2151 3471 nino
2181 3414 2232 3468 ei
2253 3414 2561 3485 respondit,
2577 3414 2674 3468 sed
2705 3418 2998 3467 mansuete
3012 3412 3318 3478 sustinens,
3336 3430 3460 3471 sese
3479 3430 3608 3471 con-

2015 3502 2204 3556 tinuit.
2238 3502 2617 3574 Consequenti
2660 3518 2792 3556 vero
2821 3506 2983 3556 nocte
3012 3501 3082 3555 ad
3116 3500 3381 3556 inferiora
3408 3502 3608 3559 domus

2015 3591 2376 3655 descendens,
2409 3593 2574 3662 cujus
2601 3590 2851 3662 aliquam
2880 3596 3099 3662 partem
3139 3590 3257 3661 ipse
3285 3596 3607 3648 construxe-

2016 3686 2122 3745 rat,
2140 3681 2439 3751 prostravit
2461 3697 2523 3734 se
2541 3681 2599 3735 in
2614 3680 2946 3747 orationem;
2980 3680 3260 3753 carpitque
3290 3682 3425 3736 ﬂere
3447 3682 3607 3739 vehe-

1962 3842 1973 3847 _
2011 3776 2247 3839 menter,
2273 3786 2340 3824 ac
2367 3769 2583 3824 dicere:
2620 3770 2715 3825 Va:
2740 3769 2901 3835 mihi,
2935 3769 3069 3843 quia
3094 3769 3396 3841 prudentia
3422 3770 3611 3830 carnis

2010 3858 2192 3913 adhuc
2220 3858 2279 3912 in
2307 3876 2397 3912 me
2444 3858 2554 3912 sibi
2578 3859 2835 3915 vendicat
2870 3858 3078 3919 locum.
3110 3858 3311 3915 Adhuc
3344 3859 3495 3915 enim
3523 3878 3607 3916 sc-

2011 3948 2257 4003 cundum
2284 3964 2512 4002 carnem
2534 3947 2780 4014 ambulo,
2814 3948 3151 4023 sicutnuper
3169 3954 3431 4023 expertus
3456 3966 3604 4009 sum.

2010 4035 2202 4091 Tantae
2240 4052 2485 4108 namque
2516 4036 2953 4095 conversationis
2980 4036 3245 4093 instituta
3273 4038 3601 4111 suscipiens,

2009 4141 2232 4203 aequum
2260 4141 2373 4181 non
2402 4130 2491 4180 est
2516 4131 2580 4183 ut
2599 4143 2688 4182 me
2706 4126 2870 4183 modo
2886 4126 3244 4200 impatientia
3271 4128 3600 4203 praecipitet,

2011 4202 2177 4271 modo
2205 4229 2413 4273 mceror
2448 4220 2627 4280 vexet,
2659 4215 2824 4271 modo
2862 4215 3021 4270 furor
3045 4215 3309 4286 exagitet,
3352 4202 3604 4291 quamvis

323 4302 574 4368 diderat,
591 4309 648 4358 et
658 4303 972 4360 solitariam
985 4305 1161 4361 vitam
1179 4305 1444 4375 elegerat.
1462 4307 1681 4363 nullum
1696 4323 1928 4363 suorum
2006 4303 2137 4373 jure
2167 4319 2231 4357 ac
2261 4303 2463 4359 merito
2475 4303 2860 4361 videarirasci.
2895 4304 3163 4362 Miserere
3178 4305 3308 4371 mei,
3344 4306 3600 4373 Domine,

325 4390 556 4445 viderat
582 4392 1044 4463 propinquorum.
1070 4394 1251 4464 Igitur
1273 4396 1537 4461 Joannes,
1572 4401 1637 4450 ut
1663 4412 1791 4453 vere
1819 4396 1930 4453 Pa-
1950 4408 2081 4467 Due
2107 4408 2352 4463 peream,
2378 4408 2451 4446 ne
2473 4391 2682 4449 diaboli
2708 4392 2975 4464 deceptus
2993 4392 3191 4449 fraude
3219 4394 3598 4453 succumbam.

326 4478 545 4536 chomii
570 4480 765 4548 frater,
811 4481 1063 4537 imitator
1101 4483 1222 4552 ejus
1252 4483 1501 4547 effectus,
1534 4501 1664 4539 cum
1706 4501 1774 4539 eo
1800 4500 1928 4555 per-

330 4569 570 4635 mansit,
600 4586 780 4626 unum
808 4569 1079 4626 habentes
1101 4571 1365 4642 idemque
1383 4573 1752 4643 propositum,
1778 4591 1936 4633 eum:

329 4658 581 4728 demque
598 4659 745 4715 circa
772 4659 953 4717 Deum
973 4660 1287 4717 dilectionis
1308 4662 1587 4717 atfectum.
1614 4663 1684 4719 Et
1714 4662 1848 4733 quia
1871 4662 1931 4717 in

330 4747 461 4817 lege
502 4747 603 4801 Dei
631 4747 829 4817 diebus
879 4748 1302 4803 meditabantur
1346 4766 1412 4804 ac
1445 4750 1718 4817 noctibus,
1762 4752 1932 4809 nullis

327 4842 695 4893 terrenorum
720 4837 1075 4907 negotiorum
1085 4837 1235 4897 curis
1247 4854 1444 4896 eorum
1458 4838 1635 4895 animi
1656 4839 1934 4910 deprime-

328 4925 562 4981 bantur.
595 4926 741 4982 Nam
771 4926 879 4983 etsi
918 4926 1225 4998 quidquam
1247 4934 1543 5000 supererat
1580 4928 1692 4983 illis
1724 4946 1791 4982 ex
1818 4929 1927 4997 his,

329 5031 461 5085 quae
492 5014 611 5070 suis
628 5014 888 5073 manibus
916 5015 1316 5087 operabantur,
1350 5017 1408 5075 id
1446 5018 1711 5075 continuo
1737 5018 1931 5077 distri-

328 5103 586 5160 buebant
605 5103 920 5175 egentibus;
938 5109 1006 5162 ut
1012 5106 1177 5175 juxta
1194 5111 1535 5178 praeceptum
1559 5106 1783 5163 Domini
1799 5108 1827 5162 J
1833 5124 1931 5163 esu

330 5193 548 5249 Christi
566 5193 638 5250 dc
659 5194 909 5250 crastino
928 5194 1164 5253 minime
1189 5195 1503 5266 cogitarent
1527 5197 1738 5264 (Matth.
1758 5202 1851 5261 vn).
1867 5198 1931 5252 In

331 5288 561 5339 tantum
578 5300 710 5338 vero
721 5272 1182 5341 vestimentorum
1202 5284 1439 5356 penuria
1449 5302 1570 5341 sese
1580 5284 1932 5341 constrinxe-

329 5378 486 5437 rant,
509 5377 578 5428 ut
600 5388 912 5443 numquam
923 5372 1166 5430 lebitone
1187 5373 1298 5429 alio
1323 5379 1636 5439 uterentur,
1671 5373 1777 5429 nisi
1808 5392 1936 5430 cum

330 5462 656 5519 indumenti
683 5463 878 5518 sordes
908 5464 1213 5521 necessitas
1239 5463 1730 5533 coegisseteluere.
1767 5463 1933 5519 Lebi-

330 5557 431 5607 ton
459 5550 579 5621 (18)
610 5557 804 5611 autem
828 5550 979 5609 linea
999 5552 1169 5609 vestis
1191 5557 1332 5619 erat,
1358 5553 1540 5609 instar
1568 5551 1794 5615 colobii,
1825 5568 1937 5622 qua

332 5638 598 5699 monachi
630 5644 874 5701 utuntur
898 5639 1177 5713 hodieque
1198 5656 1299 5715 per
1318 5639 1659 5699 Thebaidem
1686 5644 1745 5695 et
1773 5640 1941 5713 (Egy-

2013 4479 2071 4534 Si
2110 4480 2260 4534 enim
2286 4497 2378 4534 me
2397 4486 2497 4537 tua
2509 4481 2695 4552 gratia
2712 4481 3045 4548 deseruerit,
3071 4486 3130 4538 et
3148 4481 3394 4552 aliquam
3423 4481 3484 4537 in
3512 4498 3603 4539 me

2011 4575 2232 4642 partem
2255 4586 2487 4625 suorum
2518 4575 2746 4626 actuum
2765 4570 3041 4643 repererit
3065 4570 3342 4637 inimicus,
3376 4570 3607 4626 durissi-

2013 4675 2119 4715 mae
2156 4660 2279 4730 ejus
2310 4659 2565 4715 servituti
2613 4659 2899 4730 subjiciar,
2933 4659 3068 4733 quia
3101 4659 3373 4730 scriptum
3394 4667 3480 4717 est
3510 4678 3525 4714 :
3555 4662 3604 4717 Λ

2015 4762 2124 4819 quo
2156 4747 2283 4819 quis
2310 4753 2629 4819 superatur,
2651 4748 2783 4803 huic
2810 4752 2867 4803 et
2886 4763 3077 4803 servus
3097 4746 3377 4805 addicitur
3393 4747 3467 4814 (II
3488 4749 3600 4807 Pet.

2013 4839 2100 4906 ιι).
2134 4836 2203 4893 Et
2221 4836 2428 4893 iterum
2451 4836 2722 4910 scriptum
2743 4841 2856 4891 est:
2886 4836 2943 4891 Si
2956 4840 3137 4891 totam
3164 4836 3345 4909 legem
3366 4835 3607 4909 quisim:

2014 4925 2266 4997 pleverit,
2297 4925 2544 4983 oll‘endat
2579 4931 2771 4980 autem
2798 4924 2857 4980 in
2883 4940 3016 4991 uno,
3038 4924 3218 4979 factus
3247 4930 3335 4981 est
3353 4925 3603 4983 omnium

2014 5031 2145 5070 reus
2167 5014 2307 5086 (Jac.
2342 5018 2426 5083 ιι).
2452 5015 2632 5070 Credo
2665 5054 2681 5082 ,
2719 5014 2958 5071 Domine
2987 5053 3005 5080 ,
3038 5013 3187 5087 quod
3214 5013 3605 5073 miserationes

2014 5108 2125 5160 tuae
2155 5103 2343 5160 multae
2372 5108 2540 5169 sunt;
2584 5118 2708 5176 quae
2750 5119 2840 5158 me
2860 5102 3033 5159 nullis
3060 5103 3277 5161 meritis
3306 5102 3606 5161 subnixum

2013 5191 2638 5264 abjuvabant,viamque
2650 5197 2970 5247 sanctorum
2987 5197 3215 5249 tuorum
3234 5209 3333 5267 per
3343 5192 3612 5251 teillumi-

2014 5288 2181 5336 natus
2208 5280 2494 5352 ingrediar
2517 5299 2530 5345 ;
2564 5286 2622 5335 et
2646 5280 2705 5335 in
2734 5280 3020 5337 anteriora
3047 5298 3138 5341 me
3168 5299 3390 5356 semper
3417 5287 3612 5339 exten-

2018 5369 2176 5433 dens,
2209 5368 2501 5425 obliviscar
2530 5386 2597 5425 ea
2628 5386 2750 5441 quae
2772 5376 2923 5426 retro
2951 5375 3088 5426 sunt
3125 5372 3348 5442 (Philip.
3379 5374 3483 5438 III).
3521 5370 3612 5429 Sic

2019 5458 2169 5512 enim
2198 5458 2538 5513 famulorum
2575 5465 2804 5515 tuorum
2832 5460 3055 5523 chorus,
3087 5460 3186 5533 qui
3214 5459 3315 5514 tibi
3347 5476 3382 5513 a
3410 5459 3611 5517 saeculo

2018 5547 2245 5617 placuit,
2283 5553 2378 5603 luo
2397 5554 2684 5621 protectus
2711 5549 2938 5617 auxilio,
2970 5548 3181 5606 diaboli
3209 5546 3404 5605 vitavit
3430 5547 3613 5603 incur-

2019 5653 2135 5706 sus,
2157 5636 2323 5709 longe
2344 5636 2567 5709 lateque
2584 5654 2686 5714 pro
2714 5638 3024 5699 multorum
3043 5638 3224 5695 salute
3252 5633 3499 5695 mirabili
3524 5636 3617 5690 de-
