4004 6196
423 361 534 424 239
1447 363 1544 420 DE
1578 363 1769 420 vms
1805 322 2103 420 pusum
2135 361 2351 418 LIBER
2386 360 2678 418 PRIMUS.
3595 363 3700 420 240

429 505 560 546 core
570 486 933 561 resplenduit.
952 486 1068 557 Ego
1081 491 1292 554 autem,
1309 486 1566 555 Domine,
1586 487 1865 559 quomodo
1881 486 2023 541 alios
2038 487 2091 548 Α
2105 485 2353 542 nasterio
2394 502 2496 542 suo
2528 503 2701 543 causa
2725 485 2997 542 orationis
3019 485 3092 541 ad
3118 486 3249 541 loca
3264 486 3570 542 remotiora
3597 487 3668 542 de
3685 517 3700 528 -

427 579 630 634 docere
647 576 895 642 tentabo,
927 591 1066 646 quos
1095 591 1196 648 per
1235 589 1326 631 me
1362 577 1432 632 ad
1463 577 1865 632 monachorum
1898 592 2023 648 pro-
2101 575 2386 630 scendere.
2431 576 2538 640 Qui
2575 592 2702 631 cum
2745 575 2945 630 exinde
2987 581 3385 643 reverteretur,
3416 575 3696 630 immundi

428 667 673 740 positum
705 681 901 720 vocare
927 663 1280 736 dignaberis;
1311 682 1438 720 cum
1461 682 1564 720 nec
1591 665 1880 738 passiones
1904 681 2022 719 ear-
2101 663 2333 736 spiritus
2353 664 3004 736 illudentes,frequenter
3018 681 3144 720 eum
3162 665 3308 720 facto
3329 665 3480 719 velut
3501 665 3698 719 ordine

428 755 535 822 nis,
564 771 689 826 qua:
703 754 970 808 adversus
985 753 1231 809 animam
1251 754 1516 822 militant,
1545 760 1676 810 ante
1695 753 2016 818 devicerim,
2101 753 2508 824 praecedebant,
2532 755 2892 809 exhortantes
2923 755 3070 809 alter
3097 754 3358 820 alterum,
3378 755 3538 825 quasi
3563 759 3696 809 ante

425 859 530 899 nec
553 844 736 914 legem
763 847 921 898 tuam
948 841 1309 898 immaculata
1323 849 1510 899 mente
1529 843 1890 898 servaverim?
1908 841 2018 898 Sed
2095 841 2344 912 judicem
2372 843 2600 898 directis
2619 843 2958 914 agminibus,
2978 859 3043 897 ac
3061 843 3330 898 dicentes:
3352 843 3492 897 Date
3511 843 3697 898 locum

425 931 664 999 conﬁdo,
697 932 940 999 Christe,
986 932 1135 1004 quod
1161 937 1262 988 tua
1299 931 1436 987 mihi
1457 933 1632 988 virtus
1669 931 1729 986 in
1758 930 2020 986 omnibus
2100 929 2786 987 hominiDei.Pachomius
2799 939 2988 988 autem
3009 951 3108 1004 spe
3130 933 3338 988 Christi
3359 933 3699 1004 Redempto-

425 1037 649 1093 semper
674 1019 919 1088 assistat,
947 1038 1126 1094 eaque
1140 1038 1335 1092 geram
1365 1039 1488 1093 quae
1507 1021 1622 1076 tuis
1633 1019 2020 1093 conspectibus
2102 1020 2179 1074 ris
2190 1027 2460 1088 armatus,
2479 1021 2783 1093 spernebat
2798 1039 2995 1076 eorum
3017 1021 3624 1092 ridiculosaligmenta,
3645 1027 3701 1076 et

429 1111 708 1183 placeant.
732 1110 1435 1176 Remitte,clementissime
1448 1111 1616 1177 Deus,
1649 1109 2022 1180 remitte,pre-
2101 1125 2167 1162 ac
2193 1108 2242 1163 si
2269 1125 2470 1164 canum
2509 1110 2751 1165 latratus
2803 1111 3185 1182 ineptissimos
3230 1111 3558 1182 deputabat.
3591 1111 3701 1176 Qui

423 1215 540 1265 cor,
573 1198 766 1254 omnia
781 1204 1010 1270 peccata
1029 1215 1172 1265 mea,
1205 1205 1261 1254 et
1271 1216 1368 1254 cor
1377 1215 1567 1254 meum
1590 1205 1692 1253 tua
1704 1198 1920 1269 jugiter
1937 1197 2021 1252 in-
2099 1213 2366 1270 magnam
2384 1197 2486 1254 viri
2505 1198 2926 1254 considerantes
2941 1199 3443 1270 instantiam,quod
3459 1199 3516 1254 in
3539 1200 3696 1254 nullo

425 1287 711 1361 spectione
731 1287 982 1360 puriﬁca.
1006 1288 1136 1342 Haec
1155 1287 1328 1358 igitur
1341 1304 1470 1342 cum
1492 1285 1754 1359 lacrymis
1777 1285 2018 1341 Domino

427 1375 801 1432 conﬁtebatur
829 1381 888 1431 et
913 1376 1157 1444 ﬂetibus,
1198 1381 1322 1431 tota
1347 1381 1512 1432 nocte
1533 1375 1769 1447 pervigil
1799 1375 1859 1430 in
1888 1391 2018 1429 ora-

426 1466 582 1522 tione
599 1464 927 1532 consistens;
953 1469 1012 1520 et
1028 1480 1143 1536 prae
1171 1463 1464 1519 nimietate
1493 1462 1713 1518 sudoris
1741 1467 1912 1534 atque
1941 1461 2020 1516 la-

425 1571 578 1628 crym
584 1570 746 1609 arum
757 1555 911 1622 (nam
921 1557 1146 1626 tempus
1161 1561 1284 1608 erat
1297 1552 1527 1622 aestatis)
1547 1551 1628 1607 ita
1636 1551 2018 1624 pavimentum

423 1643 522 1700 ubi
552 1647 810 1698 oraverat
835 1643 1162 1697 humectum
1186 1641 1450 1709 reddidit,
1484 1647 1548 1696 ut
1576 1641 1700 1695 fusa
1729 1640 1844 1695 illic
1871 1656 2021 1712 aqua

425 1731 769 1786 crederetur.
813 1733 1193 1788 Consueverat
1230 1736 1422 1786 autem
1463 1735 1621 1785 stans
1663 1729 1721 1784 in
1765 1729 2019 1784 oratione

2099 1303 2330 1358 prorsus
2347 1287 2521 1343 tantis
2538 1287 2936 1343 luctaminibus
2953 1288 3328 1359 frangeretur,
3354 1289 3583 1343 irruunt
3608 1306 3702 1345 su-

2099 1391 2202 1447 per
2227 1392 2358 1431 eum
2387 1393 2593 1447 magno
2621 1393 2798 1432 cuneo
2827 1377 3163 1448 conglobati;
3196 1383 3254 1432 et
3282 1377 3698 1432 circumdantes

2100 1465 2224 1536 ejus
2250 1463 2654 1533 habitaculum,
2678 1465 2780 1520 visi
2808 1472 2943 1521 sunt
2957 1465 3094 1520 illud
3116 1483 3150 1520 a
3169 1466 3540 1520 fundamento
3562 1483 3696 1521 con-

2099 1554 2324 1621 vellere,
2347 1554 2427 1608 ita
2455 1559 2521 1608 ut
2546 1559 2773 1626 putaret
2790 1560 3015 1609 sanctus
3043 1555 3232 1610 locum
3271 1555 3496 1626 penitus
3525 1554 3699 1610 fuisse

2099 1643 2428 1715 collapsum.
2451 1643 2557 1709 Qui
2576 1661 2810 1699 manens
2829 1644 3160 1716 intrepidus,
3185 1652 3510 1700 consuetam
3521 1645 3696 1700 citha-

2100 1749 2223 1786 ram
2261 1731 2530 1804 spiritalis
2558 1733 2755 1804 plectri
2779 1734 3159 1788 modulatione
3179 1733 3457 1806 pulsabat,
3479 1733 3694 1804 ingenti

425 1836 627 1875 manus
657 1819 990 1892 expandere,
1023 1837 1163 1891 quas
1191 1836 1292 1892 per
1309 1819 1526 1891 aliquot
1541 1819 1811 1874 horarum
1839 1817 2021 1889 spatia
2043 1804 2234 1876 Bvoce
2261 1822 2591 1877 decantans:
2621 1823 2772 1877 Deus
2786 1829 2978 1878 noster
2998 1804 3278 1893 refugium
3299 1829 3356 1878 et
3373 1823 3568 1889 virtus,
3592 1822 3694 1876 ad-

425 1908 662 1964 minime
689 1909 1006 1978 colligebat;
1041 1909 1138 1964 sed
1168 1909 1490 1964 extensione
1518 1909 1806 1974 diuturna,
1847 1905 2020 1962 veluti
2096 1909 2256 1980 jutor
2280 1910 2340 1964 in
2357 1909 2830 1978 tribulationibus,
2857 1928 2979 1983 quae
3000 1911 3336 1966 invenerunt
3354 1928 3458 1966 nos
3477 1910 3646 1965 nimis
3679 1929 3692 1977 ;

425 1997 576 2053 cruci
611 1999 894 2052 confixum
939 2015 1142 2070 corpus
1186 1997 1466 2053 retinebat
1506 1996 1810 2063 immobile,
1856 2001 1914 2050 et
1940 1995 2021 2050 sic
2101 2003 2520 2070 proptereanon
2539 1999 2866 2054 timebimus
2883 1999 3692 2070 dumturbabiturterra(Psal.

426 2085 682 2143 animum
705 2103 872 2142 suum
897 2087 969 2142 ad
991 2086 1339 2157 vigilandum
1365 2086 1422 2141 in
1447 2085 1706 2158 precibus
1719 2083 2014 2140 excitabat.
2101 2093 2246 2151 XLv).
2279 2088 2402 2152 Quo
2429 2088 2722 2160 psallente,
2747 2089 3005 2160 protinus
3029 2089 3278 2144 estfacta
3297 2089 3697 2160 tranquillitas,

427 2175 498 2230 Et
510 2175 766 2247 quamvis
779 2175 992 2230 essetin
1009 2175 1164 2230 emni
1176 2175 1446 2230 virtutum
1465 2191 1672 2246 genere
1683 2179 2019 2246 praepotens,
2103 2181 2160 2230 et
2181 2175 2428 2248 impetus
2456 2176 2812 2232 inimicorum
2841 2178 2992 2232 velut
3011 2177 3200 2233 fumus
3229 2179 3470 2234 evanuit:
3495 2179 3700 2250 paulu-

424 2263 740 2320 incredibili
763 2270 954 2320 tamen
979 2265 1300 2320 humilitate
1324 2270 1383 2320 et
1403 2264 1549 2319 mira
1590 2261 2021 2318 mansuetudine
2101 2266 2222 2320 lum
2262 2265 2490 2338 quidem
2510 2266 2855 2330 recedentes,
2888 2269 2952 2320 ut
2988 2283 3154 2322 canes
3182 2267 3278 2338 qui
3313 2284 3442 2322 cum
3482 2267 3704 2338 fatigati

424 2369 554 2408 cum
581 2370 685 2409 suo
710 2371 982 2426 germano
993 2353 1337 2421 cohabitans,
1363 2369 1492 2409 eum
1512 2370 1614 2425 per
1641 2353 1835 2408 omnia
1855 2351 2022 2407 susti-
2101 2353 2331 2420 fuerint,
2385 2355 2456 2408 ad
2485 2371 2730 2427 praesens
2753 2355 3015 2411 videntur
3043 2356 3361 2424 abscedere,
3393 2357 3493 2412 sed
3523 2357 3707 2428 impu-

425 2442 612 2498 nebat.
647 2442 757 2508 Qui
784 2459 898 2498 non
928 2449 1055 2515 post
1102 2443 1340 2498 multum
1369 2442 1659 2514 temporis,
1702 2441 1828 2496 vitae
1885 2457 2023 2512 prae-
2103 2441 2386 2497 dentiores
2404 2450 2599 2515 postea
2617 2450 2992 2512 revertuntur;
3015 2462 3147 2500 nam
3161 2446 3454 2500 cumidem
3473 2451 3706 2500 sanctus

425 2532 601 2588 sentis
628 2548 856 2587 cursum
889 2531 1160 2604 implevit.
1189 2532 1364 2602 Cujus
1394 2531 1563 2586 funus
1591 2530 1780 2586 debito
1807 2530 2025 2586 curavit
2104 2536 2234 2603 post
2261 2532 2544 2587 orationes
2573 2533 2644 2588 ad
2676 2551 2816 2605 opus
2845 2534 3073 2589 solitum
3121 2535 3480 2600 consedisset,
3515 2535 3704 2589 instar

427 2623 639 2676 honore
665 2620 1019 2675 Pachomius.
1050 2621 1197 2675 Nam
1238 2624 1418 2674 totam
1448 2625 1668 2674 noctem
1698 2635 1870 2690 super
1896 2620 2018 2690 ejus
2101 2619 2236 2688 galli
2259 2619 2555 2690 gallinacei
2583 2621 2770 2676 nimiae
2805 2622 3211 2693 magnitudinis
3237 2640 3426 2678 coram
3454 2641 3522 2678 eo
3552 2623 3708 2679 visus

433 2709 672 2765 cadaver
697 2709 927 2780 psalmis
944 2709 1060 2780 egit
1085 2708 1423 2781 hymnisque
1440 2707 1788 2780 pervigilem;
1823 2714 1880 2763 et
1909 2708 2026 2763 ani-
2107 2712 2194 2762 est
2220 2707 2498 2775 inimicus,
2535 2709 2758 2764 crebras
2787 2710 3000 2766 iterans
3020 2728 3199 2779 voces,
3227 2717 3285 2766 et
3321 2712 3596 2767 clamores
3622 2712 3710 2766 in-

431 2814 588 2853 mam
619 2797 844 2868 quidem
873 2799 996 2869 ejus
1017 2797 1256 2853 Domino
1272 2797 1703 2864 commendavit,
1717 2797 1807 2852 cui
1831 2803 1888 2852 et
1906 2789 2026 2869 ipse
2107 2797 2362 2852 conditos
2391 2797 2660 2866 excitans;
2692 2799 2894 2854 deinde
2915 2800 3170 2855 insiliens
3199 2800 3258 2855 in
3287 2818 3436 2866 eum,
3467 2801 3588 2856 suis
3611 2818 3708 2855 ve-

428 2886 762 2954 crediderat,
794 2904 997 2958 corpus
1021 2904 1151 2942 vero
1179 2886 1415 2942 sollicite
1444 2886 1690 2942 reddidit
1701 2887 2022 2958 sepulturae.
2109 2885 2195 2940 lut
2221 2886 2504 2958 unguibus
2531 2887 2675 2942 foede
2703 2888 2983 2942 laceravit.
3015 2890 3124 2954 Qui
3151 2890 3310 2961 signo
3339 2891 3520 2945 crucis
3550 2891 3708 2945 fron-

502 2979 636 3034 CAP.
658 2975 1037 3032 XVI.—Tunc
1057 2975 1420 3047 infatigabilis
1435 2974 1770 3030 Pachomius
1783 2981 1938 3030 arcta
1966 2979 2024 3030 et
2103 2979 2220 3028 tem
2247 2990 2409 3029 suam
2439 2975 2717 3042 muniens,
2743 2976 3058 3031 exsufﬂavit
3081 2977 3139 3031 in
3157 2994 3284 3032 eum
3317 2977 3444 3046 (2|),
3463 2995 3708 3050 moxque

433 3069 713 3143 singulari
725 3065 1142 3125 conversatione
1163 3064 1525 3136 semetipsum
1539 3063 1814 3135 atlligens,
1831 3064 2025 3119 stude—
2107 3062 2334 3134 fugatus
2355 3069 2465 3118 est.
2482 3064 2837 3135 Intelligebat
2847 3065 2997 3120 enim
3021 3067 3474 3122 cunctasinimici
3507 3085 3704 3124 versu-

426 3161 524 3217 bat
543 3161 826 3233 integrum
851 3175 911 3212 se
931 3161 1099 3228 atque
1120 3153 1543 3208 immaculatum
1563 3153 1622 3206 in
1651 3152 1911 3208 omnibus
1933 3169 2022 3207 ex-
2036 3151 2239 3262 Gtias;
2270 3158 2328 3207 et
2353 3152 2556 3208 timore
2584 3153 2770 3230 divino
2800 3155 3086 3226 praeditus,
3117 3155 3408 3211 illusiones
3439 3157 3562 3227 ejus
3600 3174 3704 3228 pro

427 3251 504 3262 ..ι
681 3250 736 3262 Α.
941 3245 956 3262 1
1202 3261 1209 3262 ,
1250 3260 1262 3262 -
1311 3259 1421 3262 ,_,,__
1467 3241 1712 3262 4-,,94An!_
1745 3242 2019 3262 ___I_-Am4n
2105 3240 2275 3262 ..ΣΙ-21-
2321 3241 2671 3262 --μ-μ--Α-ι.-ι
2711 3244 2861 3262 ‘lvdj,
2897 3243 2939 3262 ﬂ,
3072 3261 3077 3262 ,
3136 3250 3148 3262 Α
3278 3244 3292 3262 1
3407 3246 3421 3262 1
3591 3247 3626 3262 ιι

427 3251 640 3306 hibere.
681 3250 742 3306 Si
771 3245 996 3322 quando
1027 3260 1270 3316 namque
1299 3259 1428 3298 eum
1457 3241 1720 3314 cogitatio
1745 3240 2087 3314 pulsassct"
2105 3240 2282 3294 nihilo
2313 3241 2692 3313 computabat.
2711 3244 2869 3298 Unde
2894 3243 3220 3316 frequenter
3243 3244 3388 3300 abeo
3407 3246 3702 3300 lacessitus

426 3339 640 3407 illicita,
675 3353 802 3394 mox
833 3353 956 3392 eam
975 3333 1161 3390 divino
1173 3349 1405 3388 munere
1425 3330 1750 3404 repellebat,
1775 3337 1944 3402 atque
1962 3331 2022 3386 in
2103 3328 2162 3382 in
2175 3330 2327 3384 nullo
2347 3330 2618 3385 lacessere
2629 3337 2868 3402 poterat;
2881 3333 2983 3387 sed
2997 3340 3264 3404 tanquam
3279 3335 3704 3406 turrisinexpu-

425 3430 632 3486 timore
659 3425 882 3483 Domini
907 3421 1296 3497 perseverabat
1313 3421 1530 3488 affixus,
1553 3426 1888 3476 aeternarum
1910 3436 2024 3474 me-
2104 3415 2365 3485 gnabilis,
2389 3415 2834 3486 patientissimus
2854 3417 2925 3472 ad
2946 3418 3136 3473 omnia
3165 3419 3474 3473 certamina
3499 3420 3705 3492 perdu-

426 3535 553 3574 mor
589 3533 902 3590 poenarum,
955 3519 1011 3568 et
1039 3513 1297 3566 dolorum
1337 3511 1457 3564 sine
1488 3511 1598 3564 ﬁne
1645 3509 2018 3574 manentium,
2107 3504 2286 3559 rabat.

430 3607 580 3677 ignis
618 3605 832 3660 scilicet
859 3602 1010 3656 illius
1039 3598 1526 3669 inexstinguibilis,
1557 3603 1616 3652 et
1651 3597 1856 3651 vermis
1877 3613 2022 3650 nun-
2176 3595 2391 3650 Rursus
2420 3595 2528 3650 alio
2557 3601 2810 3667 tempore
2837 3595 3094 3650 cohortes
3113 3595 3572 3664 daamonum,tali
3600 3613 3704 3667 ge-

429 3711 600 3766 quam
611 3693 840 3748 omnino
870 3689 1181 3744 morientis.
1205 3688 1348 3742 Cum
1369 3686 1457 3740 his
1479 3686 1670 3757 itaque
1691 3685 2024 3740 Pachomius
2105 3698 2238 3737 nere
2257 3680 2666 3755 phantasmatis
2681 3690 2938 3738 sanctum
2957 3683 3056 3738 Dei
3073 3684 3344 3740 famulum
3355 3690 3574 3741 tentare
3587 3702 3706 3740 mo-

429 3783 612 3837 modis
642 3786 699 3836 et
725 3780 796 3834 ab
821 3777 1030 3834 illicitis
1053 3776 1377 3842 abstineret,
1406 3782 1462 3830 et
1491 3775 1562 3830 ad
1591 3774 1825 3829 meliora
1854 3775 2024 3846 proti-
2108 3770 2343 3826 liuntur.
2376 3772 2574 3829 Plures
2595 3773 2746 3828 enim
2765 3773 3156 3828 convenientes
3176 3775 3233 3828 in
3256 3791 3449 3840 unum,
3481 3773 3705 3828 arboris

428 3872 600 3935 ceret,
631 3865 905 3922 dilatandi
926 3863 1268 3918 monasteria
1293 3878 1486 3917 curam
1497 3861 1732 3933 gerebat
1757 3861 2024 3916 immodi-
2106 3859 2298 3915 folium
2315 3877 2504 3916 coram
2514 3878 2580 3916 eo
2593 3861 3046 3933 magnisfunibus
3062 3863 3324 3933 colligare
3343 3863 3698 3930 videbantur,

429 3972 554 4012 cam
581 3971 682 4028 pro
711 3953 1064 4025 susceptione
1093 3952 1431 4006 multorum:
1463 3950 1555 4005 cui
1582 3949 1838 4006 diabolus
1865 3951 2025 4004 vehe-
2105 3954 2164 4003 et
2189 3966 2406 4004 summo
2430 3951 2725 4005 conanime
2749 3951 2996 4016 trahere,
3021 3951 3218 4005 dextra
3245 3951 3493 4023 laevaque
3515 3953 3702 4008 ductis

429 4051 650 4101 menter
667 4043 838 4116 cmpit
863 4041 1154 4108 obsistere,
1175 4040 1532 4112 stridensque
1548 4056 1718 4111 super
1741 4057 1870 4095 eum
1883 4039 2022 4094 den-
2105 4038 2413 4105 ordinibus;
2437 4055 2504 4094 ac
2530 4056 2654 4094 sese
2683 4044 2880 4094 mutuo
2911 4040 3289 4106 cohortantes,
3325 4041 3405 4094 sic
3435 4040 3702 4096 insistere

425 4134 598 4201 tibus,
635 4132 805 4188 veluti
824 4130 1126 4202 singularis
1153 4130 1305 4185 ferus
1331 4127 1462 4200 (‘20),
1480 4129 1823 4184 tentationes
1843 4129 1895 4183 ei
1922 4144 2023 4182 va—
2104 4125 2444 4195 nitebantur,
2460 4144 2527 4182 ac
2543 4128 2591 4183 si
2613 4128 2805 4199 magni
2829 4127 3031 4199 lapidis
3053 4135 3344 4184 moverent
3358 4129 3578 4200 pondus
3594 4129 3700 4183 im-

427 4223 542 4280 rias
571 4221 866 4288 excitabat,
899 4221 946 4276 si
965 4220 1153 4275 forsan
1189 4218 1458 4274 adversus
1491 4235 1620 4274 eum
1664 4218 1878 4274 fraudis
1906 4234 2021 4273 sua:
2103 4233 2382 4272 mensum.
2400 4217 2519 4272 Hoc
2537 4223 2727 4272 autem
2746 4217 3076 4289 nequissimi
3113 4217 3342 4290 spiritus
3378 4217 3585 4272 idcirco
3621 4217 3702 4273 fa-

425 4313 732 4387 reperisset
754 4310 1091 4382 ingressum.
1122 4308 1231 4365 Sed
1262 4308 1353 4363 hic
1375 4313 1532 4364 scuto
1549 4307 1680 4362 fidei
1709 4306 2023 4363 communio
2103 4305 2342 4373 ciebant,
2374 4311 2441 4360 ut
2466 4310 2714 4360 mentem
2735 4307 2876 4377 ejus,
2904 4306 2950 4361 si
2972 4312 3219 4378 possent,
3249 4307 3309 4361 in
3337 4306 3514 4361 risum
3551 4307 3700 4362 forte

425 4409 539 4471 tus,
569 4401 869 4473 vigilanter
891 4397 1105 4454 inimici
1150 4396 1472 4453 declinabat
1507 4396 1761 4464 insidias,
1795 4401 2019 4452 sanctas
2040 4395 2465 4460 Dresolverent,
2507 4400 2565 4449 et
2611 4395 2930 4450 invenirent
2955 4395 3105 4450 unde
3152 4396 3234 4450 ιίιί
3273 4395 3696 4467 exprobrarent.

426 4491 745 4565 Scripturas
765 4487 1040 4546 memoria
1057 4487 1308 4542 retinens
1336 4491 1506 4558 atque
1533 4486 1859 4542 decantans.
2103 4483 2353 4548 Quorum
2365 4483 3118 4556 Pachomiusimpudentiam
3136 4485 3695 4556 cernens,ingemuit;

497 4583 629 4637 CAP.
660 4581 833 4636 XVII.
857 4608 924 4620 ——
958 4577 1213 4642 Quadam
1227 4593 1358 4630 vero
1386 4575 1496 4642 die,
1529 4593 1657 4630 cum
1687 4575 2022 4631 Pachomius
2104 4577 2272 4644 atque
2301 4572 2373 4626 ad
2399 4572 2702 4634 Dominum
2729 4573 2909 4628 solitis
2939 4573 3196 4644 precibus
3223 4573 3550 4640 convolavit,
3588 4579 3702 4629 sta-

423 4667 766 4741 supplicaret
791 4665 1050 4732 Domino,
1073 4669 1131 4719 et
1146 4663 1510 4735 genuavellet
1534 4663 1592 4717 in
1609 4657 1865 4719 oratione
1893 4680 2022 4718 cur-
2103 4661 2318 4733 timque
2363 4661 2571 4716 virtute
2601 4661 2810 4717 Christi
2837 4667 2992 4717 totus
3021 4679 3218 4718 eorum
3272 4679 3484 4718 cuneus
3511 4668 3599 4718 est
3631 4665 3700 4718 ad

425 4773 576 4824 vare,
603 4763 734 4812 ante
752 4760 1111 4828 conspectum
1139 4755 1261 4825 ejus
1279 4753 1598 4808 daemonum
1627 4753 1926 4824 praestigiis
1945 4753 2023 4807 la-

425 4862 526 4900 cus
553 4845 831 4916 apparuit.
857 4843 1259 4916 Hujuscemodi
1306 4858 1550 4914 namque
1582 4843 1792 4912 ﬁguras
1825 4842 2021 4896 inanes

427 4938 597 5006 atque
613 4934 944 5006 superﬂuas,
971 4933 1148 4988 hostis
1167 4932 1401 4988 humani
1425 4931 1650 5002 generis
1675 4948 1898 5003 semper
1925 4947 2022 4986 ex-

425 5021 617 5078 hibere
643 5021 962 5088 festinabat,
995 5027 1061 5076 ut
1087 5021 1278 5094 aliqua
1322 5020 1684 5092 subreptione
1711 5020 1797 5074 vel
1824 5021 2020 5076 fraude

426 5126 586 5168 mens
615 5111 827 5166 orantis
865 5126 900 5164 a
927 5111 1154 5182 pr0pria
1179 5111 1490 5166 intentione
1508 5095 1796 5175 distracta,
1828 5127 2020 5182 preces

425 5200 665 5256 Domino
696 5198 1025 5272 purissimas
1064 5200 1262 5254 oll‘erre
1290 5216 1404 5255 non
1432 5204 1638 5272 posset.
1682 5199 2018 5254 Pachomius

427 5306 562 5361 ergo
591 5289 911 5344 daemonum
939 5287 1248 5353 machinas,
1277 5289 1498 5344 Christo
1513 5289 1794 5344 revelante
1817 5305 2018 5360 cogno-

427 5395 607 5444 scens,
643 5377 964 5450 pariterque
995 5375 1324 5448 despiciens,
1346 5378 1590 5433 maxima
1611 5378 1741 5433 fidei
1761 5377 2018 5450 capiebat

424 5473 731 5540 augmenta
763 5485 776 5536 ;
814 5467 916 5520 hos
947 5464 1172 5536 quidem
1203 5472 1524 5522 constanter
1549 5484 1815 5539 arguens,
1835 5467 2016 5524 Deum

422 5574 553 5613 vero
583 5557 750 5612 solita
775 5555 1086 5628 gratiarum
1111 5553 1330 5609 actione
1349 5553 1702 5611 benedicens.

494 5648 874 5705 Consueverat
885 5660 1109 5718 quoque
1118 5648 1346 5700 sanctus
1359 5643 1644 5718 virprocul
1669 5651 1710 5712 ι
1731 5651 1774 5714 ι
1783 5651 2018 5714 ﬂamo-

2103 4751 2342 4806 nihilum
2371 4752 2652 4807 redactus.

2175 4841 2522 4912 Frequenter
2538 4841 2689 4896 enim
2704 4858 2833 4896 cum
2859 4840 3132 4896 resideret
3159 4841 3232 4896 ad
3251 4858 3525 4911 mensam,
3553 4843 3698 4898 Deo-

2105 4945 2214 5000 que
2240 4931 2452 5000 gratias
2463 4935 2674 5000 ageret,
2683 4929 3030 5002 apparebant
3052 4929 3134 4983 illi
3159 4929 3218 4984 in
3229 4929 3424 4986 habitu
3442 4931 3702 5002 pulcher-

2100 5018 2374 5074 rimarum
2405 5019 2726 5086 mulierum,
2749 5019 2932 5091 specie
2961 5018 3361 5087 differentium,
3392 5025 3450 5074 et
3479 5021 3700 5092 procaci

2100 5123 2165 5162 ac
2179 5107 2325 5163 foeda
2333 5108 2586 5163 nuditate
2601 5123 2733 5163 cons
2738 5107 3121 5180 picuae,eidem
3133 5113 3318 5162 astare
3334 5107 3690 5176 videbantur,

2100 5202 2159 5250 et
2185 5213 2250 5251 ex
2281 5197 2550 5269 appositis
2569 5197 2709 5252 velle
2728 5197 3072 5268 contingere.
3103 5197 3212 5252 Sed
3237 5197 3456 5252 athlela
3466 5198 3702 5254 fortissi-

2099 5302 2243 5350 mus,
2258 5286 2510 5358 quamvis
2532 5287 2770 5342 sentiret
2791 5303 2858 5341 ex
2868 5287 2973 5340 hoc
2991 5286 3113 5357 ipso
3139 5287 3476 5352 molestiam,
3507 5294 3699 5343 tamen

2099 5374 2402 5430 exteriores
2422 5376 2610 5430 oculos
2626 5374 3278 5440 claudens,etinteriores
3299 5376 3370 5430 ad
3388 5376 3693 5432 Dominum

2096 5479 2374 5531 reserans,
2407 5481 2602 5520 eorum
2623 5465 2916 5520 molimina
2935 5464 3274 5536 proterebat.
3296 5465 3510 5519 Aderat
3537 5467 3688 5521 enim

2097 5553 2412 5608 misericors
2428 5555 2510 5608 Do
2517 5553 2821 5625 minus,qui
2833 5553 3004 5608 etiam
3017 5570 3166 5609 nunc
3183 5553 3436 5608 contritis
3445 5571 3511 5608 ac
3525 5556 3693 5610 rectis

2097 5647 2266 5704 corde
2284 5647 2500 5704 cunctis
2512 5648 2709 5705 adesse
2721 5647 3071 5720 dignatur,et
3084 5647 3238 5704 dicit:
3259 5647 3446 5704 Nolite
3469 5648 3688 5717 timere,
