3946 6192
330 357 431 413 “241

1101 353 1269 407 VITA
1306 352 1564 407 SANCTI
1603 351 1958 408 PACHOMII
1994 351 2300 408 ABBATIS
2333 345 2854 406 TABENNENSIS.

3508 337 3627 397 242,

329 496 437 549 ego
467 479 756 535 vobiscum
774 497 898 535 sum
921 479 1180 534 omnibus
1200 477 1398 533 diebus
1413 494 1588 548 usque
1599 477 1668 532 ad
1681 479 2004 538 consum-A
2021 477 2189 531 nimis
2216 476 2402 531 alacer
2431 490 2533 546 pro
2558 473 2686 526 vitae
2709 468 3005 526 sanctitate
3026 463 3295 532 certabat,
3325 462 3616 536 postulans

330 570 644 624 mationem
675 570 862 624 saeculi
895 571 1108 637 (Matth.
1140 571 1350 636 xxviii),
1395 583 1671 638 suumque
1712 567 1934 620 ﬁdelem

326 659 610 713 famulum
641 658 898 714 servabat
925 659 983 712 in
1013 657 1290 712 omnibus.

403 750 539 801 er.
561 749 760 802 XVIII.
781 779 841 788 —
861 749 986 803 Alia
1008 764 1228 819 quoque
1244 746 1377 812 vice,
1400 746 1686 800 cumidem
1707 751 1933 801 sanctus

325 837 598 908 gravibus
628 837 836 891 diaboli
867 838 1138 892 molestiis
1168 842 1482 908 urgeretur,
1513 836 1593 890 sic
1621 835 1690 889 ab
1735 851 1800 889 eo
1849 840 1936 889 est

326 927 640 980 crudeliter
665 943 858 993 caesus,
891 932 956 980 ut
984 944 1018 980 a
1048 943 1279 997 vespera
1311 943 1487 997 usque
1518 942 1703 989 mane,
1752 930 1935 978 totum

324 1033 537 1087 corpus
565 1017 762 1070 multis
791 1021 939 1070 esset
966 1015 1289 1070 verberibus
1309 1020 1620 1068 exaratum.
1657 1015 1726 1068 Et
1754 1030 1934 1085 quan-

324 1122 503 1176 quam
527 1104 815 1159 doloribus
835 1104 1549 1169 cruciareturimmanibus,
1573 1104 1728 1157 nulla
1745 1109 1934 1156 tamen

322 1194 726 1264 desperatione
754 1194 975 1264 penitus
999 1193 1394 1263 frangebatur:
1425 1193 1522 1247 sed
1554 1208 1770 1246 memor
1815 1198 1937 1246 erat

320 1283 575 1346 Domini,
611 1283 707 1353 qui
736 1299 926 1336 servos
957 1300 1070 1336 non
1091 1282 1298 1336 deserit
1323 1282 1380 1335 in
1409 1282 1737 1335 tentatione.
1781 1282 1936 1336 Tunc

322 1372 564 1442 quidam
593 1373 921 1438 monachus,
956 1373 1066 1439 (22)
1109 1372 1306 1442 Apollo
1346 1371 1591 1436 nomine,
1623 1370 1807 1440 gratia
1851 1371 1935 1425 vi-

320 1461 492 1514 sendi
520 1461 680 1514 venit
707 1460 777 1513 ad
801 1477 950 1514 eum.
983 1461 1086 1514 Cui
1116 1460 1449 1514 Pachomius
1466 1460 1702 1530 loquens
1733 1476 1798 1513 ea
1813 1476 1940 1530 quae

319 1550 621 1620 pertinent
653 1551 724 1603 ad
753 1550 1012 1615 salutem,
1044 1549 1276 1602 insidias
1306 1548 1513 1602 diaboli
1565 1548 1938 1603 multiformes

321 1656 452 1692 esse
485 1639 884 1709 pronuntians,
904 1638 1073 1708 cmpit
1091 1638 1261 1691 etiam
1282 1638 1378 1690 illa
1398 1654 1519 1708 quae
1541 1637 1689 1690 circa
1702 1654 1761 1690 se
1779 1653 1937 1706 gere-

321 1727 538 1781 bantur
564 1744 861 1798 exponere,
893 1732 1215 1798 quantaque
1244 1726 1350 1779 sibi
1373 1743 1472 1798 per
1501 1743 1696 1780 eorum
1727 1725 1937 1780 acerbi-

323 1823 478 1870 tates
510 1817 671 1870 illata
699 1822 884 1870 essent
903 1815 1151 1880 verbera,
1175 1832 1483 1869 recensere.
1516 1815 1602 1868 Ad
1633 1831 1799 1886 quem
1820 1831 1935 1868 mo-

323 1906 547 1959 nachus
575 1905 692 1959 ait:
737 1906 991 1959 Viriliter
1020 1921 1143 1975 age,
1175 1910 1231 1958 et
1260 1904 1604 1958 confortetur
1628 1921 1724 1957 cor
1748 1910 1930 1969 tuum,

323 1995 670 2049 venerabilis
701 1996 886 2048 Pater.
922 1993 1115 2048 Sciens
1144 1992 1292 2047 enim
1324 1992 1577 2046 diabolus
1621 1991 1754 2062 quia
1791 1991 1839 2046 si
1877 1997 1934 2044 te

321 2084 450 2139 suis
459 2083 751 2137 cedentem
765 2082 1750 2152 conﬂictibusvicerit,consequenter
1764 2080 1934 2134 etiam

320 2190 456 2236 nos,
479 2173 577 2244 qui
595 2189 697 2244 pro
718 2172 916 2226 virium
938 2171 1305 2244 possibilitate
1316 2170 1688 2224 certaminum
1707 2176 1935 2224 tuorum

323 2267 642 2315 sectatores
668 2261 974 2326 existimus,
1001 2261 1208 2332 quique
1231 2260 1475 2313 maxima
1489 2276 1590 2330 per
1609 2264 1665 2313 te
1685 2259 1936 2329 capimus

321 2351 592 2421 exempla
612 2350 903 2414 virtutum,
926 2349 1188 2420 perfacile
1217 2348 1529 2420 superabit;
1557 2348 1763 2402 idcirco
1782 2353 1838 2401 te
1850 2365 1938 2401 ve-

321 2441 632 2494 hementer
658 2439 986 2510 impugnare
1025 2455 1137 2492 non
1175 2437 1398 2524 desinit.
1441 2437 1550 2492 Sed
1585 2442 1668 2501 tu,
1711 2437 1937 2491 Domini

323 2531 683 2602 protectione
713 2529 983 2590 munitus,
1013 2527 1288 2598 impetum
1314 2529 1436 2597 ejus
1461 2527 1681 2580 fortiter
1708 2526 1932 2597 excipe;

321 2637 429 2685 ne,
461 2619 612 2690 quod
641 2617 803 2683 absit,
829 2623 886 2671 et
916 2634 1016 2687 pro
1041 2617 1201 2670 nobis
1231 2616 1450 2686 cogaris
1488 2615 1721 2669 reddere
1761 2615 1936 2668 ratio-

321 2725 486 2764 nem.
517 2709 663 2761 Nam
691 2707 736 2760 si
763 2713 848 2772 tu,
879 2706 975 2776 qui
998 2704 1156 2759 nobis
1170 2705 1357 2775 gratia
1371 2704 1558 2757 divina
1573 2703 1836 2774 praelatus
1857 2720 1934 2770 es,

321 2798 532 2867 aliqua
553 2796 766 2850 desidia
784 2795 1034 2860 cesseris,
1051 2794 1242 2848 multis
1253 2793 1602 2848 occasionem
1617 2792 1794 2846 ruinae
1805 2809 1939 2846 cau-

320 2902 574 2956 samque
595 2883 901 2956 praestabis.
922 2885 1050 2937 Haec
1069 2883 1304 2938 audiens
1327 2881 1678 2948 Pachomius,
1698 2882 1942 2951 grandes

322 2975 559 3045 accepit
576 2973 717 3026 vires
737 2972 1006 3026 adversus
1025 2973 1346 3026 daemonum
1373 2970 1605 3025 insidias
1629 2989 1642 3037 ;
1662 2976 1719 3024 et
1735 2970 1944 3040 glorifi-

2016 584 2050 620 a
2079 566 2316 620 Domino
2345 570 2410 619 ut
2434 563 2480 618 si
2513 562 2638 616 fieri
2664 564 2872 632 posset,
2905 556 3051 628 quod
3084 555 3314 610 modum
3356 554 3617 607 humanae

2014 655 2335 726 fragilitatis
2363 652 2673 716 excederet,
2701 648 3090 703 necessitatem
3119 643 3301 698 somni
3325 647 3620 713 superaret

2018 748 2203 813 (Ruf/2,
2239 748 2277 798 ι.
2307 757 2370 796 III
2395 760 2453 796 η.
2485 739 2599 809 35),
2635 743 2910 810 quatenus
2937 734 3132 790 diebus
3163 750 3227 788 ac
3254 732 3511 788 noctibus
3534 731 3618 785 vi-

2013 834 2217 905 gilans,
2266 830 2715 886 adversariorum
2761 825 3214 880 machinamenta
3277 822 3616 887 destrueret,

2016 923 2162 978 sicut
2203 922 2475 993 scriptum
2528 924 2645 972 est:
2697 917 3015 984 Persequar
3061 911 3315 966 inimicos
3340 927 3516 976 meos,
3565 916 3622 964 et

2016 1009 2485 1082 comprehendam
2513 1007 2638 1060 illos
2662 1023 2676 1072 ;
2710 1010 2768 1059 et
2795 1019 2908 1057 non
2935 1005 3246 1066 convertar,
3277 999 3454 1053 donec
3482 998 3620 1052 deﬁ-

2017 1101 2185 1155 ciant.
2209 1099 2474 1168 Afﬂigam
2493 1096 2636 1161 illos,
2659 1109 2761 1148 nec
2793 1095 3060 1163 poterunt
3095 1095 3274 1142 stare:
3294 1087 3498 1141 cadent
3516 1082 3621 1141 sub

2017 1188 2252 1261 pedibus
2285 1187 2448 1248 meis,
2478 1189 2536 1239 et
2571 1180 2911 1254 praecinxisti
2941 1195 3032 1232 me
3070 1178 3276 1231 virtute
3313 1176 3383 1229 ad
3411 1175 3619 1229 bellum

2016 1280 2127 1347 (Ps.
2153 1279 2310 1347 xvn).
2338 1276 2643 1344 Postquam
2663 1287 2793 1325 vero
2820 1270 2938 1323 haec
2957 1266 3153 1338 petitio
3173 1266 3315 1335 ejus,
3348 1269 3622 1334 quantum

2018 1367 2261 1422 conditio
2283 1363 2540 1436 permisit
2565 1363 2830 1425 humana,
2858 1356 3135 1427 completa
3156 1360 3262 1416 est,
3285 1351 3622 1406 invisibilem

2017 1457 2238 1510 hostem
2266 1460 2537 1523 tanquam
2561 1450 2750 1502 videns
2777 1445 3066 1510 sustinuit,
3093 1443 3152 1497 in
3180 1441 3417 1513 eloquiis
3437 1440 3625 1494 cccles-

2019 1545 2168 1600 tibus
2197 1560 2255 1597 se
2285 1543 2708 1613 perseveranter
2736 1551 3016 1590 exercens.
3050 1533 3249 1586 Preces
3280 1535 3469 1584 autem
3501 1529 3624 1598 ejus

2019 1631 2376 1688 incessabiles
2412 1634 2592 1692 erant,
2625 1631 2691 1680 ut
2715 1623 2940 1679 Domini
2970 1622 3230 1675 voluntas
3263 1619 3322 1673 in
3364 1617 3624 1672 omnibus

2018 1723 2367 1793 impleretur.

1958 1795 2002 1854 Β
2092 1812 2222 1865 CAP.
2243 1809 2389 1863 XXI.
2407 1836 2471 1846 -—
2491 1805 2744 1870 Quodam
2765 1807 2956 1856 autem
2975 1803 3247 1869 tempore,
3267 1811 3394 1849 cum
3414 1794 3624 1848 Pacho-

2015 1900 2162 1954 mius
2182 1897 2440 1968 vigilaret
2466 1896 2526 1948 in
2552 1893 2824 1956 oratione,
2857 1887 3119 1960 apparuit
3149 1885 3229 1939 illi
3258 1883 3489 1954 angelus
3516 1883 3625 1937 Do-

2017 1988 2174 2054 mini,
2207 1988 2396 2040 dicens
2425 2002 2436 2037 :
2470 1983 2743 2036 Voluntas
2766 1977 2990 2034 Domini
3008 1981 3112 2041 est,
3136 1991 3169 2029 o
3187 1972 3475 2036 Pachomi,
3492 1977 3558 2025 ut
3571 1971 3622 2025 ei

2017 2094 2160 2150 pura
2175 2080 2364 2130 mente
2380 2071 2718 2135 deserviens,
2742 2065 3161 2123 multitudinem
3185 2076 3489 2132 congreges
3510 2075 3626 2113 mo-

2018 2166 2345 2229 nachorum,
2394 2168 2450 2216 et
2471 2163 2634 2231 juxta
2659 2159 2897 2213 formam
2940 2171 3064 2225 quae
3096 2151 3199 2207 tibi
3249 2154 3475 2205 ostensa
3516 2153 3623 2216 est,

2018 2260 2248 2310 cunctos
2271 2252 2555 2315 instituas,
2587 2265 2652 2302 ac
2676 2248 2792 2302 Deo
2821 2243 3082 2300 exhibere
3108 2240 3431 2296 contendas.
3449 2239 3623 2292 Acce-

2018 2349 2179 2416 perat
2207 2342 2358 2396 enim
2381 2339 2594 2394 dudum
2613 2335 2865 2391 tabulam
2892 2331 3018 2403 (23),
3061 2331 3119 2384 in
3167 2345 3279 2400 qua
3315 2331 3478 2382 erant
3505 2326 3625 2380 haec

2018 2425 2285 2488 adnotata
2308 2449 2319 2484 :

2089 2523 2219 2576 CAP.
2253 2519 2426 2574 XXII.
2457 2547 2521 2558 -
2553 2512 2798 2584 Singulis
2803 2512 2966 2582 juxta
2983 2509 3129 2562 vires
3153 2523 3284 2561 suas
3313 2505 3478 2559 edere
3497 2519 3624 2557 con-

2019 2610 2185 2664 cedas
2206 2613 2262 2664 et
2289 2607 2498 2671 bibere,
2531 2608 2589 2658 et
2616 2618 2718 2673 pro
2749 2599 2914 2654 modo
2952 2595 3316 2660 vescentium,
3366 2591 3623 2645 laborare

2020 2698 2356 2769 compellas;
2384 2701 2441 2748 et
2457 2709 2637 2764 neque
2665 2688 2957 2744 comedere
2973 2685 3244 2749 modeste,
3273 2697 3456 2751 neque
3479 2681 3626 2769 jeju-

2020 2767 2167 2842 nare
2195 2785 2511 2858 prohibeas.
2546 2776 2925 2836 Validioribus
2946 2774 3192 2846 quidem,
3219 2776 3276 2825 et
3288 2767 3627 2858 comedenti-

2023 2877 2145 2943 bus,
2176 2857 2451 2929 validiora
2471 2887 2641 2942 opera
2665 2888 2678 2934 ;
2701 2867 2912 2922 leviora
2953 2879 3083 2918 vero
3113 2857 3518 2916 infirmioribus
3569 2861 3627 2910 et

2022 2962 2432 3020 abstinentibus
2457 2962 2732 3031 imponas.

323 3080 474 3117 cans
502 3063 679 3116 Deum
708 3063 776 3116 de
806 3061 993 3116 fratris
1022 3061 1338 3132 praesentia,
1372 3059 1846 3131 precabatureum
1871 3075 1941 3113 ne
1958 3028 2002 3088 δ
2094 3053 2286 3108 Facies
2301 3056 2491 3105 autem
2510 3049 2756 3102 diversas
2776 3043 3026 3108 cellulas,
3049 3045 3106 3094 et
3117 3044 3308 3093 ternos
3333 3050 3624 3132 per‘unain

325 3169 404 3205 se
429 3152 733 3204 desereret.
767 3151 977 3204 Exinde
998 3156 1342 3204 memoratus
1372 3149 1571 3219 Apollo
1600 3165 1745 3219 saepe
1760 3147 1944 3201 venie-

326 3241 443 3295 bat
469 3241 547 3294 ad
574 3257 779 3294 senem.
814 3240 920 3304 Qui
952 3244 1079 3310 post
1109 3239 1458 3308 aliquantum
1479 3237 1769 3308 temporis,
1805 3237 1942 3290 dum

326 3329 514 3383 solito
551 3329 906 3382 Pachomium
934 3328 1184 3392 visitans,
1219 3326 1410 3397 paucis
1450 3342 1576 3379 cum
1625 3343 1690 3379 eo
1745 3323 1942 3379 diebus

327 3424 664 3473 remoratus
683 3423 845 3483 esset,
866 3417 1050 3471 valida
1066 3415 1393 3470 infirmitate
1411 3420 1720 3485 correptus,
1739 3414 1940 3468 huma-

323 3508 434 3563 nis
456 3505 622 3560 rebus
648 3505 902 3571 excessit,
927 3506 1090 3575 juxta
1119 3509 1310 3558 votum
1340 3503 1489 3556 senis
1517 3502 1636 3555 dies
1654 3518 1784 3556 suos
1812 3518 1939 3572 per-

324 3597 489 3650 fecta
520 3595 934 3650 conversatione
962 3608 1385 3648 consummans.
1429 3591 1715 3661 Sepelitur
1751 3591 1941 3660 itaque

322 3684 555 3740 sanctis
583 3683 857 3750 manibus,
880 3683 1109 3754 psalmis
1129 3681 1199 3736 ab
1221 3697 1285 3735 eo
1315 3685 1372 3735 et
1390 3679 1616 3752 hymnis
1636 3683 1694 3733 et
1712 3678 1940 3733 canticis

322 3773 687 3846 spiritalibus
719 3790 785 3826 ex
807 3789 962 3826 more
981 3771 1294 3825 celebratis.

416 3863 550 3916 ΟΑΡ.
581 3863 722 3916 ΧΙΧ.
750 3893 814 3902 -
855 3867 1036 3927 ιπο
1054 3861 1293 3914 Tantam
1313 3875 1442 3912 vero
1478 3862 1607 3928 post
1637 3856 1752 3910 haec
1793 3855 1938 3909 ﬁdu-

323 3953 488 4007 ciam
530 3951 719 4004 beatus
741 3950 1074 4004 Pachomius
1090 3949 1239 4020 apud
1259 3947 1560 4002 Dominum
1582 3944 1936 4015 acquisierat,

2023 3142 2282 3197 cellulam
2311 3154 2539 3193 manere
2565 3135 2892 3190 constituas.
2927 3129 3194 3186 Omnium
3223 3140 3354 3179 vero
3383 3122 3540 3178 cibus
3566 3123 3624 3176 in

2022 3248 2136 3287 uno
2165 3231 2284 3284 loco
2312 3233 2545 3300 paretur
2582 3229 2751 3295 atque
2776 3225 3159 3276 consumatur.

2095 3298 2408 3375 Induantur
2437 3321 2626 3370 autem
2658 3310 2912 3368 noctibus
2940 3307 3217 3362 lebitones
3258 3303 3440 3356 lineos
3486 3298 3621 3370 (24),

2023 3407 2304 3481 praecincti
2334 3403 2571 3467 lumbos,
2605 3400 2958 3468 habeantque
2979 3393 3184 3464 singuli
3205 3391 3468 3481 melotem
3484 3388 3621 3460 (25),

2024 3478 2079 3552 id
2109 3502 2210 3563 est,
2243 3495 2530 3566 caprinam
2560 3491 2763 3562 pellem
2787 3487 3096 3542 confectam
3124 3481 3330 3546 albam,
3361 3478 3483 3533 sine
3513 3493 3626 3549 qua

2023 3602 2204 3658 neque
2233 3583 2549 3647 comedant,
2591 3594 2772 3649 neque
2801 3573 3104 3630 dormiant.

2092 3674 2437 3729 Accedentes
2463 3676 2654 3724 tamen
2675 3666 2744 3720 ad
2767 3661 3220 3720 communionem
3239 3660 3622 3711 sacramento-

2023 3780 2149 3819 rum
2180 3761 2409 3826 Christi,
2442 3765 2500 3813 et
2527 3755 2780 3827 cingulos
2809 3752 3045 3816 solvant,
3077 3753 3135 3803 et
3162 3746 3427 3802 melotem
3450 3743 3623 3814 depo-

2021 3857 2177 3918 nant,
2210 3849 2442 3905 cucullis
2471 3851 2694 3902 utentes
2721 3839 3133 3899 tantummodo.

2094 3942 2212 3994 Hoc
2242 3939 2412 3993 etiam
2456 3940 2794 4008 praeceptum
2840 3935 2983 3993 erat,
3023 3932 3090 3982 ut
3120 3927 3285 3997 juxta
3324 3937 3625 3977 numerum

327 4048 402 4094 et
418 4040 499 4092 ita
527 4055 623 4108 spe
650 4039 835 4091 divina
859 4037 1192 4106 magniﬁcus
1223 4033 1552 4100 habebatur,
1584 4041 1648 4087 ut
1686 4048 1940 4102 saepenu-
2025 4031 2431 4084 elementorum
2464 4031 2520 4079 et
2547 4025 2868 4078 Graecarum
2898 4019 3234 4079 litterarum,
3267 4025 3398 4108 xxiv
3427 4026 3627 4108 mona-

335 4145 511 4183 mero
545 4128 780 4181 calcaret
805 4131 1095 4196 serpentes
1115 4130 1172 4178 et
1189 4124 1529 4194 scorpiones,
1563 4129 1618 4175 et
1630 4138 1731 4192 per
1759 4120 1947 4174 omnia
2027 4120 2258 4173 chorum
2274 4121 2473 4170 turmae
2494 4106 3074 4171 constituerentur,ita
3088 4109 3153 4158 ut
3167 4100 3402 4172 singulis
3421 4099 3626 4154 turmis

330 4221 606 4271 maneret
632 4215 833 4269 illaesus
859 4233 871 4280 ;
905 4229 1122 4268 necnon
1149 4211 1428 4277 crocodili,
1462 4209 1735 4280 siquando
1754 4225 1946 4262 neces-
2027 4208 2452 4278 imponerentur
2463 4202 2812 4272 singularum
2830 4195 3058 4251 nomina
3077 4193 3413 4280 litterarum,
3438 4189 3495 4242 id
3519 4193 3624 4252 est,

332 4307 488 4358 sitas
507 4304 735 4356 fluvium
759 4303 1000 4356 transire
1021 4300 1398 4370 compelleret,
1426 4315 1555 4354 eum
1579 4314 1708 4352 cum
1727 4296 2098 4397 summaDab
2129 4321 2180 4360 α,
2223 4300 2281 4348 et
2305 4292 2566 4361 deinceps
2595 4304 2773 4358 usque
2802 4286 2873 4340 ad
2896 4310 2960 4349 ω,
3003 4288 3068 4397 ut
3094 4297 3222 4397 cnam
3251 4279 3628 4397 interrogaret

419 4392 432 4397 -
462 4393 472 4397 -
575 4391 586 4397 -
888 4390 901 4397 -
1010 4395 1016 4397 _
1347 4393 1353 4397 .
1705 4385 1719 4397 ε
1766 4385 1777 4397 .
2127 4385 2140 4397 .
2169 4385 2180 4395 .
2338 4383 2353 4397 -ι
2394 4382 2426 4397 ο.
2491 4395 2516 4397 η
2559 4379 2611 4397 γι-
2644 4374 2891 4397 ,ιξιηΑε-
2916 4389 3008 4397 μί...
3037 4371 3138 4397 ιιι..
3187 4368 3442 4397 ζηηιηηιη
3502 4363 3624 4397 nni:

334 4391 697 4461 subjectione
727 4390 1044 4461 portabant,
1086 4363 1424 4459 exponentes
1477 4403 1605 4440 eum
1654 4385 1725 4438 ad
1764 4385 1948 4438 locum
1971 4363 2014 4397 υ
2030 4382 2529 4440 archimandritam
2549 4379 2618 4432 de
2638 4376 2824 4447 aliquo
2840 4374 2897 4428 in
2916 4368 3274 4461 multitudine
3286 4371 3469 4461 tanta,
3479 4363 3628 4461 facili

337 4496 685 4552 quocunque
715 4483 1087 4554 praecepisset.
1121 4479 1300 4548 Super
1328 4475 1415 4530 his
1439 4491 1572 4545 ergo
1603 4475 1720 4529 Deo
1738 4472 1950 4544 gratias
2031 4472 2392 4545 responsione
2419 4471 2781 4539 cognosceret
2820 4462 2991 4517 Verbi
3017 4457 3219 4531 gratia,
3253 4472 3397 4554 cum.
3417 4453 3631 4554 diceret

335 4571 616 4634 referens,
651 4569 798 4639 quod
826 4567 895 4620 ab
909 4567 1182 4622 universis
1201 4564 1414 4620 inimici
1443 4563 1734 4618 fraudibus
1763 4578 1950 4616 serva-
2033 4561 2276 4636 qualiter
2303 4563 2452 4613 esset
2478 4581 2530 4622 α,
2559 4555 2644 4608 vel
2674 4557 2718 4622 ζ,
2753 4558 2810 4606 et
2830 4566 3025 4606 rursus
3039 4550 3090 4614 λ,
3125 4546 3211 4600 vel
3238 4570 3284 4623 ρ,
3314 4543 3402 4597 vel
3431 4568 3464 4603 σ
3491 4539 3627 4612 (⁸26),

334 4678 354 4713 1
377 4667 511 4712 etur
541 4658 761 4724 illaesus,
783 4656 997 4722 orabat,
1014 4656 1204 4709 dicens
1223 4673 1234 4708 :
1256 4653 1591 4709 Benedictus
1615 4669 1692 4718 es,
1712 4651 1947 4705 Domine
2028 4650 2252 4725 proprio
2277 4646 2518 4719 quodam
2530 4644 2690 4714 signo
2702 4638 3170 4702 nominislitterae,
3186 4633 3631 4702 uniuscujusque

338 4749 500 4804 Deus
531 4752 755 4818 Patrum
771 4751 1110 4809 nostrorum.
1144 4744 1238 4815 (Illi
1267 4741 1690 4814 nondespexisti
1719 4739 1947 4794 humili-
2029 4748 2230 4796 turmae
2259 4752 2444 4791 mores
2462 4733 2817 4804 exprimeret,
2839 4723 3269 4818 simplicioribus
3299 4727 3356 4775 et
3371 4721 3634 4774 innocen-

337 4845 528 4890 tatem
558 4854 764 4901 meam,
785 4852 966 4906 neque
983 4834 1157 4888 sivisti
1174 4850 1263 4886 me
1283 4832 1450 4886 nimis
1465 4832 1752 4885 inhrmum
1771 4828 1949 4900 decipi
2030 4828 2270 4886 tioribus
2293 4853 2328 4892 ι,
2361 4839 2568 4879 nomen
2598 4822 2912 4891 imponens,
2944 4810 3348 4906 difﬁcilioribus
3363 4815 3552 4864 autem
3577 4813 3635 4862 et

337 4927 433 4979 vel
470 4926 632 4979 illudi
656 4899 852 4979 fraude
875 4899 1128 4990 diaboli;
1181 4922 1280 4976 sed
1307 4919 1744 4975 misericorditer
1788 4899 1949 4988 igno-
2032 4915 2320 4980 tortuosis,
2351 4914 2396 4983 ξ,
2429 4913 2811 4981 competenter
2838 4901 3299 4990 accommodans;
3332 4899 3413 4952 ita
3439 4903 3504 4990 ut
3532 4913 3635 4990 pro

339 5015 550 5068 rantis:
580 5031 718 5068 meae
743 5014 1046 5068 discutiens
1075 5010 1354 5074 tenebras,
1391 5009 1628 5063 docuisti
1658 5024 1747 5061 me
1772 5008 1954 5060 facere
2037 5006 2203 5062 modo
2226 4998 2662 5058 conversationis
2678 5002 2735 5050 et
2753 4991 3043 5066 propositi,
3066 4989 3301 5061 singulis
3323 4987 3526 5042 turmis
3547 4986 3638 5040 lit-

349 5105 704 5158 voluntatem
732 5109 909 5158 tuam.
939 5103 1084 5156 Nam
1113 5118 1239 5156 cum
1263 5099 1496 5170 pusillus
1514 5114 1695 5152 essem
1724 5101 1781 5150 et
1809 5096 1958 5166 abje-
2037 5103 2287 5152 terarum
2305 5093 2581 5146 elementa
2598 5084 2974 5146 concinerent,
2999 5080 3134 5135 solis
3155 5076 3501 5150 spiritalibus
3519 5076 3638 5131 haec

349 5199 499 5258 ctus,
524 5210 587 5246 ac
607 5193 731 5246 vitae
745 5209 882 5246 meae
895 5191 1116 5262 penitus
1134 5189 1372 5253 nescius,
1391 5187 1608 5242 timoris
1625 5186 1710 5240 tui
1729 5201 1957 5239 sensum
2040 5187 2162 5257 ipsa
2182 5199 2303 5254 qua
2322 5179 2703 5250 significarent
2731 5173 2872 5228 scire
2900 5169 3232 5224 valentibus.

351 5256 499 5337 mihi
522 5283 757 5352 largitus
788 5299 866 5346 es,
895 5256 962 5334 ut
989 5279 1248 5334 tenebras
1276 5277 1577 5331 exteriores
1603 5274 1957 5346 etsupplicia
2063 5256 2078 5257 ί
2110 5271 2219 5326 Sed
2248 5275 2305 5323 et
2330 5269 2437 5322 hoc
2463 5267 2520 5320 in
2564 5265 2656 5318 illa
2690 5262 2884 5317 tabula
2908 5258 3195 5352 ferebatur
3221 5256 3559 5352 ascriptum,
3574 5258 3640 5308 ut

349 5380 566 5426 aeterna
596 5372 868 5434 devitans,
902 5375 960 5424 te
986 5386 1173 5423 veram
1219 5368 1401 5422 lucem
1445 5365 1826 5436 gaudiumque
1857 5380 1955 5434 pe-
2037 5359 2369 5434 peregrinus
2387 5354 2619 5410 alterius
2638 5350 2983 5416 monasterii,
3009 5349 3057 5402 si
3075 5347 3289 5402 veniret
3315 5344 3526 5399 habens
3545 5343 3640 5395 ha-

349 5478 534 5516 renne
562 5476 975 5531 cognoscerem.
1453 5434 1472 5436 ﬂ
1739 5434 1753 5436 ί
2041 5451 2219 5505 bitum
2247 5448 2550 5511 diversum,
2583 5442 2770 5496 nullus
2794 5455 2923 5494 cum
2953 5455 3017 5493 eo
3047 5437 3362 5497 conederet,
3414 5434 3640 5502 excepto

430 5554 564 5606 CAP.
737 5579 801 5589 —
824 5550 966 5604 Cum
987 5564 1120 5618 ergo
1151 5563 1210 5600 se
1228 5545 1440 5599 videret
1452 5543 1677 5597 assidua
1692 5541 1961 5596 daemonis
2043 5557 2108 5595 eo
2134 5539 2228 5609 qui
2258 5537 2369 5590 iter
2398 5550 2569 5605 agens
2607 5531 2662 5586 id
2690 5530 2982 5585 observare
3010 5544 3123 5581 non
3149 5529 3353 5598 posset.

352 5640 787 5712 impugnatione
826 5608 1357 5709 pulsari,ltanquam
1386 5632 1723 5687 fortissimus
1752 5630 1964 5684 athleta
2116 5608 2223 5698 Qui
2247 5642 2378 5680 vero
2409 5623 2582 5678 semel
2611 5621 2679 5684 ad
2705 5621 2810 5700 hoc
2849 5618 3086 5676 intraret
3117 5608 3537 5674 monasterium,
3578 5609 3643 5659 ut
