4004 6196
375 363 484 425 243

1389 364 1484 422 DE
1519 351 1710 424 vrris
1750 363 2046 425 PATRUM
2084 363 2300 426 LIBER
2337 363 2628 425 ramus.
2733 334 2748 344 “

3551 365 3660 427 244

376 487 454 546 ibi
479 489 695 564 jugiter
719 493 1090 564 permaneret,
1126 504 1228 562 per
1250 493 1367 546 tres
1397 507 1572 548 annos
1597 509 1631 547 a
1659 492 1860 548 studiis
1889 505 1974 548 sa-
1997 492 2192 553 Abum
2223 491 2557 550 Pachumius
2577 495 2900 566 frequenter
2925 493 3240 556 insinuans.
3273 490 3515 548 multum
3563 510 3658 548 eos

377 581 710 636 cratioribus
737 589 1039 646 arceretur,
1070 587 1400 650 operaretur
1425 587 1649 636 tantum
1676 597 1848 654 opera
1871 599 1975 636 sua

374 667 722 742 simpliciter,
745 673 802 723 et
824 667 907 724 ita
927 672 1053 742 post
1066 667 1370 725 triennium
1391 669 1637 725 stadium
1652 669 1974 727 certaminis

373 754 649 812 introiret.

444 843 586 900 Cum
605 850 797 902 autem
817 845 1194 915 comedet-ent,
1217 847 1402 920 capita
1426 863 1529 902 sua
1549 845 1778 904 cucullis
1796 845 1976 920 operi-

371 937 499 989 rent
525 930 656 1003 (27),
688 952 760 990 ne
787 934 963 991 frater
989 933 1224 992 fratrem
1255 933 1471 992 videret
1506 937 1970 1006 manducantem;

370 1027 428 1078 et
439 1027 502 1078 ut
515 1019 703 1078 nullus
721 1026 1019 1080 comedens
1031 1023 1374 1098 loqueretur,
1388 1041 1492 1082 nec
1505 1031 1709 1098 praeter
1723 1041 1975 1081 mensam

367 1127 500 1166 suos
531 1109 668 1167 alibi
693 1113 1078 1170 circumferret
1107 1121 1384 1187 aspectus.

438 1200 670 1258 Necnon
689 1202 760 1257 ab
779 1205 998 1275 angelo,
1029 1205 1124 1276 qui
1151 1221 1278 1260 cum
1294 1203 1593 1260 Pachomio
1616 1201 1969 1276 loquebatur,

365 1290 472 1344 hoc
498 1307 720 1363 quoque
749 1293 1114 1349 constitutum
1145 1295 1248 1359 est,
1273 1299 1337 1348 ut
1365 1293 1579 1349 diurnae
1596 1294 1877 1349 orationes
1892 1309 1971 1352 ΧΗ

373 1373 478 1449 (28')
511 1379 729 1446 ﬁerent,
763 1387 820 1436 et
837 1382 1162 1453 vespertinae
1191 1397 1289 1450 xu,
1323 1389 1381 1438 et
1407 1393 1694 1438 nocturnae
1725 1395 1823 1439 ΧΠ.

443 1465 696 1540 Cumque
707 1465 1043 1526 Pachomius
1056 1471 1285 1537 diceret,
1313 1489 1517 1544 paucas
1527 1473 1809 1527 orationes
1831 1489 1973 1534 esse,

369 1557 660 1628 respondit
680 1559 913 1630 angelus
933 1577 943 1613 :
969 1560 1083 1614 Has
1103 1559 1389 1625 constitui,
1408 1579 1546 1634 quas
1575 1565 1803 1632 possent
1825 1562 1979 1615 infir-

370 1643 578 1701 miores
605 1647 816 1718 absque
845 1647 1034 1702 labore
1049 1649 1344 1720 perﬁcere;
1359 1655 1620 1705 caeterum
1639 1648 1974 1722 quiperfecti

367 1740 520 1800 sunt,
536 1735 640 1789 hac
662 1736 783 1806 lege
799 1753 912 1791 non
939 1737 1212 1808 indigent.
1237 1739 1401 1809 Apud
1421 1756 1482 1793 se
1505 1755 1749 1811 namque
1764 1741 1824 1794 in
1844 1757 1974 1810 pro-

365 1819 504 1894 priis
531 1823 821 1880 constituti
853 1823 1084 1892 cellulis,
1113 1842 1274 1880 orare
1303 1841 1415 1880 non
1443 1827 1726 1894 desinunt,
1743 1829 1839 1898 qui
1867 1845 1974 1900 pu-

2050 583 2290 653 juverat,
2324 590 2381 638 et
2399 583 2470 638 ad
2489 583 2903 640 aemulationem
2929 581 3238 656 spiritualis
3259 584 3445 656 operis
3465 583 3661 639 incita-

2055 677 2228 725 verat.
2259 672 2366 736 Qui
2394 672 2563 727 etiam
2592 673 3056 744 contemplantes,
3081 671 3254 727 vitam
3281 673 3432 728 senis
3478 671 3660 744 speci-

2055 773 2186 813 men
2215 775 2335 814 esse
2370 761 2610 828 virtutis,
2659 761 2828 816 nimis
2875 759 3320 827 admirabantur,
3371 758 3657 815 dicentes:

2057 847 2260 903 Errant
2284 847 2444 904 valde
2477 846 2572 921 qui
2595 855 2798 922 putant
2823 846 3082 906 homines
3100 848 3299 904 exinde
3309 850 3431 920 jam
3452 865 3489 904 a
3512 847 3662 904 nati-

2055 936 2226 992 vitate
2249 943 2566 1008 parentum,
2599 937 2842 1010 quodam
2869 938 3161 1012 privilegio
3181 937 3374 994 beatas
3401 938 3660 1004 existere,

2057 1029 2122 1080 ut
2149 1023 2364 1080 arbitrii
2393 1027 2620 1082 libertas
2645 1027 2949 1096 adimatur,
2981 1032 3040 1083 et
3075 1033 3396 1100 peccatores
3421 1039 3525 1099 per
3549 1041 3664 1099 pue-

2058 1115 2352 1169 nitentiam
2383 1132 2492 1170 non
2520 1117 2735 1188 possint
2763 1131 2993 1188 operam
3016 1115 3152 1172 dare
3179 1116 3498 1172 virtutibus.
3523 1115 3663 1170 Ecce

2057 1203 2207 1258 enim
2236 1205 2744 1266 manifestissimum
2769 1205 2829 1260 in
2847 1204 2952 1260 hoc
2961 1205 3266 1260 venerabili
3283 1212 3442 1277 patre
3454 1204 3664 1260 Pacbo-

2054 1293 2168 1346 mio
2179 1292 2398 1348 Domini
2412 1293 2784 1366 conspicimus
2793 1295 3132 1365 largitatem,
3141 1295 3235 1367 qui
3247 1309 3374 1349 cum
3384 1295 3454 1348 de
3467 1309 3666 1366 paren-

2059 1378 2209 1436 tibus
2239 1387 2395 1437 ortus
2414 1383 2490 1438 sit
2507 1381 2814 1455 gentilibus
2830 1388 2888 1438 et
2911 1383 3178 1456 profanis,
3207 1381 3277 1438 ad
3289 1385 3506 1437 tantam
3527 1381 3663 1437 bea-

2059 1469 2358 1524 titudinem
2389 1468 2563 1526 divini
2587 1473 2770 1526 cultus
2787 1489 2846 1526 se
2877 1471 3144 1538 extendit,
3162 1478 3228 1526 ut
3242 1470 3432 1526 omnia
3453 1471 3663 1526 Christi

2059 1559 2328 1614 mandata
2353 1561 2665 1632 perfecerit.
2698 1560 2856 1616 Unde
2886 1566 3099 1616 certum
3143 1565 3247 1626 est,
3281 1565 3335 1614 et
3387 1577 3453 1614 ex
3503 1559 3666 1616 nobis

2059 1647 2378 1720 quicunque
2405 1649 2698 1714 voluerint,
2723 1649 3022 1720 adjuvante
3049 1649 3150 1704 Dei
3167 1649 3370 1719 gratia,
3405 1663 3664 1704 normam

2057 1737 2235 1792 sancti
2259 1737 2364 1792 viri
2393 1753 2555 1810 posse
2584 1737 2868 1810 subsequi,
2897 1739 3043 1793 sicut
3069 1745 3127 1792 et
3165 1738 3286 1810 ipse
3325 1737 3667 1810 perfectissi-

2055 1839 2278 1881 morum
2308 1834 2531 1898 patrum
2565 1827 2862 1882 aemulatus
2877 1833 2964 1882 est
2993 1827 3666 1898 sanctitatem.Denique,

366 1907 534 1970 ritate
559 1911 768 1966 mentis
795 1919 853 1966 et
878 1911 1066 1973 divina
1091 1915 1562 1986 contemplatione
1591 1921 1914 1988 pascuntur.
1987 1933 2034 1992 Β
2056 1913 2191 1986 quid
2220 1921 2307 1970 est
2335 1916 2491 1970 aliud
2520 1917 2667 1988 quod
2694 1915 2752 1970 in
2796 1915 3096 1986 Evangelio
3125 1916 3398 1986 scriptum
3429 1921 3531 1980 est,
3578 1915 3670 1969 di-

439 1997 692 2071 Cumque
719 1999 824 2056 hoc
853 2003 1100 2070 dixisset,
1131 2003 1364 2058 nuntius
1401 2006 1641 2059 caelestis
1670 2005 1972 2074 abscessit;

367 2088 426 2142 et
451 2085 785 2144 Pachomius
809 2089 970 2146 solite
999 2091 1114 2146 Deo
1141 2093 1354 2163 gratias
1397 2100 1428 2160 ι
1449 2099 1506 2160 2
1524 2099 1558 2159 |
1611 2091 1876 2161 referens,
1905 2095 1976 2150 de

367 2175 578 2232 visione
609 2183 795 2234 certus
825 2184 912 2234 est
938 2177 1209 2246 redditus,
1242 2197 1410 2253 quam
1441 2183 1592 2238 trina
1637 2180 1975 2238 revelatione

366 2271 720 2337 cognoverat.
779 2265 1071 2340 Cmpitque
1113 2271 1395 2342 suscipere
1434 2275 1680 2338 cunctos,
1732 2272 1828 2343 qui
1875 2289 1976 2344 per

365 2353 752 2426 paenitentiam
787 2373 846 2412 se
875 2357 976 2412 Dei
997 2358 1450 2415 miserationibus
1471 2359 1812 2429 offerebant;
1835 2373 1973 2432 quos

365 2443 539 2498 etiam
565 2452 694 2516 post
719 2445 946 2517 longam
973 2449 1408 2508 conversationis
1435 2449 1837 2520 experientiam
1858 2465 1974 2505 mo-

367 2531 673 2588 nachorum
702 2533 934 2590 coetibus
961 2534 1322 2607 aggregabat,
1347 2538 1632 2593 instruens
1661 2554 1756 2593 eos
1775 2539 1969 2594 mundi

365 2619 656 2678 illecebras
679 2622 894 2693 fugere,
931 2623 1250 2696 sanctisque
1275 2640 1497 2698 semper
1524 2623 1972 2684 institutionibus

366 2707 660 2777 inhaerere,
693 2711 954 2790 primitus
981 2715 1290 2768 admonens
1319 2720 1384 2769 ut
1405 2717 1748 2786 generaliter
1772 2731 1971 2772 mona-

367 2797 505 2854 chus
529 2800 786 2856 universo
816 2801 1026 2856 mundo
1041 2803 1345 2868 renuntiet,
1369 2803 1589 2870 deinde,
1611 2807 1774 2876 juxta
1791 2803 1973 2861 Evan-

365 2889 608 2959 gelicum
638 2896 980 2962 praeceptum
1003 2893 1174 2963 (Luca?
1199 2897 1371 2963 xx1v),
1407 2893 1732 2965 parentibus
1755 2895 1893 2961 suis,
1921 2900 1979 2950 et

369 2978 441 3032 ad
468 2983 815 3050 postremum
837 2979 1188 3052 sibimetipsi,
1223 2987 1286 3036 ut
1314 2982 1394 3036 ita
1423 2983 1601 3053 possit
1624 2981 1820 3051 tollere
1848 2999 1978 3038 cru-

370 3084 491 3122 cem
519 3083 698 3134 suam,
719 3074 778 3123 et
798 3067 1007 3124 Christi
1033 3070 1266 3141 vestigia
1282 3071 1600 3126 veneranda
1629 3071 1848 3127 sectari.

441 3154 563 3212 Tali
575 3157 768 3229 utique
785 3157 932 3212 beati
945 3176 1095 3214 senis
1107 3158 1488 3215 admonitione
1501 3160 1747 3228 formati,
1766 3159 1980 3216 fractus

370 3245 712 3317 pcenitentiae
743 3245 1104 3318 dignissimos
1137 3247 1464 3321 aﬂjerebant,
1513 3251 1756 3305 maxime
1803 3251 1983 3306 consi-

371 3330 634 3390 derantes
663 3351 792 3390 eum
811 3337 930 3408 jam
952 3340 1116 3392 aetate
1129 3335 1777 3410 defessum,infatigabili
1793 3341 1980 3394 studio

371 3421 640 3496 spiritalis
667 3423 794 3480 vitae
819 3441 1042 3480 servare
1057 3427 1429 3499 propositum.
1461 3427 1586 3482 Non
1616 3429 1797 3484 solum
1826 3443 1982 3484 nam.

373 3527 482 3584 que
512 3530 572 3568 se
600 3511 924 3569 districtiori
955 3515 1162 3586 regula:
1204 3511 1549 3582 subdiderat,
1583 3516 1680 3570 sed
1711 3519 1767 3572 et
1807 3519 1982 3572 totius

375 3602 702 3656 monasterii
731 3602 1166 3657 sollicitudinem
1199 3618 1504 3674 curamque
1535 3603 1812 3676 portabat,
1835 3602 1984 3660 ultra

375 3688 519 3744 vires
547 3683 806 3744 omnibus
836 3708 1045 3745 servu‘e
1074 3690 1434 3746 contendens.
1467 3691 1552 3746 Ad
1595 3693 1790 3747 horam
1820 3709 1981 3748 nam-

377 3791 486 3848 que
515 3775 748 3832 convivii
778 3778 896 3849 ipse
915 3777 1151 3850 parabat
1165 3797 1416 3835 mensam
1433 3781 1721 3848 fratribus,
1749 3788 1806 3836 et
1824 3783 1989 3836 solita

378 3865 675 3920 exhibebat
703 3867 904 3920 ofﬁcia.
932 3865 1048 3922 Nec
1069 3885 1181 3922 non
1210 3868 1269 3923 in
1295 3869 1532 3924 hortulis
1559 3869 1782 3924 serebat
1813 3869 1984 3938 olera,

317 3965 322 3970 ‘
379 3971 503 4026 qua:
531 3951 650 4009 suis
677 3955 935 4010 manibus
965 3952 1250 4028 irrigabat.
1283 3957 1342 4012 Si
1363 3958 1490 4030 quis
1511 3959 1682 4013 etiam
1711 3967 1989 4016 monaste-

377 4039 448 4098 rii
475 4043 756 4116 pulsasset
801 4045 1028 4111 ostium,
1065 4043 1362 4116 vigilanter
1389 4064 1702 4113 occurrens,
1729 4054 1986 4122 prompte

377 4149 648 4204 responsa
675 4129 962 4190 reddebat.
1000 4133 1246 4190 Inﬁrmis
1271 4141 1460 4190 autem
1485 4133 1682 4192 diebus
1711 4133 1984 4208 obseque-

378 4217 546 4276 batur
571 4226 630 4276 et
655 4218 948 4290 noctibus;
983 4225 1042 4278 et
1067 4224 1126 4278 in
1155 4221 1245 4278 his
1273 4224 1533 4280 omnibus
1578 4226 1894 4297 exemplum
1923 4243 1984 4282 se

379 4308 684 4366 maximum
735 4311 851 4366 suis
879 4307 1164 4384 discipulis
1193 4313 1476 4368 offerebat.
1528 4312 1881 4388 Quapropter
1924 4315 1984 4370 hi

381 4398 477 4471 qui
504 4415 686 4471 nuper
711 4399 782 4454 ad
799 4398 1022 4456 Domini
1043 4400 1334 4456 servitium
1349 4399 1665 4470 veniebant,
1689 4402 1988 4460 alacriores

381 4487 452 4542 ad
477 4487 669 4543 omnia
694 4485 922 4561 pietatis
947 4487 1132 4544 ofﬁcia
1160 4489 1542 4546 reddebantur
1565 4510 1576 4546 :
1621 4509 1760 4564 quos
1795 4499 1986 4549 tamen

2056 2009 2217 2060 cente
2238 2004 2460 2060 Christo
2485 2023 2496 2058 :
2530 2004 2730 2060 Venite
2755 2003 2824 2058 ad
2853 2019 2942 2079 me
2963 2016 3176 2069 omnes,
3211 2003 3306 2076 qui
3330 2001 3597 2058 laboratis
3611 2005 3672 2059 et

2057 2093 2271 2148 onerati
2301 2093 2456 2159 estis,
2479 2098 2537 2148 et
2563 2109 2666 2164 ego
2687 2093 2936 2148 reﬁciam
2959 2110 3056 2148 vos
3082 2093 3290 2163 (Matth.
3325 2095 3438 2162 x1);
3471 2091 3580 2146 nisi
3605 2097 3672 2148 ut

2056 2181 2251 2252 iniqua
2277 2181 2634 2254 projicientes
2661 2195 2854 2249 onera,
2874 2197 2997 2253 quae
3021 2181 3346 2252 deprimunt
3368 2197 3546 2251 genus
3567 2181 3672 2236 hu-

2057 2282 2306 2337 manum,
2339 2269 2485 2324 bono
2509 2269 2952 2326 incommutabili
2969 2270 3091 2325 sine
3116 2269 3520 2325 detrectatione
3531 2271 3669 2340 jun-

2051 2359 2295 2428 gamur?
2320 2356 2388 2413 Et
2415 2360 2540 2414 ideo
2570 2373 2989 2430 perseveremus
3015 2372 3199 2430 usque
3227 2355 3287 2412 in
3317 2359 3488 2413 fmem
3531 2371 3664 2413 cum

2054 2447 2158 2501 hoc
2186 2459 2338 2512 sene,
2372 2453 2438 2502 ut
2467 2447 2879 2517 congloriﬁcari
2906 2462 3032 2501 cum
3063 2447 3185 2518 ipso
3211 2447 3270 2501 in
3295 2446 3392 2501 illa
3437 2446 3677 2517 perenni

2051 2534 2397 2590 beatitudine
2413 2549 2752 2603 mereamur;
2781 2548 2912 2590 nam
2930 2541 3080 2590 recte
3099 2535 3442 2590 nosinstruit
3460 2535 3532 2591 ad
3549 2549 3676 2590 om-

2053 2625 2167 2686 nia,
2199 2641 2311 2679 non
2333 2624 2514 2680 solum
2541 2623 2728 2692 verbo,
2757 2625 2856 2678 sed
2878 2625 3069 2691 etiam,
3083 2626 3231 2694 quod
3253 2629 3339 2679 est
3357 2623 3670 2694 efﬁcacius,

2053 2715 2282 2784 proprio
2310 2712 2648 2771 mirabiliter
2674 2713 2950 2768 informat
2984 2713 3254 2784 exemplo.
3303 2714 3461 2768 Tunc
3513 2729 3679 2768 acce-

2055 2804 2250 2857 dentes
2278 2803 2348 2856 ad
2381 2809 2638 2857 sanctum
2662 2802 3045 2870 Pachomium,
3098 2802 3294 2856 dicunt
3345 2802 3398 2856 ei
3430 2821 3441 2856 :
3501 2803 3677 2856 Pater

2059 2890 2410 2958 venerabilis,
2445 2905 2545 2945 cur
2571 2889 2722 2946 solus
2746 2890 3072 2946 monasterii
3107 2891 3540 2945 sollicitudinem
3575 2905 3680 2944 su-

2061 2979 2278 3035 stines?
2308 2980 2526 3044 Quibus
2554 2979 2649 3034 ille
2673 2979 2964 3052 respondit
2991 2998 3004 3036 :
3037 2980 3215 3034 Nemo
3237 2981 3440 3050 jugum
3485 2978 3676 3034 subito

2057 3068 2332 3139 jumentis
2359 3069 2672 3140 imponens,
2706 3068 2962 3123 laborare
2975 3069 3278 3140 compellit,
3301 3077 3360 3122 et
3373 3072 3530 3122 tanto
3551 3083 3682 3138 pre-

2062 3156 2168 3211 mit
2194 3171 2384 3224 onere,
2419 3173 2529 3229 quo
2558 3157 2662 3212 sub
2708 3157 2857 3212 fasce
2904 3157 3206 3225 deﬁciant;
3253 3157 3350 3211 sed
3401 3156 3681 3228 paulatim

2067 3246 2342 3300 assuescit
2355 3261 2440 3314 ea,
2457 3245 2758 3300 levioribus
2777 3261 3038 3300 exercens
3051 3250 3182 3300 ante
3193 3245 3550 3317 ponderibus,
3587 3259 3684 3298 us-

2067 3352 2175 3407 que
2195 3334 2329 3389 dum
2350 3335 2592 3402 valeant,
2618 3339 2676 3390 et
2697 3341 3013 3406 opportune
3029 3335 3248 3406 possint
3267 3335 3337 3388 ad
3357 3349 3528 3405 opera
3549 3349 3686 3404 gra-

2063 3423 2219 3478 viora
2243 3437 2598 3495 consurgere.
2623 3423 2832 3478 Eodem
2846 3425 3012 3478 modo
3035 3439 3137 3478 nos
3163 3437 3385 3494 quoque
3417 3423 3686 3477 convenit

2065 3526 2386 3567 mensuram
2416 3513 2616 3584 ipsam,
2645 3528 2756 3584 qua
2779 3527 2880 3566 nos
2910 3527 3140 3567 mensus
3167 3521 3254 3566 est
3275 3511 3549 3575 Christus,
3593 3511 3684 3566 sic

2065 3613 2230 3671 agere
2254 3600 2557 3668 vobiscum,
2585 3607 2649 3655 ut
2675 3601 2744 3656 de
2775 3607 2956 3655 vestra
2975 3617 3076 3672 per
3095 3601 3285 3655 omnia
3324 3600 3682 3672 gaudeamus

2070 3689 2353 3745 firmitate.
2371 3689 2854 3745 Clementissimus
2868 3695 3059 3744 autem
3071 3690 3238 3756 Deus,
3255 3689 3350 3760 qui
3382 3699 3686 3760 nunquam

2069 3795 2261 3848 preces
2287 3779 2624 3833 humilitatis
2655 3795 2793 3833 mea:
2819 3779 3072 3850 despicit,
3094 3779 3264 3833 corda
3279 3785 3466 3832 vestra
3484 3778 3542 3830 in
3573 3793 3688 3832 sua

2070 3863 2365 3938 disciplina
2383 3867 2723 3932 corroboret,
2743 3873 2806 3922 ut
2821 3881 2988 3921 omne
3003 3883 3143 3938 opus
3164 3867 3374 3921 bonum
3409 3867 3690 3936 perﬁcere

2069 3971 2198 4010 cum
2228 3955 2501 4026 patientia
2530 3959 2588 4010 et
2613 3955 3038 4026 longanimitate
3063 3955 3307 4026 possitis,
3353 3960 3690 4009 sanctorum

2070 4045 2302 4099 Patrum
2327 4044 2562 4114 vestigia
2589 4045 3012 4114 subsequentes,
3043 4050 3109 4099 ut
3147 4045 3423 4098 sinceram
3461 4057 3525 4097 ac
3561 4044 3690 4098 Deo

2067 4132 2334 4204 placitam
2367 4133 2843 4187 conversationem
2892 4137 3137 4186 vestram
3179 4133 3432 4186 videntes
3464 4131 3558 4186 alii
3605 4132 3692 4187 ad

2067 4221 2275 4276 Christi
2303 4221 2592 4276 servitium
2619 4221 2861 4288 veniant,
2886 4233 3191 4293 curamque
3213 4221 3536 4276 monasterii
3574 4237 3687 4292 pa-

2065 4311 2170 4365 tris
2197 4327 2356 4381 aaquo
2384 4309 2575 4364 labore
2603 4313 2938 4364 sustentent.
3100 4378 3106 4384 ι

2140 4399 2270 4454 CAP.
2303 4396 2501 4454 XXIV.
2525 4429 2590 4439 —
2611 4399 2854 4470 Regulus
2881 4399 3056 4470 igitur
3085 4399 3164 4454 eis
3198 4415 3337 4472 quas
3367 4404 3690 4470 acceperat,

2067 4486 2322 4553 tradidit,
2376 4487 2589 4542 scilicet
2635 4493 2701 4542 ut
2739 4487 3014 4543 haberent
3063 4489 3418 4543 moderatum
3471 4487 3690 4556 cibum,

377 4573 578 4633 beatus
605 4593 792 4646 senex,
827 4579 962 4650 quia
981 4577 1180 4634 talium
1203 4578 1642 4635 sollicitudinum
1669 4598 1874 4636 munus
1894 4583 1989 4636 ad-
2009 4575 2398 4656 DviliSSimum
2431 4577 2714 4643 vestitum,
2759 4591 3018 4650 somnum
3049 4577 3218 4631 etiam
3247 4582 3689 4648 εοωρθῑθηιεηιο

381 4663 492 4720 huc
519 4665 741 4722 obviare
773 4684 884 4723 non
909 4671 1188 4740 poterant,
1211 4685 1436 4724 securos
1464 4687 1586 4724 esse
1617 4667 1686 4724 ab
1715 4671 1990 4726 universis
2073 4666 2231 4721 Unde
2259 4664 2469 4720 factum
2495 4669 2600 4731 est,
2631 4671 2696 4720 ιιι
2717 4663 2880 4736 juxta
2906 4667 3250 4720 VOIImtatem
3290 4664 3531 4731 Domini,
3582 4667 3694 4735 qui

384 4752 816 4812 distentionibus
837 4754 1193 4824 admonebat,
1210 4756 1400 4812 dicens
1425 4775 1436 4810 :
1473 4755 1539 4812 In
1569 4775 1680 4830 quo
1710 4759 1888 4813 Vocati
1908 4773 1992 4814 es-
2071 4767 2266 4810 omnes
2295 4754 2551 4808 homines
2573 4760 2838 4810 convocat
2861 4755 2932 4809 ad
2953 4755 3215 4822 salutem,
3247 4759 3556 4824 cunctaque
3587 4753 3696 4808 bo-

325 4915 339 4926 ,
381 4839 458 4897 tis
482 4841 703 4912 fratres,
721 4842 958 4900 viriliter
968 4847 1026 4900 in
1047 4861 1112 4901 eo
1127 4846 1428 4918 persistite,
1454 4847 1698 4918 psalmos
1713 4845 1900 4915 dicite,
1917 4848 1986 4901 li-

383 4927 515 4987 bros
526 4930 684 5000 alios,
701 4939 759 4989 et
773 4933 1049 5006 praecipue
1059 4939 1314 4990 sanctum
1326 4932 1686 5006 Evangelium
1695 4935 1988 5002 ,memoria

387 5019 748 5076 retinete.Sic
767 5022 918 5076 enim
938 5023 1241 5080 servientes
1255 5023 1512 5089 Domino,
1546 5027 1603 5079 et
1626 5025 1790 5095 juxta
1825 5041 1987 5079 man-

385 5107 520 5164 data
547 5111 670 5182 ejus
695 5109 926 5165 invicem
953 5109 1269 5182 diligentes,
1301 5129 1397 5168 vos
1427 5111 1655 5184 quidem
1683 5111 1840 5168 eritis
1867 5129 1991 5185 per-

383 5198 552 5267 fecti;
583 5215 772 5254 meum
801 5216 928 5254 vero
975 5199 1232 5271 spiritum
1270 5219 1372 5273 per
1407 5202 1594 5258 omnia
1651 5199 1988 5268 refovebitis,

384 5287 699 5361 praesertim
729 5287 776 5343 si
819 5285 1066 5343 caelestia
1107 5291 1386 5360 praecepta
1429 5291 1646 5346 fueritis
1701 5287 1992 5345 sollicitius

389 5375 653 5433 exsecuti.

459 5465 590 5522 CAP.
623 5463 826 5522 XXIII.
859 5496 925 5506 —
949 5463 1125 5521 Erant
1143 5471 1332 5521 autem
1358 5471 1473 5522 tres
1497 5467 1554 5522 hi
1569 5467 1670 5522 viri
1691 5467 1788 5538 qui
1801 5467 1991 5539 primi-

387 5563 480 5611 tus
507 5557 578 5610 ad
606 5555 971 5610 Pachomium
997 5563 1390 5622 convenerant,
1425 5572 1663 5627 quorum
1702 5555 1810 5610 ista
1859 5561 1994 5610 sunt

387 5645 636 5707 nomina.
669 5643 1056 5716 Psenthessus,
1082 5645 1239 5700 Suris
1264 5643 1512 5700 etObsis.
1533 5641 1746 5710 Quibus
1756 5641 1855 5700 Dei
1868 5661 1991 5699 ver-

2069 4855 2272 4898 norum
2299 4843 2646 4898 incrementa
2659 4843 2914 4914 largitur,
2937 4845 3008 4898 ad
3024 4859 3217 4898 senem
3239 4843 3464 4914 plurimi
3480 4856 3698 4898 convo-

2067 4935 2269 4998 larent,
2299 4927 2547 4986 volentes
2567 4931 2780 5003 pariter
2806 4931 3170 4988 commorari:
3215 4932 3364 4986 inter
3390 4945 3530 5002 quos
3559 4939 3700 4988 erat

2069 5021 2353 5086 Pecusius,
2375 5026 2432 5075 et
2447 5021 2758 5088 Cornelius,
2786 5017 2995 5076 Paulus
3015 5037 3257 5093 quoque,
3275 5025 3332 5075 et
3346 5020 3700 5075 Pachomius

2071 5110 2234 5176 alter,
2269 5112 2326 5164 et
2355 5109 2619 5176 Joannes,
2659 5109 2754 5180 qui
2809 5125 3004 5164 omnes
3048 5110 3469 5164 immaculatum
3509 5109 3694 5164 ﬁdem

2073 5197 2222 5253 beati
2252 5197 2434 5252 Patris
2465 5204 2523 5252 et
2547 5198 2858 5253 doctrinam
2894 5197 3244 5253 salutiferam
3280 5195 3521 5252 libenter
3547 5210 3646 5251 am
3667 5231 3700 5240 -

2071 5287 2218 5358 plexi
2239 5291 2390 5342 sunt.
2425 5287 2746 5358 Statuitque
2774 5291 2839 5342 ut
2861 5284 2922 5341 hi
2950 5288 3045 5359 qui
3068 5292 3330 5359 poterant
3352 5287 3700 5342 monasterii

2071 5376 2420 5447 susciperent
2451 5391 2664 5441 curam,
2695 5381 2753 5430 et
2779 5376 2940 5431 itain
2967 5375 3121 5430 brevi
3161 5375 3566 5447 multiplicatus
3596 5383 3704 5432 est

2072 5466 2473 5520 monachorum
2496 5481 2784 5519 numerus.
2813 5471 2850 5530 ι
2867 5471 2992 5530 πω
3021 5465 3264 5520 Proinde
3274 5481 3400 5519 cum
3419 5464 3704 5520 solemni-

2073 5559 2160 5608 tas
2190 5571 2256 5607 ex
2285 5566 2440 5608 more
2468 5553 2795 5624 deposceret
2827 5559 2894 5608 ut
2933 5555 3330 5626 mysteriorum
3366 5553 3704 5610 caelestium

2075 5643 2373 5723 participes
2403 5643 2621 5711 ﬁerent,
2669 5659 2738 5697 ex
2761 5642 3028 5716 proximis
3073 5643 3271 5698 viculis
3322 5642 3704 5716 presbyteros
