3946 6192
362 350 477 409 245

1137 352 1306 407 VITA
1343 350 1600 409 SANC'I‘I
1639 352 1994 411 PACHOMII
2031 348 2334 410 ABBA’I‘IS
2371 348 2888 409 TABENNENSIS.

3541 352 3647 415 246

364 476 777 542 commeabant,
840 478 933 549 qui
966 478 1046 531 eis
1078 477 1436 532 festivitatem
1464 480 1673 534 lzetitire
1703 481 1972 552 spiritalis
1997 485 2040 542 A
2057 478 2268 551 positos
2301 478 2425 548 (29),
2462 479 2558 551 qui
2592 478 2698 533 sibi
2730 480 2799 533 ad
2838 474 3135 535 lucran'das
3155 482 3394 550 animas,
3426 495 3550 554 qua!
3576 485 3646 538 ad

363 567 693 637 implerent.
718 567 846 621 Non
875 567 1025 621 enim
1052 567 1375 638 patiebatur
1410 569 1559 623 idem
1606 588 1791 637 senex,
1826 571 1973 624 inter

360 673 461 709 eos
474 674 602 709 esse
621 655 966 727 quempiam,
992 657 1085 727 qui
1101 657 1396 710 clericatus
1420 657 1600 711 ofﬁcio
1614 659 1964 729 fungeretur.

358 744 605 799 Dicebat
632 745 804 811 enim,
837 746 1014 799 multo
1035 744 1236 799 melius
1277 763 1398 800 esse
1428 752 1596 817 atque
1627 747 1972 801 commodius

358 834 801 899 monachis,non
814 835 997 888 solum
1018 835 1226 889 nullius
1236 852 1465 906 prorsus
1480 836 1706 890 honoris
1719 853 1969 907 quaerere

360 923 650 993 primatus
671 929 727 977 et
739 923 950 993 gloriae,
974 940 1168 977 verum
1191 924 1360 978 etiam
1378 925 1693 979 occasiones
1713 927 1808 997 huj
1817 942 1968 980 usce—

360 1012 519 1063 modi
539 1012 609 1066 de
621 1012 890 1066 coenobiis
907 1014 1490 1084 amputare,quoniam
1502 1014 1824 1085 frequenter
1841 1014 1970 1069 hinc

361 1100 736 1155 interfratres
755 1103 1141 1156 contentiones
1161 1110 1217 1156 et
1231 1104 1854 1158 aemulationesinntiles
1875 1121 1969 1158 na-

361 1194 682 1243 scerentur.
707 1190 863 1244 Sicut
880 1192 1030 1244 enim
1060 1192 1302 1245 scintilla
1323 1192 1469 1262 ignis
1490 1210 1617 1247 cum
1645 1192 1703 1246 in
1726 1208 1966 1247 messem

361 1278 656 1343 ceciderit,
691 1296 804 1333 non
840 1280 951 1334 cito
982 1280 1367 1350 restinguitur,
1399 1288 1457 1335 et
1478 1281 1759 1336 interdum
1796 1282 1968 1335 totius

355 1366 500 1420 anni
524 1367 739 1421 fructus
757 1370 958 1435 exurit;
977 1369 1331 1439 itacogitatio
1352 1370 1539 1424 feralis
1559 1370 1823 1435 ambitus,
1848 1370 1893 1423 si
1912 1370 1970 1423 in

356 1462 589 1509 mentes
609 1458 906 1528 irrepserit
938 1460 1357 1523 monachorum,
1377 1466 1441 1513 ut
1458 1461 1540 1512 vel
1564 1459 1730 1530 primi
1745 1459 1973 1530 cupiant

355 1562 507 1609 esse,
539 1547 621 1598 vel
646 1546 851 1612 clerici,
875 1547 982 1600 nisi
1000 1547 1109 1601 cito
1134 1548 1507 1617 suggestionis
1525 1548 1693 1618 hujus
1708 1547 1965 1601 ardorem

352 1634 429 1685 de
460 1652 567 1687 suo
593 1636 760 1689 corde
777 1637 1110 1706 pepulerint,
1145 1634 1290 1690 illico
1314 1638 1549 1707 perdent
1562 1637 1965 1691 continentiam

351 1723 559 1776 multis
591 1723 876 1778 laboribus
898 1725 1251 1795 acquisitam.
1278 1726 1511 1796 Oportet
1540 1743 1672 1795 ergo
1694 1743 1819 1780 cum
1845 1743 1965 1779 om-

2054 587 2181 623 eum
2210 568 2456 639 quotidie
2486 568 3487 640 conﬂuebant,adjutoresexisterent.
3512 574 3646 628 Plu-

2053 658 2210 712 rimis
2239 657 2389 711 enim
2425 659 2585 725 (sicut
2605 658 2815 711 dictum
2845 664 2947 726 est)
2971 660 3040 713 ad
3052 677 3180 714 eum
3200 661 3568 730 venientibus,
3589 669 3646 717 et

2052 747 2435 818 multipliciter
2465 746 2521 800 in
2548 763 2714 817 opere
2735 747 2971 817 spiritali
3000 748 3395 813 crescentibus,
3440 766 3648 821 magna
3702 776 3709 786 -

2052 837 2307 907 quaedam
2336 836 2771 891 conversationis
2800 852 2993 890 eorum
3024 836 3446 892 videbaturesse
3462 839 3647 893 diver-

2051 924 2206 979 sitas.
2232 924 2444 989 Quibus
2471 940 2640 979 senex
2658 925 2821 995 juxta
2842 924 3033 979 datam
3061 923 3165 979 sibi
3193 925 3459 981 divinitus
3487 939 3649 998 regu-

2051 1015 2184 1081 lam,
2216 1015 2400 1085 gratia
2428 1012 2634 1068 Christi
2658 1032 2718 1068 se
2744 1028 2843 1085 per
2864 1014 3055 1068 omnia
3083 1015 3427 1081 moderante,
3450 1017 3644 1087 provi~

2052 1103 2206 1157 ribus
2253 1109 2309 1156 et
2352 1102 2593 1173 ingeniis
2639 1100 2989 1173 singulorum
3031 1118 3322 1158 mensuras
3351 1108 3409 1158 et
3436 1105 3644 1161 formas

2050 1208 2282 1263 operum
2310 1192 2589 1246 custodire
2621 1191 2882 1247 censebat
2914 1191 3075 1246 :aliis
3104 1193 3347 1263 quidem,
3382 1192 3646 1252 utlabore

2054 1298 2322 1335 manuum
2335 1282 2541 1335 victum
2555 1288 2899 1353 quaererent;
2919 1282 3061 1347 aliis,
3079 1288 3143 1337 ut
3156 1281 3393 1337 fratrum
3415 1296 3645 1356 occupa-

2054 1376 2250 1424 rentur
2268 1370 2568 1441 obsequiis,
2589 1387 2690 1424 nec
2710 1369 2906 1424 iisdem
2923 1369 3138 1425 cunctis
3159 1371 3508 1442 temporibus
3530 1388 3647 1427 ves-

2054 1465 2331 1523 cerentur,
2347 1461 2445 1513 sed
2462 1460 2844 1530 unusquisque
2874 1477 2975 1530 pro
3002 1460 3191 1515 labore
3221 1476 3323 1515 suo
3335 1462 3420 1515 vel
3437 1458 3641 1528 studio,

2049 1548 2404 1602 continentiae
2442 1549 2827 1602 moderamina
2859 1549 3146 1603 retineret.
3200 1547 3644 1604 Sollicitudinem

2051 1652 2177 1690 vero
2206 1637 2380 1691 totius
2396 1633 2827 1707 dispensationis
2840 1654 2973 1707 erga
2992 1637 3200 1691 fratres
3215 1642 3385 1708 atque
3398 1638 3644 1710 peregri-

2051 1742 2150 1778 nos
2181 1725 2391 1779 eisdem
2422 1726 2720 1789 commisit,
2755 1724 2927 1796 quise
2947 1725 3004 1779 in
3023 1725 3218 1779 ordine
3239 1726 3638 1796 sequebantur.

348 1812 419 1865 ni
446 1814 885 1867 mansuetudine
912 1818 969 1867 et
987 1814 1232 1885 puritate
1254 1815 1729 1869 communicantes
1761 1815 1969 1869 Christi
1987 1806 2031 1866 B
2052 1813 2352 1868 Universos
2405 1822 2594 1867 autem
2622 1815 2921 1868 monachos
2941 1818 3227 1885 promptos
3253 1832 3373 1869 esse
3397 1815 3467 1869 ad
3505 1815 3640 1869 obe-

358 1901 620 1954 ecclesiis
638 1903 869 1956 clericos
892 1903 1163 1968 venerari,
1209 1902 1341 1973 quia
1369 1904 1473 1956 hoc
1508 1904 1733 1973 expedit
1763 1920 1960 1957 mona-

349 1990 502 2055 chis,
555 1992 736 2044 nullas
779 1998 970 2046 autem
1002 1992 1291 2062 religiosas
1329 1998 1592 2063 appetere
1631 1993 1954 2062 dignitates.

344 2080 415 2132 Si
449 2096 581 2132 vero
600 2082 974 2149 repererimus
993 2081 1210 2151 aliquos
1226 2098 1291 2134 ex
1303 2081 1591 2155 monachis
1606 2082 1723 2151 jam
1736 2081 1951 2152 pridem

342 2167 590 2221 clericos
611 2168 679 2222 ab
695 2169 967 2240 episc0pis
993 2169 1297 2235 ordinatos,
1332 2172 1741 2240 amplectamur
1760 2187 1953 2223 eorum

343 2258 754 2325 ministerium;
774 2259 907 2328 quia
939 2265 994 2312 et
1014 2259 1071 2311 in
1102 2260 1274 2312 veteri
1289 2259 1647 2313 Testamento
1663 2275 1775 2312 non
1789 2275 1954 2312 omne

338 2347 557 2415 vulgus
587 2363 804 2400 sacrum
834 2347 1206 2418 praesumebat
1233 2347 1494 2410 ofﬁcium,
1528 2348 1624 2400 sed
1656 2348 1713 2400 hi
1736 2354 1953 2401 tantum

336 2434 449 2505 qui
478 2442 642 2487 erant
653 2436 721 2488 de
739 2436 888 2489 tribu
912 2435 1038 2489 Levi
1060 2437 1129 2489 ad
1149 2437 1266 2489 haec
1283 2436 1547 2506 obsequia
1560 2436 1954 2490 nascebantur.

336 2523 411 2576 Si
434 2524 662 2593 quando
693 2532 881 2577 autem
902 2532 1199 2579 extraneus
1230 2525 1405 2578 frater
1434 2526 1741 2591 advenerit,
1761 2526 1829 2578 de
1846 2542 1954 2595 quo

334 2620 573 2665 certum
606 2618 707 2674 est,
734 2613 880 2683 quod
903 2613 1478 2683 sacerdotiifungatur
1492 2614 1691 2676 ofﬁcio,
1726 2631 1837 2667 non
1865 2630 1953 2667 ex-

334 2701 684 2773 probremus
712 2702 782 2767 ei,
816 2707 1105 2773 tamquam
1136 2702 1231 2772 qui
1263 2721 1417 2756 sacra
1432 2705 1563 2773 jura
1585 2703 1947 2773 persuaserit,

331 2796 405 2844 et
430 2791 521 2843 his
555 2808 612 2844 se
642 2791 969 2845 ministeriis
994 2792 1299 2845 insolenter
1323 2791 1640 2861 ingesserit.
1659 2792 1949 2855 Quomodo

328 2896 599 2949 namque
630 2880 731 2932 hoc
757 2879 825 2932 de
850 2897 915 2933 eo
936 2880 1360 2951 suspicabimur,
1386 2898 1551 2951 quem
1584 2897 1684 2934 nos
1713 2881 1784 2934 ad
1804 2881 1949 2933 cele-

330 2968 569 3021 branda
603 2969 850 3022 ccclestia
888 2976 1239 3023 sacramenta
1278 2970 1493 3023 enixius
1532 2969 1887 3023 Obsecremus
1924 2969 1948 3022 Ἰ

328 3057 469 3110 Imo
501 3058 679 3125 magis
696 3064 757 3110 ut
776 3063 1013 3128 patrem,
1032 3063 1088 3111 et
1118 3057 1346 3112 nobisin
1366 3059 1470 3111 hac
1492 3075 1550 3112 re
1572 3057 1943 3123 obedientem,

2044 1903 2318 1956 dientiam
2350 1902 2760 1969 commonebat,
2780 1907 2845 1957 ut
2858 1903 2962 1957 hoc
2974 1904 3303 1973 compendio
3332 1904 3491 1957 facile
3518 1918 3640 1975 per-

2043 1990 2296 2045 fectionis
2317 1992 2800 2062 apprehenderent
2813 1993 2962 2046 celsa
2977 1990 3222 2063 fastigia,
3246 1993 3523 2063 cordaque
3538 2004 3641 2047 sua

2038 2079 2099 2134 in
2129 2079 2331 2134 timore
2354 2080 2560 2134 Christi
2579 2081 2882 2151 diligenter
2898 2081 3230 2135 excolerent.
3248 2079 3338 2136 Sic
3360 2081 3510 2134 enim
3521 2080 3638 2135 Deo

2036 2168 2221 2239 potius
2235 2186 2401 2239 quam
2417 2168 2520 2223 sibi
2534 2170 2933 2235 viverent,dum
2946 2170 3161 2224 fructus
3171 2169 3501 2225 obedientiaa
3514 2184 3641 2242 sup-

2036 2258 2206 2327 plices
2224 2257 2674 2313 exhiberentﬂic
2688 2264 2879 2312 autem
2904 2265 3065 2329 pater
3074 2258 3426 2325 venerabilis,
3443 2274 3635 2330 quam-

2042 2346 2122 2398 vis
2152 2351 2299 2400 esset
2338 2346 2686 2418 spiritalibus
2716 2346 2930 2401 actibus
2963 2352 3283 2417 occupatus,
3329 2344 3377 2400 si
3408 2346 3632 2417 quando

2040 2440 2230 2487 tamen
2259 2434 2539 2489 acciderat
2563 2442 2627 2489 ut
2655 2436 2876 2489 abesset
2895 2435 2942 2489 is
2967 2435 3057 2489 cui
3088 2434 3414 2489 monasterii
3437 2448 3631 2490 curam

2040 2523 2415 2589 commiserat,
2445 2525 2525 2577 sic
2553 2524 2893 2595 adimplebat
2923 2523 3113 2577 omnia
3141 2520 3310 2589 solus,
3336 2524 3490 2578 velut
3509 2536 3631 2579 om-
3683 2551 3686 2554 ο

2034 2612 2191 2666 nium
2206 2612 2469 2667 famulus.
2492 2612 2559 2667 Et
2583 2613 2903 2681 hocagebat
2914 2613 3034 2667 sine
3048 2609 3238 2683 aliqua
3257 2612 3628 2667 ostentatione

2034 2702 2116 2754 vel
2139 2702 2434 2771 juctantia,
2469 2720 2592 2773 quae
2617 2718 2852 2771 magnas
2867 2698 3204 2774 spiritalium
3225 2694 3470 2755 virorum
3486 2700 3630 2756 solet

2033 2806 2301 2844 evacuare
2340 2791 2596 2846 virtutes.
2654 2792 2799 2844 Nam
2822 2806 3043 2845 summa
3071 2790 3276 2844 mentis
3306 2789 3626 2844 humilitate

2032 2886 2260 2932 cunctos
2290 2878 2610 2934 mdiﬁcabat
2636 2880 2693 2933 in
2721 2878 2980 2943 Domino,
3012 2878 3227 2933 utiliter
3252 2878 3512 2933 universa
3538 2876 3625 2933 dl-

2031 2983 2319 3037 spensans.
2351 2968 2553 3023 Omnia
2574 2983 2794 3038 quoque
2817 2968 3159 3022 monasteria
3173 2963 3407 3022 sollicite
3429 2964 3626 3022 circui-

2029 3054 2142 3121 bat,
2175 3072 2353 3127 usque
2382 3058 2515 3111 dum
2533 3074 2728 3111 rursus
2757 3057 2827 3111 ad
2848 3059 3071 3111 eosdem
3093 3057 3235 3111 filios
3246 3073 3376 3111 suos
3387 3062 3623 3127 paterno

330 3146 478 3216 plus
513 3145 785 3199 honorare
840 3163 941 3200 nos
982 3148 1257 3213 convenit,
1281 3153 1475 3218 utpote
1497 3147 1592 3217 qui
1620 3153 1942 3201 sanctorum
1966 3122 2010 3182 δ
2028 3146 2324 3216 repedaret
2350 3147 2570 3200 affectu.
2603 3146 2753 3211 Quos
2777 3144 3063 3200 inveniens
3084 3145 3142 3200 in
3154 3162 3321 3217 opere
3342 3145 3443 3200 Dei
3465 3146 3622 3200 solli-

323 3234 585 3302 vestigia
614 3240 878 3301 sectetur,
902 3242 959 3289 et
979 3235 1255 3289 illibatum
1268 3237 1383 3291 Deo
1402 3252 1605 3290 munus
1616 3236 1814 3289 offerre
1829 3252 1941 3291 non

330 3323 593 3389 desinat,
619 3324 855 3377 maxime
877 3325 926 3378 si
942 3326 1287 3380 conversatio
1319 3328 1366 3396 ej
1377 3344 1440 3379 us
1461 3330 1781 3396 exspectata
1809 3342 1941 3379 cun-

322 3411 447 3465 ctis
480 3419 569 3465 est
617 3418 672 3466 et
714 3413 963 3483 probata.
1020 3415 1078 3469 Si
1108 3432 1255 3479 vero,
1293 3415 1442 3484 quod
1472 3415 1634 3479 absit,
1666 3413 1721 3467 in
1753 3414 1939 3485 aliquo

320 3501 553 3553 delicto
573 3508 802 3571 putatur
821 3520 943 3556 esse
963 3504 1257 3575 collapsus,
1278 3504 1346 3557 de
1364 3522 1428 3557 eo
1451 3520 1552 3557 nos
1562 3503 1814 3573 judicare
1826 3519 1937 3557 non

319 3606 661 3660 possumus.
679 3591 826 3645 Deus
848 3592 999 3644 enim
1022 3592 1193 3660 judex
1199 3592 1404 3661 justus,
1422 3584 1710 3647 constituit
1731 3594 1938 3665 episco-

319 3696 439 3749 pos
471 3696 643 3749 super
677 3697 770 3733 eos
813 3679 1052 3750 judices,
1082 3682 1179 3750 qui
1210 3680 1501 3735 beatorum
1556 3684 1935 3752 apostolorum

320 3782 691 3821 successores
721 3774 777 3821 et
804 3770 1116 3823 imitatores
1146 3769 1935 3842 existunt,quipossuntspiri—

316 3856 437 3909 tali
472 3854 714 3909 examini
742 3858 952 3915 discere
978 3858 1201 3927 negotia
1232 3858 1601 3929 singulorum.
1636 3867 1693 3913 et
1713 3876 1933 3931 aequum

318 3946 405 3997 de
438 3943 527 3996 eis
570 3945 710 3998 ferre
732 3946 1027 4016 judicium.
1059 3948 1171 4000 Nos
1201 3953 1389 4000 autem
1419 3949 1829 4018 compatiamur
1867 3967 1933 4003 ex

315 4034 450 4087 imo
482 4040 703 4103 pectore
725 4035 930 4089 talibus
954 4054 965 4087 :
989 4035 1120 4106 quia
1136 4041 1192 4089 et
1212 4036 1598 4089 misericordes
1616 4053 1716 4090 nos
1745 4038 1933 4092 Domi-

314 4138 441 4176 nus
474 4138 599 4175 esse
613 4129 929 4177 commonet
951 4124 1161 4188 (Matth.
1182 4125 1377 4193 v1),cui
1398 4124 1709 4196 supplicare
1718 4127 1933 4195 jugiter

316 4217 580 4281 Oportet,
607 4228 674 4264 ne
698 4228 797 4265 nos
826 4212 884 4265 in
913 4213 1157 4283 aliquam
1175 4214 1545 4267 tentatiouem
1570 4214 1818 4284 patiatur
1842 4215 1928 4269 in-

315 4299 483 4353 duci.
535 4301 660 4354 liaec
699 4318 733 4353 a
752 4308 1062 4355 memorato
1094 4303 1258 4355 Patre
1281 4319 1392 4355 non
1407 4303 1586 4356 solum
1599 4302 1930 4358 dicebantur

312 4388 589 4455 viriliter,
611 4390 707 4442 sed
720 4393 775 4442 et
794 4406 920 4444 cum
950 4390 1100 4443 omni
1130 4389 1503 4444 sollicitudine
1535 4392 1922 4447 servabantur.

2023 3234 2132 3288 cite
2161 3234 2409 3305 vigilare,
2439 3235 2739 3305 gaudebat,
2768 3236 3123 3306 multumque
3148 3234 3500 3306 profectuum
3528 3250 3620 3289 eo-

2022 3339 2148 3377 rum
2178 3323 2477 3378 laetabatur
2505 3323 2849 3393 augmentis.

2094 3460 2223 3511 CAP.
2256 3459 2523 3513 XXVI.—
2550 3459 2801 3523 Quodam
2831 3474 2961 3511 vero
2989 3463 3262 3528 tempore,
3293 3457 3488 3511 videns
3517 3457 3615 3511 alis

2021 3564 2160 3618 quos
2214 3548 2523 3601 mediocres
2578 3547 2830 3601 homines
2874 3548 2931 3601 in
2976 3546 3171 3600 vicinis
3207 3545 3340 3601 locis
3361 3547 3497 3600 dum
3517 3563 3614 3617 par

2018 3641 2236 3690 scerent
2256 3653 2474 3707 pecora,
2504 3654 2538 3689 a
2564 3634 3614 3691 communionesacramentorumChri.

2017 3725 2090 3778 sti
2131 3725 2431 3791 abstinere,
2492 3742 2595 3779 nec
2635 3725 2955 3783 divinorum
3005 3724 3116 3779 frui
3159 3728 3335 3789 ιπθ
3371 3724 3610 3778 lectione

2015 3822 2380 3887 voluminum,
2416 3822 2511 3893 qui
2540 3839 2641 3892 per
2670 3837 2834 3875 omne
2856 3821 3162 3876 Sabbatum
3182 3826 3351 3892 atque
3363 3821 3615 3876 Domini-

2014 3937 2141 3974 cum
2172 3921 2497 3975 solemniter
2517 3920 2724 3991 ubique
2772 3920 3101 3985 recitantur,
3142 3920 3272 3973 iniit
3311 3920 3607 3974 consilium

2014 4010 2209 4063 cumS.
2233 4009 2860 4079 Aprione'l‘entyrorum
2881 4009 3140 4079 episcopo
3158 4007 3286 4077 (30),
3319 4014 3385 4062 ut
3402 4010 3462 4062 in
3488 4009 3610 4063 vico

2014 4114 2207 4151 eorum
2232 4100 2353 4168 jam
2380 4115 2521 4168 pene
2542 4098 2764 4152 deserto
2801 4104 3222 4152 construeretur
3245 4082 3496 4164 ecclesia,
3531 4097 3603 4151 ad

2013 4202 2183 4257 quam
2220 4187 2596 4252 convenirent,
2631 4194 2688 4240 et
2715 4187 2985 4257 mysteria
3013 4187 3200 4240 divina
3228 4187 3597 4258 perciperent.

2011 4275 2169 4338 Quod
2196 4275 2289 4329 ubi
2318 4275 2526 4329 factum
2557 4281 2658 4339 est,
2693 4291 2820 4328 cum
2851 4291 2953 4328 nec
2980 4275 3115 4328 dum
3147 4281 3347 4329 essent
3376 4277 3606 4329 ordinat

2009 4371 2210 4436 clerici,
2240 4373 2335 4442 qui
2357 4372 2629 4426 solemnia
2641 4370 2787 4443 plebi
2803 4378 3159 4443 peragerent,
3174 4372 3293 4443 ipse
3314 4374 3385 4426 ad
3402 4374 3598 4427 horam

314 4478 384 4532 Si
410 4477 641 4547 quando
669 4478 907 4548 denique
934 4479 1178 4532 venisset
1206 4479 1275 4532 ad
1293 4496 1420 4533 eum
1443 4480 1693 4544 clericus,
1712 4479 1806 4551 qui
1822 4480 1924 4535 sub

2027 4472 2314 4523 :onventus
2391 4468 2634 4549 ecclesiae
2714 4486 2842 4523 cum
2917 4469 3206 4524 monachis
3273 4469 3599 4525 occurrebat

314 4567 453 4635 ejus
481 4566 675 4636 regula
700 4568 867 4620 vellet
884 4567 1084 4633 vivere,
1099 4568 1365 4638 dignitati
1381 4570 1428 4638 ej
1438 4586 1501 4622 us
1520 4570 1791 4623 honorem
1805 4571 1925 4623 red-

314 4654 499 4708 debat
522 4652 767 4709 ecclesiae
789 4655 1037 4710 debitum
1057 4676 1068 4722 ;
1087 4650 1190 4710 ille
1216 4674 1344 4711 vero
1372 4658 1774 4712 monachorum
1804 4676 1921 4712 ser-

314 4744 481 4798 viens
509 4743 799 4810 institutis,
832 4749 1103 4815 tanquam
1136 4744 1282 4816 patri
1314 4763 1373 4799 se
1399 4748 1577 4800 multa
1605 4746 1922 4802 humilitate

313 4832 619 4888 subdebat.

390 4924 527 4976 CAP.
560 4921 729 4976 XXV.
772 4958 805 4965 η
841 4922 1050 4977 Omnes
1067 4926 1257 4976 autem
1290 4921 1499 4977 Christi
1526 4924 1765 4978 famulos
1795 4924 1911 4979 bea-

313 5017 409 5064 tus
440 5011 783 5065 Pachomius
803 5011 942 5065 adeo
967 5011 1253 5081 diligebat,
1278 5018 1341 5066 ut
1360 5012 1440 5066 eis
1461 5030 1682 5084 semper
1697 5030 1918 5085 compa-

311 5102 537 5151 teretur
552 5103 790 5169 paterno
811 5100 1030 5153 affectu.
1048 5099 1287 5154 Senibus
1313 5101 1483 5154 etiam
1508 5108 1563 5155 et
1579 5118 1728 5171 aegro
1751 5100 1918 5156 tanti-

314 5186 443 5251 bus,
465 5203 683 5240 necnon
716 5192 773 5240 et
790 5188 1054 5257 parvulis,
1071 5189 1465 5243 misericordiae
1480 5204 1649 5261 opera
1678 5190 1918 5262 propriis

314 5273 584 5329 manibus
603 5275 913 5346 ingerebat,
929 5294 1043 5347 prae
1060 5278 1274 5331 caeteris
1291 5294 1484 5331 eorum
1500 5285 1716 5333 mentes
1737 5281 1913 5334 muni-

316 5365 475 5417 mine
527 5364 769 5434 spiritali
826 5366 1212 5421 corroborans.
1274 5368 1528 5437 Cumque
1559 5368 1617 5421 in
1637 5368 1745 5422 ﬁde
1774 5375 1830 5423 et
1860 5370 1916 5423 in

313 5468 491 5523 Opere
524 5453 689 5507 multi
720 5454 1074 5524 proficerent,
1103 5462 1160 5509 et
1186 5472 1424 5526 magnus
1456 5456 1693 5510 fratrum
1723 5474 1915 5512 nume-

314 5557 413 5593 rus
427 5546 753 5610 augeretur,
776 5556 969 5596 omnes
988 5544 1391 5613 propemodum
1410 5544 1739 5613 satagebant
1749 5562 1917 5600 aemu-

314 5626 525 5683 latores
571 5646 695 5683 esse
724 5626 969 5685 virtutis.
1020 5631 1327 5686 Constituit
1355 5630 1529 5701 igitur
1557 5650 1621 5686 ex
1652 5632 1731 5687 eis
1769 5649 1913 5704 prm-

2006 4566 2320 4619 salutiferas
2338 4564 2483 4637 plebi
2504 4567 2738 4637 paginas
2758 4566 3037 4637 relegens;
3062 4564 3213 4637 quia,
3233 4572 3297 4621 ut
3310 4565 3443 4631 dixi,
3462 4581 3599 4622 non-

2005 4656 2139 4708 dum
2168 4654 2376 4709 ibidem
2402 4656 2635 4710 lectores
2664 4658 2889 4710 fuerant
2909 4654 3216 4722 constituti,
3240 4669 3342 4710 nec
3367 4654 3465 4711 alii
3484 4657 3597 4712 cle-

2005 4743 2125 4807 rici,
2147 4744 2243 4815 qui
2261 4743 2576 4799 ministeria
2593 4761 2751 4823 sacra
2762 4742 3124 4799 celebrarent.
3160 4742 3440 4808 Quamdiu
3462 4760 3594 4817 ergo

2004 4833 2294 4905 presbyter
2320 4840 2377 4887 et
2400 4833 2649 4903 reliquus
2701 4833 2835 4887 ordo
2877 4830 3207 4887 clericorum
3246 4833 3459 4901 aberat,
3493 4833 3596 4889 Pa-

2002 4922 2255 4976 chomius
2308 4920 2583 4981 veniebat.
2618 4928 2675 4975 et
2702 4921 2780 4975 sic
2809 4920 3070 4975 alacriter
3113 4938 3179 4976 ac
3222 4921 3594 4979 inverecunde

2001 5011 2224 5065 lectoris
2251 5009 2521 5082 implebat
2547 5011 2811 5075 ofﬁcium,
2837 5016 2896 5064 et
2923 5011 3002 5065 ita
3029 5010 3232 5066 mentis
3262 5026 3327 5066 ac
3343 5010 3593 5084 corporis

2000 5101 2188 5153 oculos
2207 5100 2449 5154 habebat
2466 5101 2731 5163 intentos,
2756 5103 2819 5153 ut
2838 5097 3088 5155 videntes
3104 5116 3234 5155 eum
3248 5099 3459 5173 populi,
3476 5116 3590 5157 non

2000 5188 2302 5253 hominem,
2328 5187 2425 5242 sed
2452 5188 2557 5249 Dei
2587 5189 2849 5258 angelum
2874 5188 3185 5244 crederent.
3220 5186 3380 5245 Unde
3400 5189 3590 5261 plures

1998 5278 2322 5332 intitutione
2352 5277 2472 5348 ejus
2498 5275 2569 5331 ab
2599 5294 2788 5332 errore
2815 5275 3086 5345 conversi,
3110 5278 3241 5333 facti
3271 5284 3414 5357 sunt
3433 5276 3590 5334 Chri-

1998 5366 2185 5421 stiani.
2222 5367 2353 5421 Erat
2400 5366 2548 5421 enim
2587 5366 2733 5421 circa
2769 5367 3004 5438 proximi
3051 5368 3383 5422 charitatem
3432 5364 3588 5421 valde

1998 5457 2294 5527 perfectus,
2330 5462 2386 5510 et
2404 5457 2685 5510 intantum
2706 5456 3041 5529 misericors,
3076 5460 3141 5511 ut
3167 5455 3214 5511 si
3257 5455 3480 5527 quando
3503 5470 3586 5508 v1-

1998 5546 2174 5599 disset
2202 5546 2417 5616 aliquos
2462 5545 2669 5600 diaboli
2698 5545 2893 5605 fraude
2923 5542 3200 5617 deceptos,
3239 5559 3444 5615 eosque
3474 5559 3587 5598 non

1998 5648 2189 5687 verum
2214 5631 2393 5688 Deum
2425 5635 2625 5703 colere,
2658 5635 2755 5688 sed
2774 5632 2929 5687 vanis
2958 5632 3226 5688 inservire
3250 5629 3583 5697 simulacris,
