4004 6196
393 334 495 395 247

1412 332 1507 386 DE
1545 331 1733 388 VITIS
1770 325 2066 386 PATRUM
2105 321 2320 380 LIBER
2356 317 2646 376 PRIMUS.

3560 316 3665 376 248

395 475 568 533 super
597 474 792 515 eorum
849 454 1161 528 perditione
1205 453 1597 524 ingemisceret
1649 454 1887 520 fortiter,
1930 455 1988 507 et
2009 454 2050 512 Α
2065 464 2167 503 suo
2221 443 2458 533 occulte,
2509 442 2660 533 hunc
2702 439 3084 533 persequebar
3117 441 3288 533 (ἕζεαι.
3345 444 3418 510 c.)
3462 440 3666 533 Nullus

394 549 640 606 ubertim
661 549 936 618 lacrymas
965 559 1066 615 pro
1096 559 1290 597 eorum
1311 542 1493 596 salute
1510 541 1788 597 funderet.

469 640 600 695 ΟΑΡ.
628 635 850 691 XXVII.
885 661 949 673 —
973 634 1081 686 Per
1129 631 1280 686 idem
1325 637 1549 704 tempus
1595 631 1990 686 Alexandrinae

329 771 336 780 .
399 727 640 781 ecclesiae
669 729 894 778 sanctus
913 722 1207 794 episc0pus
1235 721 1578 776 Athanasius
1611 724 1870 793 praeerat,
1907 719 1994 773 vir

358 797 364 810 l
399 816 552 871 omni
579 814 784 868 virtute
811 810 1104 866 mirabilis.
1131 809 1380 874 Quicum
1399 809 1726 864 solemniter
1745 808 1994 880 superio-

397 904 475 959 ris
504 901 798 958 Thebaida:
817 900 1080 955 circuiret
1097 898 1389 965 Ecclesias,
1409 905 1464 952 et
1491 899 1724 952 salutari
1739 897 1996 953 doctrina

397 991 458 1047 in
484 991 594 1045 fide
623 989 832 1045 Christi
852 988 1072 1061 plebem
1097 987 1438 1054 institueret,
1461 987 1665 1041 accidit
1682 992 1746 1042 ut
1772 986 1844 1040 ad
1875 987 1996 1040 loca

398 1078 851 1135 Tabennensium
881 1077 1103 1148 navigio
1123 1077 1459 1149 perveniret.
1483 1077 1642 1141 Quod
1664 1075 1760 1131 ubi
1789 1075 1996 1130 Pacho-

400 1168 548 1224 mius
577 1167 823 1238 agnovit,
849 1167 1040 1221 statim
1069 1182 1198 1220 cum
1217 1165 1490 1220 universis
1507 1164 1794 1219 monachis
1805 1163 1863 1218 in
1875 1165 1996 1234 ejus

399 1257 722 1330 properavit
739 1271 1033 1312 occursum
1056 1273 1069 1322 ;
1085 1270 1390 1326 omnesque
1409 1253 1720 1324 gaudentes
1740 1258 1798 1308 et
1817 1253 1998 1306 exsul~

399 1351 605 1411 tantes,
639 1362 765 1400 cum
789 1343 1018 1416 psalmis
1046 1349 1104 1398 et
1122 1343 1349 1415 hymnis
1375 1359 1658 1397 summum
1676 1341 1883 1396 Christi
1901 1359 1998 1396 su-

400 1451 628 1506 scepere
649 1434 988 1505 pontificem;
1010 1437 1068 1487 et
1086 1438 1208 1486 erat
1227 1432 1425 1502 ingens
1442 1431 1744 1485 multitudo
1758 1430 2000 1484 fratrum

403 1524 501 1596 qui
529 1523 600 1578 de
628 1524 750 1594 ejus
781 1523 1024 1576 adventu
1045 1520 1383 1574 laetabantur
1410 1521 1468 1574 in
1498 1520 1758 1574 Domino.
1789 1519 2000 1574 Pacho-

404 1612 553 1667 mius
570 1629 700 1666 vero
725 1627 839 1666 non
864 1628 924 1664 se
943 1608 1273 1664 ostendebat
1291 1608 1529 1663 antistiti
1546 1613 1878 1674 memorato,
1903 1607 2001 1662 sed

403 1716 469 1754 ex
495 1699 776 1754 industria
817 1697 1157 1753 subtrahens
1177 1714 1256 1763 se,
1280 1697 1338 1751 in
1367 1697 1768 1752 monachorum
1797 1696 2002 1752 turmis

2067 531 2293 607 (aiebat)
2315 534 2496 588 bonus
2515 531 2584 586 de
2605 547 2701 586 ore
2713 547 2815 584 suo
2828 528 3040 602 profert
3052 529 3359 601 quidquam
3385 529 3542 594 mali,
3565 545 3668 583 nec

2072 625 2279 680 sanctis
2301 621 2553 695 patribus
2577 625 2847 674 venenato
2865 635 2960 674 ore
2980 635 3212 692 prorsus
3232 617 3572 690 obloquitur.
3588 618 3668 671 De

2075 731 2188 786 qua
2201 729 2261 767 re
2277 711 2469 767 multis
2491 709 2719 782 quidem
2731 708 3036 780 Scripturis
3047 708 3150 762 Dei
3165 706 3518 762 monstrabat
3529 706 3671 760 indi-

2073 802 2600 875 gnantisoifensam,
2619 797 2897 871 praecipue
2918 803 3109 852 tamen
3141 796 3331 851 Mariae
3351 795 3672 868 proferebat

2077 892 2412 962 exemplum,
2445 906 2569 961 quae
2605 905 2732 942 mox
2769 893 2834 942 ut
2860 886 3128 942 adversus
3154 888 3385 958 Moysen
3415 886 3673 958 querelas

2077 978 2498 1036 obtrectationis
2511 975 3123 1048 elfudit,perfusalepra
3139 975 3388 1030 divinum
3393 974 3674 1046 judicium

2076 1071 2254 1125 vitare
2283 1086 2393 1124 non
2425 1067 2628 1140 potuit.
2650 1067 2782 1120 Haec
2801 1066 3026 1132 docens,
3043 1065 3349 1120 utilitatem
3365 1063 3674 1120 maximam

2078 1157 2435 1215 audientibus
2454 1155 2775 1212 conferebat
2803 1155 2990 1230 (Num.
3019 1153 3126 1224 12).

2152 1249 2281 1302 CAP.
2303 1246 2554 1300 XXVIII.
2599 1275 2660 1288 —-
2689 1243 2977 1316 Comperit
2998 1247 3188 1298 autem
3215 1258 3483 1312 germana
3514 1258 3678 1296 soror

2081 1337 2203 1408 ejus
2229 1335 2641 1390 institutionem
2663 1332 2812 1387 senis
2842 1332 3169 1404 praeclaram
3181 1337 3351 1403 atque
3376 1331 3676 1386 sublimem

2080 1427 2244 1495 (Ra/7'.
2269 1427 2306 1479 ι.
2340 1438 2422 1487 In,
2453 1440 2512 1477 η.
2535 1421 2625 1487 34)
2656 1421 3032 1494 ;cupiensque
3047 1421 3234 1474 videre
3271 1437 3422 1486 eum,
3454 1420 3526 1474 ad
3555 1435 3678 1473 mo-

2082 1513 2392 1569 nasterium
2413 1513 2534 1582 ejus
2546 1511 2615 1566 ad
2623 1511 2957 1576 venit.Quod
2972 1510 3067 1564 ubi
3081 1509 3307 1580 agnovit
3319 1509 3674 1574 Pachomius,

2081 1601 2468 1673 hujuscemodi
2491 1617 2824 1671 responsum
2875 1599 2926 1654 ei
2969 1616 3072 1671 per
3094 1599 3385 1654 ostiarium
3417 1598 3623 1652 direxit
3663 1615 3675 1650 :

2085 1691 2242 1756 Ecce,
2275 1706 2450 1755 soror,
2483 1689 2690 1744 audisti
2723 1689 2792 1743 de
2814 1706 2904 1743 me
2922 1689 3070 1760 quod
3091 1688 3272 1742 vivam
3300 1693 3358 1742 et
3384 1687 3683 1741 incolumis

403 1787 665 1854 occuluit,
699 1805 765 1842 ex
784 1787 890 1842 hac
918 1787 1176 1840 videlicet
1191 1803 1380 1851 causa,
1401 1785 1548 1856 qnod
1559 1785 1842 1840 antefatus
1861 1786 2002 1839 Ten-
2021 1768 2068 1828 B
2086 1779 2340 1846 existam;
2366 1795 2538 1850 perge
2566 1778 2746 1848 igitur
2779 1778 2839 1832 in
2873 1795 3028 1850 pace,
3048 1793 3150 1832 nec
3167 1777 3514 1831 contristeris
3531 1776 3683 1848 quod

403 1882 661 1948 tyrorum
677 1876 973 1948 episcopus
986 1877 1055 1930 de
1072 1891 1137 1929 eo
1149 1875 1783 1930 sanctumAthanasium
1796 1874 2002 1946 saepius

405 1966 691 2031 exorabat,
718 1965 898 2019 virum
925 1964 1118 2019 dicens
1148 1980 1270 2018 esse
1318 1962 1652 2028 mirabilem,
1685 1968 1744 2017 et
1769 1979 1898 2016 vere
1925 1962 2004 2016 fa-

405 2055 624 2108 mulum
645 2053 767 2120 Dei,
793 2070 960 2125 quem
983 2053 1054 2107 ad
1073 2053 1343 2108 honorem
1363 2052 1658 2107 sacerdotii
1677 2051 2003 2122 dignissime

410 2147 783 2220 promoveret.
828 2142 892 2197 Id
922 2158 1055 2212 ergo
1101 2141 1283 2196 sciens
1327 2141 1684 2207 Pachomius,
1723 2157 1837 2195 non
1863 2141 1916 2194 ei
1943 2157 2004 2194 se

409 2229 706 2284 manifeste
725 2229 1072 2296 monstravit,
1090 2229 1238 2284 inter
1255 2229 1892 2300 monachorumagmina
1913 2229 2006 2284 de-

408 2318 687 2384 litescens,
733 2335 912 2390 usque
948 2319 1084 2372 dum
1131 2318 1282 2374 idem
1327 2318 1644 2390 praeteriret
1687 2318 2000 2390 episcopus,

409 2423 577 2479 quem
607 2406 892 2462 intantum
921 2406 1312 2474 venerabatur,
1334 2412 1400 2461 ut
1417 2408 1636 2461 nullum
1656 2406 2006 2478 praestantio-

407 2512 530 2551 rem
557 2495 694 2568 ipsis
711 2495 1058 2568 temporibus
1086 2495 1370 2550 hominem
1391 2495 1620 2550 diceret.
1644 2495 2010 2566 Compererat

411 2585 563 2639 enim
594 2590 847 2639 sanctam
873 2584 1046 2638 vitam
1077 2585 1200 2655 ejus
1229 2589 1287 2638 et
1304 2583 1721 2656 persecutiones
1743 2584 2004 2638 innume-

415 2689 533 2739 ras,
557 2689 696 2744 quas
726 2672 796 2727 ab
818 2672 1044 2726 Arianis
1081 2689 1184 2744 pro
1214 2671 1422 2728 Christi
1452 2673 1759 2744 pertulerat
1787 2673 2005 2727 confes-

413 2760 606 2828 sione;
641 2760 972 2815 charitatem
1004 2777 1247 2832 quoque,
1274 2777 1443 2832 quam
1457 2777 1914 2831 ergaumversos,
1949 2766 2008 2816 et

416 2848 660 2904 maxime
688 2849 1010 2914 monachos,
1063 2849 1378 2914 exhibebat,
1433 2850 1652 2904 intento
1696 2849 2010 2906 mirabatur

416 2936 625 3004 animo,
649 2954 892 3010 eumque
916 2943 1036 2992 toto
1049 2939 1231 2994 cordis
1259 2939 1460 2994 affectu
1480 2939 1870 2994 venerabatur.
1893 2940 2009 2994 Nec

413 3026 596 3080 solum
617 3027 765 3082 hunc
791 3026 1060 3098 diligebat
1087 3027 1380 3082 ardentius
1403 3028 1527 3095 ;sed
1556 3033 1613 3082 et
1636 3044 1830 3083 omnes
1843 3034 2008 3084 recta:

414 3115 546 3170 ﬁdei
570 3115 718 3170 viros
739 3132 960 3171 summo
996 3117 1181 3172 studio
1211 3117 1560 3189 praeferebat.
1583 3117 1886 3172 Haareticos
1911 3135 2009 3172 au-

2053 1894 2056 1898 η
2085 1875 2142 1924 te
2180 1885 2293 1922 non
2312 1868 2530 1921 videam
2561 1866 2942 1938 corporalibus
2970 1867 3162 1921 oculis.
3187 1866 3346 1930 Quod
3369 1865 3417 1920 si
3440 1865 3685 1920 volueris

2085 1958 2230 2012 hanc
2266 1956 2747 2016 conversationem
2777 1955 2956 2026 sequi,
2983 1971 3153 2026 quam
3175 1959 3358 2020 teneo,
3397 1960 3460 2008 ut
3501 1954 3684 2025 possis

2085 2047 2234 2117 apud
2245 2045 2546 2100 Dominum
2559 2044 3002 2099 misericordiam
3015 2043 3280 2116 reperire,
3307 2049 3346 2109 ι
3361 2049 3480 2108 g4
3496 2043 3688 2112 cogita

2083 2140 2272 2188 tecum
2291 2133 2596 2202 diligenter
2613 2139 2670 2187 et
2689 2137 2895 2199 tracta;
2927 2137 2985 2186 et
3003 2131 3050 2186 si
3078 2147 3394 2202 cognovero
3427 2131 3534 2186 hoc
3559 2147 3687 2185 san-

2086 2229 2239 2278 ctum
2259 2222 2412 2277 cordi
2427 2227 2526 2276 tuo
2569 2221 2780 2276 sedisse
2807 2221 3180 2293 pr0positum,
3213 2220 3538 2292 praecipiam
3576 2220 3688 2273 fra-

2086 2311 2269 2366 tribus
2311 2309 2452 2364 meis
2477 2315 2542 2364 ut
2561 2309 2663 2364 tibi
2682 2310 2878 2381 procul
2909 2309 3190 2364 aedificent
3217 2309 3592 2374 mansionem,
3627 2307 3687 2362 in

2087 2417 2200 2472 qua
2245 2417 2372 2454 cum
2413 2398 2710 2469 disciplina
2754 2399 3200 2469 verecundiaque
3239 2397 3529 2470 persistas.
3570 2397 3690 2451 Nec

2089 2489 2284 2544 dubito
2314 2487 2462 2560 quod
2500 2487 2640 2542 alias
2669 2488 2923 2558 exemplo
2942 2493 3040 2542 tuo
3069 2487 3342 2542 Dominus
3372 2485 3685 2552 advocabit,

2087 2595 2214 2649 qua:
2268 2583 2454 2632 tecum
2499 2581 2786 2642 maneant,
2836 2581 2892 2630 et
2935 2592 3036 2647 per
3054 2582 3110 2630 te
3133 2579 3458 2630 mereantur
3485 2575 3688 2629 salutis

2087 2673 2310 2722 interna:
2324 2667 2572 2722 invenire
2585 2666 2918 2721 subsidium.
2932 2667 3159 2722 Nullam
3171 2681 3418 2736 namque
3432 2663 3689 2734 requiem

2089 2756 2146 2810 in
2184 2757 2288 2810 hoc
2316 2773 2548 2832 corpore
2575 2755 2774 2810 mortis
2791 2754 2998 2810 habere
3018 2754 3227 2826 poterit
3252 2754 3439 2820 homo,
3457 2752 3569 2807 nisi
3590 2751 3688 2824 qui

2088 2846 2198 2916 piis
2218 2845 2480 2918 operibus
2498 2847 2615 2901 Deo
2633 2845 2928 2918 placuerit.
2957 2846 3090 2900 Haec
3109 2844 3344 2898 audiens
3359 2859 3520 2897 soror
3539 2843 3590 2913 ej
3600 2859 3684 2909 us,

2091 2934 2242 2990 flevit
2268 2951 2460 2989 amare
2479 2953 2490 2988 :
2514 2940 2572 2990 et
2597 2939 2935 3006 compuncta
2952 2934 3238 3000 divinitus,
3257 2933 3328 2987 ad
3340 2931 3688 2986 exhortatio-

2089 3039 2220 3078 nem
2231 3023 2660 3078 saluberrimam
2679 3040 2804 3078 mox
2817 3022 3035 3094 appulit
3054 3023 3308 3078 animum
3332 3037 3504 3092 seque
3527 3021 3688 3075 Chri-

2089 3116 2175 3166 sto
2186 3111 2394 3166 servire
2403 3111 2653 3184 professa
2669 3118 2772 3166 est.
2798 3112 2956 3167 Hanc
2981 3113 3114 3181 ergo
3136 3116 3382 3165 mentem
3401 3126 3692 3180 germanae

416 3208 534 3258 tem
571 3204 960 3260 detestabatur
988 3206 1314 3278 plurimum,
1349 3211 1406 3261 et
1435 3206 1677 3260 maxime
1697 3206 2017 3277 Origenem,
2039 3204 2211 3264 Csua:
2235 3201 2568 3256 Pachomius
2601 3217 2929 3272 agnoscens,
2951 3201 3068 3255 Deo
3086 3200 3300 3271 gratias
3341 3199 3478 3268 egit,
3511 3198 3612 3270 qui
3641 3197 3692 3252 ei

413 3291 567 3347 velut
575 3291 962 3365 blasphemum
978 3310 1043 3349 ac
1052 3295 1712 3366 perfidum,vehementer
1725 3293 2006 3349 horrebat:

419 3381 516 3453 qui
537 3383 776 3454 praevius
799 3384 921 3437 Arii
940 3383 1262 3454 Meletiique
1282 3384 1616 3452 declaratus,
1649 3383 1754 3438 sub
1773 3383 2014 3438 Heracla

410 3468 527 3543 (32)
554 3471 858 3526 venerabili
887 3472 1276 3528 Alexandrina:
1327 3473 1573 3528 civitatis
1621 3474 1900 3544 episcopo,
1940 3473 2011 3527 de

415 3559 648 3614 ecclesia
665 3561 867 3631 pulsus
881 3566 986 3628 est,
1002 3561 1210 3632 quique
1249 3578 1418 3615 sacrae
1453 3561 1752 3632 Scriptum
1776 3561 2010 3632 dogma-

414 3647 566 3702 tibus
617 3664 785 3703 exosa
830 3654 1000 3720 atque
1055 3649 1406 3714 detestanda,
1445 3665 1570 3720 quae
1609 3649 2011 3704 nonnullorum

415 3735 589 3790 corda
635 3735 1040 3802 subverterent,
1075 3736 1512 3808 expositionibus
1541 3737 1658 3791 suis
1688 3737 2008 3793 admiscuit.

415 3822 486 3876 Et
509 3823 673 3877 sicuti
685 3824 870 3878 solent
888 3825 984 3896 qui
999 3841 1213 3880 venena
1224 3830 1561 3898 temperant,
1580 3826 2012 3882 amaritudinem

417 3911 584 3964 melle
613 3917 944 3982 contegere;
969 3913 1160 3968 siciste
1189 3914 1401 3986 proprii
1427 3915 1579 3970 virus
1599 3915 1823 3981 erroris,
1854 3916 2014 3971 caele-

417 3998 593 4053 stium
612 3998 908 4054 verborum
939 4001 1232 4056 dulcedine
1264 4003 1486 4071 liniens,
1511 4003 1744 4058 exitiosa
1779 4003 2012 4058 rudibus

419 4086 686 4158 dogmata
712 4089 1047 4160 propinavit.
1090 4091 1446 4163 Quapropter
1474 4109 1764 4148 universos
1807 4091 2012 4148 fratres

417 4176 710 4233 sollicitius
758 4179 1115 4247 admonebat,
1151 4185 1216 4234 ut
1241 4197 1352 4236 non
1401 4181 1584 4238 solum
1613 4180 1724 4253 ipsi
1753 4180 2013 4252 Origenis

417 4271 738 4323 commenta
785 4265 895 4337 (33)
925 4285 1039 4324 non
1067 4269 1337 4340 legerent,
1361 4271 1460 4324 sed
1489 4287 1670 4341 neque
1698 4269 2014 4340 legentibus

2093 3294 2411 3362 promptam
2453 3290 2692 3360 largitus
2722 3295 2807 3344 est
2833 3289 3197 3354 voluntatem,
3234 3294 3292 3342 et
3318 3288 3576 3359 protinus
3606 3303 3693 3341 re-

2093 3378 2470 3448 ligiosioribus
2492 3379 2735 3450 imperat
2760 3377 3028 3434 fratribus
3057 3383 3121 3432 ut
3145 3378 3198 3432 ei
3226 3378 3474 3448 procula
3489 3393 3548 3431 se
3573 3393 3693 3430 mo-

2092 3467 2403 3522 nasterium
2437 3473 2787 3522 construant.
2830 3467 2993 3532 Quod
3022 3466 3117 3521 ubi
3137 3465 3345 3521 factum
3375 3471 3480 3530 est,
3505 3471 3563 3520 et
3595 3465 3692 3519 illa

2091 3561 2398 3615 secundum
2426 3560 2690 3614 timorem
2713 3559 2816 3615 Dei
2843 3559 3017 3614 vitam
3042 3559 3289 3625 duceret,
3307 3562 3694 3612 convenerunt

2092 3649 2163 3704 ad
2193 3666 2318 3704 eam
2348 3649 2474 3704 alia:
2503 3649 2779 3720 plurimae,
2795 3654 2852 3704 et
2866 3647 3286 3719 brevitempore
3309 3646 3690 3718 magnmmul-

2090 3737 2348 3792 titudinis
2369 3744 2552 3792 mater
2568 3739 2764 3792 effecta
2793 3743 2896 3792 est.
2911 3737 3064 3802 Quas
3077 3736 3362 3792 instruens
3381 3740 3439 3790 et
3457 3735 3694 3805 docens,

2093 3831 2158 3880 ut
2178 3843 2275 3880 cor
2299 3843 2334 3880 a
2361 3826 2761 3898 cupiditatibus
2798 3825 3116 3881 carnalibus
3168 3825 3576 3891 abstrahentes,
3619 3825 3693 3879 ad

2093 3913 2342 3968 coelestia
2361 3920 2418 3968 et
2434 3931 2700 3970 mansura
2717 3931 2938 3986 semper
2949 3915 3289 3980 attollerent,
3304 3915 3428 3986 ipsa
3441 3919 3499 3968 et
3510 3914 3694 3968 viven-

2093 4001 2166 4056 do
2195 4002 2409 4074 pariter
2429 4008 2485 4057 et
2503 4004 2783 4074 loquendo
2795 4004 2996 4058 salutis
3015 4004 3096 4058 eis
3115 4003 3320 4058 itinera
3333 4003 3693 4058 demonstra-

2093 4091 2208 4146 bat.
2243 4092 2478 4146 Sanctus
2505 4099 2694 4148 autem
2725 4092 3060 4148 Pachomius
3079 4092 3301 4148 cuidam
3321 4093 3506 4155 Petro,
3522 4097 3694 4146 aetate

2089 4181 2209 4252 jam
2235 4181 2554 4251 grandaavo,
2610 4186 2668 4236 et
2712 4165 3028 4238 veneranda
3055 4186 3340 4237 senectute
3367 4180 3689 4252 conspicuo,

2095 4271 2361 4341 prmcepit
2379 4276 2442 4325 ut
2461 4270 2745 4325 interdum
2765 4271 3004 4325 famulas
3022 4270 3124 4326 Dei
3137 4270 3404 4336 visitaret,
3425 4275 3486 4324 et
3495 4275 3694 4326 sancta

418 4356 647 4429 quidem
675 4373 873 4412 aurem
893 4359 1117 4430 penitus
1137 4359 1518 4414 admoverent.
1535 4359 1696 4415 Unde
1717 4358 1897 4414 fertur
1914 4359 2014 4414 ali-
2094 4359 2481 4414 exhortatione
2508 4359 2845 4414 sustolleret.
2869 4358 3128 4414 Habebat
3146 4359 3298 4414 enim
3316 4375 3445 4414 cum
3455 4359 3695 4414 mortiﬁ-

419 4445 645 4518 quando
665 4446 940 4519 reperisse
969 4448 1231 4502 volumen
1257 4449 1399 4519 ejus,
1433 4454 1492 4503 et
1510 4448 1570 4503 in
1585 4465 1761 4520 aquas
1789 4448 2010 4504 misisse
2032 4439 2310 4502 Dcatione
2337 4447 2661 4520 passionum
2689 4447 2960 4515 omnium,
2991 4449 3162 4503 etiam
3190 4464 3506 4511 sermonem
3525 4447 3698 4510 (sicut

416 4536 702 4604 continuo,
723 4541 967 4591 testatus
1011 4536 1098 4590 his
1127 4536 1344 4591 verbis:
1377 4537 1502 4592 Nisi
1557 4537 1758 4592 scirem
1807 4555 2013 4592 nomen
2094 4536 2364 4607 scriptum
2384 4539 2485 4605 est)
2535 4537 2650 4590 sale
2673 4536 2980 4604 conditum,
3019 4542 3253 4608 eratque
3283 4535 3458 4592 oculis
3485 4537 3696 4592 mentis

417 4625 520 4680 Dei
547 4628 607 4680 in
653 4642 720 4680 eo
775 4642 898 4680 esse
943 4625 1342 4697 conscriptum,
1410 4643 1605 4681 omnes
1649 4626 2012 4697 gurrulitates
2095 4629 2152 4679 et
2171 4625 2419 4696 corporis
2438 4625 2597 4679 valde
2617 4625 2984 4693 castissimus,
3011 4626 3106 4697 qui
3118 4642 3508 4698 saepenumero
3525 4625 3696 4695 virgi-

415 4711 892 4786 blasphemiarum
933 4715 1056 4786 ejus
1096 4713 1320 4786 ignibus
1356 4731 1817 4770 concremassem.
1857 4715 2012 4770 Adeo
2094 4714 2258 4770 nibus
2272 4714 2480 4770 Christi
2501 4715 2570 4769 de
2585 4715 2793 4790 sanctis
2805 4714 3690 4786 Scripturisloquebatur(001033.

417 4807 584 4856 rectae
605 4803 733 4857 fidei
758 4809 881 4858 erat
890 4809 1130 4868 amator,
1147 4803 1554 4874 aemulatorque
1565 4803 1836 4858 veritatis.
1856 4803 2012 4858 Sicut
2092 4806 2188 4873 ιν),
2211 4809 2270 4858 et
2287 4803 2611 4858 insinuabat
2634 4819 2702 4858 ea
2722 4821 2848 4875 qua:
2875 4803 3161 4875 pertinent
3179 4804 3251 4858 ad
3289 4803 3551 4858 salutem.
3580 4803 3695 4857 Pa-

415 4895 607 4944 autem
633 4889 876 4946 inimicis
898 4893 1157 4948 Ecclesiae
1186 4893 1314 4948 odio
1362 4891 1765 4948 adversabatur
1796 4893 2006 4959 hostili,
2091 4893 2346 4948 chomius
2370 4909 2499 4947 vero
2519 4892 2816 4964 descripsit
2834 4893 2915 4948 eis
2941 4893 3186 4963 regulas,
3219 4892 3422 4964 quibus
3441 4897 3692 4958 utentes,

417 4978 500 5033 ita
527 4978 946 5034 Catholicon
975 4981 1648 5053 probabaturadgaudere
1667 4981 2008 5054 profectibus

416 5073 474 5122 et
501 5067 687 5139 ipsum
721 5068 1010 5123 Christum
1039 5071 1452 5143 redemptorem
1476 5071 1746 5138 omnium,
1773 5088 1833 5125 se
1855 5071 1912 5126 in
1925 5088 2010 5127 sa-

416 5154 736 5210 cerdotibus
747 5157 796 5227 ej
804 5174 871 5211 us
887 5157 946 5212 in
960 5158 1212 5214 Ecclesiae
1221 5161 1424 5215 throno
1435 5159 1751 5215 testabatur
1758 5177 2005 5215 cernere.

419 5245 479 5301 Si
517 5244 743 5316 quando
774 5262 905 5300 vero
937 5246 1170 5301 fratrem
1195 5249 1586 5305 detrahentem
1621 5249 1884 5322 cuiquam
1906 5266 2008 5322 pro

419 5333 674 5406 quolibet
699 5335 926 5406 negotio
945 5336 1315 5407 cognovisset,
1349 5355 1462 5394 non
1483 5340 1668 5394 solum
1686 5356 1799 5394 non
1815 5339 2008 5394 crede-

419 5422 519 5478 bat
555 5423 628 5490 ei,
665 5425 765 5479 sed
813 5424 984 5479 etiam
1007 5431 1263 5480 avertens
1315 5443 1375 5482 se
1420 5445 1550 5482 mox
1576 5427 1646 5483 ab
1670 5445 1756 5495 eo,
1777 5427 1951 5482 veluti
1976 5444 2010 5482 a

417 5512 558 5568 facie
586 5513 862 5585 serpentis
915 5514 1165 5569 concitus
1191 5514 1542 5582 abscedebat,
1585 5517 1722 5572 illud
1753 5517 2008 5572 Psalmo-

411 5601 620 5675 griphi
648 5602 1274 5676 frequenterinsinuans
1287 5623 1308 5659 ἐ
1331 5605 1732 5662 Detrahentem
1749 5606 2006 5678 proximo

2085 4984 2301 5055 jugiter
2326 4983 2762 5037 conversationis
2775 4999 2892 5037 suae
2913 4987 3199 5038 momenta
3227 4982 3556 5051 dirigerent.
3589 4982 3696 5036 Ex-

2090 5073 2264 5144 ceptis
2289 5073 2441 5127 enim
2472 5071 2712 5137 melotis,
2736 5089 2875 5143 quas
2885 5071 3108 5126 feminae
3119 5087 3234 5125 non
3261 5069 3490 5136 habent,
3507 5070 3696 5125 omnis

2091 5161 2461 5228 institutionis
2477 5177 2672 5216 earum
2687 5159 2866 5214 forma
2884 5159 3174 5214 monachis
3192 5158 3539 5231 probabatur
3566 5176 3695 5213 esse

2092 5251 2418 5305 consimilis.
2435 5250 2492 5305 Si
2519 5249 2644 5321 quis
2659 5253 2849 5304 autem
2873 5249 2942 5302 de
2957 5247 3225 5304 fratribus
3239 5247 3486 5302 habebat
3495 5247 3556 5302 in
3576 5264 3696 5303 mo-

2091 5339 2336 5394 nasterio
2345 5339 2680 5394 feminarum
2691 5337 3065 5410 propinquam
3077 5337 3326 5408 aliquam
3339 5337 3424 5391 vel
3438 5353 3695 5391 sororem

2091 5445 2328 5499 eamque
2345 5427 2572 5482 visitare
2587 5427 2869 5493 voluisset,
2884 5425 3216 5480 mittebatur
3233 5442 3360 5480 cum
3381 5442 3446 5480 eo
3465 5441 3614 5480 unus
3627 5442 3696 5479 ex

2091 5515 2404 5572 senioribus
2421 5515 2666 5588 probatae
2687 5516 2834 5582 vitaz;
2859 5520 2917 5570 et
2933 5514 3179 5586 primum
3208 5514 3436 5586 quidem
3465 5513 3696 5568 videbat

2087 5623 2212 5662 eam
2221 5622 2345 5678 qua
2359 5604 2644 5662 sororibus
2653 5608 2976 5681 pmemt;et
2986 5603 3190 5662 deinde
3199 5602 3304 5660 sub
3317 5605 3366 5674 ej
3373 5619 3439 5658 us
3450 5619 3698 5674 praesen-
