4004 6196
255 355 364 413 249

1014 361 1184 416 VITA
1221 362 1480 418 SANCTI
1517 363 1871 420 PACHOMII
1909 363 2214 420 ABBATIS
2249 361 2769 419 TABENNENSIS.

3432 360 3536 417 250

251 481 340 535 tia
368 486 428 536 et
442 482 682 539 aliarum
702 500 827 556 qua
839 488 1003 539 erant
1016 485 1381 557 provectioris
1394 486 1594 554 atatis,
1608 502 1858 541 sororem
1870 488 1916 547 Α
1937 492 2045 556 ret,
2054 487 2131 557 jej
2139 484 2350 540 unabat
2368 499 2546 554 usque
2563 482 2633 537 ad
2653 498 2963 555 vesperam.
2978 484 3325 555 Frequenter
3340 487 3530 537 autem

250 587 420 627 suam
438 573 529 626 vel
543 575 855 644 proximam
874 579 1051 629 frater
1078 592 1205 630 cum
1225 575 1380 630 omni
1409 576 1622 646 pudore
1653 582 1711 629 et
1726 593 1854 646 gra-

248 660 335 713 tia
353 662 670 716 sanctitatis
684 662 967 730 cernebat,
986 665 1127 720 nihil
1143 666 1193 719 ei
1208 665 1484 730 deferens,
1503 682 1605 720 nec
1622 681 1852 737 prorsus

245 748 324 802 ab
342 766 410 803 ea
426 751 737 823 quidquam
759 752 1055 825 accipiens.
1083 756 1208 809 Non
1230 754 1382 808 enim
1403 754 1691 825 proprium
1718 756 1853 827 quid

245 837 541 895 habebant
563 841 711 911 quod
729 840 834 895 sibi
853 847 1050 896 mutuo
1070 843 1442 913 largirentur;
1468 848 1699 915 eratque
1716 846 1852 899 satis

241 928 527 1000 utrisque,
558 930 741 983 solum
794 930 1127 985 visitationis
1174 932 1439 996 ofﬁcium,
1471 933 1852 1004 memoriaque

239 1017 573 1072 futurorum
582 1035 710 1072 cum
721 1035 819 1090 spe
840 1019 1125 1074 felicitatis
1142 1024 1382 1075 aterna.
1401 1021 1460 1075 Si
1483 1022 1705 1091 quando
1723 1039 1852 1077 vero

242 1106 339 1159 vel
368 1106 442 1160 ad
468 1110 829 1173 structuram,
856 1108 941 1162 vel
972 1108 1044 1163 ad
1072 1108 1242 1163 aliam
1269 1125 1391 1163 rem
1412 1108 1634 1163 femina
1656 1127 1852 1165 mona-

242 1194 371 1248 chis
400 1195 740 1265 indigerent,
771 1196 1124 1267 eligebantur
1152 1213 1369 1268 magnae
1417 1199 1853 1255 conversationis

240 1282 375 1348 viri,
409 1284 507 1355 qui
534 1284 803 1340 fratribus
841 1286 911 1339 ad
951 1286 1185 1356 quasita
1211 1292 1515 1357 praeessent
1544 1286 1765 1354 ofﬁcia;
1799 1294 1856 1343 et

241 1389 379 1427 cum
425 1373 633 1427 timore
666 1373 907 1429 ‘Domini
959 1373 1298 1439 laborantes,
1345 1375 1663 1431 refectionis
1716 1377 1855 1431 hora

239 1462 681 1516 revertebantur
714 1463 787 1517 ad
818 1463 1242 1529 monasterium,
1277 1471 1537 1520 caventes
1577 1466 1728 1537 apud
1760 1482 1855 1520 eas

243 1550 564 1622 quidquam
589 1552 697 1605 cibi
724 1558 998 1624 potusque
1028 1552 1334 1623 percipere.

317 1639 447 1693 Una
476 1656 610 1692 vero
642 1641 835 1710 regula
864 1646 979 1694 tam
1019 1640 1266 1694 virorum
1301 1658 1471 1711 quam
1519 1642 1854 1697 feminarum

1934 580 1990 630 et
2012 573 2478 645 biduanajejunia
2495 572 2860 643 transigebat,
2877 589 2977 643 per
2995 573 3136 627 duos
3156 587 3334 625 annos
3353 570 3531 625 omni-

1933 663 2037 718 bus
2055 663 2316 734 pretiosis
2344 668 2401 716 et
2420 661 2837 715 delicatioribus
2860 661 2995 715 cibis
3022 660 3326 724 abstinens,
3352 675 3522 730 seque

1935 754 2006 808 ad
2018 754 2329 825 perfectam
2349 751 2769 815 continentiam,
2789 756 3062 821 quantum
3083 757 3216 805 atas
3238 750 3334 803 illa
3354 749 3529 820 patie-

1934 842 2104 898 batur
2134 842 2456 896 extendens.
2478 841 2658 911 Coepit
2683 840 2871 909 itaque
2898 856 3087 893 secum
3106 844 3373 905 tractare,
3398 855 3531 908 qua-

1935 936 2101 987 tenus
2130 929 2531 985 monasterium
2555 934 2857 1000 expeteret,
2892 934 3207 999 sanctaque
3235 944 3294 982 se
3324 928 3532 997 regula

1936 1021 2300 1097 manciparet.
2326 1020 2396 1074 Et
2423 1020 2686 1074 deserens
2716 1018 2906 1072 omnia
2934 1034 3057 1089 qua
3077 1016 3336 1082 habebat,
3368 1033 3533 1089 quos—

1936 1110 2073 1164 dam
2121 1109 2411 1179 religiosos
2448 1108 2596 1162 viros
2636 1107 2863 1179 reperit,
2917 1106 3129 1177 optima
3177 1105 3531 1160 institutione

1934 1199 2180 1252 viventes
2210 1217 2222 1266 ;
2258 1197 2638 1269 habitavitque
2682 1213 2811 1251 cum
2841 1196 2943 1262 eis,
2974 1195 3034 1249 in
3076 1193 3300 1249 Domini
3328 1194 3530 1250 timore

1937 1286 2255 1359 proﬁciens.

2007 1377 2136 1430 CAP.
2170 1375 2339 1429 XXX.
2369 1403 2425 1415 --
2458 1374 2713 1439 Quodam
2740 1390 2871 1428 vero
2899 1378 3172 1444 tempore,
3201 1371 3438 1441 contigit
3470 1377 3537 1426 ut

1935 1471 2060 1536 post
2089 1464 2402 1518 orationem
2431 1463 2826 1533 vespertinam,
2852 1479 2980 1516 cum
3013 1461 3272 1515 monachi
3304 1460 3537 1514 resedis-

1936 1559 2080 1618 sent,
2104 1559 2161 1606 et
2186 1553 2374 1606 divina
2402 1556 2664 1605 consuete
2692 1552 3102 1606 meditarentur
3122 1550 3363 1621 eloquia,
3387 1566 3535 1604 unus

1939 1659 2003 1697 ex
2034 1642 2114 1696 eis
2135 1641 2446 1712 disputans,
2475 1640 2739 1694 audiente
2768 1657 2988 1710 quoque
3013 1639 3326 1704 Theodoro,
3353 1639 3537 1692 taber-

245 1726 539 1797 hodieque
581 1728 865 1799 perdurat,
900 1728 1007 1783 nisi
1056 1728 1205 1799 quod
1245 1728 1467 1784 femina
1514 1731 1735 1785 melotis
1776 1735 1901 1799 (ut_
1941 1732 2205 1785 naculum
2234 1730 2436 1783 veteris
2454 1729 2801 1784 Testamenti
2830 1734 2887 1782 et
2909 1733 3103 1782 sancta
3121 1732 3441 1781 sanctorum
3465 1728 3536 1782 ad

144 1866 147 1869 ,
243 1815 519 1886 diximus)
552 1797 786 1872 minime
831 1797 1331 1885 utuntur—(Pallad.
1365 1836 1411 1873 c.
1446 1818 1556 1885 39).
1591 1820 1746 1884 Quod
1790 1797 1852 1875 isi
1873 1797 2105 1875 Bnovos
2156 1819 2391 1874 referret
2418 1819 2669 1889 populos,
2706 1818 2776 1872 ad
2807 1817 3286 1871 circumcisionem
3326 1816 3535 1870 scilicet

243 1900 523 1955 defuncta
566 1908 716 1956 esset
753 1903 930 1973 virgo,
963 1910 1223 1960 curantes
1253 1903 1421 1959 funus
1451 1907 1574 1975 ejus
1604 1900 1852 1977 reliqua,
1937 1914 2107 1980 atque
2120 1907 2674 1979 praputium,dicens
2687 1907 2834 1977 quod
2850 1905 3094 1959 exterius
3109 1905 3533 1959 tabernaculum

244 1995 569 2061 cunctaque
588 2008 711 2062 qua
730 1992 801 2046 ad
821 1993 1167 2063 sepulturam
1179 1993 1464 2064 pertinent
1486 1993 1857 2064 adimplentes
1936 1999 2177 2068 ﬁguram
2211 2000 2438 2066 gereret
2464 1995 2668 2066 prioris
2698 1995 2888 2066 populi
2913 1994 3253 2057 Judaorum,
3289 1994 3525 2048 interius

244 2078 587 2133 deferebant
610 2098 788 2152 usque
817 2082 887 2136 ad
919 2082 1100 2153 ripam
1139 2082 1407 2147 ﬂuminis,
1440 2083 1587 2152 quod
1618 2088 1856 2154 utraque
1937 2085 2312 2156 autem,quod
2338 2090 2422 2138 est
2442 2089 2637 2139 sancta
2660 2088 3003 2147 sanctorum,
3024 2082 3371 2137 vocationem
3400 2098 3538 2153 pra-

244 2169 605 2226 monasteria
627 2170 842 2236 dividit,
860 2171 1106 2241 psalmos
1127 2188 1192 2225 ex
1220 2187 1375 2225 more
1397 2176 1680 2226 canentes.
1702 2173 1857 2226 Tunc
1938 2175 2187 2246 signaret
2206 2173 2457 2229 omnium
2476 2173 2753 2243 gentium,
2778 2189 2899 2243 qua
2928 2178 2986 2226 et
3009 2171 3328 2226 sacratioris
3348 2171 3536 2225 aditus

245 2262 618 2313 tanseuntes
634 2260 891 2313 monachi
913 2277 1041 2313 cum
1067 2261 1239 2315 ramis
1264 2261 1582 2331 palmarum
1608 2265 1666 2315 et
1691 2261 1860 2315 oliva-
1939 2263 2240 2318 meruisset
2258 2278 2563 2326 accessum,
2580 2265 2637 2315 et
2654 2263 2933 2331 majorum
2953 2260 3349 2332 mysteriorum
3366 2259 3538 2331 parti-

246 2363 375 2401 rum
436 2346 752 2413 frondibus,
788 2349 1091 2419 psallentes
1146 2348 1586 2404 transvehebant
1625 2365 1768 2416 eam,
1803 2355 1861 2404 et

254 2435 314 2491 in
341 2436 630 2508 sepulcris
654 2437 771 2491 suis
798 2454 924 2491 cum
952 2438 1237 2493 hilaritate
1267 2438 1599 2493 condebant.

320 2525 461 2581 Car.
486 2525 688 2584 XXIX.
736 2557 745 2561 ν
777 2527 907 2581 Hac
920 2527 1050 2581 talis
1069 2544 1134 2582 ac
1152 2532 1311 2581 tanta
1329 2526 1677 2582 conversatio
1696 2527 1860 2598 longe

1940 2372 2071 2427 ceps
2099 2355 2420 2410 exstitisset.
2444 2355 2553 2408 Pro
2580 2353 2775 2407 hostiis
2796 2354 2946 2407 enim
2975 2352 3323 2418 animalium,
3354 2356 3411 2406 et
3434 2368 3535 2423 pro

1941 2460 2068 2498 arca
2084 2444 2143 2497 in
2162 2460 2274 2514 qua
2298 2447 2421 2496 erat
2437 2458 2661 2507 manna,
2677 2447 2904 2512 etvrrga
2921 2443 3107 2495 Aaron
3129 2458 3250 2511 qua
3278 2439 3538 2494 frondue-

1942 2538 2049 2599 rat,
2076 2538 2134 2587 et
2160 2531 2364 2586 tabula
2388 2530 2733 2591 testamenti,
2769 2546 2869 2601 pro
2910 2528 3196 2584 thuribulo
3228 2545 3450 2600 quoque
3480 2532 3539 2581 et

248 2613 483 2684 lateque
540 2613 911 2681 crebrescens,
970 2616 1261 2687 sanctique
1314 2616 1601 2670 Pachomii
1654 2633 1860 2672 nomen
1942 2638 2141 2676 mensa
2162 2626 2219 2675 et
2244 2619 2579 2675 candelabro
2618 2636 2682 2673 ac
2718 2618 3128 2691 propitiatorio,
3158 2618 3309 2673 Deus
3352 2616 3535 2671 Verbo

251 2701 465 2772 ubique
500 2703 853 2772 perveniens,
885 2720 1175 2759 universos
1204 2704 1275 2758 ad
1312 2705 1559 2774 agendas
1587 2707 1702 2760 Deo
1725 2723 1858 2776 gra—
1941 2710 2102 2784 nobis
2131 2710 2191 2764 in
2218 2726 2321 2764 sua
2348 2709 2736 2763 incarnatione
2761 2708 3069 2761 clementer
3094 2706 3375 2778 apparuit,
3401 2711 3458 2760 et
3475 2706 3539 2759 il-

246 2790 358 2845 tias
379 2790 745 2846 excitabat.N
748 2809 820 2847 on
830 2793 993 2864 pauci
1014 2810 1235 2865 quoque
1251 2799 1674 2849 contemnentes
1690 2795 1859 2866 hujus
1940 2798 2239 2854 luminavit
2249 2816 2350 2853 nos
2372 2798 2585 2852 lumine
2604 2814 2718 2852 sua
2742 2796 3077 2868 prasentia;
3104 2801 3538 2865 nostrorumque

250 2880 453 2934 mundi
464 2880 1066 2952 negotia,singularem
1079 2884 1480 2938 monachorum
1492 2885 1861 2939 conversatio-
1941 2888 2121 2943 factus
2135 2893 2221 2942 est
2239 2886 2561 2959 propitiatio
2588 2891 2963 2957 peccatorum,
2988 2890 3046 2938 et
3065 2901 3165 2955 pro
3191 2900 3400 2938 manna
3421 2900 3540 2938 cor-

248 2983 381 3024 nem
391 2969 1263 3042 etspiritaliastudiadiligebant
1278 2992 1290 3026 :
1308 2972 1457 3027 inter
1467 2991 1606 3045 quos
1616 2979 1672 3028 et
1682 2975 1859 3029 Theo-
1941 2994 2046 3048 pus
2065 2976 2351 3048 proprium
2368 2976 2605 3046 largitus
2621 2980 2706 3028 est
2725 2974 2796 3028 ad
2816 2974 3115 3028 edendum.
3134 2974 3263 3027 Hac
3275 2989 3404 3026 cum
3424 2989 3539 3027 mo-

249 3056 425 3112 dorus
442 3055 908 3129 (34),adolescens
921 3076 1196 3115 annorum
1212 3061 1387 3116 ferme
1404 3063 1857 3131 x1v,Christianis
1940 3066 2136 3120 nachis
2167 3064 2260 3136 qui
2289 3069 2594 3136 prasentes
2622 3063 2876 3129 aderant,
2906 3062 3055 3116 idem
3076 3062 3252 3115 frater
3279 3061 3538 3131 religiose

250 3152 415 3202 ortus
433 3147 790 3218 parentibus,
808 3153 865 3202 et
882 3150 1190 3204 secundum
1209 3152 1473 3206 saeculum
1495 3153 1652 3206 valde
1666 3152 1854 3219 claris,
1877 3184 1919 3243 C
1942 3155 2260 3219 dissereret,
2288 3152 2507 3207 addidit
2528 3152 2719 3205 dicens
2744 3168 2756 3203 :
2779 3152 2936 3206 Hanc
2959 3149 3483 3221 interpretationem
3504 3165 3539 3202 a

248 3235 356 3290 hoc
386 3236 563 3291 modo
586 3253 888 3292 conversus
913 3244 1016 3293 est.
1041 3239 1345 3294 Undecimo
1367 3241 1458 3294 die
1480 3241 1690 3295 mensis
1714 3240 1855 3309 Tibi,
1881 3235 1919 3243 “”
1942 3250 2133 3298 sancto
2162 3247 2322 3314 patre
2351 3246 2545 3295 nostro
2577 3239 2879 3294 Pachomio
2903 3238 3091 3305 didici,
3121 3238 3217 3310 qui
3242 3238 3301 3291 in
3326 3237 3541 3292 Taben-

248 3324 307 3380 id
326 3331 436 3392 est,
469 3330 673 3380 octavo
699 3327 781 3381 Id.
813 3328 937 3382 Jan.
965 3326 1076 3395 (35)
1104 3329 1359 3399 quaedam
1387 3330 1535 3401 apud
1557 3330 1859 3401 Egyptum
1940 3332 2101 3387 nensi
2129 3330 2471 3385 monasterio
2516 3329 2825 3383 monachos
2854 3327 3116 3398 primitus
3156 3327 3535 3397 congregavit,

248 3414 578 3469 celebratur
597 3431 663 3468 ex
680 3431 836 3470 more
849 3416 1140 3470 festivitas.
1166 3418 1615 3488 Cernensitaque
1627 3418 1860 3472 domum
1942 3438 2071 3475 cum
2100 3419 2303 3491 quibus
2327 3420 2386 3473 in
2411 3418 2551 3483 dies,
2584 3418 2826 3472 Domino
2859 3416 3181 3481 auxiliante,
3213 3415 3439 3486 profeci.
3474 3415 3541 3468 Et

246 3520 413 3558 suam
444 3504 620 3557 nimis
647 3504 889 3576 amplam
920 3521 985 3558 ac
1011 3505 1383 3575 splendidam,
1407 3522 1471 3561 ac
1501 3506 1662 3560 bonis
1683 3507 1860 3561 omni-
1944 3510 2128 3574 credo,
2163 3509 2296 3579 quia
2324 3507 2468 3562 tanti
2500 3506 2604 3560 viri
2635 3506 2959 3559 recordatus
2987 3522 3112 3558 sum
3146 3504 3277 3573 (36),
3313 3508 3541 3575 peccata

249 3590 357 3646 bus
368 3591 781 3660 abundantem,
805 3594 1016 3664 perDei
1030 3594 1273 3663 gratiam
1285 3595 1450 3649 corde
1466 3602 1853 3666 compunctus,
1945 3615 2073 3652 mea
2100 3597 2460 3652 remittentur
2487 3595 2766 3649 universa.
2794 3593 3044 3648 Audiens
3066 3593 3173 3647 ista
3189 3593 3536 3659 Theodorus,

248 3681 392 3734 talia
420 3697 619 3735 secum
644 3682 813 3752 coepit
841 3683 1057 3736 volvere
1097 3701 1109 3736 :
1161 3682 1306 3747 Quid
1335 3683 1438 3737 tibi
1468 3684 1737 3754 proderit,
1778 3685 1862 3739 in-
1944 3703 2209 3742 accensus
2240 3692 2326 3740 est
2352 3685 2559 3750 animo,
2597 3688 2654 3738 et
2683 3683 2833 3737 intra
2871 3682 3234 3753 semetipsum
3281 3686 3541 3752 precatus

247 3769 383 3822 felix
427 3770 746 3837 Theodore,
776 3770 824 3824 si
856 3775 1040 3825 totum
1072 3772 1346 3826 mundum
1394 3772 1643 3827 lucratus
1688 3774 1862 3828 fueris
1945 3781 2048 3842 est,
2081 3776 2271 3830 dicens
2304 3792 2315 3827 :
2350 3773 2587 3828 Domine
2607 3773 2776 3838 Deus,
2805 3772 2852 3825 si
2878 3770 3008 3825 talis
3047 3776 3133 3825 est
3157 3771 3242 3824 vir
3263 3772 3453 3841 justus
3482 3771 3540 3824 in

253 3857 481 3925 (.llatth.
535 3862 675 3926 xvi),
714 3864 771 3913 et
817 3860 1223 3931 temporalibus
1266 3866 1430 3915 utens
1460 3878 1864 3933 usquequaque
1944 3865 2128 3929 terris,
2159 3863 2390 3934 dignum
2421 3879 2511 3917 me
2542 3862 2646 3927 fac,
2674 3867 2739 3915 ut
2775 3877 2905 3914 eum
2930 3860 3171 3928 videam,
3199 3865 3257 3914 et
3302 3876 3543 3931 sequens

251 3945 498 4012 deliciis,
523 3946 596 4000 ab
620 3946 730 4000 illis
748 3948 971 4002 aternis
994 3947 1154 4002 bonis
1171 3954 1228 4003 et
1250 3949 1662 4005 immortalibus
1683 3952 1865 4005 exclu-
1944 3953 2180 4023 vestigia
2208 3953 2350 4022 ejus,
2396 3951 2654 4005 universa
2685 3950 2953 4004 mandata
2991 3949 3276 4021 perﬁciam
3301 3968 3313 4016 ;
3356 3948 3543 4003 salvus

255 4034 450 4089 daris?
501 4035 704 4089 Nullus
740 4036 890 4089 enim
920 4042 1105 4107 potest
1148 4043 1206 4091 et
1241 4038 1609 4108 praesentibus
1649 4040 1864 4093 deliciis
1946 4058 2168 4113 quoque
2212 4041 2408 4107 factus,
2440 4039 2587 4093 bona
2625 4044 2742 4103 tua,
2776 4056 2898 4109 qua
2926 4038 3291 4108 diligentibus
3320 4044 3377 4091 te
3420 4054 3544 4109 pro-

255 4124 501 4195 perfrui,
521 4128 581 4177 et
598 4125 860 4194 perennis
875 4125 1067 4194 gloria
1085 4126 1318 4197 pramia
1334 4127 1659 4197 promereri.
1684 4128 1865 4199 Super
1948 4130 2171 4197 misisti,
2204 4145 2546 4200 promerear.
2581 4129 2711 4182 Hac
2731 4127 2922 4181 dicens
2950 4144 3077 4181 cum
3104 4127 3386 4198 lacrymis,
3416 4127 3540 4180 vin-

254 4212 347 4268 his
374 4230 516 4284 ergo
542 4213 765 4267 fortiter
784 4213 1174 4283 ingemiscens,
1194 4216 1505 4285 penetralia
1528 4233 1643 4270 sua
1663 4217 1864 4272 domus
1948 4218 2179 4273 cebatur
2194 4234 2386 4272 amore
2406 4217 2590 4270 divino
2610 4216 2830 4270 fortiter
2844 4216 3144 4269 sauciatus.
3172 4217 3307 4269 Post
3327 4215 3542 4285 aliquot

253 4302 554 4373 ingressus
571 4307 684 4367 est;
709 4307 764 4355 et
792 4302 1084 4372 procidens
1113 4303 1172 4358 in
1197 4304 1397 4358 faciem
1425 4320 1605 4371 suam,
1631 4320 1757 4359 cum
1787 4306 1866 4360 la-
1947 4313 2137 4362 autem
2180 4307 2300 4360 dies
2352 4305 2504 4360 venit
2551 4304 2621 4359 ad
2660 4321 2755 4358 eos
2800 4304 3028 4375 quidam
3066 4302 3397 4357 venerabilis
3436 4302 3532 4366 vir,

253 4391 472 4462 crymis
519 4390 601 4444 ait
633 4406 649 4441 :
683 4390 1049 4462 Omnipotens
1078 4392 1244 4458 Deus,
1280 4392 1376 4463 qui
1422 4393 1771 4448 occultorum
1805 4410 1864 4448 es
1946 4396 2212 4451 Pecusius
2241 4394 2486 4460 nomine,
2519 4394 2769 4463 longaeva
2806 4396 3091 4447 senectute
3120 4391 3437 4455 decoratus,
3475 4396 3539 4444 ut

254 4480 542 4549 cognitor,
574 4484 640 4533 tu
668 4477 775 4533 scis
805 4480 938 4550 quia
970 4479 1110 4534 nihil
1138 4481 1340 4535 horum
1364 4498 1486 4552 qua
1512 4486 1646 4536 sunt
1673 4482 1731 4536 in
1760 4483 1865 4537 hoc
1881 4508 1930 4566 D
1946 4485 2197 4539 visitaret
2208 4483 2428 4549 fratres,
2447 4482 2725 4553 simulque
2746 4481 2986 4553 qualiter
2999 4486 3231 4551 agerent
3244 4479 3385 4534 scire
3397 4478 3540 4533 desi-

254 4569 489 4633 saculo,
519 4567 702 4622 amori
734 4573 834 4623 tuo
861 4585 1143 4640 praepono.
1176 4570 1416 4641 Propter
1455 4571 1604 4641 quod
1635 4570 1864 4625 obsecro
1947 4574 2170 4628 derans.
2215 4573 2393 4636 Quem
2423 4571 2582 4625 valde
2609 4571 2934 4625 Theodorus
2974 4569 3329 4641 precabatur,
3368 4573 3433 4622 ut
3478 4584 3539 4622 se

251 4663 313 4711 te
338 4655 688 4723 misericors,
705 4664 772 4711 ut
786 4657 846 4711 in
867 4658 1154 4712 voluntate
1176 4662 1276 4712 tua
1299 4675 1389 4713 me
1410 4659 1638 4729 dirigas,
1660 4659 1867 4715 illumi-
1948 4663 2209 4717 comitem
2231 4661 2557 4732 susciperet,
2585 4665 2642 4714 et
2660 4660 2731 4713 ad
2752 4665 3009 4714 sanctum
3029 4657 3393 4713 Pachomium
3417 4672 3540 4728 per-

251 4761 405 4800 nans
434 4746 690 4800 animam
711 4763 897 4801 meam
927 4747 1211 4812 miseram,
1238 4764 1309 4801 ne
1338 4747 1396 4801 in
1425 4753 1647 4802 aeterna
1668 4749 1865 4805 mortis
1948 4753 2150 4807 ducere
2177 4751 2524 4822 dignaretur.
2557 4749 2666 4813 Qui
2697 4749 2837 4803 nihil
2875 4748 3154 4813 differens,
3189 4763 3319 4801 eum
3348 4762 3537 4801 secum

251 4834 676 4889 contenebrata
700 4836 942 4906 peccatis
971 4835 1306 4904 obdormiat,
1327 4836 1422 4890 sed
1453 4837 1745 4908 redempta
1767 4842 1865 4892 tuo
1945 4845 2238 4913 gratanter
2251 4838 2833 4909 assumpsit.Cumque
2852 4836 3313 4907 pervenissentad
3330 4836 3534 4903 locum,

252 4924 902 4995 munere,peromniate
926 4925 1205 4979 collaudet
1224 4930 1394 4996 atque
1418 4926 1713 4996 gloriﬁcet.
1737 4927 1867 4981 Hac
1946 4930 2272 4985 Theodorus
2302 4927 2556 4983 adoravit
2580 4925 2903 4989 Dominum,
2933 4925 3123 4979 dicens
3157 4944 3168 4978 :
3205 4926 3539 4980 Benedictus

250 5028 321 5066 eo
352 5018 582 5076 orante,
615 5012 767 5067 venit
794 5018 979 5068 mater
1004 5013 1173 5079 illius,
1202 5019 1260 5068 et
1286 5014 1500 5068 invenit
1528 5016 1717 5069 oculos
1746 5016 1865 5085 ejus
1949 5037 2026 5084 es,
2056 5019 2312 5084 Domine,
2346 5017 2442 5087 qui
2479 5032 2558 5070 81c
2601 5014 2858 5068 celeriter
2882 5015 3194 5069 orationem
3234 5013 3540 5086 peccatoris

251 5100 458 5171 plenos
484 5102 771 5172 lacrymis,
804 5107 863 5156 et
888 5102 969 5155 ait
990 5120 1002 5155 :
1027 5101 1165 5166 Quis
1185 5108 1243 5157 te
1268 5102 1638 5167 contristavit,
1659 5104 1868 5158 charis-
1948 5107 2183 5174 audisti;
2204 5111 2261 5160 et
2272 5106 2416 5160 sicut
2426 5103 2524 5158 abs
2536 5110 2590 5158 te
2604 5092 3336 5175 poposceram,desiderium
3349 5120 3538 5158 meum

250 5190 407 5244 sime
437 5190 538 5256 ﬁli,
573 5195 639 5244 ut
664 5191 1036 5262 sequestreris
1069 5207 1104 5245 a
1140 5190 1335 5245 nobis?
1359 5192 1505 5245 Nam
1532 5192 1756 5246 solliciti
1803 5209 1868 5246 ac
1948 5192 2228 5263 complere
2254 5190 2517 5260 dignatus
2542 5204 2623 5242 es.
2645 5189 2928 5242 Accedens
2946 5205 3077 5259 ergo
3099 5189 3170 5243 ad
3190 5189 3396 5263 ostium
3427 5205 3542 5242 mo-

249 5278 518 5333 dolentes
536 5278 747 5351 ubique
766 5284 824 5334 te
845 5279 1251 5351 quarebamus,
1268 5284 1334 5334 ut
1351 5279 1638 5334 nobiscum
1657 5280 1869 5351 pariter
1948 5262 2202 5345 nasterii,
2247 5295 2379 5333 mox
2404 5283 2469 5332 ut
2498 5277 2633 5331 vidit
2660 5277 3040 5343 Pachomium,
3071 5262 3235 5348 capit
3261 5280 3396 5335 ﬁere
3428 5294 3541 5348 pra

249 5368 597 5438 epulareu's.
626 5368 733 5433 Qui
760 5368 1052 5439 respondit
1075 5387 1087 5423 :
1122 5370 1316 5438 Perge,
1349 5385 1556 5439 quaso,
1577 5374 1779 5436 mater,
1811 5374 1869 5424 et
1947 5369 2174 5442 gaudio.
2203 5368 2286 5422 Ad
2305 5384 2471 5439 quem
2492 5366 2824 5421 venerabilis
2842 5373 3003 5438 pater
3025 5368 3106 5421 ait
3132 5385 3142 5420 :
3165 5367 3313 5427 Noli.
3338 5366 3537 5433 ﬁli—mi,

250 5456 453 5510 cibum
475 5474 659 5525 sume,
678 5458 811 5529 quia
829 5474 935 5527 ego
954 5474 1103 5512 nunc
1122 5458 1461 5512 manducare
1480 5474 1593 5512 non
1614 5475 1862 5529 possum.
1949 5460 2234 5531 plangere,
2257 5457 2390 5529 quia
2420 5462 2477 5510 et
2500 5473 2602 5527 ego
2631 5457 2799 5519 homo
2821 5462 3080 5528 peccator
3103 5473 3250 5521 sum,
3282 5456 3412 5509 licet
3437 5455 3541 5529 Dei

252 5545 380 5599 Nec
409 5546 700 5616 acquievit
723 5545 980 5618 precibus
1010 5547 1151 5617 ejus,
1183 5552 1249 5601 ut
1275 5563 1404 5601 cum
1431 5563 1500 5601 ea
1526 5547 1862 5602 comederet.
1949 5564 2089 5619 opus
2109 5563 2406 5617 aggressus
2422 5545 2557 5600 sim:
2583 5551 2641 5600 et
2657 5546 2775 5600 hac
2793 5545 3003 5611 dicens,
3021 5543 3540 5599 introduxiteumin

262 5640 304 5701 1
321 5634 541 5701 πει
549 5651 678 5690 cum
696 5635 766 5690 ad
778 5635 1028 5691 scholam
1046 5635 1364 5693 ambularet
1382 5640 1447 5691 ut
1461 5636 1679 5692 litteras
1693 5637 1870 5691 disce-
1950 5635 2377 5692 monasterium.
2400 5636 2508 5700 Qui
2528 5651 2654 5690 cum
2682 5635 2923 5690 fratrum
2943 5633 3360 5689 multitudinem
3374 5629 3540 5683 vidis-
