4004 6196
473 375 572 434 251

1491 375 1584 430 DE
1621 367 1810 430 VITIS
1847 361 2144 428 PATRUM
2183 361 2399 423 LIBER
2435 362 2724 422 PRIMUS.

3639 363 3746 424 ‘25?

471 505 577 566 set,
597 499 944 554 illuminatus
961 499 1168 560 mente,
1183 495 1332 549 circa
1343 493 1593 549 divinum
1607 495 1818 550 cultum
1835 495 1926 568 pio
1948 495 2064 548 zelo
2081 493 2267 552 Arem
2295 505 2394 562 pro
2423 491 2650 544 nomine
2681 491 2907 556 Christi,
2933 506 3046 544 non
3073 505 3173 562 pro
3199 505 3340 545 vana
3369 489 3532 546 laude
3557 497 3740 547 custo-

471 589 828 644 vehementer
851 585 1103 647 incaluit,
1123 601 1187 638 ac
1207 601 1468 656 processu
1487 585 1756 656 temporis
1785 601 1992 654 magna
2010 583 2069 638 in

469 676 769 731 virtutibus
797 675 1144 729 incrementa
1172 674 1440 744 percepit.
1461 671 1596 728 Erat
1627 673 1774 728 enim
1805 673 2069 744 largitate

471 765 642 820 divini
659 763 908 818 muneris
939 764 1225 835 praeditus,
1250 769 1307 817 et
1326 763 1384 817 in
1403 762 1664 834 operibus
1687 762 1847 818 bonis
1869 780 1934 816 ac
1953 778 2070 816 ver-

468 854 552 908 bis
573 855 816 908 multum
839 853 1114 925 prudens;
1134 858 1192 907 et
1211 853 1528 907 humilitate
1542 857 1712 924 atque
1731 853 2068 908 contritione

469 942 651 997 cordis
671 943 828 996 valde
858 941 1154 1016 mirabilis,
1175 942 1234 995 in
1251 942 1482 1012 jejuniis
1503 942 1750 1004 sedulus,
1773 941 1834 996 in
1861 941 2066 1011 vigiliis

467 1031 736 1095 intentuS,
769 1031 825 1085 in
881 1031 1132 1086 oratione
1163 1031 1452 1096 sollicitus,
1507 1047 1792 1100 nunquam
1843 1031 2067 1102 penitus

471 1121 754 1186 omittens,
781 1137 891 1192 quo
921 1121 1108 1174 minus
1129 1120 1398 1192 spiritalis
1416 1120 1614 1190 gratia:
1634 1122 1848 1190 majora
1876 1137 2068 1174 mune-

469 1225 536 1264 ra
555 1211 881 1264 sectaretur.
904 1206 1313 1264 Consolabatur
1333 1213 1520 1263 autem
1534 1209 1806 1280 plurimos
1827 1225 2066 1262 mmrore

471 1299 793 1370 depressos;
828 1305 885 1352 et
927 1315 1020 1353 eos
1065 1299 1158 1368 qui
1207 1298 1394 1368 aliquo
1432 1303 1658 1368 peccato
1689 1297 2063 1365 deviaverant,

472 1387 854 1442 admonitione
883 1387 1082 1440 humili
1114 1392 1282 1457 atque
1311 1385 1578 1440 benevola
1603 1387 1934 1456 corrigebat.

543 1476 674 1530 CAP.
697 1473 892 1530 XXXI.
913 1507 976 1516 —
999 1475 1250 1546 Denique
1278 1479 1397 1528 tam
1417 1476 1738 1546 prmclaram
1764 1491 1829 1529 ac
1852 1473 2067 1546 fulgen-

467 1569 586 1618 tem
621 1565 1100 1618 conversationem
1130 1565 1252 1634 ejus
1276 1564 1610 1618 Pachomius
1639 1581 1892 1626 cernens,
1929 1565 2065 1618 satis

471 1669 601 1706 eum
629 1653 837 1718 dilexit,
865 1659 922 1707 et
950 1653 1008 1707 in
1036 1653 1202 1707 corde
1227 1670 1328 1706 suo
1357 1653 1657 1708 conseruit.
1693 1653 1942 1708 Audiens
1970 1671 2066 1708 au-

469 1747 584 1794 tem
615 1747 795 1796 mater
823 1743 946 1812 ejus
973 1743 1120 1812 quod
1145 1742 1291 1813 apud
1313 1741 1542 1796 beatum
1563 1743 1927 1797 Pachomium
1949 1760 2065 1796 mo-

469 1836 710 1896 raretur,
745 1831 814 1883 ad
847 1847 976 1884 eum
1007 1831 1264 1900 protinus
1303 1829 1542 1896 advolat,
1576 1847 1766 1884 secum
1805 1805 2124 1884 deferensB

469 1917 855 1989 episcoporum
879 1919 1102 1990 scripta,
1126 1935 1248 1989 qua:
1268 1918 1665 1989 praecipiebant
1683 1925 1746 1972 ut
1770 1919 1818 1972 ei
1849 1936 1984 1973 suus
2004 1921 2065 1972 fl-

469 2005 576 2060 lius
605 2007 954 2062 redderetur.
986 2007 1143 2061 Hanc
1172 2023 1304 2076 ergo
1335 2013 1702 2078 susceperunt
1731 2007 1976 2078 virgines
2005 2007 2064 2062 in

470 2096 831 2158 monasterio,
865 2096 1013 2168 quod
1043 2113 1076 2150 a
1106 2096 1373 2159 virorum,
1406 2101 1468 2150 ut
1497 2112 1669 2166 supra
1714 2096 1926 2150 dictum
1957 2101 2060 2160 est,

468 2183 619 2237 haud
641 2185 834 2255 procul
858 2183 1053 2239 aberat
1074 2203 1086 2251 ;
1111 2201 1232 2255 quae
1253 2201 1380 2238 mox
1400 2185 1577 2239 mittit
1591 2185 1855 2254 epistolas
1871 2189 2063 2238 sancto

468 2271 790 2338 Pachomio,
821 2273 1087 2328 similiter
1117 2273 1432 2339 obsecrans,
1465 2278 1530 2327 ut
1563 2272 1741 2328 ﬁlium
1777 2273 2062 2344 proprium

467 2361 654 2416 videre
682 2363 1035 2432 permitteret
1064 2363 1311 2430 (Ruf/im,
1349 2364 1387 2416 l.
1431 2377 1510 2428 ιιι,
1541 2379 1596 2416 η.
1629 2361 1738 2430 3i).
1770 2363 1926 2416 Tunc
1963 2363 2066 2417 ad-

467 2466 670 2504 vocans
697 2450 1053 2505 Theodorum
1085 2451 1437 2516 Pachomius,
1465 2451 1546 2504 ait
1573 2451 1642 2504 ad
1691 2467 1818 2505 eum
1847 2469 1857 2504 :
1897 2453 2064 2505 Com-

466 2539 606 2609 peri,
640 2539 740 2606 ﬁli,
776 2540 924 2610 quod
951 2539 1058 2594 huc
1090 2545 1272 2594 mater
1299 2545 1401 2594 tua
1442 2540 1673 2603 venerit,
1708 2546 1764 2604 et
1793 2544 1848 2593 te
1875 2541 2062 2594 videre

467 2626 751 2681 desideret
777 2649 786 2680 :
811 2644 935 2682 ecce
957 2625 1116 2682 nobis
1138 2633 1195 2682 et
1215 2629 1599 2699 episcoporum
1619 2628 1836 2682 litteras
1849 2629 2059 2682 attulit.

467 2715 712 2786 Pergens
755 2717 948 2788 itaque
987 2717 1292 2771 satisfacito
1339 2718 1527 2782 matri,
1563 2716 1802 2771 maxime
1831 2723 2064 2788 propter

467 2811 688 2859 sanctos
723 2807 1035 2878 pontiﬁces.
1067 2807 1162 2877 qui
1201 2805 1362 2860 nobis
1393 2823 1494 2877 per
1530 2823 1654 2860 eam
1685 2807 1902 2877 dignati
1931 2813 2064 2862 sunt

467 2893 672 2964 scripta
702 2895 963 2964 dirigere.
1000 2895 1306 2966 Respondit
1347 2895 1672 2950 Theodorus
1711 2915 1722 2948 :
1757 2897 1921 2951 Prius
1950 2913 2058 2962 me,

465 2982 798 3038 venerabilis
823 2988 1000 3056 pater,
1033 2989 1248 3038 certum
1281 2985 1466 3050 tacito,
1501 2986 1648 3056 quod
1689 2991 1814 3056 post
1845 2990 2061 3040 tantam

465 3069 802 3140 spiritalium
829 3089 1020 3127 rerum
1047 3073 1445 3144 cognitionem,
1479 3073 1526 3127 si
1558 3073 1746 3128 videro
1773 3091 1916 3140 eam,
1950 3091 2062 3129 non

2153 579 2332 644 dium,
2352 579 2624 651 plurimas
2639 579 2898 634 utilitatis
2913 597 3081 634 causa
3102 581 3334 634 virtutes
3357 580 3572 635 caeteris
3585 581 3739 636 adhi-

2151 669 2302 729 bere,
2339 669 2469 722 licet
2513 669 2811 724 videantur
2851 669 2922 724 ad
2961 669 3126 724 breve
3170 674 3398 741 tempus
3440 671 3741 726 nonnullos

2152 758 2453 813 oll‘endere.
2715 775 2739 791 ο

2222 848 2351 902 CAP.
2367 846 2590 902 XXXII.
2603 843 2674 888 '—
2687 847 2866 918 Igitur
2885 849 3028 902 sicut
3041 848 3210 918 hujus
3223 847 3474 902 studium
3492 849 3564 902 ad
3577 866 3745 904 aemu-

2149 936 2415 990 lationem
2437 951 2631 990 eorum
2653 936 2749 1008 qui
2769 937 3002 990 meliora
3021 937 3260 1008 cupiunt
3277 936 3491 991 imitari
3512 937 3745 1008 protuli-

2151 1042 2296 1090 mus,
2329 1025 2410 1080 ita
2445 1025 2816 1096 negligentias
2857 1025 3174 1096 aliquorum
3199 1027 3417 1096 justum
3463 1026 3743 1080 credimus

2148 1115 2420 1180 intimari,
2451 1115 2520 1168 ad
2557 1115 2834 1169 cautelam
2869 1131 3064 1169 eorum
3094 1115 3190 1185 qui
3220 1115 3330 1168 ista
3361 1115 3559 1168 lecturi
3587 1121 3740 1169 sunt.

2149 1201 2386 1266 Quidam
2411 1203 2670 1257 monachi
2690 1203 2996 1256 secundum
3013 1219 3238 1256 carnem
3259 1203 3509 1256 viventes
3525 1205 3738 1273 (Coloss.

2150 1290 2248 1361 III),
2275 1307 2375 1345 nec
2395 1298 2638 1345 veterem
2659 1292 2945 1344 hominem
2968 1297 3226 1344 curantes
3246 1307 3466 1356 exuere,
3481 1297 3740 1346 sanctum

2149 1379 2512 1434 Pachomium
2542 1380 2761 1434 fortiter
2803 1379 3160 1450 afﬂigebant;
3190 1380 3515 1450 frequenter
3549 1380 3744 1451 itaque

2148 1469 2488 1523 salutaribus
2519 1487 2614 1523 eos
2642 1469 2869 1522 monitis
2915 1470 3224 1539 alloquens,
3261 1469 3480 1523 nullum
3515 1469 3741 1540 penitus

2149 1559 2459 1628 profectum
2484 1574 2680 1612 eorum
2709 1557 3006 1612 sentiebat.
3042 1558 3201 1612 Unde
3231 1557 3409 1612 tristis
3439 1562 3496 1610 et
3523 1559 3742 1618 anxius.

2147 1647 2384 1702 Domino
2413 1665 2514 1718 pro
2542 1648 2621 1700 eis
2652 1646 3004 1718 supplicabat
3033 1642 3358 1716 impensius,
3383 1646 3604 1700 dicens:
3637 1647 3748 1700 Do-

2149 1736 2395 1789 minator
2415 1737 2670 1800 Domine,
2697 1741 2756 1789 tu
2787 1735 3098 1806 praecepisti
3118 1735 3278 1788 nobis
3307 1735 3542 1804 diligere
3562 1735 3746 1806 proxi-

2147 1841 2268 1878 mos
2301 1831 2364 1879 ut
2390 1842 2490 1878 nos
2521 1825 2672 1895 ipsos
2703 1827 2888 1890 (Lavit.
2921 1838 3013 1878 XIX
3036 1844 3051 1895 ;
3071 1825 3264 1878 Μαιιὴ.
3287 1829 3416 1892 xIx).
3438 1824 3582 1888 Quia
3611 1841 3745 1894 ergo

2145 1919 2362 1967 secreta
2389 1913 2570 1967 cordis
2592 1913 2702 1966 mei
2725 1912 3000 1983 agnoscis,
3025 1911 3272 1977 obsecro,
3295 1929 3366 1966 ne
3391 1929 3480 1965 me
3501 1913 3748 1966 claman-

2145 2006 2262 2056 tem
2289 2001 2359 2056 ad
2382 2007 2438 2056 te
2469 2019 2568 2074 pro
2596 2019 2790 2056 eorum
2815 2001 2996 2055 salute
3017 2001 3321 2072 despicias;
3350 2001 3448 2055 sed
3479 2001 3747 2055 misertus

2148 2107 2362 2157 eorum,
2385 2091 2457 2145 da
2484 2091 2595 2144 illis
2621 2091 2884 2145 timorem
2901 2095 3081 2155 tuum,
3109 2095 3172 2144 ut
3191 2089 3436 2144 divinam
3459 2096 3616 2144 tuam
3649 2106 3747 2160 po-

2146 2179 2382 2234 tentiam
2398 2185 2812 2250 cognoscentes,
2828 2179 2886 2232 in
2905 2178 3137 2233 veritate
3152 2177 3254 2232 tibi
3279 2173 3622 2244 deserviant,
3647 2195 3748 2249 spe

2146 2274 2578 2344 promissionum
2601 2279 2827 2328 tuarum
2850 2289 2950 2343 per
2979 2273 3168 2326 omnia
3189 2271 3470 2340 roborati;
3500 2274 3636 2344 quia
3652 2271 3747 2326 ni-

2149 2363 2254 2416 mis
2283 2362 2553 2432 aﬂligitur
2589 2363 2778 2416 anima
2807 2377 2934 2416 mea
2965 2378 3064 2432 pro
3095 2361 3194 2426 eis,
3229 2367 3288 2416 et
3319 2378 3515 2415 omnes
3545 2379 3747 2415 sensus

2147 2451 2257 2504 mei
2273 2451 2574 2504 turbantur
2591 2465 3011 2521 usquequaque.
3034 2449 3163 2503 Haec
3183 2448 3391 2513 dicens,
3408 2449 3584 2506 siluit.
3611 2450 3750 2506 Post

2147 2539 2360 2610 aliquot
2379 2555 2508 2593 vero
2528 2539 2646 2592 dies
2665 2540 2856 2593 videns
2877 2539 3024 2610 quod
3041 2555 3143 2592 nec
3170 2555 3270 2609 per
3291 2538 3605 2592 orationem
3628 2556 3746 2594 me-

2146 2629 2312 2682 liores
2333 2629 2512 2682 ell'ecti
2533 2633 2680 2693 sunt,
2705 2629 2912 2682 iterum
2931 2631 3086 2682 stans
3103 2627 3172 2680 ad
3189 2628 3521 2692 orationem,
3537 2645 3640 2698 pro
3659 2627 3741 2683 eis

2143 2717 2381 2772 Domino
2401 2718 2758 2788 supplicavit;
2779 2715 3120 2790 etquasdam
3139 2717 3380 2787 privatas
3401 2733 3465 2769 ac
3481 2715 3743 2788 praprias

2143 2805 2366 2876 regulas
2395 2806 2474 2860 eis
2505 2805 2701 2860 orandi
2731 2811 2898 2876 atque
2926 2804 3144 2859 vivendi
3173 2804 3423 2870 tradidit,
3449 2811 3514 2858 ut
3538 2806 3743 2860 saltem

2145 2895 2303 2966 quasi
2334 2895 2476 2948 servi
2506 2901 2720 2950 statuta
2739 2894 3097 2966 complentes,
3123 2894 3398 2964 paulatim
3416 2911 3748 2978 consuesce-

2145 2990 2272 3039 rent
2299 2986 2366 3038 ad
2399 2985 2641 3039 ﬁliorum
2671 2998 2876 3038 munus
2903 2983 3210 3037 aﬂ‘cctionis
3240 2983 3520 3036 industria
3551 3001 3746 3054 perve-

2143 3073 2282 3127 nire.
2318 3075 2424 3138 Qui
2446 3077 2738 3128 cernentes
2767 3091 2825 3127 se
2853 3077 2981 3144 post
3001 3069 3481 3143 concupiscentias
3500 3089 3635 3127 suas
3660 3073 3744 3127 ire

465 3158 608 3214 dabo
637 3159 766 3214 inde
791 3161 1066 3216 rationem
1094 3162 1334 3218 Domino
1365 3163 1426 3216 in
1455 3162 1544 3216 die
1576 3155 1794 3234 judicii,
1827 3168 1885 3218 et
1912 3164 2059 3234 quod
2077 3158 2252 3222 Cnon
2280 3180 2460 3234 posse,
2495 3163 2963 3234 prmsentiamque
3003 3161 3180 3216 sancti
3219 3161 3507 3215 Pachomii
3535 3162 3742 3216 formi-

464 3248 718 3319 praecipis
739 3249 957 3304 faciam.
978 3251 1135 3306 Hanc
1155 3251 1301 3306 enim
1322 3253 1484 3323 juxta
1506 3253 1835 3306 mandatum
1853 3251 2062 3308 Christi

465 3352 593 3390 cum
621 3343 740 3392 toto
769 3339 979 3394 mundo
999 3339 1241 3395 deserui.
1267 3341 1336 3395 Et
1355 3341 1634 3412 quomodo
1652 3358 1778 3395 eam
1801 3341 1860 3396 in
1891 3342 2062 3396 offen-

465 3424 679 3479 sionem
725 3427 965 3486 fratrum
999 3445 1147 3484 nunc
1191 3429 1408 3484 audebo
1437 3429 1795 3500 conspicere?
1832 3430 1977 3484 Nam
2009 3431 2060 3485 si

464 3512 641 3583 prius,
669 3521 799 3569 ante
828 3517 1339 3572 manifestationem
1369 3523 1538 3572 tantae
1566 3519 1782 3587 gratiae,
1807 3519 1907 3572 ﬁlii
1931 3519 2060 3573 Levi

465 3608 725 3671 parentes
747 3606 998 3675 proprios
1019 3605 1370 3674 ignorarunt,
1393 3613 1454 3660 ut
1464 3606 1899 3676 justiﬁcationes
1921 3607 2060 3677 legis

463 3688 763 3759 implerent
783 3693 978 3761 (Exodi
1021 3707 1208 3760 xxxu;
1259 3695 1416 3748 Deut.
1450 3709 1665 3756 xxxm;
1709 3697 1876 3748 Lavit.
1919 3700 2054 3764 XXI),

463 3783 674 3846 quanto
691 3779 868 3849 magis
884 3797 1008 3850 ego,
1033 3783 1128 3852 qui
1148 3783 1290 3836 tanti
1312 3783 1562 3836 muneris
1584 3783 1864 3854 particeps
1879 3784 2058 3840 factus

463 3879 610 3930 sum,
629 3873 890 3936 parentes
905 3883 1016 3923 non
1033 3869 1205 3924 debeo
1217 3871 1418 3925 divinze
1435 3889 1758 3942 praeponere
1771 3871 2052 3940 charitati,

464 3951 682 4008 dicente
701 3955 940 4010 Domino
954 3957 1012 4011 in
1030 3958 1326 4029 Evangelio
1354 3977 1364 4012 :
1384 3959 1491 4024 Qui
1513 3960 1697 4030 diligit
1716 3967 1931 4032 patrem
1959 3970 2058 4018 aut

474 4047 514 4106 Ι
529 4045 658 4108 26
669 4050 908 4098 matrem
921 4062 1089 4116 super
1100 4064 1325 4113 me,non
1339 4053 1426 4102 est
1438 4065 1526 4101 me
1539 4049 1960 4118 dignusmlatth.
1977 4053 2056 4122 x)?

463 4131 613 4185 Dicit
639 4131 690 4186 ei
719 4133 1055 4190 Pachomius
1080 4153 1090 4188 :
1125 4136 1183 4191 Si
1204 4136 1408 4206 probas
1435 4137 1490 4190 id
1509 4137 1612 4192 tibi
1633 4155 1744 4192 non
1768 4141 2051 4210 expedire,

463 4219 542 4272 ﬁli
571 4221 668 4288 mi,
703 4239 816 4277 non
844 4228 899 4278 te
927 4241 1084 4294 cogo.
1123 4225 1240 4279 Hoc
1259 4232 1447 4280 autem
1477 4243 1672 4280 eorum
1697 4234 1784 4282 est
1812 4229 1907 4298 qui
1934 4247 2057 4301 per-

461 4308 604 4364 fecte
625 4312 956 4368 renuntiant
972 4313 1103 4368 huic
1135 4315 1364 4382 mundo,
1391 4319 1448 4370 et
1467 4315 1678 4387 seipsos
1698 4316 1802 4370 sibi
1831 4319 2055 4388 penitus

461 4397 760 4470 abnegant.
787 4401 1024 4473 Oportet
1044 4403 1193 4456 enim
1210 4404 1530 4470 monachos,
1555 4405 1781 4460 inutiles
1809 4412 1866 4460 et
1889 4424 2057 4462 saecu-

2143 3250 2360 3318 dantes,
2379 3253 2576 3324 spiritu
2598 3251 2834 3317 timoris,
2852 3267 2963 3304 non
2984 3250 3138 3304 illius
3157 3249 3313 3315 casti,
3334 3250 3552 3320 decepti
3569 3255 3740 3319 sunt;

2143 3345 2201 3395 et
2224 3339 2486 3395 abierunt
2503 3346 2652 3394 retro
2672 3346 2799 3412 post
2818 3340 3104 3406 Satanam,
3118 3338 3600 3392 conversationem
3615 3341 3664 3410 ej
3675 3355 3742 3393 us

2142 3429 2529 3484 admirabilem
2550 3447 2662 3484 non
2689 3429 2950 3484 ferentes.
2981 3429 3082 3482 His
3101 3428 3291 3499 itaque
3319 3423 3736 3494 recedentibus,

2139 3535 2274 3589 grex
2305 3517 2594 3574 universus
2632 3519 2690 3572 in
2720 3517 2805 3572 sui
2833 3523 3014 3571 status
3042 3515 3364 3586 integritate
3394 3517 3736 3587 permansit,

2142 3609 2320 3677 magis
2349 3625 2412 3662 ac
2434 3607 2614 3677 magis
2635 3608 2705 3660 ad
2731 3608 3077 3660 incrementa
3105 3606 3378 3659 virtutum
3405 3621 3734 3676 assurgens,

2139 3697 2303 3750 sicuti
2329 3697 2512 3756 solent
2539 3697 2596 3750 in
2624 3695 2776 3766 agris
2813 3696 3026 3766 optima
3051 3696 3336 3748 frumenta
3365 3695 3546 3748 laetius
3571 3695 3738 3748 efflo-

2140 3801 2450 3851 rescere,cu
2459 3803 2511 3838 m
2521 3785 2731 3839 fuerint
2741 3784 2810 3838 ab
2823 3785 2902 3838 eis
2911 3785 3120 3838 zizania
3131 3783 3400 3837 radicitus
3414 3788 3736 3853 amputata.

2140 3873 2269 3927 Haec
2296 3878 2484 3928 autem
2513 3873 2902 3940 retuli,volens
2943 3871 3238 3926 ostendere
3268 3871 3401 3943 quia
3427 3871 3576 3924 sicut
3595 3871 3742 3926 nihil

2139 3960 2296 4017 obest
2321 3961 2642 4017 hominibus
2661 3961 2862 4027 saeculo
2882 3961 3105 4026 deditis,
3123 3961 3169 4014 si
3189 3977 3249 4014 se
3267 3957 3606 4014 tradiderint
3621 3977 3743 4014 mo-

2138 4052 2445 4105 nachorum
2473 4051 2766 4116 institutis,
2799 4051 2880 4104 ita
2907 4050 3050 4103 nihil
3070 4049 3331 4103 utilitatis
3353 4048 3518 4102 aﬁ‘ert
3538 4065 3737 4103 mona-

2137 4139 2255 4194 chis
2283 4140 2550 4211 professio
2579 4139 2928 4202 venerabilis,
2971 4137 3019 4192 si
3045 4138 3394 4208 negligentes
3425 4137 3680 4192 existunt
3716 4155 3730 4206 ς

2136 4228 2233 4282 sed
2264 4245 2366 4282 nec
2391 4228 2570 4282 oratio
2591 4233 2844 4298 paterna,
2867 4243 2966 4280 nec
2985 4225 3380 4280 condescensio
3407 4241 3502 4278 eos
3524 4225 3738 4296 poterit

2135 4315 2400 4388 adjuvare
2429 4319 2732 4388 torpentes.

2208 4407 2338 4460 CAP.
2353 4405 2604 4460 XXXIII.
2625 4437 2686 4446 —
2705 4404 3002 4460 Confessor
3019 4404 3238 4458 interea
3255 4401 3559 4473 Dionysius
3581 4419 3736 4474 pres-

459 4487 608 4542 lares
635 4489 1001 4544 salutationes
1021 4495 1076 4544 et
1105 4491 1382 4563 colloquia
1406 4509 1549 4546 vana
1576 4493 1948 4564 diﬁugere,-et
1967 4497 2056 4550 his
2074 4493 2298 4568 Dbyter
2341 4499 2399 4548 et
2453 4511 2793 4560 mconomus,
2825 4495 2881 4547 id
2941 4497 3043 4558 est,
3081 4491 3434 4564 dispensator
3475 4489 3735 4546 Ecclesiae

461 4577 556 4646 qui
582 4577 835 4633 membra
860 4579 1069 4634 Christi
1098 4585 1230 4634 sunt
1249 4580 1341 4650 pia
1366 4587 1554 4636 mente
1581 4583 1806 4638 sociari.
1838 4583 1896 4638 Si
1927 4586 2053 4656 quis

458 4671 647 4720 autem
669 4669 924 4738 passione
945 4669 1192 4740 quadam
1213 4669 1398 4725 saeculi
1419 4676 1633 4744 captus,
1655 4673 1820 4728 dicit:
1848 4675 2052 4729 Paren-

458 4758 544 4808 tes
563 4771 693 4810 caro
715 4773 841 4812 mea
860 4763 1008 4825 sunt,
1033 4775 1128 4812 eos
1147 4758 1380 4829 diligere
1399 4759 1592 4826 debeo,
1609 4759 1804 4816 audiat
1821 4763 2050 4819 beatum

458 4841 690 4896 Petrum
721 4848 1036 4916 apostolum
1066 4847 1461 4918 praedicantem
1487 4866 1498 4902 :
1521 4851 1569 4904 A
1595 4865 1706 4920 quo
1737 4851 1861 4922 quis
1890 4869 2052 4924 supe-

457 4932 636 4996 ratur,
673 4932 801 4986 huic
829 4939 886 4988 et
923 4952 1116 4990 servus
1145 4935 1382 4991 efﬁcitur
1410 4937 1497 5008 (ΙΙ
1528 4940 1634 4992 Pet.
1665 4943 1749 5008 ιι).
1778 4940 1886 5004 Qui
1915 4959 2048 5013 ergo

455 5019 700 5074 vincitur
718 5039 908 5076 amore
928 5025 1128 5091 carnis,
1159 5043 1352 5082 servus
1381 5027 1501 5082 sine
1531 5027 1698 5084 dubio
1728 5035 1814 5084 est
1841 5032 2045 5088 carnis.

455 5107 710 5179 Cumque
738 5125 849 5164 non
879 5113 1246 5182 acquievisset
1273 5116 1598 5171 Theodorus
1627 5118 1795 5172 matri
1824 5136 1884 5172 se
1913 5137 2050 5191 prae-

454 5202 696 5264 sentare,
716 5199 960 5254 decrevit
973 5207 1029 5254 et
1048 5202 1146 5255 illa
1159 5203 1218 5256 in
1237 5204 1360 5274 ipso
1379 5206 1720 5260 monasterio
1738 5224 1866 5262 cum
1891 5209 2048 5262 Chri-

453 5284 526 5338 sti
553 5301 882 5355 permanere
904 5288 1230 5359 virginibus,
1254 5291 1372 5346 haec
1397 5293 1544 5364 apud
1575 5311 1633 5347 se
1661 5301 2040 5365 pertractans:

456 5373 512 5428 Si
543 5374 848 5429 voluntatis
876 5377 1100 5431 Domini
1125 5378 1312 5445 fuerit,
1338 5381 1486 5435 inter
1513 5382 1653 5438 alios
1697 5384 1896 5438 saltem
1932 5403 2048 5440 mo-

453 5463 662 5516 nachos
700 5461 896 5518 videbo
937 5481 1066 5519 eum
1097 5484 1108 5518 :
1163 5472 1221 5520 et
1249 5475 1478 5539 propter
1505 5471 1648 5524 hanc
1673 5473 2040 5539 occasionem,

451 5567 632 5606 meam
665 5569 885 5624 quoque
915 5553 1172 5609 lucrabor
1189 5556 1456 5623 animam,
1483 5557 1616 5613 dum
1642 5561 1700 5614 in
1723 5561 1827 5616 hac
1850 5567 2044 5616 sancta

451 5642 872 5698 conversatione
903 5642 1158 5714 persisto.
1187 5645 1423 5700 Constat
1452 5645 1626 5716 igitur
1654 5665 1749 5702 eos
1773 5650 1869 5720 qui
1899 5649 2044 5720 rigo-

2133 4585 2527 4656 Tentyrorum,
2543 4583 2918 4638 amicissimus
2943 4583 3122 4638 sancti
3143 4580 3734 4652 Pachomii,comperit

2135 4673 2204 4728 ab
2231 4672 2511 4744 aliquibus
2537 4673 2684 4744 quod
2715 4689 2784 4726 ex
2815 4672 2940 4726 aliis
2977 4670 3334 4725 monasteriis
3363 4668 3433 4722 ad
3473 4686 3607 4724 eum
3639 4687 3732 4724 ve-

2133 4761 2436 4830 nientibus,
2481 4777 2595 4816 non
2632 4761 2900 4816 concedat
2935 4777 3064 4814 cum
3103 4760 3220 4814 suis
3258 4757 3526 4812 fratribus
3558 4757 3726 4824 vesci,

2133 4851 2230 4905 sed
2259 4867 2352 4906 eos
2383 4855 2732 4922 sequestrate
2760 4850 2882 4904 loco
2903 4851 3066 4920 juxta
3096 4847 3424 4902 monasterii
3461 4846 3615 4901 fores
3645 4864 3733 4902 ex-

2130 4941 2318 5012 cipiat.
2353 4939 2730 4994 Contristatus
2757 4939 2950 5009 itaque
2975 4937 3282 5009 plurimum
3312 4951 3483 5006 super
3507 4935 3617 4989 hac
3645 4951 3725 5002 re,

2129 5029 2285 5083 venit
2310 5027 2382 5082 ad
2408 5043 2539 5082 eum
2562 5045 2574 5095 ;
2612 5033 2668 5081 et
2693 5027 3035 5099 increpantis
3064 5025 3250 5097 potius
3278 5040 3572 5078 assumens
3604 5023 3730 5078 ani-

2129 5133 2285 5182 mum
2310 5133 2480 5187 quam
2505 5116 2804 5182 monentis,
2829 5113 3048 5169 aiebat:
3074 5115 3200 5168 Non
3220 5117 3368 5168 recte
3382 5112 3537 5178 facis,
3559 5110 3724 5178 abba,

2127 5203 2457 5261 charitatem
2475 5204 2738 5260 fratribus
2757 5204 3003 5258 debitam
3023 5219 3137 5258 non
3155 5202 3447 5274 aequaliter
3463 5199 3729 5256 omnibus

2129 5295 2414 5349 exhibens.
2436 5295 2959 5358 Quicorrectionem
2977 5294 3098 5363 ejus
3119 5309 3246 5346 cum
3266 5291 3447 5345 multa
3461 5291 3726 5361 longani-

2129 5385 2324 5438 mitate
2345 5384 2725 5455 patientiaque
2744 5383 3075 5453 suscipiens,
3102 5381 3182 5436 ita
3199 5379 3492 5452 respondit
3517 5397 3528 5431 :
3555 5379 3726 5434 Novit

2127 5474 2398 5527 Dominus
2411 5461 2759 5544 prOposituiri
2777 5477 3049 5537 meum,et
3063 5476 3299 5541 paterna
3319 5474 3418 5523 tua
3432 5469 3727 5536 cognoscit
3751 5471 3766 5482 ’

2125 5563 2361 5629 affectio,
2391 5562 2538 5633 quod
2577 5577 2862 5632 nunquam
2893 5557 3193 5630 cujuslibet
3225 5559 3472 5612 animam
3494 5557 3720 5627 cupiam

2126 5650 2467 5717 contristari,
2486 5667 2588 5704 nec
2603 5651 2784 5704 dicam
2804 5663 3068 5719 spernere
3084 5695 3094 5705 .
3115 5642 3406 5712 Quomodo
3421 5644 3597 5714 igitur
3618 5646 3722 5698 hoc
