4004 6196
248 357 352 416 253
412 378 421 386 '
1007 356 1179 412 VITA
1215 354 1473 411 SANCTI
1514 354 1869 411 PACHOMII
1907 353 2210 412 ABBATIS
2249 353 2768 416 TABENNENSIS.
3413 354 3515 416 254

249 485 514 539 auderem
540 498 728 552 agere,
759 486 826 537 ut
852 497 1043 537 meum
1064 486 1257 537 contra
1279 496 1369 536 me
1385 481 1689 536 Dominum
1719 497 1845 551 pro-
1861 480 2107 549 Asciens
2134 480 2433 553 indignum
2460 484 2560 537 tali
2586 500 2838 551 munere,
2871 484 3089 538 diverso
3122 483 3288 538 modo
3314 499 3385 537 ne
3413 485 3519 538 hoc

247 591 449 627 vocans
462 574 765 638 irritarem,
789 572 886 643 qui
906 570 1199 625 manifeste
1214 575 1455 625 testatur
1469 571 1528 625 in
1545 570 1842 639 Evangelio
1925 570 2109 641 ipsum
2138 572 2303 625 fieret
2316 573 2627 637 differebat.
2644 574 2713 627 Et
2725 588 2849 627 cum
2868 574 3109 644 amplius
3129 573 3520 644 importunita-

247 663 465 717 dicens:
500 660 780 725 Quamdiu
809 657 1017 714 fecistis
1045 660 1143 714 uni
1186 674 1252 714 ex
1279 660 1529 714 minimis
1573 659 1842 713 fratribus
1922 664 2039 713 tem
2069 662 2191 730 ejus
2220 660 2365 714 ferre
2394 678 2507 715 non
2531 667 2737 732 posset,
2770 663 2923 716 venit
2944 664 3014 716 ad
3030 667 3285 716 sanctum
3312 663 3522 717 Pachoa

252 752 413 817 meis,
436 751 575 804 mihi
586 750 797 804 fecistis
813 750 1025 820 (Matth.
1048 753 1176 817 xxv)
1198 749 1223 801 Ἰ
1240 749 1442 820 Accipe
1462 749 1654 819 itaque
1681 748 1843 802 satis-
1924 736 2101 802 mium
2122 755 2323 804 cuncta
2349 767 2472 821 quae
2493 751 2702 820 negotii
2732 757 2895 805 erant
2913 751 3094 805 eidem
3109 752 3378 823 pandens,
3403 762 3522 806 cere

248 840 549 893 factionem
578 854 786 904 meam,
812 834 1147 891 venerabilis
1176 842 1356 908 pater,
1383 836 1515 907 quia
1544 852 1657 890 non
1692 837 1846 891 velut
1922 844 2017 892 tus
2048 838 2195 909 quod
2216 839 2335 910 ipse
2360 840 2513 893 solus
2553 841 2939 894 contentiones
2974 841 3298 910 hujusmodi
3328 845 3518 912 posset

248 929 431 982 vitans
458 933 627 998 atque
642 942 915 998 spernens
934 942 1030 979 eos
1049 927 1145 997 qui
1173 927 1282 979 huc
1300 926 1548 991 veniunt,
1580 925 1686 979 hoc
1696 926 1844 996 quod

248 1014 455 1071 asset-is
482 1016 661 1069 facio:
695 1016 792 1069 sed
824 1015 956 1086 quia
982 1015 1039 1067 in
1062 1015 1315 1068 emnobio
1352 1015 1843 1085 congregationem

250 1104 489 1176 suscepi,
522 1103 794 1175 plurimos
823 1104 920 1174 qui
938 1119 1121 1174 nuper
1144 1103 1395 1156 conversi
1416 1108 1566 1169 sunt,
1590 1109 1644 1156 et
1669 1103 1847 1155 (ἤτω-ο

250 1211 338 1248 sos
368 1209 568 1248 eorum
599 1208 787 1247 mores
814 1208 937 1247 esse
973 1208 1265 1262 cognosco.
1302 1192 1612 1246 Nonnullos
1656 1199 1847 1245 autem

251 1284 376 1337 novi
409 1283 691 1337 intentum
721 1282 899 1353 ipsius
930 1282 1367 1336 conversationis
1388 1281 1633 1351 ignaros,
1653 1287 1718 1334 ut
1745 1295 1848 1335 nec

250 1373 655 1426 monachorum
676 1370 932 1425 habitum
953 1370 1227 1425 noverint.
1248 1371 1403 1424 Inter
1423 1386 1563 1441 quos
1577 1375 1711 1423 sunt
1725 1385 1849 1440 par-

250 1461 380 1526 vuli,
405 1466 573 1514 tanta
594 1460 953 1530 simplicitate
972 1460 1236 1525 viventes,
1264 1465 1329 1513 ut
1340 1475 1444 1512 nec
1458 1459 1744 1512 dexteram
1756 1474 1847 1512 va-

252 1552 407 1605 leant
434 1549 600 1613 scire,
633 1564 816 1619 neque
849 1549 1157 1602 sinistram.
1214 1548 1427 1603 Idcirco
1473 1548 1683 1601 credidi
1726 1562 1847 1601 esse

246 1638 618 1701 commodius,
645 1642 711 1691 ut
737 1637 1190 1707 supervenientes
1217 1637 1418 1691 fratres
1447 1652 1703 1690 seorsum
1731 1652 1850 1690 sus-

1926 927 2229 981 absolvere.
2265 928 2519 991 Quicum
2544 942 2770 982 causam
2800 929 3025 999 penitus
3051 930 3417 998 cognovisset,
3440 930 3522 983 ait

1926 1015 2253 1087 presbytero
2280 1035 2290 1070 :
2322 1018 2520 1071 Nonne
2545 1017 2615 1070 ad
2644 1019 2748 1071 hoc
2767 1018 2986 1084 venisti,
3009 1023 3073 1072 ut
3092 1034 3194 1088 per
3210 1034 3300 1071 me
3312 1028 3523 1088 cognov-

1928 1121 2111 1157 sceres
2140 1104 2363 1158 Domini
2394 1106 2775 1159 voluntatem?
2804 1106 2949 1161 Audi
2979 1122 3110 1175 ergo
3141 1122 3248 1171 me,
3295 1113 3353 1161 et
3379 1108 3451 1160 da
3469 1107 3521 1161 ei

1930 1193 2077 1264 quod
2106 1194 2370 1264 postulat,
2397 1194 2534 1248 nihil
2559 1196 2615 1248 in
2644 1196 2750 1249 hac
2779 1201 2938 1266 parte
2956 1196 3277 1265 desperans.
3306 1196 3524 1250 Fortw

1929 1282 2005 1336 sis
2033 1283 2183 1336 enim
2206 1300 2306 1353 per
2326 1284 2429 1337 hoc
2453 1285 2698 1338 ofﬁcium
2730 1284 3061 1337 liberabitur
3090 1285 3278 1337 anima
3306 1285 3428 1354 ejus
3452 1284 3522 1338 de

1930 1371 2248 1442 captivitate
2277 1371 2505 1426 diaboli.
2540 1373 2695 1443 Saepe
2717 1388 2959 1443 namque
2979 1373 3254 1443 contingit
3272 1378 3337 1426 ut
3354 1373 3521 1426 homo

1931 1461 2113 1513 malus
2128 1461 2360 1514 affectus
2378 1458 2684 1525 beneﬁciis,
2701 1462 2769 1515 ad
2780 1460 2955 1515 bonos
2970 1478 3028 1515 se
3043 1462 3293 1516 conferat
3314 1472 3519 1515 mores.

1930 1549 2280 1603 Desiderium
2297 1565 2540 1620 namque
2552 1551 2846 1604 meliorum
2862 1550 3016 1621 pium
3030 1551 3525 1620 novitingenerare

1930 1638 2296 1709 propositum,
2328 1638 2415 1693 his
2434 1640 2707 1693 duntaxat
2723 1637 3036 1699 animabus,
3062 1657 3183 1710 quae
3210 1655 3321 1693 non
3344 1655 3524 1710 usque

247 1730 592 1799 ciperentur,
628 1726 685 1779 in
705 1727 917 1779 honore
946 1726 1190 1779 maximo
1222 1726 1533 1780 constituti.
1564 1726 1707 1779 Hinc
1723 1741 1856 1795 ergo
1875 1723 2067 1782 Badeo
2098 1720 2707 1798 negligentiaa'torpore
2728 1729 3002 1799 prolapsae
3027 1733 3178 1793 sunt,
3212 1733 3277 1782 ut
3305 1728 3525 1798 possint

246 1833 355 1870 non
383 1816 605 1870 aestimo
634 1814 885 1885 patribus
913 1815 1001 1868 vel
1029 1814 1298 1868 fratribus
1323 1814 1419 1885 qui
1449 1815 1519 1868 ad
1543 1830 1645 1868 nos
1672 1814 1849 1867 diver-

245 1912 391 1970 tunt,
427 1904 602 1958 ullam
633 1903 1032 1958 contumeliam
1063 1903 1204 1967 fieri,
1236 1903 1333 1957 sed
1372 1904 1552 1973 magis
1602 1902 1847 1957 debitam

247 1993 620 2047 reverentiam
669 1992 1050 2047 commodari:
1094 1993 1406 2063 praesertim
1453 2010 1580 2048 cum
1621 1991 1849 2046 statutis

246 2083 400 2136 horis
426 2082 497 2135 ad
528 2082 876 2136 reddendum
905 2080 1196 2135 nobiscum
1226 2083 1341 2136 Deo
1368 2088 1497 2136 vota
1521 2097 1625 2137 sua
1656 2096 1851 2135 conve-

250 2173 434 2236 niant,
467 2175 528 2225 et
552 2180 681 2241 post
708 2172 813 2225 hoc
840 2171 1047 2241 singuli
1077 2172 1147 2225 ad
1170 2172 1291 2225 loca
1303 2171 1585 2225 destinata
1612 2185 1848 2225 concur-

248 2266 399 2323 rant,
421 2260 602 2331 quieti
622 2276 852 2330 operam
872 2260 1090 2325 dantes,
1120 2276 1209 2313 me
1221 2260 1529 2314 secundum
1546 2261 1721 2314 Deum
1745 2261 1851 2314 sol-

250 2348 460 2403 licitius
491 2348 685 2402 usibus
729 2353 902 2413 ινιτ
935 2365 1131 2403 eorum
1153 2349 1473 2403 necessaria
1501 2350 1847 2420 providente.

256 2439 387 2493 Haec
417 2437 656 2491 audiens
686 2437 949 2507 praefatus
972 2437 1283 2509 presbyter,
1327 2439 1479 2492 omni
1510 2452 1641 2492 eum
1686 2439 1853 2492 laude

250 2527 654 2597 dignissimum
683 2527 1083 2596 comprobavit,
1128 2532 1283 2580 certo
1324 2540 1663 2596 cognoscens
1706 2527 1854 2598 quod

249 2616 566 2670 secundum
595 2616 773 2669 Deum
802 2620 1001 2669 cuncta
1022 2621 1251 2685 ageret;
1277 2616 1628 2687 multumque
1651 2617 1859 2670 releva-

252 2712 340 2759 tus
375 2705 563 2759 sancti
604 2704 888 2758 Pachomii
926 2704 1326 2770 satisfactione,
1383 2706 1543 2759 laetus
1588 2705 1859 2759 remeavit

252 2795 317 2847 ad
350 2794 609 2866 propria.

320 2885 463 2938 Car.
495 2882 743 2937 XXXIV.
772 2912 837 2922 —
861 2883 1065 2936 Mulier
1080 2887 1270 2937 autem
1302 2884 1557 2954 quaedam
1583 2883 1642 2936 in
1662 2882 1858 2937 eadem

251 2974 637 3043 Tentyrorum
666 2972 888 3026 civitate
916 2971 1237 3042 patiebatur
1256 2973 1467 3026 fluxum
1496 2971 1784 3041 sanguinis
1803 2977 1861 3025 et

259 3063 366 3116 hac
390 3062 727 3116 inﬁrmitate
751 3062 870 3131 jam
890 3060 1102 3132 prolixo
1118 3066 1369 3132 tempore
1396 3058 1705 3115 laborabat.
1731 3061 1861 3115 Haec

1930 1816 2155 1870 studere
2175 1816 2476 1891 virtutibus
2520 1818 2634 1870 Nos
2656 1832 2807 1886 ergo,
2828 1817 3019 1883 frater,
3036 1818 3139 1870 hoc
3151 1832 3318 1886 agere
3340 1817 3519 1884 decet,

1931 1905 2078 1975 quod
2100 1906 2214 1958 Deo
2232 1906 2449 1975 placeat
2492 1904 2581 1959 Sic
2597 1905 2744 1958 enim
2765 1905 2988 1958 dilectio
3005 1906 3054 1974 ej
3064 1922 3126 1958 us
3148 1904 3203 1957 in
3222 1904 3382 1958 nobis
3402 1920 3523 1958 esse

1931 1993 2278 2064 probabitur,
2302 1993 2351 2047 si
2366 1993 2780 2064 compatiamur
2798 1994 3153 2047 alterutrum.
3170 1994 3289 2047 Hoc
3298 1998 3524 2063 accepto

1930 2098 2216 2153 responso,
2246 2082 2436 2136 senior
2460 2081 2593 2136 fecit
2615 2082 2762 2154 quod
2788 2080 2893 2135 sibi
2922 2081 3107 2135 fuerat
3151 2082 3520 2152 imperatum.

1932 2172 2039 2226 Sed
2059 2171 2232 2225 frater
2258 2172 2352 2224 ille
2381 2171 2492 2224 voti
2517 2187 2743 2241 compos
2769 2172 3018 2237 effectus,
3051 2171 3120 2224 ad
3159 2170 3387 2225 beatum
3417 2170 3527 2223 Pas

1933 2259 2214 2314 chomium
2237 2276 2491 2313 reversus
2507 2265 2609 2325 est,
2628 2262 2747 2330 jam
2766 2267 2954 2314 mente
2965 2258 3365 2329 sobriusatque
3380 2273 3528 2312 com-

1935 2355 2192 2419 punctus,
2228 2355 2286 2403 et
2319 2350 2522 2402 cadens
2546 2349 2604 2402 in
2635 2348 2852 2415 faciem,
2885 2348 3255 2403 confitebatur
3293 2348 3519 2401 dicens:

1935 2438 1982 2491 Ο
2008 2439 2177 2492 homo
2206 2439 2326 2503 Dei,
2362 2440 2601 2492 multum
2628 2439 2963 2493 sublimatus
2982 2452 3043 2492 es
3071 2455 3105 2491 a
3130 2440 3262 2501 Deo,
3291 2437 3385 2508 qui
3417 2429 3528 2490 dis-

1937 2543 2172 2581 cernens
2187 2543 2254 2581 ea
2272 2542 2395 2598 quae
2415 2527 2701 2598 pertinent
2721 2528 2789 2581 ad
2800 2528 3059 2592 salutem,
3076 2527 3287 2581 malum
3304 2527 3361 2579 in
3384 2533 3527 2579 bono

1938 2616 2136 2669 vicisti.
2173 2616 2230 2670 Si
2260 2630 2393 2685 ergo
2424 2633 2534 2670 non
2564 2616 2763 2670 fuisses
2778 2632 2912 2686 erga
2930 2633 3020 2669 me
3049 2615 3202 2668 mitis
3229 2620 3398 2685 atque
3413 2615 3532 2687 lou-

1937 2705 2197 2774 ganimis,
2229 2706 2328 2758 sed
2357 2706 2569 2775 aliquid
2597 2706 2655 2758 in
2692 2720 2781 2758 me
2808 2705 3053 2774 rigidum
3085 2703 3430 2774 protulisses,
3462 2701 3533 2756 ab

1938 2794 2045 2846 hoc
2064 2793 2355 2847 discedens
2375 2792 2588 2858 habitu,
2610 2810 2644 2846 a
2657 2795 2772 2847 Deo
2789 2806 3017 2864 prorsus
3033 2790 3528 2846 alienusefllcerer.

1941 2884 2102 2937 Nunc
2128 2888 2317 2937 autem
2336 2883 2659 2937 benedictus
2679 2889 2742 2937 tu
2762 2883 3020 2949 Domino,
3037 2899 3138 2952 per
3157 2897 3322 2953 quem
3344 2881 3534 2934 anima

1940 2988 2067 3026 mea
2095 2972 2248 3026 salva
2276 2972 2422 3025 facta
2448 2976 2552 3026 est.
2580 2973 2737 3025 Tunc
2764 2972 3008 3025 allevans
3030 2988 3159 3025 eum
3176 2964 3245 3024 de
3272 2976 3425 3024 terra
3438 2982 3534 3022 ve-

1940 3060 2209 3114 nerabilis
2230 3076 2416 3125 senex,
2440 3060 2773 3114 hortabatur
2790 3061 3003 3121 sedulo,
3026 3066 3092 3113 ut
3102 3059 3272 3112 vitam
3288 3064 3538 3111 sumeret

253 3152 501 3205 audiens
530 3150 895 3204 Pachomium
923 3148 1025 3204 Dei
1053 3166 1174 3205 esse
1215 3151 1507 3216 cultorem,
1558 3156 1860 3220 sanctaque
1877 3157 1922 3218 ο
1944 3166 2249 3220 congruam
2275 3149 2556 3219 dignitati,
2581 3165 2652 3203 ne
2672 3150 2896 3220 quando
2924 3149 3233 3218 negligens,
3263 3152 3536 3218 perpetua

255 3239 688 3293 conversatione
697 3237 1033 3305 mirabilem,
1048 3239 1280 3309 insuper
1295 3244 1353 3293 et
1365 3240 1697 3310 Dionysium
1710 3254 1862 3310 pres-

254 3327 528 3398 byterum
562 3327 806 3381 amicum
835 3328 959 3397 ejus
980 3342 1103 3381 esse
1118 3327 1532 3393 charissimam,
1551 3333 1716 3398 rogat
1731 3340 1861 3382 eum

254 3422 317 3469 ut
342 3417 435 3471 sui
470 3415 830 3481 misereatur,
843 3422 901 3469 et
919 3416 1080 3487 quasi
1109 3433 1211 3487 per
1224 3417 1574 3471 occasionem
1602 3432 1862 3471 necessa-

252 3505 399 3558 riam
429 3504 504 3557 επὶ
538 3521 602 3558 se
636 3505 1000 3559 Paehomium
1027 3511 1309 3559 convocet.
1330 3506 1439 3570 Qui
1469 3504 1724 3576 precibus
1743 3520 1863 3558 mu-

253 3594 411 3647 lieris
440 3596 643 3657 ﬂexus,
673 3594 777 3647 hoc
816 3609 983 3663 agere
1017 3610 1128 3648 non
1154 3602 1426 3648 moratur.
1452 3596 1593 3649 Cum
1613 3610 1747 3665 ergo
1767 3610 1861 3647 ve-

254 3683 436 3736 nisset
466 3682 898 3736 Pachomiusad
921 3683 1232 3747 ecclesiam,
1277 3688 1335 3737 et
1378 3688 1506 3754 post
1549 3683 1861 3737 orationem

253 3771 599 3843 Dionysium
628 3771 949 3837 salutasset,
968 3772 1130 3841 juxta
1155 3786 1284 3826 eum
1333 3772 1589 3842 protinus
1632 3772 1854 3827 assedit.

252 3860 527 3931 Dumque
553 3860 925 3930 loquerentur
941 3861 1010 3914 ad
1026 3860 1280 3919 invicem,
1301 3861 1505 3915 mulier
1519 3861 1722 3915 fiducia
1732 3860 1863 3915 fidei

253 3949 549 4014 roborata,
585 3948 929 4019 credensque
958 3949 1163 4003 dicenti
1179 3949 1430 4003 Christo:
1456 3948 1704 4015 Conﬂde,
1728 3949 1860 4017 lilia,

253 4037 400 4092 fides
412 4042 523 4091 tua
541 4038 755 4091 salvam
774 4043 830 4091 te
844 4038 1007 4108 fecit(
1015 4039 1210 4095 Matth.
1233 4042 1330 4104 Ix),
1360 4045 1486 4109 post
1504 4043 1724 4108 tergum
1742 4040 1864 4108 ejus

254 4126 514 4181 latenter
539 4127 794 4192 accessit,
818 4133 875 4180 et
897 4128 1196 4193 cucullum,
1222 4128 1368 4197 quod
1391 4126 1680 4198 operiebat
1698 4131 1867 4197 caput

253 4216 403 4284 ejus,
440 4221 697 4268 tremens
716 4215 934 4285 attigit;
959 4216 1266 4286 statimque
1288 4222 1488 4269 sanata
1508 4220 1612 4269 est.
1647 4214 1714 4268 Et
1741 4226 1865 4284 pro-

253 4303 458 4357 cidens
479 4303 542 4357 in
556 4303 752 4356 faciem
766 4304 1210 4369 suam,adoravit
1223 4303 1866 4373 Dominum,gloriﬂcans

254 4394 387 4462 ejus
397 4392 783 4458 clementiam,
804 4393 951 4463 quod
964 4398 1124 4447 tanta
1134 4409 1234 4464 per
1245 4408 1431 4446 servos
1455 4409 1586 4446 suos
1596 4391 1868 4445 beneficia

1943 3239 2002 3293 in
2029 3239 2220 3293 futuro
2235 3244 2518 3293 tormenta
2532 3238 2785 3292 sentiret.
2815 3238 2884 3291 Et
2902 3237 3185 3291 osculatus
3203 3251 3352 3300 eum,
3367 3234 3535 3288 dimi-

1943 3328 2019 3382 sit
2045 3328 2105 3381 in
2135 3344 2289 3398 pace,
2333 3344 2501 3398 quem
2530 3327 2701 3381 etiam
2721 3341 2901 3396 usque
2929 3325 3001 3379 ad
3033 3324 3181 3378 fores
3206 3323 3534 3377 monasterii

1924 3422 2271 3488 prosecutus
2299 3422 2404 3470 est.

2016 3507 2150 3559 CAP.
2180 3504 2424 3560 XXXVI.
2458 3535 2509 3545 -
2537 3504 2734 3558 Adhuc
2763 3510 2951 3558 autem
2995 3507 3190 3556 sancto
3235 3500 3535 3555 Pachomio

1942 3594 2149 3648 Ibidem
2179 3599 2385 3659 stante,
2418 3611 2543 3647 ecce
2572 3593 2655 3646 vir
2683 3594 2899 3663 alonge
2928 3592 3165 3646 festinus
3194 3589 3438 3654 veniens,
3465 3587 3537 3641 ad

1944 3685 2065 3752 ejus
2091 3683 2324 3753 vestigia
2350 3683 2710 3754 provolvitur,
2734 3681 3031 3736 obsecrans
3050 3685 3114 3733 ut
3132 3680 3305 3733 ﬁliam
3321 3688 3483 3732 suam
3503 3688 3538 3731 a

1943 3772 2217 3826 daemonio
2240 3778 2515 3839 vexatam,
2536 3788 2637 3842 per
2646 3771 2855 3826 Christi
2871 3769 3111 3841 gratiam
3125 3780 3322 3823 curare
3338 3767 3539 3836 digna-

1943 3866 2119 3915 retur.
2153 3861 2273 3925 Quo
2304 3861 2497 3915 relicto
2532 3874 2646 3932 pra;
2673 3860 2886 3914 foribus
2914 3860 3220 3929 ingressus,
3268 3857 3387 3927 ipse
3425 3856 3539 3909 tale

1946 3950 1997 4003 ei
2026 3959 2357 4020 responsum
2389 3966 2488 4020 per
2516 3950 2809 4003 ostiarium
2838 3948 3033 4017 dirigit
3057 3967 3067 4001 :
3112 3936 3237 4001 NOn
3268 3933 3354 3999 est
3379 3943 3541 3998 nobis

1945 4039 2289 4093 consuetudo
2315 4055 2440 4092 cum
2470 4038 2800 4092 mulieribus
2828 4037 3008 4107 loqui;
3032 4036 3129 4090 sed
3159 4035 3353 4105 siquid
3367 4033 3540 4087 habes

1946 4144 2010 4181 ex
2031 4128 2379 4181 vestimentis
2399 4128 2447 4196 ej
2457 4143 2539 4191 us,
2575 4127 2734 4180 mitte
2754 4125 2935 4191 nobis,
2952 4124 3100 4195 quod
3120 4124 3179 4177 in
3198 4122 3424 4177 nomine
3435 4123 3541 4176 Do-

1947 4216 2085 4269 mini
2110 4216 2520 4278 benedicentes,
2542 4214 2641 4268 tibi
2662 4215 2917 4285 protinus
2937 4219 3222 4267 remittam
3247 4230 3259 4277 ;
3294 4216 3352 4265 et
3369 4211 3542 4264 credi-

1948 4321 2073 4358 mus
2104 4305 2161 4359 in
2193 4305 2415 4359 Christo
2445 4304 2593 4374 quod
2624 4303 2742 4356 ﬁlia
2772 4308 2873 4357 tua
2892 4302 2997 4355 isto
3029 4301 3197 4354 modo
3227 4300 3297 4354 ab
3327 4299 3542 4353 inimici

1949 4393 2217 4447 liberetur
2231 4394 2479 4447 incursu.
2515 4393 2768 4462 Cumque
2790 4392 2980 4445 tunica
2996 4389 3193 4461 puellae
3205 4391 3397 4442 sancto
3412 4386 3546 4440 fuis-

252 4479 631 4535 credentibus
661 4482 1006 4536 contulisset.
1034 4463 1191 4536 Tunc
1211 4486 1438 4535 sanctus
1455 4481 1542 4534 vir
1569 4480 1868 4552 Dionysius
1884 4463 1933 4531 D
1952 4488 2039 4536 set
2056 4480 2244 4547 allata,
2269 4497 2458 4535 severe
2479 4480 2895 4535 nimisintuitus
2916 4479 2997 4532 ait
3018 4498 3029 4530 :
3052 4479 3177 4532 Non
3193 4482 3281 4530 est
3298 4476 3347 4545 ej
3356 4490 3420 4529 us
3438 4475 3545 4529 iste

252 4570 483 4624 factum
513 4570 781 4635 sentiens,
815 4568 1102 4625 benedixit
1142 4570 1384 4635 mulieri,
1419 4574 1477 4623 et
1510 4569 1769 4640 protinus
1797 4569 1868 4623 ad
1950 4570 2202 4624 vestitus.
2236 4571 2568 4623 Afﬁrmante
2595 4586 2725 4623 vero
2756 4575 2915 4640 patre
2943 4572 3113 4637 atque
3149 4564 3371 4618 dicente
3420 4565 3542 4633 ejus

253 4674 367 4712 sua
398 4654 710 4729 repedavit:

332 4748 481 4802 CAP.
521 4747 740 4800 XXXV.
775 4747 1178 4818 -—'Aliquando
1202 4764 1333 4801 vero
1363 4748 1668 4801 necessitas
1685 4747 1872 4818 exegit

256 4842 326 4890 ut
351 4834 516 4906 scpis
543 4836 857 4890 munimine
877 4836 1282 4891 monasterium
1305 4837 1624 4903 vallaretur,
1670 4836 1729 4890 in
1760 4852 1871 4907 quo

253 4941 441 4996 opere
457 4922 844 4979 laborantibus
859 4924 1144 4991 fratribus,
1169 4925 1287 4997 ipse
1298 4926 1457 4981 laetus
1473 4924 1688 4979 ferebat
1700 4925 1872 4978 maxi-

251 5029 427 5067 mum
458 5012 752 5067 auxilium.

330 5103 482 5155 Post
492 5102 815 5171 aliquantus
825 5108 1015 5157 autem
1027 5103 1146 5157 dies
1161 5104 1468 5158 monachus
1479 5103 1708 5174 quidam
1722 5118 1875 5173 pres-

252 5190 455 5262 byter,
488 5191 797 5245 multorum
817 5192 1056 5247 fratrum
1076 5199 1238 5263 pater
1255 5192 1515 5257 existens,
1550 5191 1645 5262 qui
1676 5191 1874 5245 solitus

252 5284 391 5334 erat
424 5285 686 5333 sanctum
717 5280 1081 5334 Pachomium
1110 5280 1303 5334 crebro
1331 5280 1577 5346 visitare,
1619 5280 1773 5334 venit
1801 5280 1873 5333 ad

252 5384 399 5423 eum
436 5384 564 5422 cum
593 5383 708 5422 uno
737 5368 929 5433 fratre,
965 5374 1195 5439 propter
1214 5370 1632 5423 contentionem
1662 5385 1785 5439 quae
1814 5368 1872 5422 in

253 5457 622 5512 monasterio
651 5464 776 5511 orta
800 5457 1002 5524 fuerat,
1034 5475 1098 5512 ex
1125 5459 1229 5511 hac
1272 5458 1529 5513 videlicet
1566 5473 1771 5512 causa:
1825 5458 1873 5511 is

254 5548 391 5618 ipse
425 5547 618 5607 frater,
653 5546 751 5617 qui
778 5563 905 5601 cum
934 5564 999 5601 eo
1020 5553 1368 5617 pervenerat,
1397 5548 1665 5601 molestus
1680 5551 1803 5600 erat
1821 5547 1874 5602 ei

253 5636 541 5702 nimium,
569 5635 866 5691 clericatus
915 5632 1249 5691 desiderans
1285 5635 1617 5713 dignitatem
1650 5654 1660 5689 :
1707 5650 1873 5708 quem

1953 4676 2092 4724 esse,
2115 4659 2404 4730 respondit
2420 4660 2472 4713 ei
2497 4677 2508 4712 :
2540 4659 2610 4712 Et
2621 4674 2726 4728 ego
2746 4657 2871 4711 novi
2886 4655 3032 4726 quod
3053 4656 3176 4725 ejus
3187 4653 3261 4707 sit
3282 4671 3295 4720 ;
3320 4653 3419 4707 sed
3441 4652 3546 4706 vir-

1951 4748 2249 4819 ginitatem
2279 4764 2439 4802 suam
2466 4748 2580 4801 Deo
2608 4747 2890 4808 dedicans,
2923 4758 3037 4797 non
3064 4742 3305 4796 servavit
3333 4741 3541 4795 sancti-

1952 4837 2153 4894 moniae
2182 4837 2488 4907 puritatem
2512 4853 2522 4888 :
2554 4840 2783 4906 propter
2808 4835 2914 4887 hoc
2932 4833 3055 4902 ejus
3079 4831 3383 4902 inspiciens
3399 4830 3547 4884 tuni-

1953 4942 2095 4992 cam,
2108 4930 2166 4979 et
2184 4925 2503 4994 intelligens
2518 4924 2833 4977 castitatem
2847 4934 3010 4975 suam
3033 4920 3263 4974 minime
3274 4918 3545 4973 custodis-

1954 5031 2033 5079 se,
2066 5030 2178 5067 non
2200 5015 2322 5083 ejus
2340 5029 2463 5066 esse
2478 5016 2717 5065 testatus
2734 5027 2878 5064 sum.
2894 5010 3178 5080 Spondeat
3211 5008 3402 5079 itaque
3438 5006 3543 5061 tibi

1954 5103 2014 5156 in
2030 5106 2326 5173 conspectu
2339 5100 2561 5155 Domini
2587 5099 2848 5170 deinceps
2873 5099 3053 5152 vivere
3089 5098 3459 5161 continenter,
3487 5101 3545 5151 et

1956 5190 2352 5263 propitiabitur
2369 5190 2419 5242 ei
2447 5189 2721 5254 Christus,
2745 5204 3053 5258 sanamque
3076 5187 3352 5241 restituet.
3377 5180 3545 5239 Pater

1952 5280 2127 5350 igitur
2139 5279 2437 5348 indignans
2450 5282 2509 5330 et
2525 5294 2784 5342 moerens,
2800 5277 2973 5330 filiam
2985 5288 3144 5330 suam
3163 5279 3545 5345 perscrutatus

1955 5374 2057 5433 est,
2091 5373 2149 5420 et
2176 5367 2255 5420 sic
2275 5383 2395 5420 esse
2413 5371 2476 5419 ut
2504 5371 2729 5420 sanctus
2751 5365 3082 5419 Pachomius
3109 5363 3326 5416 dixerat
3348 5362 3545 5432 puellae

1955 5456 2297 5511 confessione
2320 5455 2595 5525 cognovit.
2629 5456 2763 5519 Quae
2790 5471 2916 5507 cum
2943 5456 3265 5525 juramento
3296 5449 3545 5520 pollicita

1954 5546 2151 5600 fuisset
2168 5561 2457 5615 nunquam
2468 5562 2528 5598 se
2543 5544 2679 5599 talia
2703 5559 2899 5614 gerere
2931 5542 3087 5605 velle,
3122 5554 3222 5610 pro
3244 5552 3311 5592 ea
3320 5538 3404 5590 vir
3417 5536 3544 5590 bea-

1955 5640 2049 5689 tus
2068 5633 2306 5689 Domino
2326 5633 2677 5706 supplicavit,
2710 5632 3156 5698 benediceasque
3170 5628 3353 5682 oleum
3366 5621 3538 5676 misit.
