3946 6192
461 359 567 420 255

1475 358 1570 414 DE
1596 345 1795 417 ~VITIS
1831 361 2128 418 PATRUM
2165 360 2379 416 LIBER
2414 359 2704 416 PRIMUS.

3614 358 3722 418 256

462 486 584 550 Quo
612 488 904 556 peruncta,
937 483 1058 536 sine
1085 496 1246 536 mora
1269 486 1462 536 curata
1481 487 1584 550 est,
1618 489 1676 538 et
1699 485 2052 556 gloriﬁcabat
2071 485 2388 556 ACumquc
2417 487 2764 539 memoratus
2787 481 3009 552 juvenis
3037 481 3094 535 in
3124 481 3353 552 propria
3400 482 3728 552 persisteret

461 575 761 629 Dominum
769 575 790 643 j
799 572 1156 644 ugiter,quod
1171 587 1281 625 non
1292 571 1473 626 solum
1485 573 1859 639 daemone,sed
1873 581 1911 641 Ι
1928 581 1984 639 0g
1993 581 2052 642 8

463 664 634 718 etiam
651 661 968 716 detestabili
987 661 1404 714 conversatione
1425 661 1716 728 caruisset,
1748 669 1804 716 et
1831 663 1890 718 in
1921 665 2052 718 reli-

463 768 636 822 quum
653 751 1010 806 continentlae
1031 767 1090 804 se
1102 749 1302 805 studiis
1321 767 1422 822 per
1450 749 1658 806 Christi
1681 753 2054 826 mancipasset

461 839 749 894 auxilium.

535 929 665 982 CAP.
689 929 964 983 XXXVII.
999 927 1208 982 -—Tali
1241 927 1418 998 igitur
1457 927 1719 999 opinione
1757 929 1827 984 de
1860 936 2052 985 sancto

461 1017 581 1071 viro
606 1015 809 1088 ubique
835 1021 1115 1082 currente,
1149 1015 1293 1070 alius
1329 1015 1693 1071 nihilominus
1732 1017 1826 1088 qui
1873 1019 2053 1074 ﬁlium

463 1122 627 1161 suum
655 1122 690 1159 a
714 1105 987 1160 daemonio
1010 1121 1346 1176 possessum,
1371 1105 1491 1159 sine
1517 1105 1934 1162 intermissione
1961 1108 2054 1161 de-

464 1193 652 1258 ﬂebat,
685 1209 787 1248 nec
817 1211 946 1248 eum
974 1194 1278 1265 perducere
1297 1197 1518 1265 poterat
1537 1195 1608 1248 ad
1627 1196 2050 1263 monasterium,

461 1299 612 1353 genu
643 1283 808 1337 nixus
835 1282 1184 1354 supplicabat
1200 1283 1520 1349 Pachomio,
1551 1289 1616 1338 ut
1633 1301 1733 1356 pro
1767 1301 1832 1339 eo
1859 1303 2054 1356 preca-

463 1377 622 1426 retur
647 1371 1107 1443 omnipotentiam
1123 1371 1350 1426 Christi.
1377 1371 1630 1436 Quicum
1652 1379 1885 1440 orasset,
1902 1374 2058 1428 dedit

465 1459 519 1512 ei
543 1459 900 1514 benedictum
923 1477 1147 1532 panem,
1179 1459 1412 1514 sollicite
1443 1461 1769 1531 praecipiens
1816 1467 1881 1516 ut
1924 1466 2055 1516 ante

463 1549 649 1604 cibum
661 1567 726 1604 ex
742 1565 808 1604 eo
819 1551 1110 1620 paululum
1125 1565 1349 1620 semper
1363 1565 1776 1620 energumenus
1785 1555 2051 1606 sumeret.

466 1637 720 1708 Cumque
749 1638 1016 1692 esurisset
1034 1638 1182 1692 ﬁlius
1199 1639 1340 1708 ejus,
1357 1655 1421 1692 ex
1434 1637 1555 1709 ipso
1569 1655 1714 1710 pane
1732 1639 2055 1710 particulari

464 1725 517 1779 ei
543 1727 798 1790 tradidit,
833 1727 930 1781 sed
959 1743 1072 1781 non
1095 1726 1352 1798 permisit
1372 1727 1696 1783 immundus
1725 1729 1956 1798 spiritus
1992 1735 2057 1784 ut

2133 574 2428 645 pravitate,
2459 579 2517 628 et
2543 572 2670 626 aliis
2698 571 3013 642 exemplum
3035 571 3364 642 perditionis
3385 571 3724 636 ostenderet,

2135 664 2205 718 ad
2234 669 2586 735 postremum
2612 661 2793 715 visum
2821 666 2906 714 est
2935 659 3197 714 omnibus
3221 665 3286 714 ut
3313 677 3348 714 a
3375 667 3568 715 sancta
3593 677 3728 715 con-

2134 752 2460 822 gregatione
2487 751 2641 806 velut
2653 749 3076 820 indignissimus
3091 753 3390 804 arceretur.
3411 750 3517 804 Sed
3530 748 3728 806 beatus

2137 840 2470 894 Pachomius
2508 839 2614 894 hoc
2651 839 2800 893 idem
2837 837 3075 894 credidit
3115 838 3506 894 differendum.
3547 839 3726 904 Quem

2137 929 2308 983 etiam
2321 927 2622 983 mitissima
2632 933 2801 998 atque
2816 927 3233 999 sapientissime,
3241 927 3592 998 correptione
3599 943 3730 982 con-

2135 1018 2384 1084 veniens,
2415 1023 2473 1072 et
2499 1015 2818 1071 caelestibus
2845 1016 3107 1070 erudiens
3117 1015 3410 1082 institutis,
3431 1016 3513 1071 ita
3537 1015 3726 1071 divino

2135 1106 2336 1160 timore
2367 1106 2672 1172 succendit,
2711 1110 2768 1160 et
2796 1104 2876 1158 sic
2900 1104 3091 1159 anima
3117 1106 3240 1175 ejus
3266 1105 3585 1160 futurorum
3615 1105 3727 1160 fide

2135 1199 2468 1266 compuncta
2478 1199 2581 1260 est,
2605 1198 2670 1248 ut
2701 1210 2762 1248 se
2781 1193 3044 1264 deinceps
3071 1192 3351 1248 abstinere
3361 1210 3474 1249 non
3495 1199 3728 1266 posseta

2135 1283 2415 1356 lacrymis.
2436 1283 2778 1338 Emendatus
2793 1283 2984 1353 itaque
2995 1299 3096 1354 per
3114 1283 3319 1348 omnia,
3339 1299 3606 1354 magnum
3617 1299 3728 1337 cae-

2135 1373 2274 1427 teris
2317 1373 2716 1426 documentum
2749 1371 3126 1426 conversionis
3161 1371 3428 1427 exhibuit.
3469 1373 3534 1427 In
3571 1371 3728 1427 omni

2137 1477 2381 1532 namque
2404 1462 2524 1515 loco
2552 1466 2611 1514 et
2632 1459 2691 1514 in
2723 1459 2876 1514 omni
2896 1460 3620 1531 operationeﬂebatjugiter
3642 1469 3730 1527 ;et

2138 1565 2241 1602 nec
2264 1555 2400 1604 tunc
2429 1548 2675 1619 quidem,
2693 1564 2822 1602 cum
2842 1547 3030 1602 cibum
3055 1547 3668 1620 interfratrescaperet,
3695 1565 3730 1603 a

2137 1637 2478 1692 lamentione
2506 1635 2779 1692 cessabat.
2813 1637 2946 1700 Quae
2974 1653 3066 1691 res
3093 1637 3264 1691 etiam
3285 1637 3559 1708 permovit
3586 1637 3730 1692 mul-

2135 1731 2226 1781 tos
2253 1743 2320 1780 ex
2348 1725 2655 1791 monachis,
2675 1725 2770 1796 qui
2789 1731 2848 1780 et
2865 1725 3150 1780 dixerunt:
3180 1725 3430 1780 Tandem
3457 1726 3728 1796 aplanctu

465 1815 665 1870 exinde
694 1815 922 1869 omnino
948 1819 1234 1885 gustaret;
1261 1831 1327 1870 ex
1347 1815 1469 1868 aliis
1499 1821 1687 1872 autem
1703 1816 1940 1888 panibus
1959 1818 2056 1888 qui
2074 1803 2118 1861 Β
2137 1821 2194 1870 te
2223 1814 2438 1882 cohibe,
2467 1831 2569 1869 nec
2589 1819 2767 1880 tanta,
2803 1829 3140 1885 quaesumus,
3159 1813 3463 1868 afﬂictione
3475 1813 3726 1884 dejicias.

463 1909 628 1958 erant
655 1903 896 1974 appositi
925 1919 1128 1958 manus
1155 1920 1286 1958 suas
1301 1904 1569 1974 implevit,
1591 1905 2058 1976 coepitquecome-

465 1992 617 2048 dere.
641 1993 811 2046 Pater
829 2008 962 2062 ergo
981 1991 1336 2046 benedictum
1361 2009 1565 2063 panem
1597 2010 1690 2064 per
1715 1994 1893 2048 frusta
1911 2011 2058 2050 com-

464 2081 746 2147 minuens,
780 2081 839 2135 in
869 2081 1229 2136 interioribus
1254 2081 1591 2152 palmarum,
1615 2081 1848 2138 sublatis
1861 2083 2058 2138 exinde

463 2169 702 2231 ossibus,
717 2169 954 2224 immisit
975 2190 990 2231 ς
1014 2175 1070 2224 et
1097 2170 1197 2225 has
1218 2169 1507 2224 eitantum
1533 2172 1698 2226 modo
1727 2172 1942 2242 palmas
1953 2189 2057 2245 ap-

463 2259 671 2330 posuit,
685 2263 750 2312 ut
762 2258 1018 2312 nesciens
1037 2259 1094 2312 id
1105 2259 1252 2330 quod
1265 2258 1474 2314 factum
1487 2264 1590 2326 est,
1612 2259 2055 2316 benedictionem

463 2347 751 2418 percipere
762 2351 1092 2401 mereretur.
1111 2347 1260 2411 Quas
1273 2347 1621 2418 adaperiens,
1639 2349 1732 2403 ille
1744 2349 1926 2404 frusta
1935 2367 2058 2421 qua:

462 2435 671 2506 injecta
693 2435 919 2490 fuerant
946 2435 1276 2506 projiciebat
1297 2455 1310 2504 ;
1335 2441 1392 2491 et
1419 2437 1569 2508 ipsas
1591 2444 1908 2492 exsecratus
1935 2439 2056 2510 pal-

461 2540 602 2590 mas,
636 2523 778 2578 nihil
804 2523 1029 2594 penitus
1058 2540 1196 2578 escaa
1225 2524 1446 2578 volebat
1485 2525 1751 2596 accipere.
1805 2527 2058 2598 Cumque

463 2617 625 2682 pater
655 2627 785 2665 eum
807 2611 928 2665 sine
957 2611 1079 2665 cibo
1109 2628 1338 2666 manere
1367 2611 1564 2667 diebus
1603 2612 1860 2684 plurimis
1903 2631 2060 2668 com-

463 2700 718 2770 pulisset,
753 2699 899 2753 fame
927 2705 1172 2764 coactus,
1203 2699 1570 2755 exbenedicto
1599 2718 1743 2772 pane
1773 2702 2055 2774 percepit;

465 2803 532 2841 ac
550 2787 807 2859 protinus
837 2805 1032 2842 somno
1061 2789 1342 2856 detentus,
1370 2806 1403 2844 a
1424 2789 1670 2860 maligno
1696 2790 1898 2861 spiritu
1927 2790 2061 2846 libe-

463 2881 624 2930 ratus
652 2881 756 2930 est.
781 2877 960 2940 Quem
973 2893 1162 2932 secum
1194 2883 1354 2949 pater
1383 2878 1453 2932 ad
1465 2879 1643 2932 sancti
1672 2879 2059 2934 Pachomiive—

463 2965 633 3035 stigia
658 2965 936 3036 perduxit,
969 2966 1204 3020 laudans
1216 2972 1274 3022 et
1295 2967 1615 3038 gloriﬁcans
1636 2968 1836 3034 Deum,
1851 2969 1945 3040 qui
1960 2986 2062 3040 per

464 3070 654 3108 servos
681 3070 814 3108 suos
842 3060 1110 3125 Operatur
1137 3057 1423 3126 magnalia
1449 3061 1507 3110 et
1530 3057 1796 3125 gloriosa,
1821 3073 2060 3128 quorum

464 3159 578 3198 non
601 3147 688 3197 est
705 3159 996 3198 numerus.
1009 3144 1164 3199 Alias
1185 3161 1406 3216 quoque
1420 3145 1690 3200 sanitates
1707 3146 1978 3221 plurimas
2000 3147 2060 3201 in
2075 3116 2119 3176 δ

463 3232 671 3287 virtute
696 3233 877 3288 sancti
908 3233 1153 3305 Spiritus
1180 3233 1268 3287 vir
1293 3233 1653 3288 beatissimus
1686 3235 1912 3302 lacis-ns,
1948 3252 2060 3290 non

467 3320 854 3388 extollebatur,
871 3338 975 3376 nec
999 3338 1251 3394 unquam
1262 3339 1358 3376 cor
1381 3323 1503 3392 ejus
1527 3323 1737 3378 elatum
1763 3330 1866 3378 est.
1881 3323 2060 3379 Habe-

464 3409 563 3464 bat
591 3415 781 3464 autem
812 3411 956 3464 hanc
975 3427 1009 3464 a
1035 3411 1274 3465 Domino
1296 3412 1559 3482 gratiam,
1586 3417 1652 3467 ut
1678 3412 1827 3466 idem
1839 3428 2061 3484 semper

466 3504 526 3555 et
537 3499 766 3570 aequalis
777 3505 926 3553 esset
935 3500 994 3554 in
1015 3499 1292 3567 omnibus,
1315 3500 1678 3572 animumque
1696 3501 1754 3554 in
1767 3501 2062 3572 disciplina

465 3587 692 3644 Domini
707 3587 1002 3642 sollicitum
1018 3588 1306 3642 retineret.
1323 3589 1392 3642 Et
1407 3589 1456 3642 si
1469 3589 1691 3659 quando
1711 3605 1943 3660 poscens
1964 3589 2062 3643 ali-

467 3677 602 3748 quid
622 3693 656 3730 a
675 3677 932 3741 Domino,
955 3676 1243 3746 petitionis
1274 3693 1387 3731 suae
1406 3693 1520 3731 non
1540 3682 1978 3748 consequeretur
1989 3679 2064 3732 e11-

465 3764 692 3830 fectum,
707 3780 820 3818 non
831 3763 1269 3820 contristabatur
1277 3765 1526 3832 omnino,
1543 3765 1640 3820 sed
1653 3765 2062 3836 patientissime

467 3851 802 3918 sustinebat,
829 3853 1008 3906 sciens
1027 3853 1133 3907 hoc
1151 3853 1411 3924 expedire
1439 3853 1525 3908 vel
1545 3853 1652 3908 sibi
1665 3853 1749 3908 vel
1781 3853 2058 3922 omnibus,

469 3940 741 4011 quidquid
769 3940 958 3994 divina
984 3941 1366 3996 misericordia
1391 3942 1700 3999 censuisset
1723 3961 1736 3998 :
1772 3943 1903 4014 quia
1949 3943 2062 3998 fre-

469 4037 708 4098 quenter
734 4029 1048 4084 intentione
1080 4031 1299 4084 sincera
1324 4030 1580 4086 videmur
1607 4033 1900 4102 postulare
1928 4049 2062 4086 con-

467 4118 663 4183 traria,
689 4135 810 4188 quae
826 4118 1049 4174 Domini
1064 4102 1304 4184 bonitas,
1337 4135 1466 4173 cum
1491 4136 1604 4174 non
1635 4121 1904 4187 concedit,
1927 4137 2062 4192 prae-

467 4212 619 4261 stare
629 4207 920 4278 dignatur;
936 4213 994 4262 et
1008 4211 1141 4264 tunc
1157 4208 1344 4280 potius
1360 4209 1666 4263 clementer
1675 4209 1919 4276 exaudit,
1935 4226 2060 4264 cum

467 4301 598 4350 vota
623 4301 827 4351 nostra:
855 4297 1196 4377 ignorantiae!
1215 4302 1377 4352 nocte
1406 4297 1588 4351 velata
1615 4314 1726 4353 non
1752 4298 1988 4368 perﬁcit.

541 4385 673 4441 CAP.
691 4385 993 4440 XXXVIII.
1019 4381 1084 4428 -ἰ-
1107 4385 1346 4451 Quidam
1367 4386 1609 4457 denique
1625 4386 1868 4456 juvenis,
1893 4387 2065 4442 Silva-

466 4491 574 4530 nus
593 4476 839 4542 nomine,
872 4475 942 4529 de
963 4492 1130 4529 scena
1149 4491 1466 4542 conversus,
1482 4475 1553 4529 ad
1579 4480 1833 4530 sanctum
1853 4466 2124 4530 Pacho-D

467 4563 646 4618 mium
669 4564 840 4630 venit,
873 4564 1063 4618 volens
1090 4564 1149 4618 in
1183 4564 1306 4634 ejus
1336 4564 1676 4618 monasterio
1705 4565 2060 4618 commorari.

467 4651 576 4716 Qui
603 4669 730 4708 cum
761 4657 1054 4724 susceptus
1075 4658 1240 4718 esset,
1271 4652 1509 4706 infectus
1541 4669 1802 4723 perversa
1827 4669 2062 4708 consue-

467 4741 664 4796 tudine
689 4741 896 4808 saeculi,
913 4742 1082 4796 nullis
1110 4741 1416 4812 disciplina;
1443 4741 1653 4810 regulis
1675 4740 1897 4812 poterat
1914 4758 2066 4797 coer-

467 4829 580 4882 ceri
605 4847 618 4894 ;
650 4830 1001 4901 salutemque
1021 4830 1305 4901 propriam
1332 4829 1640 4900 negligens,
1670 4829 1789 4884 dies
1809 4847 1940 4886 suos
1969 4848 2064 4886 va-

473 4917 749 4971 nitatibus
778 4919 1029 4989 pristinis
1058 4924 1229 4990 atque
1271 4918 1522 4973 ridiculis
1551 4918 1890 4990 occupabat:
1925 4920 2064 4974 adeo

467 5010 532 5060 ut
562 5007 861 5061 nonnullos
888 5024 954 5061 ex
974 5007 1239 5062 fratribus
1269 5012 1564 5072 everteret,
1598 5013 1655 5062 et
1697 5007 1767 5061 ad
1811 5009 2063 5062 studium

467 5094 651 5148 simile
681 5101 1074 5150 commoveret.
1099 5097 1258 5161 Quod
1275 5096 1503 5167 plurimi
1518 5112 1630 5150 non
1643 5095 1905 5162 ferentes,
1935 5115 2062 5152 san-

467 5187 556 5236 cto
587 5183 888 5238 Pachomio
918 5191 1228 5254 suggerunt
1243 5191 1308 5240 ut
1330 5202 1459 5240 eum
1485 5185 1554 5239 de
1577 5185 1916 5240 monasterio
1928 5186 2060 5256 pelli

468 5271 814 5342 praeciperet.
836 5274 922 5328 Ad
945 5290 1112 5344 quam
1144 5290 1261 5327 rem
1284 5291 1395 5328 non
1420 5273 1502 5327 eis
1517 5275 1743 5342 annuit;
1767 5274 1865 5328 sed
1880 5291 2062 5345 aequa-

467 5359 696 5414 nimiter
711 5361 913 5427 ferens,
939 5362 1231 5416 admonuit
1241 5362 1533 5434 praefatum
1553 5362 1788 5418 fratrem
1801 5369 1864 5418 ut
1873 5380 1933 5418 se
1944 5379 2064 5417 cor-

465 5448 695 5519 rigeret,
727 5455 786 5504 et
813 5451 1058 5522 antiqua:
1103 5451 1508 5506 conversationi
1545 5451 1918 5508 renuntiaret.
1953 5452 2062 5506 Pro

467 5551 578 5608 quo
600 5537 770 5593 etiam
781 5539 996 5610 jugiter
1010 5539 1248 5594 Domino
1260 5539 1629 5611 supplicabat,
1641 5546 1707 5594 ut
1723 5540 1774 5594 ei
1793 5557 1912 5595 com
1919 5556 2063 5611 pun-

462 5625 711 5686 ctionem
737 5628 920 5686 cordis
948 5629 1114 5685 solita
1126 5628 1350 5700 pietatis
1365 5628 1713 5688 abundantia
1739 5629 2061 5699 largiretur.

2139 1905 2248 1970 Qui
2276 1904 2590 1975 respondit:
2627 1904 2812 1958 Conor
2824 1903 3070 1974 quidem,
3090 1903 3236 1958 sicut
3254 1901 3481 1973 jubetis,
3500 1919 3534 1958 a
3555 1907 3732 1974 lacry-

2138 1993 2245 2047 mis
2271 1998 2608 2064 temperare,
2640 2009 2743 2047 nec
2758 2009 3003 2064 possum.
3038 1993 3240 2047 Pectus
3264 1992 3413 2046 enim
3442 2008 3630 2047 meum
3642 2008 3732 2047 ve-

2139 2082 2244 2136 luti
2276 2083 2529 2153 quaedam
2559 2083 2790 2136 ﬂamma
2820 2081 3173 2147 comburens,
3205 2081 3458 2153 quietum
3489 2097 3580 2135 me
3607 2097 3731 2135 esse

2139 2187 2253 2224 non
2281 2170 2432 2225 sinit.
2455 2171 2700 2225 Rursum
2731 2171 2838 2242 ipsi
2861 2171 3156 2225 dixerunt:
3185 2170 3350 2242 Apud
3363 2169 3488 2224 tein
3513 2174 3732 2224 secreto

2138 2263 2256 2326 tuo,
2289 2260 2375 2314 vel
2400 2259 2616 2314 certein
2631 2259 2978 2314 orationibus
2989 2259 3269 2330 plangite;
3293 2275 3422 2313 cum
3450 2275 3582 2312 vero
3603 2273 3735 2312 oon-

2138 2347 2392 2402 venimus
2421 2349 2490 2402 ad
2519 2365 2793 2415 mensam,
2811 2347 2995 2404 cibum
3011 2365 3234 2403 sumere
3253 2347 3440 2414 debes,
3464 2353 3522 2401 et
3539 2364 3572 2401 a
3585 2347 3735 2401 ﬂeti-

2144 2436 2244 2492 bus
2263 2437 2562 2492 abstinere.
2589 2438 2733 2492 Nam
2747 2437 3012 2508 possibile
3036 2442 3123 2492 est
3147 2437 3392 2491 animam
3407 2436 3597 2491 etsine
3609 2435 3736 2491 istis

2139 2525 2508 2580 exterioribus
2536 2526 2800 2596 lacrymis
2827 2542 3050 2597 semper
3076 2526 3132 2580 in
3156 2525 3582 2597 oompunctione
3611 2541 3736 2596 per-

2141 2614 2368 2669 sistere:
2403 2615 2537 2685 quia
2563 2615 2753 2686 plures
2775 2632 2805 2668 c
2834 2614 3100 2670 fratribus
3126 2613 3448 2668 videnteste
3476 2615 3728 2682 ﬂentem,

2141 2703 2482 2756 manducare
2495 2719 2605 2757 non
2618 2709 2870 2773 possunt.
2893 2703 2964 2758 Et
2977 2702 3250 2774 cogebant
3275 2718 3405 2756 eum
3432 2702 3614 2769 fateri,
3634 2718 3739 2756 cur

2141 2791 2222 2846 ita
2251 2809 2310 2846 se
2339 2790 2457 2846 suis
2486 2791 2726 2846 dilueret
2754 2791 2998 2846 ﬂetibus.
3027 2793 3184 2846 Tunc
3211 2791 3291 2846 ait
3327 2791 3398 2846 ad
3439 2807 3562 2846 eos:
3609 2791 3738 2846 Non

2140 2879 2309 2935 vultis
2336 2885 2402 2935 ut
2427 2881 2711 2952 plangam,
2740 2897 2869 2934 cum
2888 2880 3106 2936 videam
3124 2897 3212 2935 me
3236 2880 3408 2934 foveri
3423 2879 3616 2934 multis
3636 2878 3740 2934 ob-

2141 2969 2352 3039 sequiis
2373 2973 2694 3024 sanctorum
2713 2968 2953 3024 fratrum
2972 2983 2982 3017 :
2998 2985 3238 3040 quorum
3257 2973 3316 3024 et
3331 2969 3510 3041 pulvis
3529 2969 3740 3040 pedum

2143 3058 2282 3112 mihi
2311 3058 2662 3112 venerandus
2692 3063 2794 3123 est,
2829 3074 2933 3112 nec
2960 3058 3042 3112 eis
3065 3074 3156 3112 me
3202 3057 3453 3113 conferre
3499 3057 3738 3128 dignum

2142 3162 2374 3218 prorsus
2403 3147 2682 3202 existimo.
2699 3147 2826 3202 Non
2846 3163 2978 3217 ergo
3000 3147 3284 3218 plangam,
3317 3146 3465 3218 quod
3475 3147 3646 3201 homo
3667 3147 3740 3200 de

2141 3252 2308 3290 scena
2335 3236 2528 3290 multis
2555 3235 2796 3307 peccatis
2825 3235 3113 3303 obnoxius,
3157 3235 3340 3291 ofﬁcia
3365 3239 3526 3290 tanta
3554 3234 3742 3306 perci-

2141 3325 2532 3396 piamTTimeo
2551 3325 2810 3390 valdene,
2854 3324 3001 3379 sicut
3021 3324 3246 3379 Dathan
3282 3329 3340 3379 et
3372 3323 3604 3390 Abiron,
3647 3340 3742 3378 me

2143 3429 2364 3484 quoque
2375 3413 2670 3484 profanum
2679 3413 2838 3468 hiatu
2850 3417 3107 3468 suoterra
3115 3413 3392 3483 deglutiat
3403 3412 3572 3480 (Num
3580 3409 3740 3481 .XVI).

2143 3501 2231 3558 Illi
2260 3517 2503 3572 namque
2529 3501 2716 3572 impiis
2733 3501 2962 3556 ausibus
2977 3501 3347 3572 manibusque
3365 3501 3594 3572 pollutis
3613 3517 3746 3555 san-

2145 3595 2236 3644 cta
2262 3590 2484 3646 sibimet
2499 3607 2772 3661 usurpare
2787 3595 3175 3659 tentaverunt;
3199 3607 3302 3660 ego
3317 3605 3448 3644 vero
3475 3595 3604 3660 post
3616 3595 3746 3644 tan-

2144 3683 2262 3733 tam
2280 3679 2658 3749 cognitionem
2669 3679 2844 3733 divini
2859 3679 3128 3745 muneris,
3143 3679 3346 3734 animae
3354 3695 3490 3733 meae
3501 3678 3750 3733 salutem

2145 3767 2424 3822 desidiosa
2439 3767 2856 3823 conversatione
2871 3767 3108 3839 neglexi.
3139 3769 3271 3840 Ideo
3300 3768 3505 3840 quippe
3523 3767 3639 3822 ista
3658 3784 3752 3822 re-

2145 3857 2352 3921 colens,
2380 3873 2494 3910 non
2543 3855 2806 3912 erubesco
2863 3858 2999 3911 ﬂere
3054 3839 3242 3912 coram
3289 3855 3568 3922 omnibus,
3609 3857 3748 3927 quia

2143 3947 2324 4001 multa
2337 3945 2582 4000 facinora
2594 3961 2721 4000 mea
2738 3962 2859 4000 esse
2873 3963 3165 4016 cognosco,
3185 3963 3308 4018 quas
3319 3945 3746 4016 jugibuslacry-

2143 4051 2364 4089 marum
2377 4033 2622 4088 fontibus
2631 4033 2864 4088 debeam
2877 4034 3119 4105 expiare.
3139 4041 3173 4100 |
3190 4033 3486 4099 29Quod
3497 4033 3544 4088 si
3557 4034 3744 4105 ipsam

2145 4124 2409 4178 miseram
2437 4122 2686 4178 animam
2715 4139 2900 4176 meam
2927 4140 3029 4194 per
3057 4123 3306 4178 lamenta
3338 4121 3736 4187 diﬂ'underem,

2144 4212 2286 4266 nihil
2313 4211 2557 4266 facerem
2574 4227 2862 4282 magnum,
2886 4211 3020 4282 quia
3039 4211 3257 4267 nullum
3283 4227 3384 4282 pro
3412 4211 3575 4265 factis
3597 4210 3742 4264 meis

2143 4301 2202 4355 in
2231 4300 2494 4372 praesenti
2519 4300 2753 4370 dignum
2779 4317 3008 4371 possum
3038 4301 3288 4372 reperire
3307 4299 3666 4372 supplicium.

2217 4390 2472 4461 Cumque
2493 4406 2593 4460 per
2613 4389 2733 4443 dies
2755 4389 3006 4459 singulos
3025 4389 3176 4443 idem
3203 4388 3379 4444 frater
3406 4389 3474 4442 ad
3505 4388 3747 4443 meliora

2145 4479 2458 4550 proficeret,
2483 4494 2789 4549 omnesque
2805 4477 3212 4550 propemodum
3233 4477 3292 4532 in
3320 4477 3640 4532 humilitate
3651 4494 3747 4532 su-

2146 4571 2391 4638 peraret,
2433 4566 2516 4622 ita
2537 4566 2607 4622 de
2637 4584 2702 4622 eo
2731 4571 2959 4622 sanctus
2988 4566 3323 4621 Pachomius
3349 4566 3517 4638 coepit
3548 4582 3744 4621 coram

2147 4655 2407 4711 omnibus
2435 4656 2620 4710 dicere
2647 4673 2658 4709 :
2691 4657 2891 4710 Testor
2916 4672 3032 4721 vos,
3065 4655 3266 4710 fratres
3295 4671 3358 4709 ac
3396 4655 3517 4720 ﬂhi,
3549 4672 3748 4710 coram

2145 4745 2262 4800 Deo
2294 4751 2352 4799 et
2379 4744 2586 4799 sanctis
2614 4745 2738 4814 ejus
2764 4743 2996 4814 angelis,
3035 4743 3167 4815 quia
3193 4761 3261 4798 ex
3286 4761 3397 4814 quo
3424 4743 3748 4798 coenobium

2145 4833 2250 4887 hoc
2277 4832 2573 4888 fundatum
2593 4838 2696 4899 est,
2729 4831 2947 4886 nullum
2976 4832 3046 4886 de
3082 4831 3349 4887 fratribus
3377 4831 3474 4904 qui
3519 4848 3749 4886 mecum

2145 4927 2279 4977 sunt
2301 4922 2388 4976 vel
2405 4921 2653 4988 fuerunt,
2687 4921 3061 4976 humilitatem
3091 4938 3276 4976 meam
3321 4925 3575 4976 secutum
3618 4937 3750 4976 esse

2145 5027 2436 5082 cognosco,
2469 5009 2578 5062 nisi
2607 5026 2782 5064 unum
2815 5011 3223 5067 tantummodo.
3246 5010 3369 5074 Quo
3399 5009 3620 5076 fratres,
3643 5025 3750 5063 au-

2143 5095 2281 5162 dito,
2293 5095 2550 5149 nonnulli
2570 5093 2846 5165 putabant
2857 5095 3008 5150 hunc
3026 5111 3204 5150 unum
3216 5111 3338 5148 esse
3357 5094 3714 5148 Theodorum
3723 5134 3743 5158 ,

2143 5185 2239 5239 alii
2268 5183 2614 5248 Petronium,
2643 5183 2738 5236 alii
2766 5200 2898 5238 vero
2914 5183 3492 5254 Orsesium.Cumque
3511 5189 3752 5252 rogaret

2143 5273 2470 5329 Theodorus
2501 5289 2650 5338 eum,
2684 5278 2749 5328 ut
2784 5273 2910 5343 quis
2949 5273 3043 5327 ille
3075 5277 3224 5326 esset
3263 5273 3635 5342 depromeret,
3685 5279 3752 5327 et

2145 5361 2720 5416 sanctusvirindicare
2747 5360 3016 5426 differret,
3045 5377 3238 5415 rursus
3263 5377 3394 5415 eum
3410 5360 3749 5416 Theodorus

2145 5450 2508 5504 vehementer
2519 5449 2754 5518 urgebat
2786 5449 2897 5503 Alii
2912 5465 3132 5520 quoque
3143 5450 3387 5519 majores
3397 5464 3462 5502 ex
3471 5447 3754 5506 fratribus

2147 5537 2449 5611 plurimum
2464 5537 2838 5609 precabantur
2860 5543 2926 5591 ut
2937 5538 3145 5592 diceret
3163 5537 3288 5608 quis
3309 5543 3458 5592 esset
3482 5537 3570 5591 cui
3583 5539 3760 5592 testi-

2148 5627 2401 5682 monium
2421 5627 2534 5682 tale
2549 5625 2886 5698 perhiberet.
2905 5627 3060 5682 Tunc
3072 5627 3362 5697 respondit
3377 5625 3750 5684 Pachomius:
