3946 6192
268 343 378 402 ⁸357

1036 344 1206 400 VITA
1245 344 1502 400 SANCTI
1540 340 1895 399 PACHOMII
1934 342 2237 400 ABBATIS
2273 344 2792 406 TABENNENSIS.

3446 352 3554 411 258

268 466 331 521 Si
370 466 581 521 scirem
611 482 738 521 eum
788 468 858 521 de
887 484 998 538 quo
1043 468 1296 523 dicturus
1323 485 1451 523 sum
1496 485 1652 523 vanae
1680 467 1873 539 gloriae
1891 467 2243 539 Acceperunt
2260 474 2521 541 parentes
2547 472 2812 541 defuncti,
2837 476 3127 547 culpantes
3149 492 3298 544 eum,
3316 477 3502 531 dicere
3535 494 3547 530 :

268 553 527 609 stimulis
570 555 813 622 incitari,
857 573 1151 628 nunquam
1181 575 1309 612 eum
1347 558 1730 624 ostenderem;
1776 557 1872 611 sed

268 643 403 713 quia
432 644 803 715 proculdubio
846 646 1012 700 credo
1053 647 1202 717 quod
1238 664 1338 718 per
1382 647 1591 701 Christi
1631 646 1874 717 gratiam

270 738 556 803 quantum
587 734 773 789 laudis
817 734 868 789 ei
917 736 1229 801 accesserit,
1261 741 1483 790 tantum
1512 737 1632 807 ipse
1669 752 1876 789 munus

268 821 618 876 humilitatis
640 824 911 895 acquiret,
932 825 1160 892 idcirco,
1175 832 1241 879 ut
1259 842 1387 879 eum
1400 824 1624 896 possitis
1642 822 1872 889 imitari,

269 910 395 964 sine
425 916 586 965 metu
612 913 798 983 palam
830 912 1153 967 beatiﬁcare
1168 930 1279 968 non
1300 913 1611 968 desino.Tu
1629 913 1874 983 quidem,

270 1000 592 1067 Theodore,
629 1007 681 1055 et
715 1001 1031 1074 quicunque
1060 1003 1145 1056 tui
1161 1009 1293 1057 sunt
1321 1003 1552 1069 similes,
1574 1002 1791 1056 fortiter
1819 1001 1877 1055 in

268 1090 625 1143 monasterio
655 1097 957 1157 certantes,
991 1091 1277 1145 diabolum
1307 1092 1559 1145 vinxistis
1600 1096 1665 1144 ut
1694 1106 1879 1162 passe-

266 1193 391 1230 rem
418 1176 557 1248 (37),
589 1184 648 1233 et
666 1179 772 1233 sub
804 1181 1005 1234 vestris
1031 1180 1268 1251 pedibus
1300 1180 1549 1234 allisistis
1595 1196 1744 1245 eum,
1780 1195 1880 1250 per

266 1266 376 1320 Dei
393 1268 644 1337 gratiam
668 1269 1056 1324 conculcantes
1078 1276 1143 1323 ut
1168 1270 1452 1341 pulverem
1477 1288 1489 1321 :
1518 1269 1615 1323 sed
1636 1269 1684 1322 si
1709 1268 1877 1339 (quod

265 1354 434 1423 absit)
464 1358 829 1427 neglexeritis
860 1358 918 1412 in
948 1359 1160 1429 aliquo,
1194 1376 1537 1429 consurgens
1567 1358 1615 1412 is
1645 1358 1740 1428 qui
1774 1356 1878 1410 sub

262 1445 529 1515 vestigiis
557 1447 759 1501 vestris
786 1453 891 1512 est,
924 1449 1190 1502 adversus
1220 1465 1318 1502 vos
1342 1448 1498 1517 gravi
1535 1447 1725 1501 furore
1748 1445 1879 1499 bac-

265 1533 560 1588 chabitur.
579 1535 806 1589 Juvenis
826 1540 1012 1589 autem
1037 1536 1487 1606 Silvanus,quem
1505 1535 1717 1589 dudum
1742 1550 1880 1607 pro-

266 1632 402 1693 pter
429 1624 841 1693 negligentiam
877 1625 946 1678 de
976 1624 1317 1678 monasterio
1348 1626 1553 1695 pellere
1586 1622 1873 1688 volebatis,

1957 557 2101 620 Quid
2129 564 2215 613 est
2240 559 2345 613 hoc
2363 562 2740 631 spectaculum
2760 580 2969 618 novum
2993 565 3017 617 ?
3048 566 3183 629 Quis
3208 565 3414 619 mortui
3437 582 3550 620 non

1957 646 2309 714 misereatur,
2336 649 2465 703 licet
2487 650 2561 703 sit
2590 649 2889 706 inimicus?
2919 654 3210 707 Sufﬁciens
3247 672 3348 725 per
3375 671 3434 708 se
3468 658 3555 708 est

1958 734 2080 804 ipsa
2123 737 2431 793 calamitas.
2475 739 2623 804 Noli,
2664 757 3003 808 quaesumus,
3055 742 3261 797 inferre
3305 748 3549 809 mortuo,

1959 824 2108 893 quod
2148 841 2249 878 nec
2291 824 2489 881 bellua:
2534 829 2800 895 facerent,
2846 847 2947 884 nec
2974 836 3130 885 tuam
3163 832 3429 885 condecet
3454 849 3551 902 pe-

1960 912 2111 966 nitus
2131 915 2503 969 sanctitatem.
2520 918 2662 971 Nam
2689 924 2745 971 et
2760 936 2861 971 nos
2873 919 3002 972 hinc
3024 925 3284 974 notamur
3312 921 3553 975 maximo

1960 1000 2505 1073 opprobrio,aliaque
2525 1020 2691 1075 quam
2701 1005 2941 1075 plurima
2958 1008 3337 1077 suspicionum
3350 1009 3556 1080 probra

1960 1091 2521 1145 nascuntur.Utinam
2552 1109 2863 1163 numquam
2902 1096 2971 1148 ad
3002 1096 3149 1148 hunc
3170 1097 3351 1151 locum
3382 1098 3557 1152 venis-

1960 1178 2175 1231 semus!
2202 1179 2420 1233 utinam
2451 1197 2555 1234 nec
2585 1182 2689 1235 iste
2726 1183 3032 1237 monachus
3074 1184 3270 1238 fuisset
3289 1187 3551 1241 etfectusl

1960 1282 2072 1319 non
2102 1267 2249 1320 hunc
2276 1275 2546 1323 aeternum
2587 1270 2836 1324 dolorem
2865 1272 3025 1325 nobis
3052 1272 3351 1344 inﬂigeret.
3377 1275 3558 1344 Roga-

1964 1371 2089 1409 mus
2121 1373 2253 1426 ergo
2275 1362 2340 1412 ut
2358 1359 2581 1413 solitam
2603 1360 2974 1430 psalmodiam
2993 1362 3252 1417 defuncto
3270 1364 3552 1418 restituas.

1964 1444 2069 1507 Qui
2100 1446 2446 1516 respondens
2465 1448 2578 1501 ait:
2614 1448 2774 1515 Vere,
2794 1450 2995 1504 fratres
3015 1468 3079 1505 ac
3104 1452 3225 1518 ﬁlii,
3247 1453 3372 1523 plus
3400 1451 3557 1506 vobis

1962 1534 2252 1603 praesentis
2306 1536 2513 1589 mortui
2563 1537 2847 1605 misereor,
2879 1539 3158 1593 intantum
3189 1546 3253 1594 ut
3290 1541 3444 1595 vobis
3489 1541 3558 1595 de

1960 1621 2164 1675 visibili
2195 1640 2254 1676 rc
2284 1640 2347 1676 ac
2374 1625 2668 1694 temporali
2699 1627 3165 1698 curantibus,ch
3195 1630 3264 1682 (le
3294 1629 3558 1684 invisibili

266 1712 355 1765 ita
372 1713 689 1783 prostravit
708 1713 1019 1780 inimicum,
1037 1720 1094 1768 et
1121 1731 1153 1767 a
1170 1714 1288 1768 suis
1317 1713 1571 1767 sensibus
1592 1712 1873 1783 effugavit,
1893 1782 1925 1785 _
1960 1712 2081 1781 ejus
2101 1711 2415 1766 substantia
2435 1713 2864 1769 sollicitudinem
2889 1732 3100 1785 geram,
3134 1722 3190 1770 et
3208 1718 3414 1772 idcirco
3439 1719 3557 1772 haec

268 1806 335 1854 ut
358 1818 647 1871 nusquam
669 1818 857 1856 coram
875 1819 939 1856 eo
955 1803 1529 1874 compareat,altaque
1559 1782 1937 1855 humilitateB
1961 1816 2095 1869 erga
2123 1816 2251 1853 eum
2294 1801 2417 1854 fieri
2455 1802 2769 1856 decernam.
2803 1805 2871 1857 Et
2907 1822 3002 1858 vos
3033 1806 3260 1876 quidem
3311 1808 3555 1877 majores

268 1906 410 1943 eum
431 1891 736 1961 peromnia
759 1891 1060 1962 superavit.
1079 1892 1148 1946 Et
1167 1908 1263 1945 vos
1295 1891 1519 1962 quidem
1550 1890 1752 1944 fratres
1774 1890 1876 1942 ha-
1961 1887 2039 1941 illi
2068 1889 2287 1942 dolores
2317 1906 2416 1960 per
2447 1890 2595 1943 hunc
2617 1891 2907 1959 honorem,
2929 1910 3094 1963 quem
3116 1895 3349 1965 putatis,
3362 1897 3555 1967 acqui-

268 1978 478 2032 bentes
509 1996 683 2049 opera
708 1980 1034 2049 justitize,in
1065 1980 1153 2033 his
1180 1997 1304 2051 qua:
1340 1978 1615 2050 gessistis,
1647 1978 1877 2049 gloriosi

266 2067 583 2135 conﬁditis;
618 2068 709 2121 hic
737 2074 927 2122 autem
948 2074 1157 2139 quanto
1186 2069 1384 2122 fortius
1408 2073 1803 2139 pugnat,tanto
1818 2084 1877 2121 se

265 2156 619 2210 deteriorem
648 2156 908 2211 omnibus
932 2157 1165 2227 judicat,
1190 2174 1254 2211 ex
1284 2162 1404 2211 tota
1432 2162 1621 2211 mente
1649 2161 1878 2227 totaque

268 2245 489 2299 virtute
518 2245 774 2299 inutilem
802 2262 862 2299 se
887 2245 1295 2317 reprobumque
1323 2246 1715 2317 pronuntians.
1747 2246 1876 2299 Ideo

266 2333 527 2404 denique
548 2340 606 2388 et
633 2334 908 2407 lacrymas
928 2335 1095 2389 habet
1122 2336 1180 2389 in
1204 2342 1486 2406 promptu,
1521 2335 1653 2405 quia
1680 2339 1881 2388 semet-

266 2423 465 2493 ipsum
496 2423 663 2476 nimis
692 2423 955 2477 humiliat
982 2429 1039 2478 et
1066 2424 1315 2490 inclinat,
1348 2440 1452 2477 nec
1487 2423 1725 2493 alicujus
1756 2440 1878 2476 nio-

269 2511 457 2565 menti
488 2512 639 2582 quod
666 2512 905 2581 gesserit
928 2513 1227 2567 existimat.
1248 2512 1548 2567 Diabolum
1578 2518 1768 2566 autem
1797 2511 1876 2565 nil

268 2601 355 2654 ita
388 2600 577 2655 reddit
602 2600 931 2665 invalidum,
947 2601 1091 2656 sicut
1114 2602 1403 2656 humilitas
1428 2602 1497 2655 de
1518 2602 1684 2655 corde
1714 2618 1873 2671 puro,

176 2704 184 2723 ο
267 2689 369 2742 cui
386 2694 583 2742 tamen
594 2690 954 2744 correctionis
970 2708 1141 2762 opera
1160 2690 1471 2763 probantur
1490 2691 1771 2760 adjuncta.
1789 2690 1880 2744 Sic

270 2778 476 2848 itaque
514 2777 753 2832 viriliter
778 2780 1056 2834 antefatus
1079 2780 1301 2850 juvenis
1330 2780 1587 2834 Silvanus
1625 2796 1726 2850 per
1753 2784 1876 2832 octo

265 2884 563 2920 annorum
591 2867 873 2921 curricula
893 2869 1007 2922 Deo
1045 2862 1311 2934 militans,
1344 2885 1567 2923 cursum
1599 2868 1723 2922 vitae
1766 2885 1879 2921 sua:

272 2955 466 3009 ﬁnivit
504 2956 563 3009 in
593 2973 749 3027 pace.
782 2956 861 3011 De
910 2958 1068 3027 cujus
1114 2957 1264 3011 exitu
1290 2962 1530 3011 testatus
1566 2964 1650 3011 est
1680 2956 1878 3010 beatus

268 3044 641 3111 Pachomius,
689 3046 837 3116 quod
867 3046 1168 3099 multitudo
1198 3051 1519 3100 sanctorum
1548 3046 1877 3116 angelorum

270 3150 411 3188 cum
460 3150 669 3204 magna
710 3134 907 3188 latitia
950 3138 1236 3189 sumentes
1275 3135 1521 3189 animam
1557 3136 1697 3205 ejus,
1726 3111 1939 3189 velutC

269 3223 522 3276 electam
552 3222 794 3276 hostiam
824 3223 1032 3277 Christi
1060 3223 1447 3293 conspectibus
1477 3222 1817 3277 obtulerunt.

349 3310 499 3369 CA".
538 3311 783 3365 XXXIV.
817 3342 883 3352 —
906 3312 1113 3365 Eodem
1144 3319 1398 3383 tempore
1428 3313 1610 3366 Panos
1638 3312 1877 3367 civitatis

271 3400 787 3471 episcopus,Varus
808 3400 1033 3454 nomine
1054 3398 1180 3471 (38),
1207 3418 1307 3472 per
1339 3402 1528 3455 omnia
1548 3401 1879 3455 venerabilis

270 3505 342 3542 ac
378 3489 496 3541 Deo
537 3488 774 3555 deditus,
804 3494 1080 3560 rectaeque
1111 3490 1240 3543 ﬁdei
1268 3490 1709 3544 ferventissimus
1728 3507 1881 3543 ama-

269 3584 373 3632 tor
404 3578 666 3643 existens,
714 3577 926 3632 audivit
966 3578 1389 3650 dispositionem
1443 3578 1879 3633 conversationis

272 3667 591 3721 Pachomii.
615 3667 790 3730 Quem
820 3667 1006 3721 missis
1038 3668 1289 3739 epistolis
1318 3668 1580 3733 evocavit,
1621 3668 1878 3739 plurimis

268 3755 466 3809 verbis
495 3771 730 3809 exorans
759 3762 823 3810 ut
849 3756 1019 3810 etiam
1048 3756 1195 3810 circa
1215 3757 1495 3811 civitatem
1526 3758 1649 3827 ejus
1681 3773 1879 3810 mona-

268 3844 454 3899 steria
480 3849 675 3915 optata
698 3850 1065 3900 construeret.
1094 3847 1347 3917 Cumque
1376 3846 1568 3900 multis
1601 3862 1665 3900 ex
1695 3845 1877 3899 causis

269 3933 542 4005 precibus
584 3934 951 4005 acquievisset
991 3935 1253 4007 episcOpi,
1304 3936 1438 3990 dum
1485 3939 1749 4006 properat
1805 3934 1877 3988 ad

271 4040 431 4089 eum,
460 4024 683 4093 justum
710 4024 947 4078 credidit
971 4029 1035 4078 ut
1054 4041 1156 4095 per
1185 4026 1292 4078 iter
1315 4024 1506 4078 omnia
1534 4023 1877 4078 monasteria

271 4129 404 4184 quae
429 4111 503 4166 ab
524 4128 589 4166 eo
607 4112 967 4180 curabantur,
992 4113 1272 4167 inviseret.
1292 4114 1362 4167 Et
1376 4130 1503 4167 cum
1530 4113 1629 4167 uni
1659 4129 1725 4166 ex
1744 4111 1877 4183 ipsis

275 4201 645 4255 monasteriis
656 4201 1406 4273 prepinquasset,cujusdam
1426 4201 1615 4255 fratris
1637 4200 1880 4255 occurrit

274 4290 689 4361 exsequiis,qui
705 4290 875 4344 vitam
891 4307 1051 4345 suam
1068 4291 1420 4361 negligenter
1433 4294 1873 4361 consumpserat.

274 4379 512 4433 Fratres
522 4384 713 4433 autem
736 4379 911 4450 ipsius
938 4379 1266 4434 monasterii
1292 4379 1459 4434 funus
1470 4378 1879 4450 prosequeban-

1960 1976 2082 2030 ritis
2099 1996 2111 2044 ;
2128 1994 2230 2047 ego
2245 1984 2433 2032 autem
2455 1980 3005 2052 quantulamcunque
3021 1983 3070 2035 ei
3094 1984 3344 2055 requiem
3364 1986 3450 2039 vel
3471 1983 3558 2055 sal.

1958 2065 2330 2120 tisfaction‘em
2348 2067 2451 2135 (39)
2472 2084 2572 2138 per
2592 2069 2732 2121 hanc
2752 2069 3015 2140 injuriam
3042 2074 3559 2145 pracparo.Propter

1960 2155 2109 2224 quod
2152 2172 2264 2209 non
2302 2172 2435 2209 curo
2474 2173 2574 2226 pro
2613 2157 2716 2211 hoc
2751 2158 2991 2212 exanimi
3024 2163 3175 2216 I80
3205 2163 3551 2233 corpusculo,

1960 2243 2056 2296 sed
2088 2260 2190 2314 pro
2214 2244 2519 2297 immortali
2550 2246 2673 2314 ejus
2695 2246 2886 2300 anima
2905 2242 3121 2317 satago‘,
3166 2267 3289 2320 qua:
3326 2255 3382 2304 et
3412 2253 3555 2306 hanc

1961 2346 2188 2385 carnem
2213 2349 2406 2386 rursus
2435 2332 2492 2385 in
2522 2334 2933 2389 resurrectione
2950 2344 3247 2407 receptura
3265 2344 3349 2392 est
3367 2339 3552 2393 incor-

1961 2425 2183 2490 ruptam
2216 2425 2273 2474 et
2300 2421 2599 2491 integram.
2628 2422 2781 2476 Alias
2811 2429 3000 2477 autem
3022 2425 3068 2478 si
3091 2427 3193 2480 hoc
3217 2428 3364 2497 quod
3387 2428 3553 2483 vultis

1960 2525 2228 2575 annuero,
2255 2511 2423 2565 veluti
2446 2511 2669 2581 placens
2699 2512 3017 2567 hominibus
3034 2515 3358 2583 judicabor;
3383 2522 3552 2588 atque

1961 2604 2024 2653 ut
2052 2599 2121 2652 ad
2143 2616 2389 2669 praesens
2412 2600 2564 2653 vobis
2594 2601 2928 2656 satisfecisse
2966 2603 3173 2669 videar,
3202 2605 3258 2658 id
3299 2605 3550 2676 dispicio,

1960 2687 2108 2758 quod
2139 2687 2189 2740 ei
2218 2689 2485 2759 prodesse
2505 2690 2712 2760 poterit
2738 2690 2795 2743 in
2817 2691 3022 2746 futuro.
3047 2693 3192 2746 Fons
3218 2694 3369 2747 enim
3397 2694 3554 2749 boni-

1959 2776 2092 2830 tatis
2125 2778 2274 2830 Deus
2310 2783 2499 2831 noster
2543 2779 2805 2843 existens,
2840 2781 3158 2835 occasiones
3203 2784 3420 2852 quaerit,
3450 2801 3551 2855 per

1963 2882 2102 2936 quas
2132 2866 2397 2936 cpulenta
2413 2883 2702 2937 supernos
2732 2866 2865 2921 data
2884 2868 3108 2939 pietatis
3138 2886 3253 2924 sum
3282 2872 3548 2940 effundat,

1962 2954 2325 3025 remittatque
2342 2954 2500 3009 nobis
2514 2964 2760 3026 peccata,
2780 2974 2892 3010 non
2921 2958 3101 3012 solum
3129 2958 3186 3012 in
3208 2960 3311 3013 hoc
3329 2963 3548 3028 szeculo,

1961 3043 2057 3096 sed
2089 3043 2259 3096 etiam
2292 3043 2349 3096 in
2378 3043 2583 3097 futuro.
2619 3046 2764 3099 Nam
2793 3062 2919 3099 cum
2950 3046 3100 3100 dicat
3128 3047 3185 3101 in
3226 3049 3548 3118 Evangelio,

1961 3131 2055 3202 qui
2087 3131 2559 3203 blaspliemaverit
2600 3133 2659 3187 in
2691 3134 2962 3204 Spiritum
2991 3142 3264 3202 sanctum,
3310 3154 3423 3192 non
3460 3155 3551 3193 re-

1960 3221 2219 3274 mittetur
2245 3221 2314 3285 ei,
2348 3238 2527 3292 neque
2557 3222 2615 3274 in
2643 3222 2747 3276 hoc
2784 3224 3004 3286 szeculo,
3038 3240 3219 3294 neque
3246 3225 3305 3279 in
3340 3226 3549 3296 futuro,

1960 3310 2058 3363 dat
2086 3309 2655 3363 indubitanterintelli
2664 3311 2719 3380 gi
2732 3313 2879 3381 quod
2901 3318 3032 3366 sunt
3053 3314 3307 3383 quaedam
3327 3314 3550 3383 delicta,

1962 3415 2086 3469 qua)
2112 3403 2345 3469 possunt
2373 3404 2429 3452 et
2472 3404 2597 3469 post
2626 3399 2769 3452 hanc
2796 3400 2987 3466 vitam,
3021 3401 3068 3454 si
3100 3418 3199 3471 pro
3236 3402 3315 3456 eis
3345 3404 3555 3474 suppli-

1963 3488 2353 3557 cetur,ignosci
2371 3490 2584 3554 (Matth.
2604 3489 2846 3551 x11).Nos
2868 3506 2999 3559 ergo
3030 3506 3169 3560 quos
3189 3490 3386 3561 dignos
3403 3493 3554 3562 judi-

1961 3577 2167 3630 dicavit
2203 3577 2410 3630 Christi
2451 3576 2703 3647 potentia
2741 3578 2939 3631 divinae
2976 3596 3089 3634 sum
3118 3580 3554 3650 dispensationis

1961 3682 2217 3719 exercere
2259 3665 2615 3731 medicinam,
2659 3666 2705 3719 si
2754 3683 2864 3720 non
2897 3667 3197 3739 unicuique
3242 3686 3557 3739 congruens

1959 3755 2029 3808 ad
2029 3754 2303 3824 jutorium
2320 3755 2595 3825 proferam
2604 3755 2937 3825 us,profecto
2952 3756 3121 3810 veluti
3143 3762 3555 3830 contemptores

1960 3842 2381 3910 zestimabimur,
2417 3849 2474 3897 et
2498 3844 2793 3898 audiemus
2822 3845 2959 3898 illud
2991 3846 3138 3915 quod
3168 3846 3437 3917 scriptum
3469 3854 3556 3903 est

1960 3932 2016 3986 in
2047 3933 2343 4003 prophetia
2387 3936 2525 3999 (Act.
2575 3949 2671 3987 xm
2697 3952 2709 4001 ;
2747 3936 2946 3988 llabac.
2974 3944 3009 4003 ι)
3037 3954 3049 3987 :
3082 3934 3280 3989 Videte
3309 3942 3556 3992 contem-

1959 4026 2147 4092 ptores
2194 4026 2251 4075 et
2297 4022 2674 4087 admiramini,
2730 4027 2787 4076 et
2822 4023 3229 4093 disperdimini.
3280 4025 3359 4079 Et
3405 4026 3550 4093 ideo,

1960 4127 2169 4181 quaeso,
2193 4111 2361 4164 sinite
2382 4111 2705 4164 defunctum
2718 4127 2751 4164 a
2763 4111 3003 4181 propriis
3024 4112 3186 4165 malis
3200 4113 3556 4184 aliquatenus

1961 4198 2105 4264 exui,
2156 4204 2210 4252 et
2258 4199 2813 4269 quantulamcunque
2869 4199 3116 4269 requiem
3152 4200 3209 4253 in
3241 4200 3336 4254 illo
3370 4201 3558 4256 futuro

1961 4286 2201 4341 examini
2230 4286 2559 4357 promereri.
2580 4286 2822 4356 Sepelite
2848 4301 2984 4355 ergo
3005 4302 3135 4339 eum
3162 4287 3281 4341 sine
3301 4289 3552 4358 psalmis,

1960 4382 2025 4431 ut
2051 4376 2396 4430 dixi.Potens
2414 4381 2499 4429 est
2518 4375 2726 4429 etenim
2742 4375 2891 4429 Deus
2910 4374 3186 4445 benignus
3213 4381 3268 4429 et
3287 4377 3552 4445 clemens,

276 4476 380 4522 tur
403 4468 729 4533 honorifice,
762 4469 1005 4539 psalmos
1034 4469 1228 4523 solitos
1249 4466 1946 4539 concinentes,prtesen-D
1963 4466 2314 4535 multumque
2363 4464 2699 4530 misericors,
2746 4481 2845 4535 pro
2894 4464 3299 4535 supplicatione
3352 4470 3556 4521 nostra:

275 4556 436 4611 tibus
463 4574 690 4628 quoque
718 4557 963 4611 defuncti
994 4557 1318 4629 parentibus
1338 4575 1401 4612 ac
1421 4557 1881 4629 propinquis.Qui

278 4663 415 4701 cum
432 4646 704 4701 vidissent
724 4647 1105 4714 Pachomium,
1126 4649 1397 4702 feretrum
1418 4648 1683 4702 continuo
1706 4647 1878 4717 depo-

280 4741 544 4802 suerunt,
578 4742 645 4790 ut
668 4742 788 4790 tam
833 4754 936 4808 pro
964 4743 1186 4791 mortuo
1217 4754 1385 4807 quam
1413 4753 1513 4807 pro
1545 4753 1605 4790 se
1640 4735 1880 4790 Domino

281 4826 648 4897 supplicaret.
674 4826 779 4890 Qui
801 4842 930 4880 mox
948 4832 1011 4880 ut
1029 4827 1338 4880 orationem
1359 4825 1605 4880 debitam
1626 4826 1740 4879 Deo
1759 4841 1883 4896 per-

278 4915 467 4980 solvit,
500 4931 801 4969 conversus
830 4915 901 4969 ad
929 4916 1129 4970 fratres
1174 4915 1256 4969 ait
1286 4933 1300 4969 :
1333 4914 1584 4969 Desinite
1622 4914 1876 4984 psallere.

280 5004 669 5075 Praecepitque
697 5003 943 5059 defuncti
970 5005 1305 5058 vestimenta
1339 5003 1650 5074 splendida,
1684 5002 1883 5073 quibus

282 5092 516 5147 indutus
527 5093 885 5152 erat,auferri
901 5112 913 5146 :
938 5110 1059 5164 quae
1075 5109 1259 5147 coram
1283 5093 1541 5148 omnibus
1560 5093 1691 5148 fecit
1704 5093 1879 5159 exuri,

280 5188 339 5235 et
360 5180 442 5234 ita
458 5182 700 5235 cadaver
724 5182 908 5235 efferri
930 5183 1117 5252 jussit,
1136 5199 1199 5237 ac
1228 5187 1435 5253 praeter
1464 5182 1708 5253 aliquam
1739 5182 1883 5253 psal-

278 5270 530 5323 modiam
559 5270 1004 5341 sepeliri.lgitur
1030 5271 1231 5325 fratres
1249 5288 1378 5325 cum
1407 5271 1731 5342 parentibus
1760 5273 1881 5342 ejus

280 5364 339 5411 et
359 5358 636 5411 universis
664 5359 762 5428 qui
789 5365 923 5413 tunc
942 5359 1193 5425 aderant,
1220 5376 1425 5413 novum
1454 5376 1632 5429 genus
1662 5366 1881 5429 specta-

280 5448 389 5501 culi
410 5454 766 5513 contuentes,
785 5453 843 5502 et
853 5448 1219 5520 obstupefacti
1238 5449 1495 5511 nimium,
1513 5448 1883 5519 precabantur

279 5555 498 5602 senem,
530 5543 591 5590 ut
613 5544 937 5592 consuetam
983 5556 1152 5610 super
1179 5555 1307 5592 eum
1334 5538 1702 5609 psalmodiam
1735 5539 1881 5591 cele-

284 5626 435 5681 brari
490 5626 864 5697 permitteret.
912 5628 1127 5693 Quibus
1169 5645 1299 5693 cum
1336 5645 1449 5684 non
1492 5627 1879 5699 acquievisset,

1963 4553 2253 4627 parvitatis
2281 4569 2409 4607 eum
2430 4553 2488 4606 in
2518 4558 2783 4607 aeternam
2809 4570 2969 4607 suam
2990 4553 3242 4624 requiem
3264 4555 3553 4609 collocare.

1964 4646 2093 4698 Haec
2122 4660 2249 4697 cum
2275 4642 2525 4708 dixisset,
2559 4641 2839 4707 abierunt,
2872 4648 2928 4695 et
2956 4642 3262 4696 secundum
3292 4644 3439 4714 quod
3470 4660 3559 4698 ve-

1963 4732 2224 4788 nerabilis
2257 4733 2425 4786 Pater
2444 4736 2797 4804 praeceperat,
2820 4747 2948 4785 eum
2977 4730 3034 4785 in
3058 4737 3266 4799 monte,
3282 4731 3377 4787 ubi
3397 4738 3561 4789 erant

1964 4828 2161 4894 parata
2190 4826 2574 4886 monumenta,
2609 4820 2846 4891 sepelire
2875 4827 3235 4875 curaverunt.

2037 4912 2167 4966 CAP.
2206 4912 2320 4966 XL.
2358 4940 2423 4951 —-
2456 4911 2705 4963 Moratus
2737 4913 2823 4962 est
2850 4914 3039 4963 autem
3079 4915 3305 4966 sanctus
3350 4910 3561 4968 ibidem

1965 5018 2091 5056 cum
2116 4999 2400 5054 monachis
2427 4997 2642 5052 duobus
2669 4996 2884 5063 diebus,
2907 4997 3251 5070 docebatque
3274 5000 3332 5054 in
3362 5002 3559 5072 primis

1965 5090 2215 5161 singulos
2244 5089 2503 5142 timorem
2537 5086 2778 5152 Domini,
2797 5086 3000 5141 deinde
3023 5089 3266 5160 qualiter
3293 5090 3559 5146 adversus

1966 5179 2248 5233 diabolum
2298 5176 2563 5230 dimicare
2610 5175 2896 5243 deberent,
2940 5182 2998 5231 et
3044 5177 3278 5233 insidias
3308 5181 3429 5250 ejus
3458 5197 3560 5251 per

1967 5268 2175 5323 Christi
2205 5270 2435 5338 possent
2463 5264 2743 5319 declinare
2770 5266 3034 5336 gratiam.

2033 5357 2188 5411 Tunc
2219 5355 2512 5410 nuntiatur
2538 5355 2589 5408 ei
2619 5355 2767 5425 quod
2805 5356 2979 5410 frater
3007 5357 3233 5428 quidam
3258 5358 3326 5410 de
3358 5356 3561 5411 Chino-

1964 5446 2276 5501 bosciorum
2324 5444 2664 5498 monasterio
2708 5445 2865 5515 gravi
2919 5446 3247 5500 infirmitate
3275 5446 3553 5509 detentus,

1966 5533 2409 5589 benedictionem
2439 5534 2619 5604 preeis
2637 5535 2761 5604 ejus
2789 5534 3044 5587 ultimam
3076 5535 3401 5605 postularet.
3432 5534 3559 5586 Haec

1965 5624 2199 5680 audiens
2244 5624 2411 5679 homo
2458 5623 2578 5687 Dei,
2630 5623 2922 5679 confestim
2962 5628 3187 5678 secutus
3216 5628 3302 5676 est
3335 5637 3430 5675 eos
3460 5621 3559 5691 qui
