4004 6196
476 349 586 411 259

1498 346 1594 404 DE
1631 345 1820 404 VITIS
1858 343 2154 404 PATRUM
2193 343 2411 403 LIBER
2446 342 2737 402 PRIMUS.

3648 337 3755 400 260

478 451 598 534 haec
617 475 722 530 sibi
743 471 1332 544 retulerantﬂumque
1341 471 1590 528 concitus
1600 471 2069 542 proficisceretur,
2089 472 2140 534 Α
2156 468 2379 524 delatus
2391 473 2495 532 est,
2515 467 2665 537 quod
2677 467 2968 538 sapientiae
2985 467 3199 537 geratis
3216 465 3486 530 studium,
3502 470 3561 524 et
3579 471 3616 532 Ι
3633 469 3694 530 3
3707 471 3747 532 |

483 570 541 620 et
566 563 781 622 duobus
811 563 896 617 vel
927 561 1106 618 tribus
1138 559 1381 616 millibus
1411 560 1633 615 abesset
1673 577 1707 616 a
1736 559 2076 616 monasterio

483 653 632 726 quod
661 650 906 722 petebat.
955 649 1168 706 audivit
1195 648 1582 704 suavissimam
1625 665 1816 702 vocem
1859 649 1918 704 in
1949 664 2078 702 aere

479 745 895 815 personantem;
919 738 1342 811 suspiciensque
1371 737 1508 792 vidit
1531 737 1708 808 ipsius
1735 737 1926 792 fratris
1953 737 2078 790 ani-

482 847 634 887 mam
665 828 837 883 veloci
854 845 1020 886 cursu
1041 827 1112 882 ab
1133 827 1348 899 angelis
1377 827 1598 884 Domini
1623 826 1984 884 laudantibus
2007 825 2078 882 ad

481 917 705 974 beatam
730 917 901 974 vitam
923 932 1339 989 perennemque
1367 916 1606 970 sustolli.
1623 916 1869 970 Comites
1889 921 2077 970 autem

482 1005 770 1062 Pachomii
791 1021 918 1060 cum
946 1021 1130 1076 neque
1149 1021 1340 1060 vocem
1357 1005 1637 1071 audirent,
1655 1021 1756 1058 nec
1775 1005 2081 1075 quidquam

483 1095 760 1152 sentirent
777 1095 1127 1166 penitus,sed
1148 1095 1540 1150 tantummodo
1553 1100 1847 1148 cernerent
1862 1110 1990 1148 eum
2011 1092 2082 1147 ad

485 1184 776 1240 Orientem
795 1183 892 1238 diu
905 1183 1205 1254 suspicere,
1224 1183 1420 1238 dicunt
1430 1183 1482 1236 ei
1505 1201 1516 1235 :
1534 1183 1648 1238 Cur
1661 1180 2084 1248 stetisti,Pater?

483 1273 880 1346 Properemus.
909 1277 974 1328 ut
1002 1272 1280 1343 possimus
1301 1271 1736 1336 occurrere.Qui
1757 1271 2042 1342 respondit
2069 1289 2080 1323 :

487 1362 721 1418 Frustra
744 1363 863 1432 jam
895 1360 1172 1414 currimus
1196 1379 1210 1429 ;
1243 1361 1348 1414 hoc
1375 1359 1525 1414 enim
1556 1365 1644 1415 est
1666 1356 1814 1430 quo'd
1840 1359 1938 1416 diu
1961 1375 2089 1414 con—

2153 559 2316 628 juxta
2355 556 2684 626 religionem
2711 561 2974 621 vestram,
3005 556 3256 626 quietem
3282 554 3531 625 diligatis
3545 554 3758 624 impen-

2159 645 2294 712 sius,
2323 645 2554 716 insuper
2579 645 2749 699 etiam
2771 645 3079 716 prudenter
3096 645 3184 702 his
3205 645 3304 715 qui
3324 648 3645 716 proponunt
3663 641 3760 698 ali-

2161 735 2295 806 quid
2323 735 2644 790 satisfacere
2675 733 2994 801 videamini,
3028 739 3086 788 et
3108 733 3235 788 ideo
3258 733 3328 804 de
3348 733 3436 788 his
3456 749 3582 804 qua:
3598 731 3762 801 legis-

2159 823 2234 877 tis
2265 839 2360 878 vos
2383 823 2732 894 interrogare
2747 823 3018 894 disposui.
3035 822 3139 877 Cui
3158 822 3482 878 Theodorus
3507 839 3518 874 :
3545 820 3758 878 Profer.

2162 911 2262 972 ait,
2285 911 2433 982 quod
2455 911 2561 966 vis.
2576 913 2646 966 Et
2671 911 3038 982 philosophus
3069 931 3080 965 :
3107 911 3315 979 Habes,
3345 911 3550 980 inquit,
3563 916 3626 964 tu
3643 927 3764 964 me-

2162 1017 2291 1056 cum
2311 1000 2796 1072 disceptationem,
2829 1006 2896 1054 ut
2914 1018 3038 1072 quae
3066 999 3278 1056 fuerint
3298 999 3532 1072 quaesita
3559 999 3763 1055 dissol-

2164 1089 2304 1144 vas?
2328 1089 2431 1143 Cui
2461 1089 2789 1144 Theodorus
2819 1089 3110 1160 respondit
3140 1108 3153 1142 :
3186 1088 3446 1160 Exprime
3469 1089 3590 1158 jam
3613 1087 3760 1158 quod

2166 1177 2412 1232 intendis
2460 1179 2618 1236 Tunc
2656 1179 3018 1250 philosophus
3047 1179 3128 1234 ait
3159 1197 3171 1232 :
3207 1178 3362 1244 Quis,
3410 1195 3526 1236 non
3571 1183 3760 1243 natus,

2171 1271 2426 1322 mortuus
2455 1266 2580 1320 est?
2609 1266 2746 1330 Quis
2775 1283 3002 1322 rursum
3032 1271 3217 1332 natus,
3249 1283 3285 1322 a
3311 1271 3491 1322 morte
3513 1265 3768 1321 substra-

2169 1361 2292 1410 ctus
2321 1355 2446 1410 est?
2473 1355 2610 1423 Quis
2637 1360 2848 1422 autem,
2879 1371 3008 1410 cum
3036 1355 3110 1409 sit
3133 1363 3412 1422 mortuus,
3441 1371 3554 1411 non
3577 1360 3665 1410 est
3690 1354 3769 1408 fe-

489 1449 1174 1522 sidcro,quemadmodum
1190 1448 1364 1503 frater
1377 1449 1498 1518 ipse
1508 1449 1575 1504 ad
1597 1448 1805 1518 gaudia
1818 1453 2089 1520 perpetua
2169 1449 2291 1498 tore
2319 1445 2658 1516 corruptus?
2686 1445 2756 1500 Et
2783 1443 2864 1498 ait
2889 1443 3243 1500 Theodorus:
3266 1445 3392 1500 Non
3415 1443 3664 1513 grandis,
3685 1442 3770 1498 in-

486 1540 814 1596 deducatur.
875 1539 1052 1603 Quem
1108 1555 1234 1591 cum
1275 1543 1541 1606 rogarent
1574 1543 1637 1592 ut
1667 1537 1748 1592 eis
1789 1541 2090 1607 exponeret
2181 1534 2322 1604 quit,
2348 1535 2464 1588 haec
2491 1533 2798 1605 propositio
2830 1540 2948 1599 tua,
2981 1549 3014 1586 o
3043 1532 3409 1604 philosophe;
3439 1549 3574 1586 nam
3603 1533 3772 1586 facile

488 1629 768 1702 quomodo
780 1627 1570 1696 vidissetanimam,quantum
1594 1633 1855 1698 poterant
1866 1625 2081 1680 audire.
2169 1623 2318 1692 quod
2349 1621 2587 1692 inquiris
2611 1622 2844 1676 solvam.
2889 1622 2994 1686 Qui
3023 1638 3135 1675 non
3164 1627 3353 1688 natus,
3379 1628 3638 1676 mortuus
3661 1626 3770 1684 est,

485 1717 735 1774 narravit
757 1717 839 1772 eis
869 1734 934 1770 cx
963 1717 1053 1770 his
1083 1734 1206 1788 quae
1258 1716 1376 1786 ip’se
1419 1721 1802 1787 conspexerat.
1838 1714 2076 1780 Quidam
2164 1710 2406 1768 habetur
2431 1711 2611 1766 Adam
2637 1711 3032 1782 protoplastus.
3052 1711 3159 1776 Qui
3184 1727 3314 1764 vero
3343 1716 3510 1766 natus
3538 1716 3642 1777 est,
3668 1726 3777 1764 nec

483 1805 658 1876 igitur
686 1823 752 1861 ex
778 1805 866 1860 his
889 1811 1086 1862 euntes
1106 1805 1176 1858 ad
1199 1809 1571 1860 memoratum
1590 1804 2014 1868 monasterium,
2033 1809 2089 1858 et
2107 1791 2153 1850 Β
2167 1804 2359 1855 tamen
2391 1805 2648 1854 mortuus
2677 1805 2782 1866 est,
2817 1799 3005 1854 existit
3032 1800 3240 1866 Enoch,
3273 1799 3368 1870 qui
3400 1800 3516 1853 Deo
3536 1799 3772 1870 placuit,

487 1895 788 1966 diligenter
805 1895 1158 1967 inquirentcs
1179 1911 1290 1964 qua
1308 1895 1448 1949 hora
1473 1894 1648 1950 frater
1661 1893 1753 1948 ille
1764 1893 2082 1957 dormisset,

489 2000 558 2040 ea
587 2001 712 2054 qua:
737 2001 772 2039 a
789 1990 984 2038 sancto
1013 1983 1328 2038 didicerant
1355 1981 1491 2048 viro,
1525 1999 1657 2036 vera
1672 1982 1864 2038 omnia
1879 1997 2088 2050 cogno-

488 2078 708 2127 verunt.
755 2073 884 2126 Haec
921 2077 1112 2127 autem
1147 2071 1444 2128 retulimus
1487 2071 1705 2128 duabus
1744 2088 1812 2125 ex
1853 2070 2038 2125 causis
2071 2087 2082 2122 :

483 2161 754 2235 primum,
783 2161 1034 2218 volentes
1055 2161 1348 2216 ostendere
1375 2161 1602 2216 beatum
1629 2177 1818 2214 senem
1851 2159 2089 2216 nimium

491 2249 665 2308 fuisse
726 2249 1291 2322 perspicacissimum,
1348 2249 1704 2320 gratiamque
1775 2248 2089 2320 possedisse

492 2339 900 2411 propheticam,
936 2355 1002 2393 ac
1029 2339 1194 2410 longe
1221 2339 1406 2410 posita
1445 2337 1916 2394 intellectualibus
1955 2354 2088 2392 ocu-

493 2427 564 2484 lis
592 2428 949 2499 praevidisse;
983 2428 1206 2490 deinde,
1260 2433 1324 2482 ut
1351 2429 1494 2483 tales
1532 2444 1754 2498 semper
1780 2427 2086 2493 imitantes,

491 2517 769 2573 malorum
827 2517 1109 2572 consortia
1155 2517 1391 2571 sollicite
1443 2517 1766 2574 vitaremus.
1801 2516 1870 2570 Et
1905 2516 1974 2570 de
2002 2515 2088 2569 his

492 2606 718 2678 quidem
743 2605 902 2660 nobis
925 2606 1196 2660 hactenus
1223 2606 1373 2660 dicta
1397 2605 1698 2660 sufﬁciant.

561 2696 695 2752 CAP.
709 2696 1168 2752 XLI.—-Sanctus
1183 2711 1315 2764 ergo
1331 2695 1665 2750 Pachomius
1683 2693 1754 2748 ad
1775 2693 2086 2750 antefatum

490 2783 809 2856 episcopum
854 2800 982 2838 cum
1039 2784 1156 2837 suis
1207 2783 1492 2840 monachis
1528 2783 1775 2848 veniens,
1822 2783 1893 2836 ab
1937 2799 2002 2837 eo
2030 2783 2088 2838 in

495 2889 720 2928 summa
742 2873 1102 2930 veneratione
1115 2880 1410 2944 susceptus
1430 2878 1533 2928 est.
1553 2875 1700 2928 Nam
1731 2872 2086 2930 festivitatem

495 2961 796 3020 maximam
852 2962 910 3019 in
955 2963 1077 3032 ejus
1115 2961 1416 3018 celebravit
1449 2962 1708 3028 adventu,
1743 2961 2008 3032 deditque
2037 2961 2090 3015 ei

493 3051 616 3108 loca
647 3051 741 3106 ubi
777 3057 1002 3122 sperata
1045 3038 1388 3106 monasteria
1412 3051 1694 3115 conderet,
1709 3051 1856 3106 sicut
1879 3051 2091 3106 dudum

2169 1893 2340 1959 atque
2367 1889 2672 1945 translatus
2703 1893 2806 1942 est.
2843 1889 2952 1954 Qui
2999 1895 3255 1944 mortuus
3302 1894 3388 1943 est
3425 1894 3636 1954 autem,
3669 1904 3780 1944 nec

2169 1978 2346 2032 fetore
2377 1978 2490 2032 ullo
2519 1984 2834 2049 corruptus,
2871 1994 3012 2032 uxor
3036 1983 3123 2032 est
3151 1978 3315 2044 Loth,
3351 1995 3478 2048 qua:
3508 1993 3782 2033 conversa

2170 2066 2230 2121 in
2279 2071 2525 2122 statuam
2558 2067 2692 2122 salis
2726 2067 2872 2126 ιϐεη.
2901 2073 3038 2132 xix),
3071 2083 3199 2137 quae
3228 2083 3408 2137 usque
3446 2083 3598 2123 nunc
3624 2067 3688 2122 in
3711 2083 3780 2121 eo

2171 2155 2368 2210 habitu
2399 2171 2499 2226 pro
2529 2155 2945 2210 incredulorum
2968 2155 3244 2226 perdurat
3263 2155 3540 2226 exemplo.
3561 2155 3632 2209 Et
3648 2155 3781 2210 ideo

2172 2243 2465 2301 consilium
2495 2243 2567 2298 do
2587 2243 2716 2312 tibi,
2739 2261 2771 2300 ο
2801 2244 3150 2316 philosophe,
3178 2253 3244 2300 ut
3271 2244 3374 2300 has
3393 2243 3615 2315 ineptas
3641 2261 3781 2315 pro-

2171 2331 2474 2404 positiones
2517 2338 2645 2388 tuas
2674 2338 2732 2390 et
2771 2331 2968 2387 inanes
2995 2334 3264 2387 deserens
3311 2332 3670 2402 quaestiones,
3705 2333 3781 2387 ad

2171 2437 2365 2476 verum
2391 2422 2568 2476 Deum
2619 2439 2786 2494 quem
2815 2421 3068 2488 colimus,
3109 2425 3166 2475 te
3195 2422 3318 2478 sine
3347 2421 3618 2478 dilatione
3639 2439 3779 2478 con-

2171 2517 2374 2576 vertas,
2436 2511 2936 2582 remissionemque
2983 2516 3340 2581 peccatorum
3382 2517 3608 2566 tuorum
3673 2527 3781 2581 pro

2170 2605 2380 2654 aeterna
2409 2599 2590 2654 salute
2619 2599 2912 2671 percipias.
2937 2599 3026 2656 Ad
3054 2600 3170 2654 haec
3191 2599 3556 2670 philosophus
3583 2597 3782 2654 obstu—

2171 2687 2440 2758 pefactus,
2471 2688 2610 2744 nihil
2659 2688 2949 2759 inquisivit
2985 2688 3259 2756 ulterius;
3304 2689 3401 2742 sed
3450 2688 3778 2754 discedens,

2169 2793 2406 2834 acumen
2416 2777 3082 2849 viri,responsionemque
3099 2783 3214 2832 tam
3232 2778 3472 2836 celerem
3490 2782 3782 2848 paratam-

2171 2882 2279 2938 que
2306 2866 2544 2922 miratus
2571 2871 2682 2922 est.

2245 2957 2378 3014 CAP.
2412 2956 2683 3010 XLIII.—
2709 2955 2950 3012 Proinde
2979 2956 3316 3012 Pachomius
3344 2956 3406 3011 in
3431 2955 3633 3010 iisdem
3655 2971 3780 3010 mo—

2173 3044 2435 3100 nasteriis
2455 3061 2638 3116 nuper
2659 3045 2973 3110 exstructis,
3006 3044 3204 3100 diebus
3223 3045 3482 3116 plurimis
3503 3045 3754 3099 immora

504 3157 604 3213 per
632 3141 842 3211 scripta
856 3145 1168 3211 rogaverat,
1196 3157 1318 3211 qum
1339 3140 1510 3196 etiam
1522 3139 1855 3196 venerabilis
1866 3139 1948 3194 vir
1964 3156 2090 3196 cum
2111 3139 2265 3210 ctus
2294 3141 2397 3188 est.
2430 3134 2642 3190 Exinde
2671 3133 2951 3205 profectus
2981 3139 3083 3199 est,
3118 3142 3288 3206 atque
3318 3135 3390 3189 ad
3417 3133 3560 3190 illud
3576 3149 3784 3190 mona-

495 3229 788 3288 alacritate
826 3229 1156 3286 construxit.
1189 3230 1260 3284 Et
1287 3246 1410 3284 cum
1434 3229 1690 3284 maceriae
1719 3229 2010 3284 munimen
2031 3228 2090 3282 in

496 3317 733 3375 circuitu
762 3318 1014 3385 duceret,
1047 3334 1118 3372 ne
1161 3317 1287 3389 quis
1316 3317 1480 3372 facile
1527 3323 1715 3388 posset
1755 3317 2086 3388 irrumpere,

495 3407 725 3478 quidam
761 3407 1090 3478 pestilentes
1135 3407 1404 3471 homines,
1441 3423 1582 3477 quos
1631 3405 1837 3460 diaboli
1867 3405 2092 3460 caecavit

499 3495 726 3560 invidia,
783 3502 944 3550 nocte
993 3495 1302 3562 venientes,
1337 3513 1458 3566 quae
1498 3497 1823 3549 constructa
1869 3495 2093 3548 fuerant

493 3583 876 3638 destruebant.
901 3584 1008 3638 Sed
1031 3601 1142 3638 non
1164 3583 1218 3636 in
1245 3584 1475 3653 longum
1503 3583 1872 3652 malignitatis
1895 3599 2090 3638 eorum

493 3689 662 3746 poena
689 3673 865 3727 dilata
889 3677 976 3725 est
1026 3673 1170 3726 Nam
1188 3688 1315 3728 cum
1347 3688 1514 3726 senex
1539 3671 1842 3742 discipulos
1861 3689 1991 3726 suos
2021 3673 2092 3726 ad

494 3761 854 3816 tolerantiam
899 3765 1299 3824 commoneret,
1347 3765 1404 3813 et
1431 3760 1514 3814 illi
1562 3760 1894 3830 nequissimi
1931 3762 2094 3830 juxta

496 3849 959 3905 consuetudinem
987 3848 1396 3912 convenissent,
1418 3855 1478 3903 ut
1511 3849 1822 3904 facinorum
1861 3866 2092 3904 suorum

495 3941 678 4008 empta
703 3938 1053 4008 perficerent,
1069 3937 1140 3991 ab
1156 3938 1354 4007 angelo
1376 3937 1598 3992 Domini
1627 3939 1883 4010 protinus
1913 3939 2092 3995 exusti

497 4031 647 4091 sunt,
674 4031 732 4081 et
758 4025 911 4080 velut
929 4041 1057 4080 cera
1082 4043 1117 4081 a
1144 4025 1283 4080 facie
1311 4025 1458 4096 ignis
1487 4027 1556 4080 ad
1587 4027 1824 4082 nihilum
1853 4033 1986 4082 sunt
2004 4045 2094 4082 re-

503 4115 674 4172 dacti.
708 4115 933 4172 Fratres
957 4131 1093 4186 ergo
1112 4116 1377 4170 velociter
1393 4115 1716 4172 universum
1737 4133 2096 4174 consumma-

501 4209 703 4260 verunt
729 4203 1060 4271 aedificium;
1096 4205 1156 4262 in
1187 4221 1296 4276 quo
1324 4203 1520 4262 beatus
1546 4206 1878 4264 Pachomius
1897 4207 2099 4262 consti-

497 4292 608 4353 tuit
629 4293 949 4360 monachos,
992 4293 1282 4364 religiosos
1334 4294 1508 4358 viros,
1543 4293 1746 4364 quibus
1775 4295 2096 4351 Samuelem

497 4383 822 4455 praeposuit,
848 4382 1085 4438 hilarem
1115 4383 1320 4449 virum,
1355 4389 1414 4437 et
1441 4383 1588 4438 dono
1619 4383 1958 4454 frugalitatis
1980 4385 2096 4439 exi-

2172 3223 2430 3290 sterium,
2457 3223 2605 3294 quod
2635 3223 2740 3278 sub
2773 3225 2894 3294 ejus
2924 3228 3049 3278 erat
3065 3223 3782 3295 ditione,pervenit.Quem

2171 3329 2300 3367 cum
2331 3311 2534 3367 fratres
2562 3329 2777 3379 omnes,
2808 3313 2868 3366 in
2898 3329 3190 3370 occursum
3231 3315 3355 3384 ejus
3383 3319 3782 3384 properantes,

2171 3417 2396 3456 summa
2425 3401 2782 3456 veneratione
2811 3402 3180 3474 susciperent,
3206 3401 3516 3458 infantulus
3539 3400 3785 3472 quidam

2172 3489 2242 3544 de
2271 3489 2392 3562 ipsa
2421 3490 2872 3560 congregatione,
2909 3491 3003 3562 qui
3031 3491 3179 3545 inter
3223 3491 3363 3548 alios
3403 3496 3736 3546 occurrerat
3755 3529 3772 3546 .

2173 3579 2415 3634 clamare
2442 3578 2610 3650 coepit
2637 3596 2700 3634 ac
2728 3579 2912 3634 dicere
2943 3597 2954 3632 :
2995 3580 3152 3646 Vere,
3195 3581 3382 3646 Pater,
3407 3596 3470 3635 ex
3501 3596 3614 3649 quo
3641 3579 3782 3634 hinc

2181 3666 2503 3734 ambulasti,
2537 3667 2724 3722 nullus
2753 3667 2913 3722 nobis
2943 3669 3098 3722 olera
3124 3685 3227 3726 nec
3255 3669 3516 3739 legumen
3549 3667 3788 3738 aliquod

2175 3755 2338 3808 coxit.
2361 3755 2447 3808 Ad
2473 3771 2642 3826 quem
2667 3761 2894 3810 sanctus
2911 3761 3079 3826 grata
3093 3763 3281 3812 mente
3300 3755 3614 3827 respondit:
3651 3757 3788 3810 Non

2175 3843 2540 3908 contristeris,
2577 3843 2656 3900 fili
2679 3843 2776 3910 mi,
2809 3861 2912 3914 ego
2937 3845 3060 3914 jam
3079 3861 3335 3915 coquam.
3370 3845 3789 3916 Ingressusque

2176 3933 2602 4001 monasterium,
2615 3939 2742 4004 post
2761 3933 3072 3990 orationem
3091 3935 3246 3989 venit
3262 3935 3335 3992 ad
3362 3934 3699 4004 coquinum;
3731 3941 3794 3989 et

2177 4022 2467 4078 inveniens
2486 4023 2720 4078 fratrem
2749 4023 2844 4094 qui
2859 4024 3111 4094 coquinae
3143 4022 3676 4094 praeerat,psiathos
3713 4025 3792 4092 (id

2179 4117 2282 4180 est,
2303 4112 2542 4182 tegetes)
2561 4118 3054 4183 operantem,quas
3065 4117 3273 4168 mattas
3293 4113 3490 4182 vulgus
3508 4113 3790 4183 appellat,

2179 4200 2340 4258 aitad
2353 4217 2516 4258 eum:
2552 4199 2651 4256 Dic
2672 4201 2832 4266 mihi,
2852 4201 3046 4256 frater.
3077 4208 3350 4272 quantum
3378 4203 3654 4272 temporis
3681 4202 3795 4256 ha-

2179 4287 2295 4357 bes,
2313 4306 2378 4344 ex
2390 4306 2500 4360 quo
2529 4305 2640 4344 non
2670 4289 2869 4345 coxisti
2891 4289 3158 4348 fratribus
3185 4291 3338 4346 olera
3355 4290 3442 4344 vel
3456 4290 3794 4360 legumina?

2180 4378 2288 4444 Qui
2314 4378 2604 4449 respondit
2635 4397 2646 4431 :
2702 4379 2846 4434 Sunt
2873 4379 2991 4433 fere
3033 4379 3144 4436 duo
3173 4395 3412 4436 menses.
3451 4379 3520 4434 Et
3549 4385 3795 4435 sanctus

497 4471 695 4529 mium.
729 4471 876 4536 Quia
924 4486 1054 4526 vero
1083 4471 1348 4542 praedicta
1377 4473 1719 4529 monasteria
1774 4473 1832 4526 in
1887 4473 2092 4527 subur-
2112 4466 2508 4524 DPachomius
2535 4467 2650 4522 ait:
2677 4468 2863 4532 Quare
2889 4473 3086 4522 contra
3106 4475 3445 4539 praeceptum
3476 4467 3666 4524 facere
3696 4485 3798 4526 vo-

497 4559 644 4618 bano
673 4559 900 4618 fuerant
917 4559 1194 4626 instituta,
1230 4559 1376 4616 idem
1407 4557 1633 4616 sanctus
1662 4561 1740 4616 ibi
1765 4562 1944 4617 voluit
1971 4579 2092 4618 ma-

499 4665 634 4704 nere
695 4649 925 4714 diutius,
989 4665 1168 4720 usque
1221 4649 1358 4704 dum
1411 4649 1470 4708 hi
1527 4667 1664 4721 quos
1717 4650 2088 4718 ordinaverat,

501 4737 712 4798 Christi
738 4755 972 4798 munere
996 4739 1376 4798 ﬁrmarentur.

574 4826 704 4878 CAP.
723 4827 1196 4886 XLII.—-lnterea
1213 4826 1578 4898 philosophus
1601 4827 1829 4898 quidam
1859 4828 2098 4886 civitatis

502 4913 696 4985 ipsius,
731 4915 924 4972 audita
951 4933 1238 4975 servorum
1271 4915 1370 4972 Dei
1402 4915 1682 4987 opinione,
1699 4917 1852 4971 venit
1877 4919 1948 4974 ad
1979 4935 2092 4984 eos,

503 5001 645 5058 scire
689 5003 880 5060 volens
917 5005 1052 5074 quid
1091 5011 1298 5071 essent,
1351 5005 1552 5076 quidve
1583 5007 2012 5076 proﬁterentur;
2045 5012 2102 5062 et

501 5090 698 5149 videns
722 5091 940 5162 aliquos
961 5109 1025 5146 ex
1043 5093 1350 5160 monachis,
1371 5094 1452 5150 ait
1479 5094 1550 5148 ad
1571 5111 1666 5148 eos
1693 5113 1706 5148 :
1730 5095 1941 5150 Vocate
1964 5095 2100 5150 mihi

503 5180 730 5236 Patrem
761 5186 1031 5249 vestrum,
1059 5183 1192 5252 quia
1217 5183 1286 5238 de
1314 5183 1480 5238 rebus
1509 5183 1836 5242 necessariis
1875 5201 2002 5242 cum
2036 5202 2101 5240 eo

504 5268 894 5339 disputaturus
914 5285 1065 5326 sum.
1105 5271 1245 5327 Cum
1276 5272 1627 5342 cognovisset
1655 5279 1844 5330 autem
1877 5280 2102 5329 sanctus

499 5357 728 5430 virquia
746 5359 1111 5430 philosophus
1139 5366 1304 5426 esset,
1333 5361 1487 5418 misit
1517 5363 1588 5418 ad
1633 5380 1762 5418 eum
1781 5363 2102 5418 Cornelium

505 5453 563 5506 et
589 5447 963 5514 Theodorum,
1001 5448 1327 5520 praecipiens
1355 5451 1434 5504 eis
1457 5456 1520 5504 ut
1547 5451 1618 5505 ad
1653 5469 1720 5506 ea
1746 5469 1874 5522 quae
1911 5451 2104 5508 scisci-

503 5537 707 5594 taverit
733 5537 1004 5610 prudenti
1030 5539 1394 5609 responsione
1424 5539 2102 5612 satisfacerent.Egressus

502 5627 680 5702 igitur
707 5627 779 5684 ad
803 5645 934 5690 eum
961 5628 1330 5700 philosophus
1352 5627 1458 5685 ait:
1484 5627 1696 5688 Multus
1711 5630 1898 5690 adnos
1917 5646 2100 5689 sermo

2173 4556 2347 4622 luisti,
2373 4561 2614 4634 ut.tanta
2630 4555 2865 4612 fratrum
2889 4557 3271 4628 negligeretur
3288 4557 3505 4611 utilitas
3517 4557 3650 4620 ΡΟΠί
3677 4556 3795 4612 sub

2175 4645 2376 4700 humili
2397 4645 2776 4704 satisfactione
2807 4645 3098 4717 respondit
3121 4663 3132 4700 :
3155 4646 3492 4717 Optaveram
3521 4645 3790 4717 quidem,

2180 4734 2511 4790 venerabilis
2562 4736 2748 4803 Pater,
2808 4735 3058 4806 quotidie
3111 4735 3345 4806 implere
3400 4735 3797 4792 ministerium

2179 4840 2399 4892 meum;
2423 4823 2522 4878 sed
2547 4824 2681 4896 quia
2709 4823 2982 4896 quidquid
3002 4823 3328 4894 coquebam,
3343 4839 3456 4880 non
3473 4839 3798 4882 consume—

2179 4912 2347 4968 batur
2374 4928 2410 4967 a
2435 4912 2722 4979 fratribus,
2748 4913 2882 4985 quia
2909 4929 3102 4969 omnes
3124 4912 3407 4969 abstinent
3425 4912 3548 4985 (soli
3572 4913 3799 4985 quippe

2181 5003 2342 5074 pueri
2379 5003 2592 5074 aliquid
2627 5008 2866 5060 coctum
2894 5003 3254 5075 percipiunt),
3286 5020 3356 5058 ne
3387 5007 3547 5058 tanto
3586 5000 3802 5058 labore

2183 5098 2395 5164 paratae
2413 5092 3412 5164 projicerenturexpensse,propterea
3422 5091 3806 5164 pulmentum

2183 5198 2297 5238 non
2334 5182 2472 5238 coxi.
2513 5183 2588 5237 At
2615 5199 2686 5238 ne
2717 5183 2930 5238 otiosus
2957 5199 3155 5248 essem,
3215 5181 3466 5254 psiathos
3499 5178 3606 5250 (40)
3639 5181 3804 5251 elegi

2185 5289 2311 5327 cum
2348 5271 2618 5326 fratribus
2653 5276 2861 5338 texere,
2896 5272 3078 5328 sciens
3100 5287 3279 5330 unum
3301 5271 3370 5326 de
3401 5270 3486 5324 his
3515 5269 3612 5340 qui
3641 5271 3806 5324 mihi

2185 5360 2434 5430 deputati
2468 5365 2600 5415 sunt
2619 5361 2686 5414 ad
2711 5377 2851 5432 opus
2889 5360 3212 5432 hujusmodi
3241 5377 3404 5432 posse
3425 5358 3712 5422 sufﬁcere,
3735 5366 3809 5414 ut

2184 5467 2386 5520 parvas
2414 5467 2589 5516 escas,
2619 5450 2676 5504 id
2709 5456 2812 5517 est,
2843 5451 3016 5506 olivas
3036 5457 3095 5508 et
3130 5448 3396 5505 herbulas
3417 5449 3490 5504 ad
3519 5447 3806 5504 refectio-

2183 5555 2313 5594 nem
2343 5538 2610 5594 fratribus
2637 5545 2881 5611 pararet.
2899 5541 3028 5596 Haec
3049 5539 3284 5598 audiens
3311 5537 3653 5594 Pachomius
3681 5556 3696 5593 :
3731 5538 3810 5592 Et

2183 5634 2322 5698 quot
2342 5634 2493 5697 sunt,
2511 5629 2712 5701 inquit,
2729 5629 2956 5701 psiathi.
2981 5646 3121 5702 quos
3136 5635 3192 5684 te
3209 5628 3408 5686 fecisse
3424 5626 3612 5688 dixisti
3631 5627 3662 5682 Ἰ
3680 5626 3810 5694 Qui
