4004 6196
236 306 341 366 261

1010 314 1180 368 VITA
1218 315 1476 376 SANCTI
1513 317 1868 379 PACHOMII
1905 322 2208 381 ABBATIS
2246 274 2763 385 TABENNEI‘lSIS.

3413 329 3517 389 ‘26?

234 435 562 506 respondit:
588 436 912 506 Quingenti.
932 437 1109 491 Etille
1132 456 1143 490 :
1170 438 1351 505 Deler,
1378 440 1579 512 inquit,
1594 442 1703 499 huc
1719 461 1835 499 om-
1852 452 1898 507 A
1921 447 1999 502 Ex
2045 448 2149 503 hoc
2198 450 2464 507 innocens
2508 468 2604 508 ero
2626 470 2638 517 ;
2663 468 2758 506 vos
2781 451 3052 519 videritis,
3080 453 3127 507 si
3156 469 3224 507 ea
3240 470 3363 526 quae
3383 459 3516 509 sunt

235 540 360 590 nes,
396 530 461 579 ut
488 524 725 579 videam.
751 526 1001 589 Quicum
1030 526 1451 586 fuissentallati.
1476 532 1731 601 protinus
1749 552 1842 589 eos

232 613 367 683 igne
400 614 690 683 supposito
715 615 889 685 jussit
907 615 1081 669 exuri.
1112 617 1267 670 Tunc
1297 618 1377 670 ait
1396 618 1504 672 illis
1534 640 1543 673 :
1570 621 1725 676 Sicut
1748 641 1841 677 vos

230 702 507 757 traditam
534 702 682 756 vobis
701 720 833 773 erga
847 705 1320 776 dispensationem
1337 707 1573 762 fratrum
1586 712 1839 779 regulam

230 791 591 862 despexistis,
626 792 703 846 sic
725 810 826 862 ego
854 794 1063 864 passim
1092 794 1306 849 labores
1330 804 1542 851 vestros
1581 798 1838 854 incendio

229 881 896 951 concremavi,quatenus
914 884 1260 951 cognoscatis
1280 901 1445 954 quam
1463 888 1834 956 perniciosum

229 971 307 1023 sit
337 970 575 1024 Patrum
598 970 858 1025 instituta
884 973 1210 1038 convellere,
1244 990 1365 1043 quae
1390 991 1488 1044 pro
1518 975 1835 1030 animarum

228 1059 422 1112 salute
451 1060 673 1130 provisa
693 1067 842 1114 sunt.
869 1062 956 1113 An
984 1061 1259 1130 ignoratis
1277 1063 1421 1133 quod
1436 1063 1743 1132 gloriosum
1764 1066 1838 1121 sit

224 1165 460 1219 semper
489 1149 770 1204 abstinere
800 1151 1205 1222 prazsentibus?
1231 1153 1372 1207 Nam
1398 1154 1443 1206 si
1461 1155 1585 1226 quis
1606 1155 1674 1211 ab
1689 1173 1754 1210 ea
1774 1174 1834 1210 re

225 1255 355 1309 quae
396 1239 457 1292 in
494 1239 616 1309 ejus
648 1244 735 1293 est
757 1246 1034 1311 potestate
1064 1240 1250 1297 divina
1297 1242 1742 1301 consideratione
1775 1263 1833 1299 se

222 1327 503 1395 continet,
539 1344 803 1398 magnum
823 1330 1184 1399 consequitur
1203 1347 1237 1384 a
1255 1331 1492 1387 Domino
1516 1334 1829 1403 praemium.

220 1416 310 1468 Ab
351 1434 425 1470 ea
453 1434 583 1470 vero
615 1434 691 1481 re,
724 1420 882 1488 cujus
926 1418 1116 1473 utendi
1157 1420 1439 1475 licentiam
1492 1438 1603 1476 non
1643 1423 1829 1489 habet,

223 1506 481 1574 quadam
498 1506 747 1560 noscitur
756 1507 1087 1561 necessitate
1101 1508 1365 1575 cohiberi;
1392 1515 1447 1564 et
1468 1510 1592 1564 ideo
1604 1518 1834 1585 prOpter

219 1591 631 1649 abstinentiam
646 1601 893 1657 coactam
919 1601 1085 1667 atque
1108 1598 1364 1652 inutilem
1386 1598 1595 1653 frustra
1614 1600 1835 1655 videtur

219 1689 554 1754 exspectare
585 1685 918 1738 mercedem.
936 1686 1187 1758 Denique
1217 1704 1343 1740 cum
1368 1689 1557 1758 plures
1579 1706 1715 1743 escae
1738 1707 1832 1762 ap-

1926 541 2078 591 recta
2110 539 2451 609 respueritis.
2489 540 2647 603 Quod
2691 540 2738 593 si
2773 541 2910 593 mihi
2941 542 3107 597 vultis
3141 542 3512 612 acquiescere,

1923 625 2150 697 Deoque
2180 628 2399 697 placere
2428 645 2527 699 per
2551 629 2758 693 omnia,
2792 634 3017 683 cunctos
3047 631 3310 699 Origenis
3343 632 3516 687 libros

1921 713 1979 767 in
2012 716 2221 769 flumen
2252 717 2507 784 mergite,
2546 732 2615 769 ne
2654 715 2722 769 ab
2754 716 2863 769 illis
2892 735 2985 771 vos
3022 718 3124 790 ipsi
3156 721 3510 789 mergamini.

1922 802 2053 856 Haec
2084 803 2293 871 dicens,
2334 805 2591 858 discessit
2619 805 2687 857 ab
2719 805 2816 858 eis.
2863 806 2931 858 Et.
2960 807 3182 860 rediens
3210 809 3278 861 ad
3311 811 3518 863 excrci-

1919 890 2060 945 tium
2095 892 2271 946 solita:
2302 892 2542 957 virtutis,
2578 894 2790 963 reperit
2816 894 3018 949 fratres
3038 896 3095 949 in
3116 897 3370 951 oratione
3392 916 3518 952 con-

1918 978 2130 1044 sistere,
2167 997 2295 1034 cum
2312 981 2513 1052 quibus
2540 982 2800 1036 alacriter
2823 983 3062 1055 hymnos
3090 986 3378 1041 cantilena:
3399 988 3515 1059 spi-

1918 1068 2098 1123 ritalis
2127 1069 2405 1141 explicuit.

1989 1156 2121 1213 CAP.
2152 1159 2315 1215 XLV.
2352 1189 2422 1200 —
2443 1158 2731 1214 Monachis
2753 1160 2927 1230 igitur
2947 1162 3017 1215 ad
3034 1165 3369 1218 vescendum
3390 1183 3517 1220 con-

1918 1245 2285 1312 venientibus,
2316 1248 2646 1303 venerabilis
2674 1266 2843 1303 senex
2863 1250 2920 1304 in
2951 1252 3229 1317 cellulam,
3264 1253 3359 1307 ubi
3379 1272 3513 1309 con-

1916 1340 2174 1389 sueverat
2199 1336 2514 1406 supplicare
2544 1337 2801 1401 Domino,
2829 1355 2888 1391 se
2909 1340 3136 1411 recepit.
3162 1341 3229 1393 Et
3248 1340 3515 1397 obserans

1915 1422 2121 1477 ostium
2149 1423 2345 1477 orabat
2362 1425 2821 1490 intente,memor
2836 1428 3062 1482 visionis
3083 1446 3248 1501 quam
3267 1430 3517 1501 aliquan-

1915 1510 1985 1563 do
2015 1518 2415 1581 conspexerat;
2449 1519 2505 1567 et
2535 1514 2862 1569 obsecrabat
2884 1517 3206 1582 Dominum,
3237 1525 3515 1590 quatenus

1917 1599 1967 1652 ei
1997 1600 2311 1655 declararet
2325 1608 2535 1656 statum
2556 1606 2958 1659 monachorum
2987 1607 3081 1678 qui
3100 1606 3323 1661 futurus
3345 1616 3510 1673 esset,

1914 1689 2000 1741 vel
2026 1690 2156 1760 quid
2188 1698 2314 1760 post
2359 1693 2480 1761 ejus
2519 1692 2732 1747 obitum
2786 1694 2841 1748 in
2868 1700 3028 1749 tanta
3081 1698 3513 1767 congregatione

221 1773 426 1842 positze
457 1773 687 1833 fuerint,
710 1774 757 1828 si
777 1774 978 1828 fratres
1001 1776 1222 1845 parcius
1239 1776 1324 1829 his
1350 1782 1586 1831 utuntur
1602 1786 1831 1849 propter
1849 1799 1895 1858 Β
1914 1778 2263 1848 contingeret
2287 1799 2298 1845 ;
2333 1787 2388 1834 et
2417 1781 2485 1834 ab
2514 1782 2652 1835 hora
2672 1800 2821 1837 nona
2848 1801 3023 1853 usque
3038 1785 3259 1839 adillud
3288 1791 3514 1857 tempus

219 1862 430 1927 Deum,
466 1869 601 1916 tunc
632 1863 780 1933 apud
804 1864 981 1917 Deum
1012 1864 1117 1918 subi
1147 1865 1449 1919 maximam
1479 1884 1635 1937 spem
1665 1885 1828 1939 repo-

223 1958 393 2005 nunt.
431 1952 515 2006 De
547 1951 684 2005 cibis
708 1959 896 2007 autem
929 1970 1066 2024 quos
1094 1971 1209 2007 non
1235 1954 1441 2020 vident,
1496 1973 1597 2010 nec
1637 1957 1718 2011 eis
1763 1959 1833 2012 ad

218 2040 653 2111 percipiendum
692 2041 926 2094 facultas
958 2042 1071 2095 ulla
1100 2042 1385 2109 tribuitur,
1423 2046 1702 2115 quomodo
1731 2064 1831 2117 pro

214 2130 577 2201 parcimonia
602 2130 893 2200 praemium
924 2131 1282 2185 conceditur?
1321 2133 1565 2205 Ideoque
1603 2140 1833 2207 propter

216 2219 454 2289 exiguos
482 2224 746 2290 sumptus
760 2224 920 2273 tanta
930 2219 1167 2274 fratrum
1187 2237 1297 2275 non
1317 2220 1511 2276 debuit
1532 2221 1829 2279 intermitti

218 2308 617 2362 commoditas.

289 2396 426 2450 Cxp.
463 2396 659 2451 XLIV.
686 2427 748 2436 —
770 2398 898 2453 Haec
923 2415 1049 2453 cum
1071 2398 1396 2470 loqueretur
1412 2400 1481 2454 ad
1512 2417 1627 2466 eos,
1650 2406 1705 2454 et
1721 2401 1831 2455 suf—

220 2484 481 2540 ﬁcienter
513 2502 708 2540 eorum
742 2488 945 2540 delicta
970 2488 1293 2558 corriperet,
1320 2489 1581 2543 ostiarius
1602 2491 1670 2543 ad
1704 2507 1832 2544 eum

220 2574 461 2628 festinus
486 2574 775 2645 ingressus
809 2583 910 2637 est,
950 2593 1182 2647 magnos
1213 2578 1358 2631 viros
1389 2584 1444 2632 et
1466 2580 1831 2634 anachoretas

220 2665 481 2735 egregios
520 2664 776 2718 indicans
807 2664 1111 2729 advenisse,
1138 2666 1233 2735 qui
1260 2683 1389 2720 eum
1406 2668 1589 2721 videre
1620 2668 1832 2722 deside-

224 2754 616 2816 rarent.Quos
629 2753 776 2807 illico
800 2755 971 2823 jussit
998 2755 1230 2821 intrare,
1249 2755 1547 2826 debitaque
1577 2773 1832 2811 reveren-

222 2843 295 2899 tia
317 2843 586 2896 salutans
609 2860 722 2899 eos.
740 2849 865 2913 post
885 2844 1195 2898 orationem
1214 2862 1315 2915 per
1338 2844 1573 2899 fratrum
1597 2846 1835 2901 ducebat

216 2933 471 2997 cellulas,
510 2939 568 2985 et
596 2932 785 2986 omnia
821 2933 900 2987 eis
931 2933 1255 2987 monasterii
1295 2934 1415 2988 loca
1464 2934 1830 2989 monstrabat.

220 3021 324 3085 Qui
358 3028 712 3091 rogaverunt
733 3038 923 3075 senem
948 3027 1009 3074 ut
1029 3039 1153 3076 cum
1176 3038 1240 3075 eo
1259 3022 1326 3075 de
1348 3021 1548 3091 quibus
1566 3029 1835 3093 cuperent

1919 1882 2027 1936 quo
2053 1867 2227 1921 frater
2254 1870 2348 1939 qui
2378 1871 2667 1923 nocturnis
2689 1872 3034 1926 orationibus
3058 1880 3297 1943 praeerat
3318 1891 3508 1928 vocem

1916 1955 2184 2021 mitteret,
2220 1963 2276 2011 et
2304 1958 2371 2012 ad
2405 1975 2597 2029 preces
2640 1960 2833 2014 solitas
2864 1961 3146 2027 excitaret,
3179 1962 3509 2017 instantiam

1915 2061 2029 2097 suae
2060 2046 2482 2116 supplicationis
2513 2048 2778 2102 extendit.
2805 2049 3057 2119 Cumque
3078 2056 3403 2121 precaretur
3430 2057 3511 2106 at-

1913 2132 2143 2192 tentius,
2169 2132 2353 2187 subito
2365 2134 2511 2190 circa
2523 2136 2764 2189 mediam
2782 2143 3002 2190 noctem
3018 2137 3290 2191 visionem
3308 2139 3511 2208 cernit,

1914 2238 2035 2291 quae
2068 2238 2197 2276 eum
2221 2223 2383 2292 juxta
2402 2223 2730 2295 petitionem
2751 2224 3034 2295 propriam
3058 2226 3127 2279 de
3149 2230 3299 2279 statu
3330 2234 3513 2299 poste-

1912 2326 2103 2363 rorum
2117 2327 2347 2365 suorum
2362 2312 2579 2381 plenius
2598 2312 2873 2366 edoceret.
2892 2314 3037 2367 Nam
3052 2316 3394 2369 monasteria
3410 2332 3513 2369 sua

1913 2398 2297 2454 vehementius
2320 2400 2626 2467 dilatando,
2652 2402 3062 2472 nonnullosque
3083 2402 3171 2474 pie
3192 2403 3434 2457 victuros
3456 2409 3513 2457 et

1916 2488 2271 2543 continenter
2304 2490 2924 2560 agnovit,neglecturos
2942 2491 3110 2544 etiam
3133 2491 3404 2562 plurimos
3432 2493 3512 2546 di-

1915 2575 2069 2643 dicit,
2084 2594 2356 2649 suamque
2372 2578 2611 2633 salutem
2631 2579 2852 2649 penitus
2869 2597 2990 2633 esse
3011 2579 3511 2650 perdituros.Vidit

1916 2682 2067 2735 ergo,
2085 2666 2228 2720 sicut
2248 2667 2366 2738 ipse
2384 2668 2649 2734 narravit,
2675 2668 3091 2722 multitudinem
3106 2671 3509 2724 monachorum

1917 2753 1973 2807 in
1996 2754 2133 2807 valle
2156 2755 2399 2825 quadam
2431 2756 2705 2826 profunda
2716 2756 2852 2810 satis
2875 2763 3043 2827 atque
3061 2757 3365 2827 caliginosa
3385 2776 3513 2813 con-

1917 2843 2133 2899 sistere.
2152 2851 2209 2897 et
2224 2843 2363 2898 alios
2389 2844 2586 2898 exinde
2608 2846 2744 2897 velle
2762 2846 3152 2907 conscendere,
3176 2863 3279 2900 nec
3300 2849 3504 2913 valere,

1920 2931 2050 3001 quia
2079 2931 2447 2985 occurrebant
2475 2949 2539 2985 ex
2574 2933 2806 2987 adverso
2845 2933 2969 3001 sibi,
3003 2951 3106 2988 nec
3149 2935 3382 2989 invicem
3423 2936 3510 2989 di-

1914 3035 2184 3088 gnoscere
2204 3025 2483 3091 poterant,
2510 3039 2611 3075 nec
2639 3023 2707 3075 de
2731 3023 3007 3093 profundo
3029 3023 3125 3077 illo
3144 3024 3509 3078 ettenebroso

216 3110 386 3164 rebus
406 3116 631 3164 secreto
657 3111 1038 3181 loquerentur.
1072 3111 1227 3164 Tunc
1242 3127 1372 3163 vero
1394 3110 1553 3164 duxit
1574 3128 1667 3165 eos
1690 3129 1838 3165 seor—
1854 3114 1897 3174 Ο
1918 3107 2039 3161 loco
2068 3125 2297 3183 prorsus
2327 3126 2614 3180 emergere
2637 3130 2647 3163 :
2670 3111 2809 3165 alios
2841 3119 3030 3166 autem
3047 3112 3255 3166 frustra
3282 3118 3511 3167 conatos

221 3216 366 3261 sum,
397 3200 663 3268 seditque
689 3216 816 3253 cum
847 3198 927 3252 eis
980 3198 1095 3252 Illis
1113 3204 1301 3253 autem
1332 3199 1401 3252 de
1432 3199 1598 3252 rebus
1625 3200 1831 3255 abditis

220 3294 392 3359 atque
416 3287 647 3341 arcanis
659 3286 825 3340 altius
845 3286 1281 3357 disputantihus,
1306 3288 1473 3359 coepit
1490 3294 1715 3351 sanctus
1730 3290 1831 3343 Pa-

219 3376 481 3430 chomius
505 3376 732 3429 odorem
775 3376 983 3429 sentire
1008 3376 1380 3429 teterrimum.
1411 3376 1649 3430 Videbat
1678 3378 1861 3433 enim--

221 3482 312 3518 eos
335 3465 563 3518 exculto
585 3464 721 3517 satis
741 3464 823 3518 uti
838 3481 1115 3525 sermone,
1149 3470 1205 3517 et
1222 3465 1277 3517 in
1301 3465 1602 3535 Scripturis
1624 3467 1829 3520 sanctis

219 3560 450 3624 paratos
475 3553 736 3619 existere,
771 3570 872 3606 nec
899 3558 1123 3623 poterat
1151 3553 1219 3606 de
1249 3553 1606 3609 intolerantia
1637 3555 1829 3609 fetoris

220 3643 437 3715 aliquid
472 3642 562 3695 vel
593 3642 856 3712 cogitare,
891 3642 975 3695 vel
995 3642 1197 3696 dicere.
1235 3642 1336 3695 Ubi
1365 3659 1498 3712 ergo
1532 3644 1599 3697 de
1629 3644 1829 3698 divinis

220 3732 463 3803 eloquiis
486 3731 700 3785 diutius
722 3731 1094 3801 disputarem,
1132 3737 1187 3784 et
1218 3732 1353 3785 hora
1384 3748 1531 3787 nona
1551 3734 1671 3803 jam
1693 3735 1829 3785 ref"-

218 3820 421 3874 ctionis
441 3827 673 3890 tempus
709 3820 997 3885 indiceret,
1026 3825 1321 3889 surgentes
1352 3820 1477 3891 ipsi,
1511 3838 1636 3874 mox
1672 3822 1828 3877 abire

217 3909 543 3964 voluerunt.
577 3908 729 3972 Quos
749 3916 974 3962 sanctus
1004 3909 1087 3961 vir
1110 3908 1324 3962 enixius
1346 3909 1543 3963 orabat
1563 3916 1626 3963 ut
1644 3910 1828 3965 cibum

216 3998 435 4069 pariter
445 4004 758 4052 sumerent,
776 3998 879 4061 Qui
893 3997 1196 4052 noluerunt
1217 3997 1438 4067 penitus
1453 3999 1823 4068 acquiescere,

216 4086 472 4142 dicentes
526 4086 794 4141 testinare
823 4104 880 4140 se
911 4091 1041 4141 ante
1074 4102 1333 4140 occasum
1371 4087 1503 4139 solis
1546 4092 1725 4153 13%
1756 4088 1826 4142 ad

216 4177 449 4247 propria
506 4192 781 4231 remeare.
830 4175 898 4229 Et
948 4175 1069 4229 vale
1118 4174 1367 4229 dicentes
1395 4175 1466 4241 ei,
1500 4174 1620 4229 sine
1666 4192 1824 4231 mora

214 4266 452 4336 profecti
470 4271 624 4319 sunt.
641 4265 797 4320 Tunc
813 4269 1037 4318 sanctus
1061 4262 1392 4319 Pachomius
1414 4263 1601 4317 volens
1618 4265 1825 4319 certius

216 4371 448 4409 causam
467 4354 666 4409 fetoris
684 4353 1072 4423 agnoscere,in
1091 4352 1402 4406 orationem
1425 4352 1820 4422 prosternitur,

1912 3213 2026 3267 prae
2054 3193 2385 3251 lassitudine
2414 3216 2596 3265 ruere,
2639 3205 2806 3269 atque
2837 3200 2907 3252 ad
2937 3199 3148 3254 inferos
3178 3201 3502 3271 pervenire;

1913 3285 2069 3347 alios,
2084 3287 2354 3355 jacentes,
2384 3286 2688 3341 miserabili
2701 3304 2764 3340 ac
2796 3289 3109 3360 lacrymosa
3126 3306 3253 3342 voce
3276 3290 3504 3358 deﬂere;

1913 3375 2212 3429 nonnullos
2258 3392 2389 3428 vero
2437 3392 2564 3429 cum
2601 3376 2844 3429 maximo
2884 3376 3073 3429 labore
3106 3378 3498 3439 conscendere,

1911 3466 2111 3537 quibus
2142 3466 2199 3519 in
2233 3483 2467 3520 ascensu
2505 3466 2623 3538 ipse
2653 3467 2745 3520 lux
2780 3468 3035 3537 protinus
3062 3467 3407 3530 occurrebat,
3442 3469 3501 3523 in

1912 3572 2023 3624 qua
2050 3556 2341 3610 constituti
2371 3555 2687 3610 referebant
2715 3555 2829 3610 Deo
2858 3556 3069 3626 gratias
3093 3557 3241 3627 quod
3272 3558 3506 3614 evadere

1913 3638 2247 3708 potuissent.
2284 3641 2369 3693 Ita
2396 3639 2729 3693 Pachomius
2754 3639 3161 3711 intellexitquze
3192 3641 3505 3696 novissimis

1912 3734 2099 3782 essent
2137 3735 2405 3781 eventura
2434 3724 2780 3799 temporibus
2806 3747 2816 3795 ;
2851 3729 3268 3800 caecitatemque
3298 3732 3504 3784 mentis

1911 3833 2105 3870 eorum
2137 3817 2230 3889 qui
2252 3823 2379 3888 post
2390 3818 2564 3871 futuri
2590 3822 2739 3880 sunt,
2762 3824 2819 3871 et
2837 3835 3088 3872 errorem
3120 3818 3317 3883 cordis,
3340 3819 3509 3874 bono-

1912 3923 2149 3976 rumque
2170 3906 2448 3959 defectum
2472 3906 2631 3960 valde
2659 3907 2859 3974 doluit;
2897 3907 3136 3961 maxime
3174 3924 3323 3973 vero,
3358 3910 3505 3980 quod

1911 3994 2190 4065 przepositi
2220 4001 2353 4048 tunc
2380 3996 2728 4065 negligentes
2754 4012 2818 4049 ac
2843 3995 3065 4050 desides
3091 3996 3292 4062 forent,
3318 4015 3420 4052 nec
3450 3998 3507 4052 in

1910 4082 2022 4136 Deo
2036 4082 2397 4149 conﬁderent,
2416 4084 2515 4137 sed
2526 4084 3176 4140 concordiadiscordiose
3190 4091 3507 4151 uterentur,

1908 4171 2191 4241 placentes
2221 4172 2404 4225 stulta:
2419 4171 2788 4238 multitudini,
2806 4180 2861 4227 et
2882 4179 3228 4227 ostentantes
3249 4174 3503 4229 habitum

1908 4260 2327 4321 monachorum,
2364 4261 2627 4330 nullaque
2652 4260 2792 4313 bona
2814 4277 2984 4332 opera
3013 4262 3390 4331 praeferentes.
3412 4264 3517 4316 Se-‘

1910 4347 2019 4401 mel
2043 4354 2230 4401 autem
2253 4349 2509 4418 pessimis
2522 4348 2826 4420 primatum
2846 4349 3187 4416 tenentibus,
3208 4350 3505 4421 ipsumque

216 4460 457 4498 exorans
489 4443 797 4497 Dominum
818 4448 1098 4514 quatenus
1119 4441 1222 4494 sibi
1245 4441 1437 4512 quales
1470 4446 1657 4495 essent
1685 4459 1825 4512 pan-
1841 4467 1889 4525 D
1908 4453 2113 4490 nomen
2133 4443 2336 4491 sanctze
2356 4437 2794 4491 conversationis
2826 4438 3233 4509 ignorantibus,
3272 4456 3496 4493 necesse

217 4532 352 4587 dere
382 4534 738 4603 dignaretur.
790 4533 1026 4601 Moxque
1057 4530 1319 4599 cognovit
1347 4530 1495 4600 quod
1520 4530 1827 4601 impietatis
1911 4532 1995 4580 est
2023 4527 2408 4581 aemulationes
2431 4543 2495 4579 ac
2509 4527 2701 4597 jurgia
2719 4527 2999 4597 generari,
3021 4528 3215 4598 etquis
3243 4528 3507 4598 praesitac

218 4636 419 4675 eorum
441 4621 730 4691 dogmata,
754 4618 957 4691 quibus
978 4617 1359 4689 probabantur
1380 4616 1826 4681 imbuti,tantam

218 4710 535 4779 perniciem
564 4708 634 4761 de
661 4725 855 4763 eorum
876 4706 1135 4762 cordibus
1153 4706 1494 4760 exhalarent.
1521 4706 1636 4759 Nec
1650 4723 1826 4774 mora,

217 4797 370 4852 viros
388 4799 541 4871 ipsos
562 4798 898 4868 insequitur,
912 4802 969 4850 et
987 4794 1348 4869 apprehensis
1369 4794 1473 4848 ait:
1497 4794 1682 4850 Unum
1703 4797 1827 4851 volo

216 4903 315 4940 vos
341 4887 700 4957 interrogare
713 4902 1045 4943 sermonem.
1070 4884 1175 4948 Qui
1194 4884 1456 4938 dixerunt
1475 4902 1485 4936 :
1514 4884 1822 4956 Interroga.

216 4976 537 5048 Numquid,
569 4976 668 5035 ait,
699 4974 958 5046 Origenis
982 4978 1299 5029 commenta
1318 4972 1570 5042 legistis?
1597 4973 1703 5037 Qui
1733 4990 1828 5028 ne-

213 5074 443 5138 gantes,
489 5066 752 5120 (lauant
788 5083 799 5117 :
838 5065 1226 5136 Nequaquam.
1276 5061 1489 5126 Quibus
1538 5062 1655 5117 ait:
1690 5063 1826 5118 Ecce

215 5162 513 5209 contestor
530 5171 627 5208 vos
653 5170 842 5209 coram
870 5153 1126 5218 Domino,
1160 5151 1309 5223 quod
1338 5151 1520 5205 omnis
1538 5152 1707 5206 homo
1729 5153 1825 5223 qui

215 5244 357 5315 legit
378 5244 706 5314 Origenem,
731 5248 788 5297 et
807 5240 1086 5295 consentit
1105 5240 1189 5293 his
1208 5255 1329 5309 quae
1351 5255 1517 5309 prave
1538 5239 1820 5305 disseruit,

214 5335 271 5386 in
309 5332 597 5402 profunda
624 5330 1246 5403 pervenietinferorum,
1274 5326 1683 5400 luereditasque
1705 5330 1825 5398 ejus

1910 4616 2093 4685 major
2121 4614 2211 4679 sit,
2248 4613 2547 4669 ambitiosa
2575 4615 2675 4669 lite
2700 4616 3039 4670 contendere
3069 4635 3085 4680 ;
3128 4621 3185 4671 et
3214 4615 3504 4687 reprobari

1912 4704 2138 4773 quidem
2157 4703 2350 4770 bonos,
2379 4720 2442 4758 ac
2463 4705 2641 4758 malos
2655 4704 2806 4775 eligi;
2834 4721 2935 4757 nec
2964 4703 3240 4774 probitate
3258 4720 3499 4770 morum,

1909 4793 2006 4846 sed
2035 4792 2371 4864 antiquitate
2393 4792 2477 4847 vel
2492 4793 2687 4847 ordine
2708 4808 3169 4863 unumquemque
3185 4793 3322 4846 velle
3346 4799 3506 4849 caete-

1910 4881 2283 4936 risanteferri.
2317 4882 2476 4936 Unde
2498 4898 2680 4954 neque
2698 4882 2891 4954 aliqua
2911 4880 3070 4935 bonis
3091 4880 3505 4952 virisloquendi

1909 4971 2113 5025 ﬁducia
2140 4970 2355 5024 suberit
2377 4987 2476 5040 pro
2508 4969 2751 5023 utilitate
2781 4969 3086 5035 communi,
3121 4970 3215 5025 sed
3251 4977 3419 5026 erunt
3447 4972 3507 5027 in

1908 5060 2127 5114 silentio
2175 5064 2232 5113 et
2267 5059 2471 5129 quiete,
2523 5065 2622 5112 aut
2659 5064 2807 5113 certe
2841 5057 2944 5112 sub
2988 5060 3171 5114 colore
3198 5061 3506 5117 honestatis

1907 5148 2125 5218 magnis
2141 5146 2625 5219 persecutionibus
2646 5147 2990 5220 affligentur.
3014 5149 3082 5203 Et
3102 5149 3235 5220 quid
3260 5155 3347 5203 est
3367 5167 3506 5222 opus

1908 5238 2131 5307 singula
2158 5252 2468 5302 recensere,
2501 5252 2626 5290 cum
2649 5237 2837 5291 omnia
2854 5254 2995 5308 pene
3007 5255 3129 5311 quae
3150 5245 3282 5293 sunt
3298 5240 3506 5310 regulis

1907 5326 2141 5381 subnixa
2157 5325 2379 5391 divinis,
2401 5325 2663 5379 humanis
2683 5342 2803 5379 com
2813 5327 3181 5383 mutabuntur
3200 5327 3505 5389 illecebris?

214 5429 391 5477 erunt
423 5438 641 5474 vermes
672 5426 729 5474 et
757 5419 1055 5473 exteriores
1085 5415 1350 5482 tenebrae,
1384 5416 1584 5487 quibus
1606 5417 1826 5488 iniquo—
1907 5417 2062 5469 Tunc
2092 5414 2427 5468 Pachomius
2457 5414 2786 5469 exclamavit
2815 5416 2886 5469 ad
2916 5417 3238 5483 Dominum,
3272 5434 3397 5470 cum
3418 5416 3503 5469 la-

219 5528 354 5569 rum
385 5510 594 5565 animae
622 5510 744 5563 sine
776 5511 884 5562 line
905 5506 1228 5579 punientur.
1252 5505 1331 5559 En
1362 5522 1485 5576 ego,
1513 5505 1661 5575 quod
1694 5506 1831 5559 mihi
1913 5502 2118 5575 crymis
2146 5502 2353 5556 dicens:
2371 5503 2739 5577 Omnipotens
2768 5504 2937 5569 Deus,
2961 5504 3103 5558 sisic
3132 5505 3256 5569 erit,
3290 5510 3353 5558 ut
3368 5505 3502 5575 quid

220 5600 660 5657 manifestatum
684 5604 817 5653 esta
837 5596 1094 5663 Domino,
1117 5594 1270 5651 vobis
1292 5594 1527 5651 sollicite
1558 5594 1826 5656 nuntiavi.
1914 5590 2218 5664 permisisti
2239 5591 2492 5649 ccenobia
2518 5590 2625 5646 ista
2650 5592 2941 5649 constitui?
2955 5593 3012 5648 Si
3032 5592 3182 5647 enim
3204 5592 3264 5646 in
3289 5597 3504 5662 tempo-
