4004 6196
489 321 593 380 ‘263

1500 305 1599 361 DE
1634 302 1824 360 VITIS
1862 297 2160 356 PATRUM
2194 299 2410 356 LIBER
2444 299 2735 356 PRIMUS.

3657 297 3764 358 264

489 466 552 503 re
577 445 897 508 novissimo,
924 438 1241 512 quicunque
1260 431 1526 488 fratribus
1538 425 2080 502 praeerantperversi
2098 425 2150 486 Α
2170 427 2431 481 monachi
2454 427 2617 498 juxta
2643 425 3107 480 consuetudinem
3151 441 3343 480 coram
3380 442 3512 481 sene
3562 425 3634 480 ad
3664 441 3760 480 au-

491 535 663 592 futuri
691 537 841 597 sunt,
867 529 1060 601 quales
1077 530 1241 581 erunt
1255 523 1336 578 illi
1351 521 1446 594 qui
1467 519 1570 575 sub
1591 535 1785 574 eorum
1807 515 2080 587 regimine

490 620 886 680 versabantur?
917 620 1106 672 Caecus
1137 613 1288 668 enim
1312 612 1359 666 si
1389 627 1532 664 caeco
1551 608 1818 662 ducatum
1846 604 2078 676 praabet,

489 718 725 782 uterque
751 710 810 762 in
831 708 1046 762 foveam
1075 703 1225 758 cadit
1259 700 1471 769 (Matth.
1504 701 1616 767 xv).
1650 696 1774 750 Heu
1803 694 1924 768 me!
1949 692 2082 782 quia

487 781 694 855 frustra
723 804 779 852 et
806 810 1148 868 supervacue
1177 789 1444 845 laboravi.
1473 788 1776 849 Memento,
1819 781 2076 848 Domine,

487 889 803 944 studiorum
826 901 1097 947 meorum,
1115 897 1237 953 qua:
1251 884 1348 933 tuo
1387 891 1622 931 munere
1638 871 1938 946 perfecisti;
1967 887 2082 924 me-

487 981 678 1030 mento
707 973 1046 1028 famulorum
1072 975 1316 1032 tuorum,
1335 963 1430 1036 qui
1451 963 1686 1018 tibitota
1697 964 1884 1015 mente
1899 959 2085 1013 deser-

487 1065 678 1132 viunt;
712 1066 993 1117 memento
1009 1055 1334 1114 testamenti
1361 1053 1466 1120 tui,
1489 1051 1638 1123 quod
1666 1065 1844 1121 usque
1864 1047 1935 1102 ad
1949 1064 2084 1102 con-

487 1152 924 1208 summationem
937 1146 1125 1204 saeculi
1135 1163 1167 1200 a
1177 1143 1289 1199 tuis
1305 1139 1611 1214 promisisti
1625 1137 1894 1194 custodiri
1909 1136 2085 1190 culto-

489 1241 662 1295 ribus.
693 1240 778 1293 Tu
815 1237 982 1302 nosti,
1020 1233 1276 1296 Domine,
1297 1230 1429 1302 quia
1457 1246 1523 1310 ex
1542 1244 1652 1299 quo
1681 1225 1900 1297 suscepi
1933 1225 2084 1278 hunc

489 1329 742 1385 habitum
758 1322 1209 1391 monachi,nimis
1221 1319 1552 1374 humiliatus
1563 1333 1689 1370 sum
1708 1316 1766 1370 in
1785 1317 2084 1384 conspectu

492 1425 610 1484 tuo,
631 1431 922 1487 nunquam
951 1412 1186 1468 satiatus
1211 1425 1336 1464 sum
1353 1423 1515 1479 pane,
1531 1409 1589 1460 et
1606 1420 1772 1476 aqua,
1799 1403 1882 1456 vel
1903 1401 2084 1472 quali-

493 1508 586 1562 bet
609 1510 868 1562 creatura
897 1502 1009 1556 alia
1038 1516 1204 1571 quam
1236 1495 1434 1551 fecisti.

564 1597 695 1651 Haec
723 1611 789 1648 eo
819 1593 1058 1655 dicente,
1091 1605 1195 1642 vox
1221 1587 1290 1641 ad
1319 1601 1446 1640 eum
1467 1583 1614 1638 facta
1641 1587 1743 1647 est,
1767 1579 1975 1634 dicens:
2001 1579 2086 1632 Ne

491 1685 768 1756 glorieris,
797 1677 1080 1744 Pachomi,
1113 1693 1240 1730 cum
1263 1675 1338 1728 sis
1351 1675 1538 1734 homo;
1569 1670 1900 1740 etindigeas
1917 1667 2088 1721 mise-

495 1771 756 1828 ricordia.
779 1768 912 1840 quia
938 1771 1142 1822 cuncta
1162 1781 1284 1834 qua:
1305 1760 1548 1826 condidi,
1581 1775 1708 1812 mea
1727 1756 2088 1812 miseratione

495 1859 826 1916 subsistunt.
845 1855 952 1920 Qui
967 1852 1258 1908 confestim
1280 1853 1596 1922 prostratus
1617 1847 1675 1900 in
1690 1843 2090 1911 terra,miseri-

495 1949 738 2004 cordiam
789 1943 1012 2000 Domini
1054 1938 1392 2013 postulabat,
1440 1936 1676 1991 dicens:
1719 1933 2088 2004 Omnipotens

497 2039 646 2093 Deus
679 2076 692 2102 ,
727 2034 954 2088 veniant
1000 2029 1140 2084 mihi
1185 2026 1576 2082 miserationes
1604 2030 1714 2078 tua:
1748 2063 1762 2090 ,
1813 2027 1870 2076 et
1905 2021 2085 2074 vivam

489 2129 668 2198 (Psal.
699 2131 911 2190 cxvm);
935 2127 991 2175 et
1007 2137 1078 2174 ne
1098 2118 1318 2172 auferas
1341 2113 1754 2170 misericordias
1772 2117 1900 2166 tuas
1918 2127 1954 2164 a
1971 2126 2082 2177 me,

493 2215 628 2287 quia
655 2209 1036 2267 misericordia
1057 2212 1113 2262 et
1139 2206 1344 2261 veritas
1363 2211 1460 2259 tua
1476 2218 1700 2274 semper
1722 2204 2088 2271 susceperunt

499 2321 590 2359 me
613 2305 777 2371 (Psal.
807 2301 1000 2366 xxxn).
1025 2297 1150 2353 Scio
1163 2296 1314 2350 enim
1326 2311 1450 2365 ego,
1465 2291 1720 2356 Domine,
1737 2289 1864 2360 quia
1908 2295 1944 2354 Ι
1961 2293 2088 2354 33

503 2398 710 2448 nutant
729 2395 787 2445 et
813 2388 1131 2444 claudicant
1157 2399 1420 2439 universa
1449 2382 1570 2436 sine
1597 2375 1959 2452 protectionis
1979 2382 2090 2430 tua:

495 2480 726 2536 auxilio.
743 2479 873 2531 llaec
892 2492 1020 2530 cum
1035 2471 1288 2536 dixisset,
1304 2469 1608 2523 astiterunt
1631 2482 1800 2536 super
1829 2481 1957 2518 eum
1997 2481 2092 2518 an-

493 2569 603 2640 geli
635 2567 793 2634 lucis;
823 2570 878 2618 et
904 2561 1125 2634 juvenis
1153 2560 1208 2614 in
1233 2559 1418 2613 medio
1439 2573 1656 2622 eorum,
1679 2553 1945 2608 ineffabili
1970 2554 2090 2624 pul-

495 2655 811 2712 chritudine
831 2658 1000 2723 atque
1021 2649 1274 2704 claritate
1295 2646 1676 2718 resplendens,
1699 2645 1789 2715 qui
1803 2643 1984 2698 instar
2003 2659 2090 2696 so-

494 2747 564 2800 lis
595 2763 660 2800 ex
709 2760 769 2797 se
798 2740 1028 2812 fulgoris
1071 2737 1256 2792 radios
1305 2734 1600 2790 emittebat
1623 2773 1636 2800 ,
1669 2732 1881 2786 habens
1919 2748 2090 2802 super

495 2840 664 2906 caput
693 2847 954 2887 coronam
985 2828 1260 2899 spineam.
1295 2826 1366 2879 Et
1381 2825 1627 2878 levantes
1648 2839 1682 2876 a
1701 2827 1856 2876 terra
1881 2821 2090 2874 Pacho-

498 2925 674 2978 mium
697 2919 902 2992 angeli,
927 2917 1120 2972 dicunt
1149 2915 1200 2968 ei
1224 2934 1239 2969 :
1271 2913 1546 2978 Quoniam
1567 2911 1758 2983 petisti
1788 2927 1821 2964 a
1847 2909 2086 2964 Domino

497 3009 961 3074 misericordiam,
981 3021 1106 3060 ecce
1127 3002 1388 3058 venittibi
1401 2999 1785 3056 misericordia
1804 3005 1919 3058 tua.
1937 2999 2087 3052 Deus

2161 515 2428 570 diendum
2447 515 2680 570 verbum
2709 515 2810 570 Dei
2843 515 3234 570 constiterunt.
3272 515 3381 580 Qui
3412 516 3670 586 aperiens
3698 531 3760 568 os

2161 619 2345 670 suum,
2379 603 2614 659 docebat
2639 621 2752 672 eos,
2785 603 2975 658 dicens
3003 621 3016 658 :
3047 603 3228 658 Filioli
3255 604 3386 670 mei,
3417 608 3762 676 quantacun-

2163 710 2271 764 que
2301 692 2455 747 vobis
2483 698 2570 747 est
2595 693 2774 747 virtus
2803 697 2973 764 atque
3020 692 3380 765 possibilitas,
3429 709 3532 764 pro
3579 693 3762 748 salute

2162 788 2348 836 vestra
2375 787 2586 836 certate
2615 781 2854 848 fortiter,
2875 787 2930 837 et
2942 782 3208 836 adversus
3238 785 3520 837 armatum
3541 783 3764 836 hostem

2162 870 2399 925 viriliter
2425 871 2690 926 dimicate
2723 889 2734 924 :
2769 871 2924 942 prius
2955 888 3124 942 quam
3152 871 3342 926 veniat
3379 876 3618 942 tempus,
3653 887 3763 942 quo

2164 960 2556 1030 nosmetipsos,
2590 959 2637 1014 si
2665 965 2856 1014 tamen
2890 959 3100 1014 inertes
3133 960 3404 1015 fuerimus
3433 977 3497 1014 ac
3519 959 3762 1026 desides,

2165 1048 2887 1104 miserabililamentatione
2908 1050 3390 1121 plangamus.Non
3412 1048 3768 1120 negligamus

2165 1137 2286 1192 dies
2309 1147 2549 1204 nostros,
2583 1155 2722 1210 quos
2749 1139 2987 1208 largitus
3019 1143 3105 1193 est
3131 1139 3292 1194 nobis
3320 1138 3596 1193 Dominus
3621 1157 3635 1204 ;
3666 1137 3768 1192 sed

2165 1243 2466 1298 operemur
2485 1227 2544 1282 in
2575 1227 2655 1281 eis
2680 1243 2810 1282 cum
2833 1227 2988 1282 omni
3011 1227 3302 1282 alacritate
3320 1227 3606 1282 virtutem.
3629 1227 3767 1281 Dico

2167 1315 2317 1370 enim
2341 1315 2516 1384 vobis,
2551 1316 2816 1388 quoniam
2849 1316 2898 1370 si
2945 1316 3164 1372 sciretis
3208 1321 3421 1388 quanta
3455 1315 3664 1371 sanctis
3705 1315 3769 1370 in

2167 1405 2483 1459 caelestibus
2511 1404 2660 1460 bona
2687 1411 2886 1477 parata
2913 1410 3063 1471 sunt,
3091 1410 3151 1460 et
3177 1422 3302 1476 quae
3330 1410 3616 1460 tormenta
3641 1421 3770 1459 ma-

2166 1499 2340 1548 neant
2361 1511 2475 1558 eos,
2514 1493 2610 1565 qui
2635 1511 2670 1548 a
2698 1493 2922 1548 virtutis
2950 1493 3149 1548 itinere
3165 1494 3546 1559 deviaverunt,
3571 1493 3768 1564 cogni-

2167 1587 2335 1654 taque
2365 1583 2620 1650 veritate,
2647 1599 2760 1638 non
2773 1583 2833 1637 in
2859 1600 2923 1638 ea
2941 1583 3108 1653 digne
3127 1583 3333 1638 versati
3353 1589 3504 1646 sunt,
3527 1584 3770 1638 summis

2171 1671 2368 1743 utique
2401 1671 2609 1727 viribus
2637 1677 2847 1726 aeterna
2875 1673 3149 1744 supplicia
3171 1673 3432 1740 vitantes,
3465 1672 3771 1727 haeredita-

2107 1741 2153 1800 Β
2172 1741 2291 1815 tem
2313 1761 2464 1814 illam
2521 1761 2760 1828 beatam,
2793 1777 2916 1833 qua:
2944 1741 3046 1816 Dei
3089 1761 3314 1816 famulis
3343 1762 3621 1832 promissa
3657 1768 3767 1828 est,

2169 1849 2510 1904 festinaretis
2551 1849 2781 1922 adipisci
2820 1868 2832 1904 :
2871 1867 3040 1922 quam
3097 1867 3277 1915 nemo,
3325 1850 3434 1904 nisi
3472 1851 3655 1905 malus
3705 1867 3772 1904 ac

2169 1939 2441 2010 perditus,
2465 1939 2608 2010 fugit
2635 1956 2699 1993 ac
2725 1939 2960 2010 negligit
2983 1959 2995 2005 ;
3020 1939 3152 2010 quia
3180 1939 3313 2010 quid
3335 1939 3583 2006 amittat,
3615 1939 3772 2010 peni-

2167 2032 2258 2082 tus
2287 2029 2492 2094 nescit;
2527 2044 2696 2098 quem
2720 2029 2842 2099 jam
2867 2029 3100 2099 jamque
3149 2028 3475 2100 resipiscere
3523 2034 3768 2100 oportet,

2169 2122 2227 2170 et
2253 2116 2494 2171 terrenis
2514 2116 2724 2171 absolvi
2761 2116 3178 2188 cupiditatibus,
3213 2122 3278 2170 ut
3304 2117 3454 2171 mala
3481 2117 3775 2188 praeterita

2168 2205 2424 2260 deﬂendo
2447 2206 2678 2276 jugiter,
2695 2205 3103 2276 indulgentiam
3119 2205 3344 2260 Domini
3363 2212 3768 2277 consequatur,

2169 2298 2227 2348 et
2253 2293 2332 2348 sic
2359 2294 2430 2348 ad
2456 2295 2688 2348 meliora
2718 2311 3034 2360 conversus,
3067 2293 3177 2348 iter
3193 2311 3356 2348 suum
3379 2293 3610 2365 dirigat,
3633 2311 3776 2366 qua-

2168 2387 2334 2438 tenus
2361 2383 2420 2436 in
2450 2381 2599 2438 exitu
2624 2382 2750 2437 vitae
2769 2383 2930 2437 laetus
2957 2382 3219 2450 existens,
3242 2383 3314 2437 ad
3343 2383 3628 2438 caelestem
3663 2384 3774 2439 Re-

2169 2488 2296 2541 gem
2317 2488 2445 2526 cum
2473 2487 2682 2541 magna
2700 2472 2864 2526 laude
2894 2471 3218 2542 perveniat;
3249 2471 3471 2542 quando
3498 2477 3774 2527 terrestre

2169 2561 2275 2614 hoc
2313 2560 2700 2615 habitaculum
2735 2561 2997 2616 deserens
3034 2560 3242 2627 anima,
3277 2561 3348 2615 ad
3389 2561 3772 2632 cognitionem

2169 2666 2284 2703 suae
2309 2649 2638 2704 substantiae
2655 2656 2948 2721 properat;
2973 2650 3196 2721 quando
3225 2649 3542 2705 ccelestibus
3557 2650 3776 2706 sociata

2170 2738 2490 2802 virtutibus,
2520 2739 2590 2792 ad
2619 2739 2844 2794 Patrem
2874 2739 3152 2794 luminum
3189 2740 3481 2810 pervenire
3516 2739 3773 2795 festinat.

2171 2826 2316 2891 Quid
2339 2827 2626 2881 extollitur
2643 2827 2812 2882 homo
2827 2845 2929 2898 per
2944 2845 3147 2882 vanam
3175 2828 3415 2898 gluriam
3429 2829 3454 2880 ?
3479 2827 3624 2892 Quid
3657 2829 3775 2883 eri-

2166 2916 2321 2986 gitur
2337 2917 2560 2987 pulvis?
2587 2917 2732 2982 Quid
2751 2915 3005 2988 superbit
3022 2923 3172 2970 terra
3195 2922 3252 2970 et
3284 2915 3426 2971 cinis
3451 2918 3645 2988 (Eccli.
3669 2917 3777 2986 x)?

2168 3005 2511 3075 Plangamus
2540 3022 2642 3060 nos
2662 3005 2811 3077 ipsos
2841 3005 3028 3077 potius
3058 3005 3192 3060 dum
3220 3010 3444 3078 tempus
3473 3005 3772 3074 habemus,

491 3102 683 3174 gloriae
710 3101 872 3154 Jesus
893 3095 1150 3151 Christus
1180 3093 1356 3148 Filius
1391 3091 1493 3146 Dei
1523 3089 1706 3145 Patris
1735 3087 2078 3158 unigenitus,
2103 3097 2147 3158 α
2167 3109 2238 3147 ne
2291 3110 2419 3147 cum
2459 3093 2630 3148 fuerit
2680 3094 2900 3165 expleta
2937 3095 3174 3165 singulis
3217 3094 3524 3149 terminata
3548 3095 3772 3163 dilatio,

493 3191 589 3262 qui
603 3189 805 3244 missus
817 3192 903 3241 est
923 3186 980 3239 in
995 3185 1144 3238 hunc
1158 3181 1452 3247 mundum,
1475 3185 1532 3234 et
1548 3195 1648 3251 pro
1669 3179 1848 3232 salute
1865 3175 2088 3247 generis

491 3279 725 3335 humani
755 3275 1050 3331 crucifixus
1066 3277 1170 3340 est,
1187 3271 1441 3343 spineam
1459 3271 1642 3323 terens
1663 3267 1722 3322 in
1732 3266 1915 3338 capite
1935 3281 2088 3320 coro-

492 3380 642 3424 nam.
677 3369 744 3422 Et
768 3363 1100 3420 Pachomius
1129 3361 1234 3415 ait:
1269 3360 1382 3414 Oro
1412 3357 1670 3424 Domine,
1702 3355 1954 3427 nunquid
1985 3371 2086 3424 ego

491 3465 546 3514 te
570 3457 842 3514 cruciﬁxi?
873 3455 940 3509 Et
953 3451 1225 3508 Dominus
1255 3448 1525 3521 placidior
1543 3446 1624 3500 ait
1650 3446 1719 3499 ad
1750 3462 1879 3499 eum
1905 3464 1915 3498 :
1960 3445 2087 3498 Non

489 3555 554 3603 tu
584 3547 809 3618 quidem
838 3539 1159 3597 crucifixisti
1181 3555 1290 3602 me,
1309 3537 1404 3590 sed
1426 3540 1693 3607 parentes
1712 3533 1814 3588 tui.
1845 3533 2086 3587 Verum-

491 3643 684 3692 tamen
713 3629 1080 3700 animacquior
1109 3633 1228 3682 esto
1253 3667 1266 3692 ,
1303 3631 1359 3679 et
1387 3625 1732 3679 confortetur
1759 3618 1856 3676 cor
1883 3627 2042 3676 tuum
2066 3661 2080 3689 ,

494 3725 627 3795 quia
656 3720 952 3792 posteritas
981 3724 1082 3771 tua
1107 3713 1358 3769 manebit
1385 3714 1445 3766 in
1465 3713 1748 3778 saeculum,
1779 3727 1882 3765 nec
1908 3726 2086 3780 usque

493 3829 552 3867 in
583 3814 751 3865 linem
783 3807 977 3862 mundi
1013 3804 1260 3870 deficiet;
1296 3802 1514 3874 ipsique
1544 3801 1639 3872 qui
1671 3807 1798 3872 post
1821 3805 1878 3854 te
1909 3798 2086 3854 futuri

493 3903 644 3965 sunt,
669 3898 737 3952 de
765 3894 1040 3968 profunda
1079 3893 1175 3946 illa
1201 3891 1437 3960 caligine
1483 3889 1890 3956 liberabuntur,
1921 3891 2086 3958 quot-

493 3992 632 4059 quot
655 3985 895 4039 vixerint
919 3981 1283 4044 abstinenter,
1329 3983 1386 4032 et
1416 3995 1606 4034 curam
1635 3977 1834 4032 salutis
1849 3976 2088 4048 propriae

492 4075 790 4150 gesserint.
823 4072 988 4128 Modo
1017 4086 1260 4141 namque
1273 4069 1370 4140 qui
1395 4067 1694 4140 praesentia
1716 4073 1812 4121 tua
1829 4083 1888 4120 se
1907 4065 2086 4120 conti-

493 4170 650 4233 nent,
667 4170 896 4218 tuarum
919 4167 1218 4232 sequentes
1247 4158 1502 4228 exempla
1525 4157 1818 4223 virtutum,
1843 4155 2089 4210 maxima

491 4253 688 4328 gratia;
716 4253 840 4308 luce
877 4249 1274 4321 resplendent;
1309 4252 1436 4318 post
1461 4251 1519 4300 te
1538 4261 1688 4313 vero,
1720 4245 1816 4316 qui
1843 4244 1902 4298 in
1920 4244 2088 4315 hujus

492 4345 680 4402 saaculi
701 4341 940 4414 caligine
953 4337 1164 4394 fuerint
1185 4334 1491 4403 immorati,
1515 4334 1650 4405 quia
1662 4333 1972 4406 prudenter
1998 4331 2087 4385 in-

2168 3187 2303 3236 tunc
2353 3181 2710 3237 inveniamur
2755 3189 2978 3255 tempus
3026 3183 3368 3254 pmnitentiae
3421 3200 3772 3255 exposcere,

2133 3323 2136 3327 .
2169 3271 2392 3342 quando
2415 3272 2533 3342 jam
2588 3271 2840 3343 accipere
2876 3289 2990 3326 non
3025 3289 3329 3327 meremur.
3362 3274 3424 3328 In
3467 3273 3574 3326 hac
3612 3273 3778 3328 enim

2134 3357 2155 3371 ⁹
2168 3359 2284 3414 vita
2309 3360 2470 3414 nobis
2489 3365 2716 3432 peccata
2731 3361 2940 3415 deﬂere
2955 3361 3291 3432 permissum
3321 3367 3407 3416 est
3430 3379 3443 3429 ;
3465 3361 3524 3416 in
3546 3361 3779 3417 inferno

2169 3455 2380 3515 autem,
2411 3449 2558 3504 sicut
2598 3466 2631 3503 a
2658 3455 2850 3504 sancto
2905 3449 3078 3504 David
3135 3451 3410 3521 propheta
3445 3449 3777 3517 didicimus,

2169 3537 2294 3607 quis
2320 3537 2676 3591 confitebitur
2706 3538 2820 3592 Deo
2854 3540 3016 3608 (Psat.
3053 3537 3168 3607 v1)?
3199 3537 3380 3592 Nimis
3427 3539 3617 3592 anima
3675 3539 3780 3594 illa

2167 3625 2436 3696 probatur
2464 3625 2674 3693 infelix,
2705 3632 2763 3680 et
2811 3625 2964 3680 omni
3011 3627 3388 3698 lacrymarum
3426 3627 3578 3682 fonte
3605 3629 3779 3699 plan-

2165 3715 2366 3783 genda,
2391 3731 2514 3784 quae
2537 3715 2739 3769 saeculo
2769 3711 3118 3782 renuntians,
3155 3717 3360 3786 iterum
3397 3717 3584 3771 saeculi
3625 3717 3782 3772 acti-

2168 3801 2272 3861 bus
2321 3803 2659 3874 implicatur,
2693 3810 2750 3858 et
2785 3803 3082 3858 inutilibus
3133 3803 3348 3859 dudum
3395 3805 3544 3860 curis
3573 3812 3774 3873 exuta,

2171 3907 2394 3946 rursum
2415 3892 2562 3946 redit
2583 3892 2654 3946 ad
2680 3893 2834 3947 durae
2871 3892 3153 3947 servitutis
3197 3893 3482 3964 obsequia.
3519 3895 3590 3948 Et
3615 3895 3778 3962 ideo,

2169 3979 2483 4034 charissimi
2511 3981 2732 4048 fratres,
2763 3981 2834 4035 ab
2853 3981 2958 4036 hoc
2995 3981 3243 4036 instabili
3282 3983 3512 4045 mundo,
3551 3989 3612 4037 et
3643 3989 3785 4056 post

2167 4069 2462 4140 paululum
2489 4073 2819 4138 transiture,
2846 4075 3177 4143 perpetuam
3227 4069 3562 4142 beatamque
3587 4073 3780 4128 vitam

2171 4157 2330 4212 nobis
2359 4174 2473 4213 non
2497 4159 2782 4230 patiamur
2805 4159 3034 4214 auferri.
3061 4160 3272 4214 Vereor
3297 4165 3508 4227 autem,
3525 4166 3584 4215 et
3615 4166 3785 4217 totus

2169 4247 2394 4318 penitus
2422 4247 2766 4314 intremisco,
2813 4265 2884 4303 ne
2915 4249 3100 4304 carnis
3140 4255 3344 4304 nostrae
3387 4254 3662 4321 parentes
3691 4251 3787 4306 usi

2169 4335 2356 4390 saeculi
2401 4335 2590 4397 rebus.
2627 4343 2686 4392 et
2731 4337 2857 4392 vitae
2895 4339 3186 4409 praesentis
3209 4339 3466 4410 occupati
3501 4341 3782 4410 negotiis,

492 4413 882 4506 telligentquze
905 4426 1144 4500 petenda
1164 4430 1314 4492 sunt,
1339 4441 1528 4496 quaeve
1545 4422 1831 4494 fugienda,
1855 4427 1913 4476 et
1923 4437 2088 4494 spon-
2103 4413 2152 4473 D
2170 4425 2266 4496 qui
2295 4424 2570 4496 putabant
2594 4443 2697 4480 nos
2720 4426 3037 4482 deseruisse
3061 4428 3434 4496 mundimala,
3453 4434 3513 4482 et
3538 4427 3612 4482 ab
3642 4429 3790 4484 hinc

492 4531 662 4580 tanea
678 4523 964 4576 voluntate
982 4514 1136 4571 nulla
1160 4513 1484 4568 humanitus
1495 4517 1718 4566 utentes
1739 4511 2088 4583 exemplo,de
2163 4515 2284 4584 jam
2310 4514 2425 4569 vita
2447 4514 2557 4570 frui
2578 4520 2867 4587 perpetua,
2891 4533 2993 4571 suo
3011 4533 3113 4571 nos
3129 4517 3340 4588 judicio
3368 4517 3785 4585 condemnent,

494 4609 668 4665 tantis
692 4605 1002 4662 exsilierint
1029 4599 1294 4667 tenebris,
1311 4615 1648 4670 omnemque
1663 4598 1944 4668 justitiam
1967 4615 2086 4652 ser-

493 4705 707 4764 vantes,
741 4701 1010 4752 aeternam
1039 4691 1212 4745 vitam
1229 4693 1348 4743 toto
1379 4687 1544 4742 corde
1573 4686 1896 4754 dilexerint;
1921 4703 2088 4742 amen

495 4787 618 4840 dico
628 4786 730 4840 tibi
753 4785 886 4856 quia
900 4799 1028 4838 cum
1051 4780 1176 4835 istis
1189 4783 1356 4833 erunt
1379 4776 1473 4848 qui
1485 4792 1634 4830 nunc
1643 4781 1828 4830 tecum
1852 4776 1910 4830 in
1940 4793 2088 4831 sum-

496 4891 591 4928 ma
613 4873 957 4928 continentia
968 4876 1026 4926 et
1044 4869 1341 4926 sanctitate
1360 4865 1612 4938 prmclari
1633 4871 1784 4930 sunt,
1807 4865 2088 4920 eamdem-

499 4980 608 5034 que
622 4963 860 5016 salutem
882 4977 946 5014 ac
958 4959 1208 5030 requiem
1248 4956 1576 5011 sortientur.
1609 4954 1738 5008 Haec
1757 4953 1945 5009 dicens
1973 4955 2086 5009 Do-

499 5051 706 5118 minus,
739 5048 1056 5104 ascenditin
1083 5047 1304 5102 ccelum.
1324 5046 1415 5100 Sic
1433 5051 1624 5098 autem
1647 5043 1960 5098 illustratus
1991 5059 2090 5097 aer

499 5145 602 5205 est,
636 5145 698 5194 ut
720 5137 982 5210 splendor
1009 5136 1148 5190 lucis
1177 5135 1329 5190 illius
1348 5151 1460 5188 non
1491 5133 1668 5204 possit
1691 5131 1953 5187 humanis
1967 5149 2086 5187 ser-

498 5227 758 5284 monibus
785 5224 1062 5296 explicari.

569 5319 698 5373 CAP.
725 5315 916 5370 XLVI.
951 5313 1170 5368 -Tunc
1192 5317 1416 5366 sanctus
1447 5311 1783 5366 Pachomius
1803 5325 1974 5382 super
2000 5309 2088 5365 his

499 5425 620 5479 quae
653 5404 759 5461 sibi
787 5408 1011 5459 ostensa
1054 5405 1206 5465 sunt,
1260 5400 1618 5454 vehementer
1663 5399 1968 5464 admirans,
2015 5399 2086 5452 ad

497 5501 830 5552 nocturnam
859 5490 1114 5564 synaxim
1145 5507 1268 5542 cum
1294 5487 1554 5543 universa
1580 5489 1932 5543 fraternitate
1960 5505 2088 5543 con-

499 5585 669 5642 venit.
697 5584 768 5640 Et
795 5581 978 5638 officio
993 5583 1185 5636 sancto
1196 5576 1523 5633 solemniter
1549 5577 1872 5649 adimpleto,
1900 5578 2086 5634 cuncti

2169 4603 2417 4658 dicentes
2447 4603 2608 4658 nobis
2640 4623 2652 4659 :
2687 4605 2978 4670 Quomodo
3020 4605 3214 4660 lassati
3263 4607 3397 4661 estis
3443 4607 3502 4661 in
3550 4608 3792 4664 semitis

2171 4693 2367 4746 vestris
2395 4692 2544 4762 (Sap.
2570 4695 2645 4762 v),
2677 4693 2853 4748 tantis
2883 4693 3093 4750 obsessi
3133 4695 3410 4750 miseriis?
3463 4697 3544 4750 Ex
3579 4703 3793 4753 vestra

2168 4797 2414 4853 namque
2457 4787 2573 4836 tam
2605 4799 2811 4853 magna
2851 4783 3102 4850 tristitia,
3164 4783 3326 4839 nobis
3360 4785 3532 4839 etiam
3559 4802 3795 4843 maeror

2169 4871 2418 4938 accessit,
2453 4875 2511 4926 et
2538 4871 2718 4942 pmnis
2755 4872 2963 4926 nostris
2993 4878 3176 4927 vester
3203 4873 3350 4944 ignis
3377 4874 3641 4944 adjectus
3671 4883 3790 4931 est.

2169 4958 2335 5013 Rami
2363 4960 2567 5031 quippe
2597 4961 2776 5016 nostri
2802 4960 2936 5015 facti
2965 4967 3099 5016 sunt
3142 4961 3390 5030 inutiles,
3423 4979 3524 5017 nec
3550 4962 3795 5020 fructus

2171 5064 2310 5118 quos
2337 5048 2396 5102 in
2427 5049 2564 5103 ﬂore
2595 5055 3048 5104 monstraverunt
3069 5051 3366 5106 ediderunt
3408 5051 3518 5106 Sed
3547 5058 3607 5106 et
3635 5053 3800 5108 illud

2171 5136 2560 5208 propheticum
2589 5155 2659 5193 ne
2689 5138 2850 5193 nobis
2873 5139 3153 5210 ingerant,
3187 5156 3516 5210 expavesco:
3549 5141 3700 5197 Ideo
3733 5143 3799 5197 in

2171 5225 2644 5296 depraedationem
2673 5233 2946 5282 venerunt
2968 5227 3176 5296 dilecti,
3203 5229 3334 5283 facti
3377 5237 3513 5284 sunt
3551 5229 3798 5287 abomi-

2170 5313 2402 5381 nabiles,
2433 5319 2490 5369 et
2509 5332 2714 5370 corona
2741 5316 2939 5387 capitis
2965 5333 3159 5372 eorum
3183 5317 3404 5373 sublata
3425 5324 3531 5372 est.
3567 5319 3802 5375 Civita-

2167 5407 2253 5456 tes
2284 5403 2354 5458 ad
2381 5405 2649 5460 Austrum
2678 5405 2817 5470 sitae,
2849 5405 3051 5461 clausae
3075 5416 3225 5474 sunt,
3260 5424 3362 5462 nec
3391 5413 3477 5462 est
3504 5407 3604 5479 qui
3655 5427 3805 5482 ape-

2168 5490 2278 5544 riat
2305 5509 2399 5546 eas
2431 5495 2644 5562 (Jcrem.
2679 5497 2826 5562 XIII).
2853 5493 3105 5550 Tollatur
3131 5496 3284 5550 enim
3313 5496 3542 5567 impius,
3582 5513 3672 5551 ne
3707 5500 3803 5553 vi-

2169 5579 2302 5635 deat
2327 5581 2564 5652 gloriam
2611 5583 2713 5638 Dei
2755 5583 2882 5656 (lsa.
2927 5599 3076 5655 XXVI,
3115 5587 3417 5641 secundum
3459 5585 3803 5660 Septuag.).
