4004 6196
302 299 408 356 265

1036 303 1203 356 VITA
1241 303 1498 356 SANCTI
1537 304 1891 359 PACHOMII
1931 303 2236 357 ABBATIS
2274 303 2793 360 TABENNENSIS.

3469 312 3574 369 266

299 425 432 478 Haec
457 424 787 495 cogitantes,
819 423 1021 478 fratres
1042 425 1171 491 mei,
1213 427 1346 480 totis
1367 432 1645 482 certemus
1665 429 1895 495 viribus,
1916 430 1967 488 A
1983 445 2266 497 cogamus,
2299 428 2449 482 hunc
2477 431 2778 483 terminum
2801 430 3153 485 sermonibus
3173 434 3381 487 nostris
3400 435 3575 504 impo-

300 529 371 566 ne
400 513 470 566 ab
493 513 652 568 hoste
679 529 1034 583 superemur.
1065 515 1165 568 Ille
1194 531 1417 586 semper
1439 516 1647 570 insistit
1663 524 1726 572 ut
1749 517 1897 588 peri-

297 609 438 666 mat,
469 619 571 656 nos
599 601 836 656 sollicite
878 603 1192 672 vigilemus,
1227 621 1297 658 ne
1342 605 1517 677 (quod
1563 605 1734 673 absit)
1779 607 1900 676 ejus

298 691 498 745 lraude
529 691 876 762 perimamur
887 739 900 750 .

369 780 519 834 Ante
583 779 773 833 omnia
839 797 958 850 prae
1025 781 1202 836 oculis
1265 781 1573 838 habeamus
1637 784 1900 838 ultimum

307 873 492 934 .34
519 868 685 934 diem,
711 873 768 922 et
791 869 1090 924 momentis
1117 871 1354 941 singulis
1381 876 1720 926 aeternorum
1751 873 1902 926 dolo-

301 973 432 1010 rum
453 957 726 1028 supplicia
747 958 1132 1013 formidemus.
1157 960 1200 1012 ll
1210 959 1256 1013 is
1275 959 1424 1014 enim
1440 961 1623 1015 causis
1639 962 1827 1015 anima
1842 979 1902 1016 se

301 1047 596 1100 consuevit
622 1063 948 1117 agnoscere,
999 1065 1308 1120 corpusque
1348 1050 1637 1120 preprium
1671 1049 1927 1120 jejuniis.

300 1150 368 1186 ac
390 1134 595 1204 vigiliis
623 1135 962 1208 deprimens,
990 1137 1113 1208 ipsa
1139 1137 1198 1191 in
1227 1155 1466 1192 maerore
1497 1140 1760 1210 luctuque
1779 1157 1906 1194 con-

299 1221 466 1276 tinuo
495 1230 834 1294 perseverat,
869 1225 1046 1279 donec
1073 1225 1314 1304 Spiritus
1341 1227 1520 1280 sancti
1553 1228 1736 1281 calore
1784 1245 1905 1282 suc-

299 1305 494 1376 censa,
519 1329 774 1383 supernae
798 1315 1284 1385 contemplationis
1305 1321 1590 1372 mereatur
1611 1315 1899 1381 auxilium,

300 1405 359 1452 et
389 1417 426 1452 a
449 1401 724 1471 contagiis
743 1403 995 1456 exsoluta
1016 1403 1278 1467 terrenis,
1301 1403 1502 1458 divinis
1515 1405 1731 1474 jugiter
1749 1421 1906 1458 exsa-

300 1489 485 1543 tictur
509 1490 785 1560 alloquiis.
805 1491 960 1544 Alias
979 1491 1151 1545 etiam
1181 1491 1274 1562 qui
1295 1509 1519 1563 semper
1538 1493 1654 1546 hzec
1677 1493 1903 1563 cogitat,

1981 517 2185 570 nimus.
2218 517 2369 570 Deus
2406 517 2559 586 pacis
2602 524 2659 570 et
2687 519 2882 587 gratiae
2929 522 3223 574 confirmet
3267 535 3362 576 vos
3407 528 3574 592 atque

1981 605 2301 660 corroboret
2329 607 2388 660 in
2419 607 2621 660 timore
2651 623 2770 672 suo,
2802 607 3022 662 fratres.
3072 610 3270 664 Amen.
3322 612 3452 684 Haec
3489 612 3576 667 di-

1983 712 2132 760 cens,
2165 695 2285 748 sine
2309 712 2470 748 mora
2498 695 2758 762 surrexit,
2801 702 2856 749 et
2891 700 3288 754 commendans
3333 717 3428 754 eos
3464 701 3578 755 Do-

1984 783 2156 846 mino.
2191 784 2470 854 profectus
2493 791 2596 838 est.
2617 855 2622 860 _
3121 829 3132 840 .

2057 874 2186 926 CAP.
2210 873 2426 926 XLVII.
2447 900 2501 909 —-
2523 874 2776 943 Cumque
2797 878 3053 944 pergeret
3066 876 3136 929 ad
3152 878 3574 944 monasterium,

1985 961 2075 1014 cui
2102 978 2412 1031 cognomen
2468 969 2591 1014 erat
2617 961 3001 1028 Tabennense,
3031 981 3156 1017 cum
3185 966 3476 1021 Theodoro
3523 973 3582 1022 et

1988 1051 2265 1115 Cornelio,
2297 1051 2622 1120 cretei-isque
2654 1067 2824 1120 quam
2856 1051 3112 1121 plurimis
3141 1053 3422 1122 fratribus,
3447 1056 3579 1110 sub-

1988 1137 2133 1192 stitit
2155 1155 2458 1208 parumper
2477 1139 2536 1192 in
2557 1138 2777 1202 itinere,
2797 1141 2950 1194 velut
2975 1141 3328 1212 interrogans
3338 1145 3581 1214 aliquem

1985 1227 2054 1280 de
2085 1227 2325 1296 quodam
2357 1231 2570 1281 secreto
2600 1231 2862 1298 negotio;
2908 1233 2964 1282 et
2993 1231 3250 1300 cognovit
3284 1232 3343 1285 in
3383 1233 3580 1302 spiritu

1986 1331 2163 1368 unum
2193 1315 2260 1369 de
2291 1316 2572 1370 mandatis
2603 1333 2725 1387 qum
2757 1319 3073 1388 preﬁxerat
3107 1319 3168 1372 in
3217 1321 3580 1387 monasterio,

1985 1403 2158 1458 fuisse
2186 1405 2520 1474 neglectum.
2554 1406 2905 1477 Praeceperat
2922 1407 3072 1461 enim
3097 1407 3364 1463 fratribus
3403 1409 3498 1480 qui
3526 1409 3587 1464 in

1991 1492 2224 1564 pistoria
2251 1501 2372 1547 arte
2392 1493 2741 1559 laborabant,
2767 1501 2829 1548 ut
2849 1496 2896 1549 si
2917 1497 3140 1566 quando
3171 1497 3416 1552 facerent
3435 1498 3586 1552 obla-

301 1578 616 1648 puritatem
647 1580 854 1634 mentis
876 1580 1108 1640 obtinet,
1129 1581 1507 1635 humilitatem
1525 1582 1709 1636 cordis
1725 1581 1912 1652 acqui-
1991 1582 2191 1648 tiones,
2230 1583 2369 1636 nihil
2414 1583 2782 1654 loquerentur
2818 1601 3248 1655 supervacuum,
3294 1587 3393 1641 sed
3437 1589 3586 1658 apud

303 1667 386 1720 rit
405 1684 636 1734 ;vanam
647 1668 888 1738 gloriam
907 1670 1151 1740 respuit;
1174 1670 1327 1724 omni
1339 1671 1596 1724 saeculari
1610 1671 1912 1742 prudentia
1994 1671 2322 1741 semetipsos
2351 1671 2622 1725 salutaria
2647 1672 3058 1728 meditarentur
3095 1675 3333 1745 eloquia.
3360 1676 3588 1730 Vocavit

303 1773 505 1810 carere
516 1757 821 1812 contendit.
846 1758 1282 1832 Philosophetur
1301 1777 1454 1830 ergo,
1477 1760 1974 1844 charissimifra-B
1995 1777 2127 1829 ergo
2150 1759 2525 1826 Theodorum,
2549 1761 2645 1830 qui
2662 1760 2839 1831 ipsius
2864 1763 3188 1818 monasterii
3211 1781 3403 1818 curam
3431 1782 3590 1836 gere-

301 1850 448 1911 tres,
503 1845 694 1900 anima
737 1846 1009 1917 spiritalis
1057 1848 1307 1918 quotidie
1353 1849 1620 1904 adversus
1667 1865 1912 1902 crassam

305 1933 502 1988 carnis
513 1951 629 1988 suae
649 1935 944 1989 materiam
961 1955 973 2002 ;
991 1937 1257 2007 omnique
1277 1936 1771 2008 circumspectione
1785 1954 1913 1990 eum

304 2040 377 2076 ea
401 2023 595 2076 taliter
623 2029 771 2094 agat,
798 2030 1074 2095 quatenus
1102 2025 1173 2079 ad
1199 2023 1434 2080 meliora
1454 2025 1559 2079 sibi
1579 2026 1910 2080 consentiat.

303 2111 380 2166 Et
428 2128 558 2164 cum
605 2129 833 2184 vespere
877 2115 1202 2184 pervenitur
1252 2115 1323 2168 ad
1367 2120 1628 2181 stratum,
1679 2114 1914 2185 singulis

305 2199 588 2254 membris
612 2203 862 2272 corporis
891 2203 978 2256 sui
1019 2203 1198 2257 dicat:
1246 2204 1433 2258 Donec
1485 2204 1653 2258 simul
1695 2220 1909 2271 sumus,

306 2289 541 2344 obedite
571 2289 711 2344 mihi
742 2291 1001 2345 suadenti
1031 2309 1154 2363 qua:
1191 2299 1345 2346 recta
1381 2297 1530 2358 sunt,
1582 2309 1914 2361 mecumque

305 2379 561 2434 Domino
580 2396 710 2432 cum
732 2380 1021 2434 alacritate
1040 2381 1260 2435 servite.
1290 2381 1547 2436 Manibus
1568 2398 1788 2452 quoque
1801 2381 1916 2434 suis

304 2468 493 2522 dicat:
530 2468 728 2523 Veniet
749 2475 972 2540 tempus
1005 2471 1230 2541 quando
1243 2470 1517 2540 jactantia
1537 2479 1722 2524 vestra
1741 2487 1918 2524 cessa-

305 2556 414 2623 bit,
447 2559 676 2628 quando
708 2558 951 2629 pugillus
998 2559 1423 2613 administrator
1463 2559 1762 2613 iracundiae
1805 2575 1918 2612 non

303 2647 440 2712 erit,
467 2647 697 2716 quando
729 2647 948 2718 palmze,
983 2665 1108 2719 quae
1138 2648 1208 2702 ad
1239 2648 1466 2719 rapinas
1496 2653 1734 2702 extensae
1765 2653 1914 2712 sunt,

305 2735 734 2806 conquiescent.
759 2737 1002 2790 Pedibus
1029 2737 1212 2791 dicat:
1262 2737 1384 2791 Erit
1425 2737 1646 2808 quando
1689 2736 1758 2789 ad
1807 2737 1918 2790 ini-

307 2825 593 2895 quitatem
623 2842 736 2879 non
767 2825 1021 2880 valebitis
1065 2843 1297 2898 prorsus
1339 2841 1650 2890 excurrere,
1693 2825 1916 2895 quando

307 2913 612 2984 pravitatis
643 2915 847 2969 itinera
869 2932 980 2969 non
1004 2915 1262 2986 poteritis
1289 2915 1521 2969 intrare.
1551 2916 1764 2968 Cuncta
1785 2929 1919 2984 quo-

309 3021 424 3074 que
454 3003 717 3058 membra
744 3021 848 3058 sua
873 3004 1133 3058 similiter
1160 3005 1499 3075 alloquatur,
1543 3008 1598 3056 et
1625 3002 1774 3056 dicat
1797 3002 1878 3055 eis
1901 3017 1914 3056 :

305 3094 643 3164 Antequam
672 3109 825 3148 mors
843 3110 946 3148 nos
975 3093 1044 3147 ab
1068 3093 1305 3147 invicem
1331 3093 1578 3159 dirimat,
1607 3097 1664 3146 et
1691 3108 1919 3162 separa-

307 3182 394 3236 tio
414 3199 544 3252 qua
558 3199 663 3252 per
683 3187 972 3253 peccatum
993 3183 1160 3252 primi
1181 3181 1425 3236 hominis
1445 3179 1665 3246 accidit,
1683 3180 1921 3251 implea-

306 3277 424 3338 tur,
447 3277 736 3326 certemus
746 3271 986 3337 fortiter,
1003 3277 1214 3325 stemus
1229 3275 1672 3342 perseveranter,
1687 3269 1922 3324 viriliter

308 3360 674 3421 dimicemus,
707 3360 826 3414 sine
848 3365 1070 3432 torpore
1100 3365 1270 3430 atque
1295 3359 1523 3430 pigritia
1552 3359 1792 3414 Domino
1809 3375 1921 3412 ser-

313 3449 556 3514 viamus,
591 3465 770 3520 usque
791 3449 923 3503 dum
957 3465 1153 3503 rursus
1185 3447 1464 3516 adveniat,
1499 3455 1553 3502 et
1582 3447 1922 3518 temporales

309 3537 650 3608 abstergens
673 3537 906 3592 sudores
923 3544 1164 3604 nostros,
1181 3537 1253 3592 ad
1267 3537 1612 3592 immortalia
1629 3554 1732 3592 nos
1749 3553 1923 3606 regna

311 3627 611 3698 perducat.
635 3626 874 3680 Fundite
884 3627 1182 3698 lacrymas,
1215 3626 1381 3692 oculi,
1405 3627 1745 3691 demonstra,
1769 3640 1918 3690 caro,

309 3724 475 3770 tuam
508 3713 758 3770 nobilem
793 3715 1138 3782 servitutem,
1180 3715 1462 3770 collabora
1482 3731 1706 3768 mecum
1721 3713 1780 3767 in
1800 3730 1922 3784 pre-

309 3804 495 3868 cibus,
531 3803 738 3875 quibus
759 3804 873 3858 Deo
903 3805 1192 3869 confiteor,
1217 3821 1306 3870 ne,
1329 3821 1455 3857 cum
1473 3802 1820 3874 requiescere
1841 3803 1921 3855 vis

311 3900 490 3966 atque
520 3893 793 3960 dormire,
814 3899 1088 3965 perpetua
1107 3891 1268 3948 nobis
1289 3892 1672 3946 cruciamenta
1695 3889 1922 3961 conqui-

314 3999 428 4038 ras.
463 3983 538 4037 Et
566 3983 696 4038 ideo
722 3982 890 4052 vigila
918 3998 1142 4053 semper
1168 3982 1227 4036 in
1249 3980 1509 4053 operibus
1546 3979 1676 4047 tuis,
1703 3979 1836 4050 quia
1873 3979 1920 4032 si

314 4077 373 4126 te
399 4072 593 4126 sobrie
621 4072 879 4143 gesseris,
911 4071 1188 4126 bonorum
1213 4071 1314 4126 tibi
1359 4069 1654 4124 retributio
1699 4067 1926 4140 copiosa

315 4163 635 4232 proveniet.
667 4162 827 4226 Quod
847 4161 894 4216 si
923 4161 1254 4232 neglexeris,
1281 4163 1690 4215 tormentorum
1715 4173 1924 4227 genera

313 4251 648 4305 miseranda
678 4256 733 4305 te
761 4251 1079 4324 succident;
1112 4255 1170 4305 et
1195 4256 1329 4304 tunc
1366 4247 1630 4303 audietur
1674 4246 1922 4300 ululatus

312 4341 525 4395 anima;
557 4339 819 4394 deﬂentis
843 4339 914 4393 ad
944 4357 1179 4411 corpus:
1207 4340 1328 4393 Heu
1353 4338 1476 4392 me!
1510 4336 1644 4407 quia
1662 4335 1923 4403 colligata

311 4445 444 4482 sum
468 4428 598 4494 tibi,
622 4434 680 4482 et
705 4433 938 4499 propter
963 4433 1020 4482 te
1040 4445 1261 4499 poenam
1282 4433 1568 4498 perpetuae
1587 4425 1922 4480 condemna—
1938 4450 1984 4510 D

311 4515 493 4570 tionis
513 4517 747 4587 excipio.
769 4517 828 4571 Si
851 4518 970 4570 haec
991 4517 1256 4570 intranos
1283 4515 1507 4569 assidue
1529 4519 1916 4577 retractemus,

313 4606 638 4660 et‘ficiemur
653 4623 782 4660 vere
799 4606 1073 4676 templum
1085 4604 1328 4671 Domini,
1353 4610 1410 4658 et
1435 4603 1678 4674 Spiritus
1697 4607 1922 4655 sanctus

314 4693 609 4748 habitabit
627 4695 686 4748 in
714 4694 891 4760 nobis,
928 4710 1031 4748 nec
1055 4693 1170 4747 ulla
1183 4710 1286 4747 nos
1310 4693 1531 4747 Satanae
1557 4691 1767 4761 poterit
1783 4690 1923 4744 ulte-

315 4783 444 4837 rius
470 4783 872 4837 circumvenire
894 4783 1143 4837 versutia
1183 4784 1234 4847 (Ι
1259 4783 1379 4837 Cor.
1404 4786 1500 4848 Iv).
1525 4781 1704 4850 Super
1728 4776 1922 4832 decem

316 4872 507 4926 millia
521 4871 743 4926 anbonb
755 4873 1130 4943 paedagogoru
1143 4871 1714 4940 mmagistrorumque
1725 4867 1926 4921 doctri-

315 4978 458 5016 nam
467 4961 660 5028 ,timor
679 4961 902 5016 Domini
915 4978 1017 5032 per
1035 4959 1400 5032 cogitationes
1413 4957 1802 5028 hujuscemodi
1821 4972 1922 5010 nos

315 5050 568 5116 erudiet,
591 5051 1008 5122 prudentesque
1029 5049 1330 5104 custodiet:
1358 5053 1416 5101 et
1434 5063 1799 5119 quaecumque
1816 5045 1924 5098 for-

313 5136 476 5192 sitan
494 5135 744 5190 humano
767 5153 936 5190 sensu
957 5152 1068 5189 non
1081 5135 1330 5188 valemus
1353 5133 1648 5202 attingere,
1682 5131 1801 5184 haec
1820 5146 1924 5184 no-

311 5224 406 5279 bis
435 5224 682 5296 Spiritus
705 5231 930 5280 sanctus
958 5222 1272 5295 inspirabit.
1306 5222 1451 5276 Nam
1497 5221 1626 5291 quid
1677 5235 1920 5286 oremus,

311 5321 385 5368 ut
410 5313 616 5367 beatus
651 5314 737 5366 ait
776 5314 1094 5384 Apostolus,
1136 5311 1283 5366 sicut
1326 5313 1563 5380 oportet,
1605 5307 1919 5374 nescimus;

312 5405 420 5458 sed
454 5404 577 5473 ipse
605 5401 847 5472 Spiritus
873 5403 1124 5473 postulat
1151 5416 1254 5472 pro
1281 5397 1440 5454 nobis
1485 5396 1788 5468 gemitibus
1833 5396 1922 5450 in-

315 5489 744 5548 enarrabilibus
773 5492 944 5557 (Rom.
977 5495 1122 5552 vm).
1153 5489 1328 5544 Erant
1355 5486 1581 5558 quidem
1613 5493 1671 5540 et
1689 5484 1928 5556 aliaplu-

311 5581 475 5637 rima
503 5597 629 5652 quae
659 5579 974 5634 diceremus
998 5598 1012 5647 ;
1042 5578 1138 5634 sed
1167 5595 1240 5632 ne
1269 5593 1364 5632 vos
1405 5576 1644 5631 multum
1673 5573 1929 5629 laborare

713 5683 987 5746 PATROL.
1017 5677 1301 5743 LXXIII.

1995 1847 2108 1914 bat,
2140 1853 2198 1900 et
2225 1847 2361 1901 dicit
2387 1847 2437 1901 ei
2463 1867 2473 1900 :
2510 1849 2662 1902 Vade
2689 1855 2920 1915 secreto,
2947 1857 3004 1903 et
3029 1851 3320 1906 sollicitius
3343 1853 3585 1924 inquire,

1997 1937 2132 2007 quid
2158 1937 2361 1990 fratres
2380 1953 2524 2001 sero,
2557 1954 2684 1990 cum
2715 1937 3027 1992 oblationes
3056 1940 3324 2006 facerent,
3351 1948 3485 1995 sunt
3511 1943 3590 1994 lo-

1997 2026 2112 2079 cuti
2137 2045 2152 2096 ;
2178 2031 2235 2080 et
2263 2025 2534 2097 quidquid
2564 2026 3016 2097 deprehenderis,
3043 2027 3113 2080 ad
3144 2045 3235 2082 me
3259 2029 3466 2083 referre
3499 2046 3591 2084 cu-

1996 2113 2164 2168 rabis.
2190 2115 2295 2178 Qui
2317 2131 2573 2184 pergens,
2597 2115 2896 2186 diligenter
2924 2116 3277 2187 investigavit
3304 2119 3514 2184 omnia,
3538 2124 3598 2174 α

1998 2220 2065 2257 ea
2081 2219 2202 2272 quae
2223 2195 2416 2256 didicit
2433 2209 2626 2257 sancto
2645 2204 2948 2258 Pachomio
2965 2205 3258 2259 nuntiavit.
3292 2207 3400 2270 Qui
3419 2207 3589 2261 dixit:

1997 2293 2145 2346 Num
2167 2291 2488 2355 existimant
2502 2292 2701 2346 fratres
2723 2293 2868 2362 quod
2885 2293 3212 2347 traditiones
3233 2311 3376 2364 quas
3395 2294 3475 2348 eis
3498 2296 3590 2349 de-

1998 2381 2182 2434 dimus
2203 2380 2504 2433 servandas
2526 2381 2782 2435 humanae
2805 2381 2936 2447 sint,
2970 2387 3027 2435 et
3050 2383 3309 2436 nesciunt
3329 2385 3477 2454 quod
3491 2400 3592 2454 pro

1999 2475 2323 2539 contemptu
2353 2469 2521 2522 etiam
2553 2469 2766 2522 minimi
2809 2470 3058 2524 mandati
3104 2488 3310 2541 magna
3345 2473 3596 2542 pericula

2001 2556 2350 2626 negligentes
2371 2557 2672 2610 maneant?
2702 2559 2900 2610 Nonne
2919 2573 2994 2610 vn
3019 2558 3214 2613 diebus
3236 2560 3411 2613 Israel
3431 2560 3596 2614 silen-

1999 2645 2142 2698 tium
2172 2645 2320 2699 circa
2348 2645 2792 2700 Jerichuntinam
2823 2646 3104 2700 civitatem
3135 2648 3482 2702 concorditer
3507 2653 3596 2703 te-

1999 2733 2142 2798 nuit,
2165 2733 2366 2788 deinde
2388 2739 2641 2804 tempore
2666 2733 2968 2788 constituto
2987 2739 3140 2788 totus
3167 2736 3406 2806 populus
3421 2736 3596 2790 excla-

2000 2840 2162 2876 mans
2201 2822 2484 2876 civitatem
2515 2822 2772 2892 protinus
2800 2823 2984 2893 cepit;
3035 2831 3090 2878 et
3128 2825 3210 2878 ita
3255 2831 3597 2897 prmoeptum

1999 2913 2122 2977 Dei,
2149 2927 2472 2982 quanquam
2503 2911 2696 2964 datum
2717 2927 2818 2982 per
2837 2911 3143 2977 hominem,
3166 2913 3323 2966 nulla
3341 2913 3599 2968 dissimu-

2001 3001 2208 3054 latione
2238 3000 2573 3071 contempsit
2596 2999 2620 3053 ‘?
2648 3001 2810 3054 Nunc
2835 3017 2966 3070 ergo
2997 3001 3082 3054 vel
3111 3000 3374 3073 deinceps
3399 3019 3598 3056 mona-

1945 3099 1990 3159 c
2007 3089 2094 3142 chi
2125 3095 2400 3159 praecepta
2417 3094 2610 3141 nostra
2637 3087 2974 3153 custodiant,
2993 3095 3057 3142 ut
3083 3089 3190 3143 hoc
3211 3090 3291 3143 eis
3312 3097 3601 3161 peccatum

2003 3176 2357 3246 negligentia:
2387 3176 2728 3242 remittatur,
2763 3176 3042 3246 siquidem
3071 3183 3130 3231 et
3173 3195 3276 3232 nos
3319 3178 3428 3250 ipsi
3475 3195 3598 3250 quae

2002 3266 2127 3319 aliis
2151 3265 2452 3318 indicimus
2481 3264 2634 3317 omni
2665 3264 3039 3318 sollicitudine
3065 3267 3431 3321 custodimus.

2073 3355 2228 3408 Tunc
2256 3354 2542 3424 ingressus
2569 3353 2992 3418 monasterium,
3027 3359 3154 3424 post
3173 3355 3484 3410 orationem
3512 3373 3602 3411 ve-

2003 3442 2089 3496 nit
2115 3443 2187 3496 ad
2217 3442 2440 3505 fratres,
2465 3441 2559 3512 qui
2580 3441 2828 3511 psiathos
2859 3442 3255 3512 operabantur,
3287 3444 3600 3517 sedensque

2003 3547 2130 3585 cum
2173 3531 2272 3596 eis,
2322 3530 2490 3601 coepit
2537 3535 2594 3583 et
2635 3529 2753 3600 ipse
2800 3536 3005 3584 texere.
3059 3531 3362 3601 'I‘ransiens
3409 3540 3598 3588 autem

2005 3619 2274 3690 puerulus
2293 3617 2386 3688 qui
2408 3617 2746 3672 constitutus
2766 3624 2889 3671 erat
2909 3618 2977 3671 ad
3001 3617 3327 3690 obsequium
3345 3623 3487 3692 ejus,
3503 3623 3600 3693 qui

2005 3709 2377 3779 septimanam
2398 3707 2640 3762 faciebat
2660 3706 2784 3776 (41),
2811 3707 3050 3762 intendit
3068 3714 3350 3764 texentem
3372 3710 3602 3766 beatum

2003 3795 2387 3860 Pachomium,
2421 3800 2478 3848 et
2501 3795 2637 3848 dicit
2660 3795 2711 3850 ei
2735 3813 2746 3848 :
2783 3797 2907 3849 Non
2929 3795 3086 3863 bene,
3107 3797 3293 3863 Pater,
3326 3802 3596 3878 operarjs,

2002 3885 2110 3938 alio
2139 3885 2305 3938 modo
2334 3882 2506 3937 abbas
2523 3883 2847 3938 Theodorus
2869 3884 3086 3938 intexit.
3113 3887 3182 3940 Et
3209 3903 3336 3940 mox
3363 3905 3600 3960 surgens

2003 3973 2082 4027 ait
2110 3973 2180 4026 ad
2211 3989 2480 4043 puerum:
2521 3973 2765 4027 Ostende
2789 3973 2946 4039 mihi,
2971 3973 3070 4040 fili,
3099 3975 3378 4044 quomodo
3411 3982 3598 4033 texere

2005 4061 2258 4116 debeam.
2296 4062 2366 4116 Et
2391 4078 2520 4116 cum
2559 4061 2845 4115 didicisset
2863 4061 2934 4114 ab
2977 4079 3060 4128 eo,
3095 4063 3242 4118 sedit
3287 4081 3482 4120 rursus
3527 4069 3599 4122 ad

2005 4167 2146 4222 opus
2175 4167 2360 4216 suum,
2377 4156 2566 4204 mente
2585 4150 2939 4219 tranquillus,
2965 4156 3020 4204 et
3046 4150 3106 4204 in
3131 4152 3237 4206 hoc
3263 4157 3597 4220 lsﬁfacto

2003 4239 2278 4308 superbia:
2297 4238 2558 4309 spiritum
2597 4237 2988 4306 comprimens.
3023 4240 3167 4292 Nam
3209 4240 3254 4292 si
3290 4245 3595 4298 secundum

2002 4341 2227 4380 carnem
2241 4325 2794 4396 quantulumcunque
2807 4330 3045 4394 saperet,
3071 4343 3424 4398 nequaquam
3437 4331 3596 4401 pueri

2004 4415 2233 4469 monitis
2261 4413 2666 4484 acquiesceret;
2700 4412 2795 4466 sed
2832 4413 3018 4484 potius
3062 4415 3406 4487 increpasset
3441 4435 3589 4485 eum,

2004 4504 2152 4575 quod
2180 4503 2329 4556 ultra
2355 4506 2579 4556 aetatem
2610 4518 2771 4556 suam
2801 4502 2952 4573 loqui
2981 4513 3362 4575 pnusumeret.

2075 4593 2202 4646 CAP.
2236 4591 2482 4646 XLVIII.
2518 4623 2582 4632 —
2611 4591 2736 4645 Alio
2767 4609 2896 4646 vero
2919 4598 3188 4664 tempore,
3230 4611 3357 4648 cum
3395 4613 3456 4650 se
3505 4614 3594 4651 re-

2003 4682 2266 4736 movisset
2307 4679 2377 4734 ab
2426 4680 2582 4734 omni
2633 4687 2948 4751 conspectu,
3010 4689 3066 4735 et
3113 4682 3171 4735 in
3229 4691 3441 4739 secreto
3493 4703 3594 4742 suo

1987 4775 2337 4835 moraretur,
2351 4769 2605 4824 introivit
2620 4769 2688 4822 ad
2701 4786 2830 4824 cum
2843 4769 3093 4824 diabolus
3103 4770 3298 4826 habitu
3309 4773 3592 4845 simulato,

2004 4866 2062 4914 et
2095 4877 2160 4914 ex
2207 4860 2440 4914 adverso
2479 4857 3004 4924 consistensz'Ave,
3050 4858 3251 4930 inquit,
3305 4863 3590 4920 Pachomi.

2005 4949 2120 5020 Ego
2139 4939 2275 5002 'sum
2306 4948 2562 5002 Christus
2596 4947 2718 5016 (1‘2),
2752 4953 2809 5000 et
2833 4947 2992 5000 venio
3021 4948 3092 5001 ad
3122 4955 3177 5002 te
3207 4949 3428 5006 fidelem
3459 4955 3598 5008 ami-

2004 5055 2132 5092 cum
2165 5054 2374 5092 meum.
2391 5037 2548 5090 Tunc
2564 5037 2700 5106 ipse,
2723 5035 3002 5090 revelante
3023 5037 3128 5091 sibi
3154 5038 3366 5110 Spiritu
3380 5049 3591 5109 sancto,

2005 5126 2275 5180 visionem
2295 5141 2539 5180 renuens
2565 5123 2798 5189 inimici,
2828 5125 3110 5196 cogitabat
3139 5127 3288 5182 intra
3315 5147 3394 5196 se,
3427 5137 3596 5204 atque

2007 5214 2262 5270 dicebat:
2293 5213 2579 5268 Adventus
2609 5213 2816 5267 Christi
2845 5215 3184 5286 tranquillus
3219 5224 3322 5286 est,
3367 5226 3424 5274 et
3459 5222 3596 5276 vism

2005 5305 2128 5376 ejus
2155 5303 2307 5358 omni
2330 5303 2533 5356 timore
2563 5301 2757 5369 libera,
2790 5309 2844 5357 et
2869 5305 3074 5374 gaudio
3095 5306 3261 5377 plena
3280 5315 3392 5376 est;
3427 5311 3573 5380 proti

2007 5411 2114 5448 nus
2145 5391 2292 5447 enim
2317 5391 2645 5446 ethumanze
2673 5393 3038 5463 cogitationes
3061 5395 3289 5462 abeunt,
3311 5403 3367 5450 et
3385 5399 3598 5453 deside-

2010 5483 2092 5537 ria
2123 5489 2333 5536 aeterna
2360 5481 2700 5548 succedunt;
2753 5499 2854 5552 ego
2893 5491 3080 5538 autem
3119 5501 3268 5538 nunc
3313 5486 3590 5551 turbatus,

2012 5571 2180 5626 variis
2201 5569 2630 5642 cogitationibus
2655 5576 2850 5626 aestuo.
2876 5572 2945 5627 Et
2963 5573 3228 5628 continuo
3257 5591 3508 5644 surgens,
3543 5582 3600 5631 et

3244 5672 3283 5732 9
