3946 6192
396 315 498 372 267

1331 299 1336 303 ⁴
1422 311 1515 365 DE
1540 311 1728 366 VITIS
1768 306 2061 365 PATRUM
2100 303 2312 364 LIBER
2349 305 2638 365 PRIMUS.

3566 311 3674 368 268

401 440 604 494 Christi
635 441 796 508 signo
823 457 880 491 se
911 437 1190 496 muniens,
1216 435 1476 489 extendit
1524 453 1723 489 manus
1752 452 1881 488 suas
1927 439 2049 494 utA
2077 451 2187 488 non
2219 438 2406 505 posset
2433 435 2488 488 id
2533 453 2722 504 agere,
2767 437 3090 508 respondit:
3142 437 3202 490 Si
3244 433 3528 490 vobiscum
3574 445 3680 505 pu‘

401 529 586 598 ipsum
613 524 1134 598 comprehenderet.
1173 525 1240 579 Et
1261 524 1562 578 exsufﬂans
1585 525 1639 576 in
1665 541 1791 577 eum
1824 523 1986 576 dixit:

400 618 632 672 Discede
652 633 685 670 a
707 633 814 679 me,
843 615 1080 679 diabole,
1113 615 1244 685 quia
1265 614 1592 666 maledictus
1605 631 1663 666 es
1676 619 1756 677 tu,
1783 617 1840 666 et
1857 613 1992 666 visio

397 712 513 768 tua,
547 711 604 757 et
631 709 781 758 artes
805 703 1136 757 insidiarum
1173 707 1418 763 tuarum,
1453 719 1554 754 nec
1591 701 1762 754 habes
1810 701 1992 754 locum

399 794 548 864 apud
577 793 816 846 famulos
841 793 976 858 Dei;
1011 797 1067 845 et
1091 791 1268 844 factus
1297 790 1466 844 veluti
1503 791 1701 861 pulvis,
1734 790 1991 844 cellulam

397 883 520 952 ejus
547 881 942 935 molestissimo
991 881 1163 934 fetore
1208 876 1524 949 complevit,
1574 878 1654 931 ita
1691 883 1755 932 ut
1805 878 1993 948 ipsum

395 975 784 1042 corrumperet
810 985 1018 1035 aerem,
1045 985 1175 1022 voce
1193 984 1398 1038 magna
1416 967 1768 1038 proclamans
1791 987 1802 1020 :
1829 967 1992 1021 Modo

393 1064 451 1114 te
476 1061 726 1114 lucratus
745 1075 948 1122 essem,
969 1062 1026 1111 et
1039 1056 1142 1110 sub
1170 1073 1354 1110 meam
1385 1061 1722 1128 potestatem
1749 1056 1993 1125 redegis-

393 1166 530 1213 sem,
565 1150 662 1202 sed
685 1148 948 1219 praecelsa
969 1151 1056 1200 est
1069 1147 1246 1199 virtus
1276 1144 1481 1199 Christi
1507 1163 1518 1198 :
1545 1145 1668 1199 ideo
1699 1144 1934 1198 deludor
1959 1161 1994 1197 a

389 1238 546 1292 vobis
575 1238 633 1290 in
663 1237 942 1292 omnibus.
972 1235 1375 1290 Verumtamen
1423 1239 1695 1304 quantum
1735 1249 1984 1305 possum,

394 1343 490 1380 vos
519 1327 854 1398 impugnare
882 1342 995 1379 non
1018 1325 1268 1378 desinam
1290 1342 1302 1388 ;
1322 1324 1544 1394 Oportet
1563 1323 1710 1376 enim
1733 1339 1823 1376 me
1849 1339 1988 1394 opus

397 1431 588 1470 meum
613 1416 734 1469 sine
753 1414 1168 1468 intermissione
1190 1413 1486 1482 complere.
1512 1411 1844 1465 Pachomius
1857 1427 1988 1480 ergo

395 1506 741 1558 confortatus
789 1503 999 1574 Spiritu
1043 1505 1256 1566 sancto,
1305 1501 1678 1554 confitebatur
1728 1501 1988 1562 Domino,

391 1593 603 1663 gratias
629 1594 679 1646 ei
718 1608 890 1662 agens
917 1591 987 1644 de
1017 1590 1175 1644 miris
1223 1605 1357 1660 erga
1401 1606 1462 1643 se
1503 1589 1784 1642 beneﬁciis
1821 1595 1990 1659 atque

393 1680 739 1734 muneribus.

463 1770 595 1824 CAP.
623 1769 796 1824 XLIX
817 1795 878 1806 —
909 1769 976 1822 In
1014 1767 1116 1822 hoc
1145 1768 1318 1820 etiam
1363 1767 1706 1820 monasterio
1745 1765 1988 1838 quadam

391 1863 557 1912 nocte
611 1873 739 1912 cum
789 1857 1080 1912 Theodoro
1135 1855 1521 1921 deambulans,
1570 1855 1755 1910 subito
1798 1855 1991 1926 procul

389 1948 630 2001 intuitus
659 1951 744 2000 est
771 1945 1044 2016 grandem
1066 1945 1442 2016 phantasiam,
1469 1945 1644 1998 multa
1666 1945 1990 1998 seductione

390 2035 778 2106 compositam.
805 2036 937 2090 Erat
953 2035 1102 2088 enim
1120 2035 1179 2088 in
1195 2033 1392 2088 habitu
1419 2034 1692 2103 mulieris,
1718 2035 1989 2088 excedens

389 2141 614 2179 omnem
630 2125 936 2178 humanam
957 2123 1454 2194 pulchritudinem,
1479 2123 1559 2176 ita
1581 2129 1644 2178 ut
1659 2122 1850 2176 formae
1868 2124 1991 2192 ejus

390 2215 658 2286 eXpOSitio
690 2218 748 2270 et
772 2215 924 2268 visus
956 2214 1153 2284 exponi
1185 2229 1298 2267 non
1341 2217 1548 2284 posset.
1597 2211 1754 2267 Hanc
1798 2212 1990 2266 videns

388 2304 560 2358 etiam
587 2303 930 2369 Theodorus,
970 2301 1226 2357 turbatus
1249 2308 1334 2356 est
1363 2303 1540 2366 valde,
1574 2308 1630 2356 et
1649 2303 1834 2356 vultus
1865 2303 1987 2372 ejus

386 2394 720 2448 immutatus
749 2399 853 2448 est.
882 2393 1060 2457 Quem
1095 2391 1425 2446 venerabilis
1455 2406 1622 2445 senex
1657 2391 1845 2444 videns
1896 2391 1985 2444 ni-

388 2483 566 2537 mium
596 2481 898 2536 formidare
923 2500 934 2534 :
961 2477 1190 2536 Conﬁde
1221 2481 1278 2536 in
1309 2481 1564 2546 Domino,
1609 2479 1706 2544 ait,
1736 2497 1768 2533 o
1805 2480 2012 2546 Theo-5

386 2571 542 2638 dore,
575 2588 678 2626 nec
697 2572 1050 2642 aliquatenus
1071 2586 1419 2640 expavescas.
1441 2569 1571 2622 Haec
1598 2569 1805 2632 dicens,
1831 2568 1989 2622 stetit

388 2661 448 2714 in
475 2661 748 2726 oratione,
779 2661 1102 2730 supplicans
1144 2659 1406 2723 Domino,
1455 2665 1520 2712 ut
1564 2657 1841 2728 stupenda
1890 2657 1989 2711 illa

388 2749 689 2820 phantasia
726 2747 926 2802 divinae
969 2747 1281 2818 majestatis
1329 2749 1626 2818 praesentia
1657 2747 1982 2801 solveretur.

390 2839 644 2908 Cumque
692 2838 858 2891 simul
895 2843 1140 2902 orarent,
1195 2837 1364 2906 coepit
1405 2836 1503 2890 illa
1541 2835 1796 2906 proxima
1842 2835 1984 2901 ﬁeri,

390 2943 558 2998 quam
571 2927 918 2998 praecedebat
931 2926 1174 2996 plurima
1187 2927 1504 2979 daemonum
1519 2925 1818 2978 multitudo
1828 2926 1988 2979 .Cum

389 3033 522 3087 ergo
553 3033 743 3088 preces
761 3033 890 3070 suas
910 3016 1242 3070 Pachomius
1257 3015 1604 3086 explicasset,
1623 3015 1720 3068 illa
1740 3015 1984 3080 veniens,

2073 539 2334 591 gnavero,
2367 541 2476 576 non
2508 541 2678 594 parva
2707 524 2860 578 vobis
2891 523 3200 578 utilitatum
3237 524 3533 578 commoda
3563 523 3673 576 mi-

2075 611 2344 674 nistrabo,
2377 613 2616 666 maxime
2646 611 2765 678 tibi,
2809 631 2841 667 o
2880 609 3162 680 Pachomi,
3197 613 3293 684 qui
3341 613 3413 667 ad
3455 617 3674 666 tantam

2075 701 2463 754 celsitudinem
2493 701 2818 771 pervenisti,
2839 707 2904 756 ut
2927 703 3208 774 corporeis
3232 702 3406 756 oculis
3433 693 3678 772 gloriam

2075 789 2298 842 Domini
2333 790 2537 860 dignus
2567 791 2642 844 sis
2673 789 2897 844 habitus
2925 791 3160 848 intueri.
3191 783 3302 844 Sed
3326 790 3581 862 nunquid
3615 791 3676 843 in

2075 881 2414 948 perpetuum
2440 895 2568 932 cum
2594 878 2706 932 tuis
2723 879 3011 934 monachis
3039 875 3338 946 habitabis,
3373 896 3511 950 quos
3525 895 3678 932 nunc

2076 972 2133 1019 et
2156 967 2502 1022 orationibus
2533 967 2798 1038 protegis,
2827 975 2884 1022 et
2905 969 3291 1023 exhortatione
3320 967 3677 1022 corroboras?

2077 1055 2197 1108 Erit
2221 1059 2443 1126 tempus
2470 1063 2597 1128 post
2620 1055 2832 1110 obitum
2863 1063 3046 1122 tuum,
3095 1055 3318 1128 quando
3365 1057 3512 1110 inter
3557 1073 3672 1120 eos,

2075 1149 2243 1213 prout
2271 1142 2514 1210 libuerit,
2548 1144 2948 1212 debacchabor,
2981 1150 3039 1200 et
3083 1163 3248 1216 agam
3287 1145 3356 1200 de
3396 1146 3484 1200 his
3528 1163 3678 1216 quae.

2071 1248 2287 1304 cunque
2315 1233 2628 1304 placuerint
2647 1235 2804 1290 mihi.
2837 1235 2920 1290 Tu
2945 1252 3187 1306 namque
3208 1233 3342 1289 facis
3375 1239 3438 1288 ut
3464 1251 3614 1290 nunc
3648 1251 3684 1287 a

2069 1327 2232 1376 tanta
2249 1323 2655 1378 monachorum
2671 1325 3104 1395 congregatione
3130 1324 3440 1378 conculcer.
3461 1325 3530 1378 Et
3549 1339 3678 1378 san-

2073 1416 2196 1464 ctus
2216 1411 2302 1464 vir
2329 1431 2340 1464 :
2374 1413 2574 1466 Nonne
2605 1413 2732 1479 scis,
2767 1413 2969 1484 inquit,
3004 1411 3218 1480 infelix,
3257 1411 3407 1484 quod
3435 1411 3676 1490 forsitan

2075 1506 2198 1570 post
2227 1517 2326 1554 nos
2358 1501 2615 1555 meliores
2645 1509 2830 1566 erunt,
2861 1503 2958 1574 qui
2981 1503 3205 1556 Christo
3233 1503 3452 1556 sincera
3482 1501 3677 1556 volun-

2073 1591 2190 1642 tate
2219 1591 2548 1656 servientes,
2575 1607 2670 1644 eos
2701 1591 2794 1662 qui
2827 1592 2896 1645 ad
2919 1591 3271 1662 disciplinam
3302 1591 3523 1645 Domini
3539 1607 3676 1645 con-

2061 1677 2334 1749 fugerint,
2371 1685 2427 1732 et
2448 1681 2716 1734 doctrinis
2763 1679 3112 1751 spiritalibus
3142 1681 3418 1746 imbuant,
3463 1685 3519 1734 et
3568 1680 3676 1751 piis

2012 1768 2340 1852 Bexemplis
2361 1769 2656 1823 aedificent.
2677 1769 2837 1834 Novi,
2869 1769 2950 1823 ait
2968 1769 3088 1836 illa,
3121 1769 3268 1834 quod
3299 1775 3495 1823 contra
3509 1775 3682 1840 caput

2072 1862 2234 1910 tuum
2265 1857 2430 1912 modo
2460 1859 2731 1912 mentitus
2757 1859 2854 1913 sis.
2875 1855 3031 1914 Tunc
3062 1854 3401 1913 Pachomius
3429 1859 3544 1912 ait:
3592 1859 3680 1912 Tu

2075 1945 2352 2000 mendacii
2409 1947 2790 2018 principatum
2833 1948 3003 2018 geris,
3059 1965 3190 2001 nam
3234 1943 3495 2019 praescire
3539 1947 3681 2000 nihil

2074 2035 2302 2089 omnino
2329 2037 2617 2106 praevales.
2644 2035 2761 2090 Hoc
2781 2037 2933 2090 enim
2964 2037 3138 2091 solius
3158 2036 3260 2090 Dei
3289 2043 3392 2102 est,
3420 2041 3478 2090 et
3505 2037 3682 2105 maje-

2073 2125 2234 2178 statis
2256 2127 2378 2194 ejus
2388 2141 2452 2178 ac
2474 2126 2738 2196 potentiae
2758 2126 3067 2197 proprium,
3086 2131 3288 2180 cuncta
3305 2141 3674 2197 praenoscere.

2073 2213 2206 2276 Quae
2227 2213 2542 2283 respondit:
2572 2213 2891 2268 Secundum
2908 2214 3320 2284 przescientiam
3333 2210 3578 2284 quidem,
3603 2219 3674 2268 ut

2071 2301 2228 2367 dicis,
2262 2303 2486 2372 penitus
2518 2303 2658 2356 nihil
2687 2303 2832 2366 novi,
2876 2303 3223 2372 conjiciendo
3264 2308 3456 2357 tamen
3493 2301 3680 2369 136

2069 2386 2314 2456 plurima
2340 2403 2632 2457 cognosco.
2661 2387 2730 2442 Et
2754 2393 2945 2442 sancto
2985 2387 3288 2442 Pachomio
3329 2387 3668 2452 sciscitante,

2073 2476 2352 2544 quomodo
2391 2477 2673 2547 conjiciat,
2706 2477 2786 2530 ait
2805 2477 2904 2531 illa
2927 2495 2939 2530 :
2983 2474 3060 2530 Ex
3084 2476 3529 2548 praecedentibus
3549 2493 3674 2548 quae

2071 2570 2204 2617 sunt
2233 2572 2486 2631 ventura,
2519 2566 2838 2624 considero.
2877 2567 2947 2619 Et
2973 2565 3057 2618 vir
3076 2569 3304 2620 Sanctus
3325 2565 3407 2620 ait
3427 2565 3668 2620 adeam:

2071 2652 2364 2716 Quomodo
2397 2655 2672 2724 conjicere
2689 2655 2890 2726 possis,
2913 2656 3180 2725 exprime.
3207 2655 3277 2708 Et
3295 2652 3420 2708 illa:
3449 2652 3674 2721 Omnis,

2067 2741 2271 2812 inquit,
2303 2743 2384 2796 rei
2417 2743 2753 2814 principium
2783 2760 3048 2814 processu
3067 2743 3339 2814 temporis
3367 2741 3437 2796 ad
3461 2743 3674 2797 consti-

2070 2835 2257 2884 tutum
2283 2832 2466 2886 tendit
2494 2838 2882 2902 augmentum,
2927 2833 3128 2886 deinde
3158 2833 3230 2886 ad
3267 2831 3675 2886 detrimentum

2071 2919 2326 2990 divergit.
2364 2921 2454 2974 Sic
2487 2938 2618 2991 ergo
2652 2927 2709 2974 et
2745 2921 2804 2974 in
2829 2921 2936 2974 hac
2963 2919 3152 2974 divina
3176 2921 3466 2974 vocatione
3493 2921 3674 2990 conji-

2070 3009 2174 3074 cio,
2209 3027 2332 3080 quae
2362 3009 2510 3063 inter
2537 3010 2699 3064 initia
2729 3009 3068 3070 suacoelesti
3095 3009 3360 3064 roborata
3387 3009 3669 3080 pmsidio,

390 3106 471 3160 ait
499 3105 568 3160 ad
591 3115 684 3160 eos
709 3124 720 3158 :
742 3105 888 3169 Quid
907 3105 1189 3176 superflue
1216 3104 1502 3169 laboratis,
1523 3104 1657 3158 dum
1683 3109 1876 3157 contra
1895 3120 1986 3157 me
2007 3115 2048 3174 ο
2070 3097 2245 3167 signis
2275 3105 2332 3152 et
2360 3099 2650 3169 prodigiis,
2675 3099 2954 3170 variisque
2979 3097 3282 3153 virtutibus
3311 3099 3502 3154 crevit.
3527 3100 3674 3154 Cum

389 3193 530 3250 nihil
560 3212 728 3266 agere
749 3195 982 3266 potestis
1001 3195 1026 3247 Ἰ
1056 3195 1171 3265 Ego
1200 3209 1444 3264 namque
1470 3198 1804 3263 potestatem
1833 3209 1986 3246 acce-

387 3284 446 3356 pi
475 3302 510 3338 a
532 3285 772 3339 Domino
791 3290 1012 3338 tentare
1036 3301 1176 3354 quos
1204 3283 1351 3340 volo.
1389 3283 1458 3336 Et
1486 3281 1850 3352 interrogavit
1861 3299 1986 3336 eam

389 3372 742 3439 Pachomius,
771 3375 992 3428 dicens:
1023 3373 1167 3436 Quid
1191 3372 1274 3425 vis
1317 3389 1455 3436 esse,
1497 3371 1581 3424 vel
1615 3370 1764 3424 unde
1808 3371 1982 3436 venis,

389 3468 490 3516 aut
517 3480 684 3534 quem
712 3469 933 3516 tentare
973 3469 1036 3516 tu
1067 3461 1309 3532 quaeris?
1359 3461 1492 3524 Quae
1541 3459 1656 3512 ait:
1701 3459 1814 3529 Ego
1861 3475 1988 3512 sum

389 3549 595 3606 diaboli
625 3552 828 3618 virtus,
871 3557 928 3604 et
956 3551 1094 3604 mihi
1128 3555 1216 3604 est
1253 3555 1475 3604 caterva
1509 3549 1824 3602 daemonum
1868 3553 1988 3602 tota

389 3639 659 3710 subjecta.
693 3639 810 3710 Ego
854 3656 978 3693 sum
1019 3655 1140 3709 quae
1189 3644 1384 3690 sancta
1419 3637 1634 3690 lumina
1672 3636 1731 3690 in
1777 3641 1988 3690 terram

389 3729 696 3798 praecipito,
731 3734 788 3781 et
815 3727 1050 3798 caligine
1082 3726 1382 3780 mortiferae
1419 3725 1720 3796 voluptatis
1747 3725 1984 3779 involvo.

393 3816 507 3885 Ego
533 3817 738 3870 Judam
767 3833 989 3887 quoque
1017 3815 1229 3886 decepi,
1253 3821 1309 3868 et
1337 3814 1406 3867 ab
1439 3815 1784 3884 apostolatus
1809 3813 1988 3884 dejeci

391 3901 634 3974 fastigio.
660 3903 728 3958 Et
751 3911 806 3958 te
834 3905 1025 3974 igitur,
1059 3922 1091 3958 ο
1112 3903 1395 3980 Pachomi,
1420 3903 1655 3974 expetivi
1672 3919 1704 3956 a
1725 3899 1981 3969 Domino,

392 3997 450 4046 et
479 3993 810 4064 impugnare
840 4009 951 4048 non
982 4010 1136 4048 cesso
1161 4012 1172 4060 ;
1212 4010 1314 4046 nec
1343 4008 1568 4064 possum
1599 3991 1840 4062 amplius
1885 4007 1986 4062 0p-

393 4081 619 4152 probria
645 4081 961 4136 daemonum
991 4081 1288 4146 sustinere,
1323 4081 1471 4152 quod
1501 4079 1776 4134 universis
1800 4080 1986 4150 impu-

389 4171 749 4240 gnationibus
778 4187 842 4224 ac
871 4171 1079 4242 praeliis
1107 4171 1247 4225 meis
1277 4170 1624 4242 superiorem
1652 4174 1709 4222 te
1737 4185 1858 4222 esse
1887 4169 1985 4222 de-

391 4261 810 4316 monstraveris.
837 4262 1040 4316 Nullus
1060 4261 1211 4316 enim
1232 4278 1340 4327 me,
1367 4260 1511 4314 sicut
1528 4264 1612 4323 tu,
1636 4260 1758 4313 sine
1777 4257 1987 4313 viribus

391 4349 651 4405 reddidit.
672 4352 816 4407 Nam
829 4351 1128 4422 juvenibus
1147 4356 1204 4404 et
1223 4349 1468 4414 senibus,
1488 4365 1704 4403 necnon
1731 4348 1986 4419 etpueris

2067 3186 2240 3256 igitur
2267 3203 2554 3242 senescere
2575 3187 2824 3259 cmperit,
2859 3205 2893 3241 a
2923 3187 3164 3259 propriis
3193 3187 3675 3242 minueturincre-

2069 3275 2296 3342 mentis,
2328 3281 2428 3331 aut
2453 3278 2725 3352 temporis
2777 3277 3149 3331 diuturnitate
3191 3277 3519 3340 lassescens,
3571 3283 3675 3330 aut

2069 3365 2424 3434 negligentiae
2443 3370 2669 3437 torpore
2685 3366 2968 3430 deﬁciens,
2983 3372 3117 3420 tunc
3131 3365 3395 3420 adversus
3413 3366 3674 3436 hujusce-

2069 3454 2221 3507 modi
2250 3469 2447 3525 potero
2463 3456 2782 3526 praevalere.
2813 3455 2922 3509 Sed
2943 3460 3000 3508 et
3018 3471 3166 3510 nunc
3196 3469 3335 3526 opus
3355 3468 3546 3508 meum
3561 3459 3669 3520 est,

2069 3543 2428 3612 supplantare
2455 3560 2594 3614 quos
2624 3560 2870 3614 possum,
2903 3559 3248 3614 magnosque
3271 3544 3418 3598 viros
3444 3548 3672 3597 tentare

2069 3646 2181 3684 non
2211 3631 2427 3690 desino.
2451 3631 2552 3686 Cui
2575 3633 2908 3686 Pachomius
2929 3629 3036 3686 ait:
3073 3631 3152 3696 Si,
3180 3637 3243 3686 ut
3261 3631 3417 3697 dicis,
3433 3649 3673 3702 magnos

2069 3719 2216 3773 viros
2245 3725 2464 3775 tentare
2494 3738 2604 3775 non
2630 3721 2860 3786 desinis,
2894 3721 3296 3792 prapriumque
3325 3737 3466 3792 opus
3502 3725 3671 3775 tuum

2067 3809 2386 3864 animarum
2413 3809 2788 3880 perditionem
2803 3825 2924 3864 esse
2945 3809 3194 3881 professa
3222 3825 3301 3873 es,
3336 3814 3527 3880 utpote
3545 3827 3672 3880 quae

2069 3904 2298 3952 cunctos
2328 3899 2548 3952 excellis
2586 3899 2645 3952 in
2675 3899 2892 3954 malitia
2918 3892 3219 3966 daemones,
3253 3899 3341 3953 die
3389 3899 3672 3970 quomodo

2069 4003 2216 4041 nunc
2242 3988 2507 4042 adversus
2528 3988 2630 4042 Dei
2651 3988 2890 4042 famulos
2919 4004 3033 4042 non
3053 3994 3213 4060 potes
3241 3987 3583 4060 praevalere?
3601 3987 3675 4042 Et

2068 4077 2164 4131 illa
2188 4097 2202 4132 :
2236 4077 2360 4131 Jam
2391 4077 2510 4140 tibi,
2543 4078 2746 4148 inquit,
2771 4083 2902 4132 ante
2917 4078 3165 4150 praedixi,
3185 4094 3251 4132 ex
3273 4095 3381 4149 quo
3395 4075 3674 4132 mirabilis

2068 4165 2378 4220 incarnatio
2396 4166 2604 4220 Christi
2624 4166 2772 4220 facta
2791 4173 2877 4222 est
2905 4167 2965 4221 in
2984 4167 3173 4234 terris,
3195 4183 3298 4220 nos
3326 4165 3447 4220 sine
3457 4165 3673 4221 viribus

2068 4271 2298 4326 prorsus
2329 4255 2565 4309 existere
2593 4255 2862 4327 coepimus
2885 4275 2898 4323 ;
2929 4255 3012 4310 ita
3031 4261 3096 4310 ut
3110 4253 3180 4310 ab
3200 4255 3288 4309 his
3314 4255 3412 4326 qui
3429 4254 3675 4310 credunt

2067 4344 2128 4398 in
2147 4343 2372 4398 nomine
2395 4346 2517 4415 ejus
2547 4344 2852 4399 illudamur
2879 4351 2944 4399 ut
2972 4359 3227 4416 passeres
3267 4341 3398 4415 (113).
3429 4339 3671 4398 Verum-

391 4440 646 4497 doctrina
671 4447 773 4495 tua
800 4458 891 4494 me
919 4439 1194 4506 subdidit;
1230 4446 1287 4494 et
1311 4445 1376 4493 ut
1403 4438 1473 4492 ab
1511 4439 1591 4493 eis
1620 4437 1845 4510 penitus
1859 4437 2258 4526 con-Dtamen
2282 4433 2388 4488 etsi
2418 4433 2628 4487 inﬁrmi
2663 4450 2858 4488 sumus
2882 4431 3106 4499 redditi,
3153 4450 3266 4488 non
3309 4449 3487 4504 usque
3526 4432 3670 4486 adeo

391 4530 596 4597 culcer,
628 4531 810 4586 effecit
833 4549 845 4584 :
879 4535 1100 4583 tantum
1129 4545 1475 4600 congregans
1497 4535 1692 4583 contra
1712 4543 1802 4582 me
1832 4542 1986 4582 exer—
2004 4521 2045 4526 —
2063 4523 2312 4593 gerimus
2333 4523 2466 4590 otia,
2492 4526 2557 4576 ut
2586 4539 2698 4576 non
2719 4537 2858 4593 quos
2883 4537 3182 4594 possumus
3196 4521 3454 4592 decipere
3472 4521 3670 4575 molia-

391 4619 560 4674 citum
622 4619 1044 4686 monachorum,
1095 4623 1153 4672 et
1189 4635 1350 4672 muro
1409 4616 1829 4688 inexpugnabili
1881 4615 1984 4670 Dei
2066 4626 2214 4664 mur.
2249 4612 2553 4680 Nunquam
2575 4609 2782 4682 quippe
2810 4610 3148 4682 quiescimus
3162 4609 3447 4663 adversari
3468 4610 3669 4679 generi

388 4709 591 4763 timore
617 4708 969 4764 circumdans
997 4707 1094 4773 ita,
1122 4714 1186 4762 ut
1215 4705 1460 4761 ministri
1490 4706 1599 4760 mei
1629 4722 1740 4759 non
1763 4705 1987 4759 valeant
2066 4704 2269 4764 vestro,
2319 4703 2568 4753 serentes
2623 4699 2800 4753 malas
2847 4697 3212 4769 cogitationes
3261 4698 3321 4751 in
3367 4697 3670 4752 animabus

389 4812 456 4850 ex
486 4796 639 4850 vobis
661 4815 999 4869 quemquam
1027 4815 1132 4852 sua
1158 4796 1452 4867 multiplici
1472 4795 1668 4848 fraude
1696 4794 1980 4848 seducere.
2067 4804 2261 4842 eorum
2291 4787 2384 4858 qui
2413 4793 2612 4841 contra
2635 4803 2739 4841 nos
2768 4787 3055 4842 decertare
3097 4785 3461 4841 contendunt.
3504 4787 3574 4840 Et
3618 4787 3671 4839 si

391 4883 520 4938 Haec
539 4892 729 4940 autem
748 4885 910 4940 nobis
926 4887 1116 4941 omnia
1135 4885 1468 4956 contingunt
1488 4889 1717 4956 propter
1734 4882 1981 4937 Verbum
2063 4877 2222 4932 nobis
2238 4875 2592 4930 titillantibus
2619 4890 2868 4930 annuere
2898 4893 2992 4931 eos
3017 4889 3084 4930 ex
3112 4881 3271 4948 parte
3299 4872 3510 4946 aliquid
3534 4887 3670 4928 sen-

387 4973 510 5036 Dei,
537 4971 744 5028 factum
775 4975 1079 5036 hominem,
1115 4975 1210 5046 qui
1240 4974 1393 5030 vobis
1419 4977 1754 5045 potestatem
1785 4971 1983 5026 tribuit
2063 4967 2318 5030 serimUS,
2377 4971 2510 5020 tunc
2573 4962 2816 5037 amplius
2869 4965 3247 5036 aequissimas
3298 4963 3672 5034 cogitationes

385 5066 638 5116 nostram
679 5063 1001 5134 proculcare
1045 5064 1330 5118 virtutem.
1383 5062 1452 5116 Et
1498 5061 1830 5116 Pachomius
1859 5059 1974 5114 ait:
2063 5055 2441 5120 immittimus,
2469 5059 2526 5108 et
2545 5053 2892 5109 diversarum
2918 5055 3270 5125 voluptatum
3287 5053 3546 5107 incendia
3565 5050 3674 5106 mi-

387 5150 530 5214 Quid
557 5150 770 5220 igitur?
797 5153 884 5205 Me
914 5153 1274 5218 solum,sicut
1287 5151 1496 5217 dixisti,
1520 5156 1743 5204 tentare
1758 5148 1975 5215 venisti,
2063 5144 2394 5208 nistramus;
2420 5147 2481 5196 et
2507 5143 2588 5196 ita
2616 5143 2937 5214 praeliantes
2957 5142 3250 5208 acerrime,
3280 5141 3672 5196 subintramus

384 5255 455 5292 an
486 5255 596 5292 non
627 5240 802 5292 alios?
822 5239 890 5293 Et
917 5246 991 5306 te,
1026 5241 1124 5304 ait,
1156 5247 1212 5294 et
1227 5241 1320 5312 qui
1351 5241 1432 5294 tui
1462 5245 1594 5294 sunt
1622 5239 1979 5292 similes.Ite-
2063 5249 2174 5296 eos,
2209 5239 2525 5302 nostraeque
2551 5232 2772 5302 plenius
2800 5231 3066 5302 potestati
3093 5231 3438 5302 subjicimus.
3463 5229 3522 5284 Si
3537 5243 3672 5284 vero

383 5345 506 5382 rum
533 5335 763 5382 sanctus
793 5329 877 5382 vir
902 5328 1271 5398 interrogavit
1299 5347 1442 5394 eam,
1477 5329 1699 5382 dicens:
1736 5327 1884 5396 Ergo
1923 5331 1981 5380 et
2061 5321 2366 5374 viderimus
2386 5336 2453 5373 ea
2471 5336 2595 5390 quae
2627 5325 3013 5390 suggeruntur
3031 5335 3066 5372 a
3084 5317 3270 5385 nobis,
3289 5335 3384 5372 eos
3404 5323 3674 5372 econtra-

379 5415 894 5472 TheodorumHlla
914 5417 1317 5489 responditzEt
1333 5418 1688 5472 Theodorum
1709 5414 1972 5487 expetivi,
2059 5410 2142 5464 rio
2173 5427 2286 5464 non
2329 5410 2510 5464 solum
2553 5425 2666 5463 non
2705 5409 3006 5480 suscipere,
3044 5423 3240 5463 verum
3281 5423 3385 5462 nec
3425 5406 3672 5460 libenter

379 5511 436 5559 et
463 5510 797 5576 potestatem
829 5506 1016 5576 accepi
1041 5511 1260 5560 tentare
1282 5505 1508 5572 vos,sed
1526 5504 1977 5576 appropinquare
2059 5499 2372 5564 attendere,
2397 5499 2616 5570 ﬁdeque
2646 5515 2767 5569 quae
2796 5497 2856 5552 in
2885 5497 3109 5554 Christo
3137 5504 3242 5565 est,
3276 5496 3577 5568 vigilanter
3609 5501 3673 5550 et

379 5595 531 5650 vobis
562 5595 786 5667 penitus
827 5612 1062 5666 nequeo.
1098 5594 1167 5649 Et
1199 5593 1674 5664 interrogantibus
1703 5611 1828 5649 eam
1877 5609 1977 5647 cur
2057 5589 2241 5645 sobrie
2267 5607 2327 5644 se
2343 5589 2583 5654 munire,
2601 5587 2760 5644 sicut
2789 5587 2978 5644 fumus
3013 5587 3324 5660 dissipatur
3341 5585 3402 5642 in
3421 5583 3668 5652 aere,sic
