3946 6192
309 310 422 376 269

1074 322 1240 377 VITA
1285 316 1544 378 SANCTI
1583 318 1939 381 PACHOMII
1979 320 2286 383 ABBATIS
2322 320 2841 385 TABENNENSIS.

3486 336 3592 394 270

307 447 380 500 ab
405 460 608 502 eorum
630 449 890 503 cordibus
918 450 1184 520 pellimur
1201 454 1257 504 et
1274 451 1553 521 fugamur.
1572 452 1697 506 Non
1725 452 1909 506 omni-
1927 455 1977 517 A
1995 454 2143 507 thios
2182 454 2552 524 Operabatur;
2586 460 2914 525 tantamque
2943 456 3337 511 contritionem
3359 464 3589 530 propter

309 536 416 589 bus
458 537 633 591 etiam
674 537 886 591 viribus
934 539 1141 591 nostris
1180 540 1562 609 permittimur
1590 556 1717 593 cum
1762 541 1913 594 omni

305 626 545 681 homine
575 627 874 696 congredi;
911 627 1044 697 quia
1063 644 1177 681 non
1210 644 1405 682 omnes
1433 636 1667 699 possunt
1696 635 1916 683 nostros

304 716 561 785 impetus
573 717 872 770 sustinere.
891 717 1036 771 Nam
1055 717 1101 770 si
1122 718 1519 771 concederetur
1535 718 1695 772 nobis
1710 719 1917 790 passim

302 809 511 858 contra
532 821 728 859 omnes
751 810 947 861 nostra
974 806 1301 861 fortitudine
1334 808 1674 878 depugnare,
1710 809 1917 861 multos

302 900 629 963 possemus,
666 894 761 965 qui
798 908 950 949 nunc
978 900 1078 949 tuo
1115 898 1374 951 ioventur
1402 896 1612 962 labore,
1641 897 1913 968 decipere.

304 982 424 1036 Sed
465 983 603 1053 quid
632 984 895 1053 agimus?
933 985 1066 1056 quia
1090 986 1363 1055 juvantur
1404 986 1660 1056 precibus
1690 987 1820 1053 tuis,
1863 992 1920 1040 et

300 1071 526 1125 virtute
574 1077 744 1143 atque
778 1074 1035 1144 potentia
1073 1075 1335 1127 Crucifixi
1368 1075 1718 1129 muniuntur.
1761 1074 1919 1129 "iuno

298 1168 543 1215 sanctus
562 1162 899 1217 Pachumius
918 1179 1051 1216 voce
1080 1179 1286 1232 magna
1307 1180 1434 1217 cum
1449 1165 1664 1234 gemitu
1690 1164 1832 1218 dixit
1846 1165 1917 1218 ad

302 1266 477 1303 eam:
526 1250 575 1304 Ο
612 1250 1049 1330 indormitabilis
1086 1252 1341 1322 nequitia
1375 1258 1580 1318 vestra,
1612 1268 1736 1323 qua:
1773 1270 1919 1306 nun-

300 1354 488 1409 quam
543 1339 810 1394 adversus
837 1357 1017 1412 genus
1059 1341 1371 1395 humanum
1422 1342 1615 1395 saevire
1663 1342 1918 1418 desistit,

301 1427 497 1481 donec
540 1428 749 1483 iterum
785 1430 974 1483 divina
1016 1430 1211 1496 virtus,
1266 1431 1320 1483 id
1366 1436 1467 1495 est,
1501 1431 1602 1485 Dei
1637 1431 1810 1485 Filius
1849 1431 1919 1485 de

299 1516 472 1570 caelis
490 1517 809 1583 adveniens,
836 1534 901 1572 ex
930 1519 1148 1589 integro
1173 1533 1269 1573 vos
1298 1523 1593 1573 consumat
1621 1526 1679 1573 et
1700 1520 1913 1591 perdat.

300 1605 446 1658 Haec
484 1606 694 1671 dicens,
762 1607 1069 1677 increpavit
1123 1613 1402 1661 catervam
1452 1609 1768 1662 daemonum
1815 1608 1918 1663 sub

302 1694 550 1747 nomine
577 1695 806 1749 Christi.
842 1696 975 1760 Quae
1006 1712 1135 1750 mox
1157 1697 1430 1767 dissipata
1453 1701 1557 1761 est,
1592 1703 1648 1751 et
1676 1698 1748 1751 ad
1770 1698 1918 1752 nihi-

307 1784 434 1837 lum
464 1782 754 1838 dissoluta.

386 1872 556 1927 Mane
585 1879 775 1928 autem
804 1874 970 1939 facto,
1014 1890 1322 1930 convocans
1353 1876 1692 1929 Pachomius
1725 1892 1919 1929 omnes

304 1962 540 2028 fratres,
561 1964 658 2033 qui
686 1964 771 2017 vel
805 1964 1101 2018 sanctitate
1120 1965 1265 2029 vitae,
1301 1966 1383 2018 vel
1413 1965 1749 2035 antiquitate
1777 1969 1917 2018 tem-

303 2053 473 2121 poris
498 2052 901 2122 praecedebant,
936 2055 1191 2124 exposuit
1210 2054 1290 2108 eis
1318 2060 1520 2108 cuncta
1546 2070 1671 2125 qua:
1702 2054 1920 2107 viderat

305 2144 492 2212 atque
504 2142 757 2195 audierat
768 2159 799 2195 τι
818 2135 1078 2213 malignis
1091 2144 1398 2214 spiritibus.
1418 2144 1729 2198 Insinuavit
1746 2144 1919 2197 etiam

302 2242 418 2301 per
448 2230 715 2301 epistolas
742 2248 873 2286 suas
901 2231 1243 2297 absentibus,
1264 2233 1522 2287 muniens
1553 2250 1647 2287 eos
1677 2233 1734 2287 in
1757 2232 1919 2286 disci-

302 2318 473 2390 plina
485 2320 654 2390 atque
673 2320 877 2374 timore
895 2320 1137 2387 Domini,
1156 2327 1213 2375 et
1228 2323 1513 2376 instruens
1536 2321 1914 2393 providenter,

305 2408 379 2462 ut
406 2409 468 2462 in
496 2408 649 2462 nullo
670 2420 900 2480 prorsus
919 2408 1231 2480 phantasiis
1246 2411 1562 2465 dzemonum
1593 2411 1921 2475 cedant,nec

306 2494 651 2551 insidiarum
672 2498 1107 2573 multiformium
1125 2499 1408 2571 praestigia
1421 2499 1918 2563 extimescant.Qui

307 2585 572 2640 videntes
604 2587 963 2641 etaudientes
983 2604 1104 2659 quae
1117 2602 1220 2659 per
1233 2588 1479 2643 divinam
1495 2588 1739 2658 gratiam
1762 2588 1832 2642 ab
1851 2605 1916 2642 eo

1996 543 2295 597 Dominum
2308 542 2707 607 sustinebat,ut
2716 560 3099 614 saepenumero
3113 546 3390 602 funiculus
3418 555 3450 612 Ι
3466 552 3589 615 θα

1999 632 2344 702 intorquens,
2370 637 2884 701 compungerentur
2907 650 3106 687 manus
3137 636 3184 704 ej
3195 651 3275 699 us,
3294 642 3351 688 et
3369 638 3593 706 sangui-

2002 720 2087 773 nis
2131 707 2305 789 guttae
2352 720 2663 785 eﬂluerent,
2712 721 3011 787 intentum,
3046 725 3109 776 ut
3156 740 3221 776 ex
3265 724 3385 795 ipso
3426 740 3593 797 opere

1999 824 2205 878 magna
2222 809 2325 862 viri
2354 809 2655 862 tolerantia
2684 815 3113 864 monstraretur.
3146 813 3211 866 In
3241 818 3394 867 tanta
3419 814 3595 883 igitur

2000 898 2329 951 inﬁrmitate
2359 898 2606 967 corporis
2635 898 2992 965 constitutus,
3038 915 3325 971 nunquam
3356 902 3594 957 fratrum

2000 986 2287 1040 collectam
2309 986 2575 1049 deseruit,
2609 987 2705 1040 sed
2738 987 2807 1040 ad
2830 989 3130 1058 explendas
3150 1006 3343 1044 omnes
3363 992 3594 1046 diurnas

2001 1075 2300 1137 orationes,
2350 1075 2585 1128 Sollicite
2632 1077 2959 1141 convolavit,
3021 1077 3160 1131 adeo
3199 1082 3263 1131 ut
3304 1088 3595 1151 nunquam

2000 1163 2271 1216 dormiret
2297 1163 2564 1217 interdiu.
2596 1162 2977 1217 Consueverat
3005 1170 3198 1219 autem
3220 1183 3319 1237 per
3342 1168 3591 1237 singulas

2005 1258 2196 1305 noctes
2244 1253 2574 1323 priusquam
2623 1257 2849 1323 caperet
2898 1268 3178 1320 somnum,
3231 1256 3486 1325 quaedam
3525 1257 3595 1311 de

2007 1340 2310 1411 Scripturis
2349 1342 2557 1395 sanctis
2595 1341 2854 1394 meditari
2888 1359 2900 1408 ;
2942 1346 3173 1413 totaque
3210 1345 3462 1398 membra
3497 1352 3601 1399 sta

2009 1430 2215 1484 Christi
2247 1431 2533 1501 signaculo
2560 1430 2838 1494 muniens,
2870 1431 3222 1500 gloriﬁcabat
3244 1434 3459 1503 jugiter
3486 1435 3598 1488 Do-

2003 1519 2237 1584 minum,
2289 1524 2345 1572 et
2373 1520 2454 1573 ita
2495 1520 2785 1589 paululum
2828 1520 3164 1589 quiescebat.
3200 1523 3412 1577 Deinde
3452 1524 3599 1578 circa

2001 1608 2180 1660 noctis
2201 1608 2448 1661 medium
2480 1624 2733 1677 surgens,
2759 1624 2936 1679 usque
2965 1611 3033 1663 ad
3066 1612 3373 1667 matutinas
3394 1614 3600 1667 oratio—

2002 1712 2102 1750 nes
2126 1697 2311 1749 alacer
2332 1697 2716 1767 permanebat.
2744 1698 2925 1768 Hujus
2946 1699 3246 1770 aliquando
3261 1716 3461 1755 manus
3480 1703 3600 1773 qui-

1940 1771 1987 1831 Β
2002 1785 2131 1838 dam
2153 1785 2328 1839 frater
2346 1786 2666 1855 inspiciens,
2691 1787 2875 1857 operis
2896 1787 3184 1842 nimietate
3205 1796 3374 1860 atque
3392 1771 3597 1845 violen-

2002 1874 2311 1927 tiafortitnr
2330 1874 2627 1935 sauciatas.
2652 1879 2707 1928 et
2722 1890 3007 1946 respersas
3033 1879 3326 1947 sanguine,
3357 1879 3494 1934 dicit
3518 1880 3589 1934 ei:

2003 1961 2147 2025 Quid
2165 1962 2244 2015 ita.
2254 1967 2414 2032 pater
2432 1963 2730 2016 durissimo
2744 1964 2931 2017 labore
2945 1969 3001 2018 te
3017 1965 3589 2023 discrucias.maxime

2002 2050 2102 2103 tali
2130 2050 2458 2105 inﬁrmitate
2486 2052 2781 2122 depressus
2798 2053 2921 2106 ?An
2952 2054 3092 2107 forte
3123 2056 3329 2109 metuis
3361 2066 3430 2109 ne
3450 2057 3600 2127 apud

2000 2140 2179 2192 Deum
2210 2141 2508 2194 contrahas
2529 2141 2816 2205 oﬂ'ensam,
2852 2143 2936 2194 vel
2956 2143 3056 2195 otii
3086 2143 3298 2197 crimen
3322 2144 3594 2213 incurras,

2001 2228 2047 2281 si
2081 2245 2191 2281 non
2231 2230 2425 2283 sedulo
2457 2229 2629 2282 fueris
2674 2231 2971 2299 Operatus?
3002 2231 3117 2284 Scit
3158 2232 3431 2287 Dominus
3462 2235 3597 2304 quid

2001 2318 2229 2388 pateris,
2262 2324 2317 2371 et
2343 2319 2475 2389 quia
2490 2335 2654 2371 nemo
2665 2318 2839 2372 tantis
2858 2319 3313 2375 tribulationibus
3335 2322 3595 2389 afﬂictus,

2003 2407 2180 2482 ullum
2232 2406 2379 2460 valet
2409 2424 2547 2477 opus
2578 2407 2874 2477 attingere,
2908 2410 3185 2480 praecipue
3215 2416 3296 2477 tu,
3328 2411 3422 2481 qui
3444 2411 3600 2466 nulla

2001 2496 2335 2550 necessitate
2378 2495 2798 2565 constringeris.
2846 2498 2988 2551 Nam
3035 2498 3081 2551 si
3130 2500 3442 2569 peregrinis
3474 2505 3600 2571 post

2001 2584 2178 2639 Deum
2209 2584 2599 2639 sufﬁcientiam
2623 2584 3073 2655 pauperibusque
3092 2587 3600 2660 largimur,quanto

309 2674 593 2729 miracula
611 2675 970 2747 gerebantur,
989 2676 1334 2731 corroborati
1350 2680 1520 2747 atque
1540 2677 1763 2731 solidati
1788 2676 1915 2742 fide,
2003 2673 2184 2742 magis
2214 2672 2315 2726 tibi
2344 2678 2502 2726 tanto
2538 2673 2689 2726 Patri
2731 2690 2857 2727 cum
2889 2674 3182 2727 devotione
3212 2676 3455 2729 maxima
3482 2691 3600 2730 ser-

310 2781 447 2818 cum
480 2765 633 2818 omni
672 2765 963 2821 alacritate
1010 2765 1258 2820 laborem
1293 2767 1652 2821 continentia;
1694 2766 1920 2821 suffere-
2002 2761 2262 2815 viemus?
2292 2762 2376 2815 Ad
2411 2778 2581 2832 quam
2623 2762 2717 2815 ille
2752 2762 3043 2833 respondit
3073 2781 3084 2816 :
3138 2764 3491 2835 Impossibile
3517 2767 3603 2820 est

312 2850 476 2907 bant.
2006 2850 2145 2903 mihi
2175 2867 2287 2903 non
2318 2850 2558 2921 operari.
2591 2851 2661 2904 Et
2679 2849 2855 2904 frater
2884 2852 2993 2905 ait:
3027 2852 3085 2906 Si
3116 2853 3239 2920 hoc,
3264 2853 3467 2924 inquit,
3497 2854 3602 2909 tibi

387 2944 524 2997 CAP.
546 2937 610 2997 L.
641 2971 706 2981 -
738 2944 964 2997 Interea
987 2944 1224 3015 alicujus
1259 2944 1469 3011 fratris,
1514 2944 1609 3016 qui
1639 2945 1921 3016 patientia
2005 2939 2207 3009 placet,
2243 2939 2443 2993 saltem
2466 2955 2667 2993 manus
2692 2943 2819 2993 tuas
2845 2941 2966 2994 oleo
2998 2954 3268 3012 perunge,
3292 2960 3363 2997 ne
3379 2947 3603 2998 tantum

312 3033 471 3087 senis
497 3030 733 3086 aemulus
754 3039 813 3087 et
840 3033 1093 3087 imitator
1110 3040 1251 3099 erat,
1275 3051 1402 3087 cum
1433 3040 1609 3088 staret
1621 3032 1692 3087 ad
1713 3034 1922 3087 oratio—
2005 3029 2336 3097 sanguinem
2353 3029 2693 3099 proﬂuentes
2710 3029 2767 3082 in
2785 3028 2973 3083 labore
2993 3030 3275 3085 deficiant.
3300 3032 3409 3096 Qui
3424 3034 3603 3087 censi.

312 3138 469 3183 nem,
504 3122 781 3192 percussit
810 3122 1060 3193 scorpius
1089 3120 1320 3194 pedem;
1353 3128 1410 3177 et
1440 3124 1579 3177 adeo
1600 3123 1751 3176 virus
1775 3121 1923 3177 infu-
1940 3129 1985 3189 Ο
2006 3116 2082 3171 lio
2109 3118 2230 3187 ejus
2260 3118 2637 3188 acquiescens,
2662 3117 2793 3171 fecit
2809 3119 2957 3188 quod
2978 3118 3235 3173 hortatus
3253 3125 3475 3174 esteum
3496 3141 3508 3188 ;
3545 3116 3602 3176 et

316 3208 435 3274 dit,“
458 3216 525 3264 ut
552 3226 732 3281 usque
757 3206 827 3264 ad
856 3228 953 3266 cor
983 3213 1103 3282 ejus
1133 3212 1294 3265 dolor
1314 3218 1652 3279 excurreret,
1679 3219 1737 3265 et
1755 3212 1922 3282 spiri-
2006 3207 2287 3260 intantum
2316 3206 2619 3261 vulneratae
2659 3222 2861 3260 manus
2909 3208 3031 3277 ejus
3069 3213 3313 3278 gravatae
3344 3216 3492 3274 sunt,
3537 3214 3603 3265 ut

314 3305 439 3352 tum
488 3300 656 3370 paulo
695 3300 883 3354 minus
914 3296 1220 3355 exhalaret.
1256 3301 1362 3365 Qui
1415 3298 1547 3355 licet
1591 3302 1665 3355 sit
1693 3301 1923 3355 affectus
2006 3312 2362 3367 neqanuam
2399 3300 2587 3367 posset
2617 3295 2759 3349 ferre
2790 3297 3088 3350 cruciatus.
3116 3298 3201 3351 Ad
3225 3314 3393 3368 quem
3415 3300 3599 3354 viseno

315 3392 571 3442 extremo
589 3389 977 3455 cruciatu,non
997 3394 1187 3444 tamen
1210 3407 1268 3444 se
1280 3392 1582 3444 commovit
1600 3408 1635 3443 a
1655 3391 1775 3444 loco
1797 3404 1918 3456 suo,
2006 3386 2139 3439 dum
2168 3385 2368 3439 beatus
2388 3384 2726 3439 Pachomius
2758 3385 3004 3449 veniens,
3032 3402 3371 3457 causamque
3391 3405 3597 3459 cogno-

315 3477 498 3532 donec
535 3477 797 3533 ﬁniretur
821 3479 999 3533 oratio
1042 3497 1052 3531 :
1084 3496 1187 3550 pro
1219 3494 1327 3550 quo
1358 3479 1550 3533 statim
1581 3480 1921 3534 Pachomius
2006 3490 2183 3538 scens,
2216 3475 2297 3528 ait
2319 3474 2405 3528 ei:
2440 3473 2702 3539 Putabas,
2726 3474 2916 3541 frater,
2939 3475 3088 3545 quod
3113 3480 3167 3529 te
3196 3476 3383 3531 oleum
3413 3479 3602 3549 posset

314 3582 517 3638 preces
534 3566 756 3621 Christo
782 3567 947 3633 fudit,
972 3573 1029 3622 et
1048 3567 1295 3639 pristina!
1325 3567 1553 3622 sanitati
1583 3568 1847 3622 restituit.

387 3658 525 3711 ΟΑΡ.
558 3648 648 3710 LI.
670 3690 702 3697 -
727 3656 1019 3711 Theodoro
1050 3673 1272 3728 quoque
1296 3657 1482 3727 gravis
1522 3658 1707 3727 passio
1728 3657 1924 3729 capitis

316 3745 786 3811 inflicta,dolores
799 3747 1101 3800 acerrimos
1113 3745 1408 3800 excitabat.
1425 3746 1531 3810 Qui
1548 3762 1675 3800 cum
1693 3744 1925 3816 rogaret

316 3835 710 3901 Pachomium,
730 3842 794 3889 ut
811 3852 942 3889 eum
962 3836 1078 3889 suis
1095 3835 1367 3889 relevaret
1382 3835 1835 3899 orationibus,ait
1853 3832 1923 3889 ad

317 3941 452 3978 eum
473 3924 769 3987 :Putasne,
800 3924 899 3991 ﬁli,
926 3924 1074 3995 quod
1105 3925 1271 3978 alicui
1306 3925 1599 3995 contingat
1628 3925 1806 3989 dolor,
1826 3932 1924 3979 aut

322 4012 638 4083 passio,aut
666 4012 877 4083 aliquid
897 4013 1220 4083 hujusmodi
1249 4013 1368 4067 sine
1397 4014 1765 4084 permissione
1797 4013 1923 4067 Dei?

320 4102 534 4156 Idcirco
564 4103 623 4156 in
670 4102 863 4156 dolore
893 4102 1129 4167 sustine,
1163 4109 1219 4156 et
1250 4103 1308 4156 in
1353 4102 1672 4156 humilitate
1692 4108 1792 4155 tua
1820 4118 1922 4172 pa-

320 4191 584 4245 tientiam
606 4190 770 4257 habe;
786 4196 844 4245 et
854 4191 1079 4262 quando
1100 4191 1339 4245 voluerit
1360 4192 1649 4257 Dominus,
1674 4192 1923 4245 conferet

317 4280 419 4333 tibi
448 4280 800 4351 sospitatem.
827 4274 1047 4344 Quodsi
1071 4285 1129 4333 te
1148 4276 1357 4333 diutius
1372 4278 1610 4351 probare
1632 4280 1916 4351 dignatur,

318 4374 437 4422 esto
460 4374 683 4439 gratus,
716 4372 780 4423 ut
801 4368 905 4423 fuit
933 4368 1370 4440 perfectissimus
1400 4368 1458 4423 et
1477 4369 1919 4440 patientissimus

2001 3563 2225 3633 juvare?
2254 3563 2389 3627 Quis
2419 3563 2565 3616 enim
2596 3570 2652 3616 te
2681 3563 2864 3633 coegit
2899 3563 2979 3617 ita
3008 3564 3200 3618 sedulo
3230 3564 3503 3634 laborare,
3537 3572 3603 3623 ut

2009 3650 2111 3705 sub
2139 3656 2411 3723 praetextu
2425 3652 2628 3723 operis,
2660 3652 2716 3705 in
2738 3651 2842 3705 hoc
2869 3652 3205 3707 visibilioleo
3236 3657 3413 3725 magis
3428 3672 3598 3728 quam

2005 3741 2062 3794 in
2078 3742 2191 3795 Deo
2204 3757 2360 3811 spem
2382 3746 2539 3795 tuam
2558 3754 2795 3811 poneres
2808 3741 2831 3793 ’ἶ
2846 3743 2960 3795 Aut
2982 3743 3239 3813 nunquid
3258 3743 3598 3815 impossibile

2005 3834 2091 3883 est
2113 3829 2229 3884 Deo
2251 3847 2451 3884 sanare
2479 3830 2561 3884 te?
2588 3830 2703 3883 Aut
2721 3830 2941 3900 ignorat
2971 3830 3331 3901 aegritudines
3347 3834 3597 3905 singulo-

2004 3919 2475 3988 rum,nostrisque
2505 3917 3029 3972 commonitionibus
3054 3920 3294 3990 indiget?
3313 3923 3397 3976 vel
3418 3924 3599 3994 despi-

2006 4007 2081 4060 cit
2134 4024 2234 4061 nos
2266 4007 2361 4077 qui
2384 4014 2468 4061 est
2496 4014 2700 4060 natura
2737 4007 3057 4062 misericors
3086 4009 3109 4060 7
3136 4009 3244 4063 Sed
3293 4012 3597 4067 utilitatem

2005 4096 2364 4150 considerans
2392 4095 2707 4149 animarum
2722 4102 3061 4162 nostrarum,
3085 4098 3220 4151 sinit
3247 4100 3315 4153 ad
3340 4116 3594 4156 momen-

2004 4190 2124 4238 tum
2182 4202 2283 4239 nos
2336 4186 2456 4256 pati
2505 4185 2817 4247 tristitiam,
2859 4190 2923 4238 ut
2966 4186 3277 4241 tolerantiae
3322 4196 3596 4259 perpetua

2002 4273 2236 4345 praemia
2261 4274 2552 4344 largiatur.
2577 4274 2756 4344 Super
2777 4273 2963 4344 ipsum
2978 4273 3150 4344 igitur
3165 4288 3387 4329 omnem
3399 4292 3593 4333 curam

2002 4367 2253 4416 nostram
2292 4362 2835 4433 sollicitudinemque
2858 4363 3153 4433 jactemus;
3187 4365 3475 4434 etquando
3505 4384 3594 4421 vo-

315 4458 443 4527 Iob,
471 4459 569 4529 qui
602 4459 810 4513 multas
827 4458 1258 4513 tribulationum
1287 4458 1709 4513 etcruciatuum
1738 4447 2195 4519 tenta-Diuerit,
2244 4452 2331 4505 vel
2379 4453 2657 4522 quomodo
2702 4453 3053 4523 judicaverit,
3113 4455 3231 4526 ipse
3285 4455 3591 4511 terminum

315 4547 500 4600 tiones
513 4547 1127 4618 excipiens,Dominutn
1155 4547 1536 4601 benedicebat.
1555 4548 1623 4601 Et
1635 4547 1781 4601 sicut
1799 4548 1913 4615 ille,

272 4635 377 4688 ’ω
400 4652 629 4707 quoque
656 4650 757 4707 pro
795 4630 1079 4690 doloribus
1116 4636 1231 4690 tuis
1276 4638 1546 4707 majorem
1585 4638 1837 4708 requiem
1886 4649 1919 4691 a

315 4723 539 4779 Christo
567 4722 1026 4797 percipies.Bona
1039 4724 1267 4797 quidem
1290 4730 1377 4780 est
1395 4725 1755 4791 abstinentia,
1780 4731 1838 4780 et
1860 4727 1917 4780 in

315 4815 570 4868 oratione
589 4815 1033 4886 perseverantia;
1062 4822 1255 4870 tamen
1286 4815 1544 4869 infirmus
1568 4817 1749 4886 magis
1772 4832 1915 4886 prae;

314 4902 495 4957 mium
524 4895 875 4975 adipiscitur,
891 4918 1020 4959 cum
1038 4903 1377 4975 longanimis
1398 4909 1456 4958 et
1468 4904 1688 4976 patiens
1708 4904 1916 4959 inVeni-

314 4986 427 5040 tur.
473 4982 541 5037 Et
589 4984 728 5056 quia
754 4981 912 5040 nobis
977 4983 1047 5039 de
1106 4984 1482 5055 magnanimis
1548 4984 1682 5038 viris
1733 4998 1914 5038 sermo

314 5074 608 5141 processit,
651 5075 1033 5129 necessarium
1051 5090 1199 5140 ieor,
1228 5073 1395 5128 unius
1426 5070 1608 5128 adhuc
1640 5072 1742 5127 viri
1772 5074 1915 5127 tole-

316 5163 717 5233 rantiam,quae
723 5168 979 5217 cunctam
990 5162 1215 5217 laudem
1229 5162 1575 5216 transcendit
1585 5163 1911 5227 humanam,

317 5251 568 5320 proferre
587 5253 647 5306 in
676 5252 926 5306 medium
953 5268 1054 5323 pro
1093 5250 1341 5305 utilitate
1371 5252 1697 5305 multorum.

388 5342 517 5395 Car.
538 5336 997 5397 LIl.—Zachaeus
1014 5336 1242 5412 quidam
1261 5341 1721 5411 monachus,post
1746 5341 1917 5412 longa

316 5431 674 5487 continentize
700 5436 974 5501 tempora,
994 5430 1147 5501 regio
1163 5429 1357 5484 morbo
1377 5436 1685 5500 correptus,
1715 5448 1918 5501 seque--

316 5520 552 5576 stratam
590 5538 627 5575 a
652 5520 925 5575 fratribus
954 5519 1151 5575 habuit
1177 5519 1456 5585 cellulam,
1500 5525 1619 5573 tota
1656 5519 1769 5573 vita
1817 5536 1919 5574 sua

318 5620 459 5680 pane
479 5615 716 5667 tantum
742 5614 801 5665 et
824 5610 942 5664 sale
967 5612 1283 5665 contentus.
1313 5609 1545 5678 Semper
1563 5614 1753 5663 autem
1774 5609 1919 5679 psia-

2002 4539 2287 4594 doloribus
2301 4541 2508 4594 nostris
2524 4541 2796 4612 benignus
2808 4542 3077 4614 imponet.
3099 4545 3206 4608 Qui
3225 4545 3587 4615 respondens,

2002 4631 2117 4684 ait:
2146 4628 2376 4701 Ignosce
2409 4632 2565 4697 mihi,
2597 4631 2932 4686 venerabilis
2957 4639 3135 4704 pater,
3169 4641 3227 4688 et
3254 4648 3351 4689 ora
3370 4648 3470 4705 pro
3500 4650 3591 4690 me

2000 4719 2320 4785 Dominum,
2354 4726 2418 4775 ut
2456 4725 2512 4774 et
2546 4722 2651 4775 hoc
2688 4721 2827 4775 mihi
2856 4719 3119 4777 delictum
3167 4724 3456 4780 remittere
3487 4742 3587 4797 pro

2000 4825 2101 4863 sua
2120 4810 2329 4880 pietate
2359 4810 2641 4879 dignetur.
2724 4822 2733 4833 ‘

2069 4925 2476 4980 Asseverabant
2497 4926 2665 4980 etiam
2684 4925 2989 4997 plurimide
3018 4928 3121 4982 hoc
3141 4946 3293 4997 sene,
3319 4930 3471 5001 quod
3490 4948 3590 5003 per

1998 5040 2209 5077 annum
2222 5025 2507 5094 integrum
2521 5040 2582 5078 se
2597 5024 2841 5089 deﬂevit,
2848 5031 2975 5095 post
2990 5026 3297 5083 biduanum
3307 5030 3386 5100 jej
3394 5031 3589 5086 auium

2000 5136 2200 5192 parum
2228 5122 2337 5197 cibi
2357 5121 2687 5193 percipiens.
2705 5121 2866 5176 Hunc
2881 5130 3107 5179 sanctus
3128 5126 3460 5182 Pachomius
3478 5146 3591 5183 mo-

1999 5220 2191 5273 nachis
2210 5207 2573 5290 proponebat,
2610 5220 2758 5275 velut
2796 5222 3111 5293 exemplum
3149 5223 3423 5279 bonorum
3455 5243 3589 5296 ope-

1999 5334 2146 5383 rum,
2164 5319 2693 5389 firmamentumque
2714 5319 3004 5374 virtutum.
3024 5320 3109 5375 Ad
3130 5339 3297 5393 quem
3307 5323 3476 5376 etiam
3494 5338 3588 5377 eos

2002 5414 2095 5485 qui
2126 5421 2286 5469 erant
2312 5415 2368 5468 in
2391 5430 2627 5470 moerere
2659 5418 2845 5488 positi,
2871 5418 3167 5489 dirigebat,
3202 5420 3333 5490 quia
3346 5418 3587 5473 habebat

2000 5518 2057 5565 et
2092 5512 2528 5567 consolatorium
2582 5514 2831 5582 verbum,
2874 5515 3019 5570 sicut
3054 5518 3244 5571 nullus
3280 5516 3440 5569 alius.
3477 5516 3584 5579 Qui

2001 5626 2176 5680 usque
2192 5610 2262 5664 ad
2280 5612 2446 5665 tinem
2458 5611 2678 5667 fortiter
2688 5613 2980 5666 decertans
2995 5614 3050 5667 in
3063 5617 3347 5667 senectute
3370 5615 3581 5681 sancta,
