3946 6192
1193 262 1206 285 1

423 320 524 380 271

1435 317 1529 376 DE
1563 321 1752 378 VITIS
1789 321 2086 376 PATRUM
2121 322 2337 377 LIBER
2372 320 2664 376 PRIMUS.

3575 316 3684 376 272

419 465 522 520 pro
546 445 830 502 doloribus
857 444 1032 498 tantis
1071 449 1282 498 aeterna
1301 445 1506 499 solatia
1547 451 1892 518 recepturus,
1935 446 2005 498 ad
2021 447 2076 504 Α
2095 447 2242 501 mius
2270 447 2434 510 fudit,
2453 445 2584 516 quia
2595 449 2653 497 et
2664 442 2921 513 ipsumin
2939 442 3684 512 monasterio,cognomento

417 537 667 591 coelestia
693 550 867 604 regna
889 533 1176 590 transivit.

2091 535 2585 590 Chinobosciorum
2603 536 2878 601 aegrotare
2901 536 3252 602 compererat
3294 531 3418 596 Cui,
3434 531 3564 585 licet
3591 531 3686 586 ab-

489 627 618 680 CAP.
645 621 790 682 LIII.
825 653 876 662 -—
909 622 1111 676 Certus
1137 621 1328 692 itaque
1355 623 1706 689 Pachomius,
1741 623 1890 694 quod
1918 628 2006 676 ta-
2091 625 2254 688 senti,
2287 632 2322 688 ε
2343 631 2463 689 :53
2479 630 2739 677 cunctam
2763 620 3173 674 fraternitatem
3194 619 3607 674 commendavit
3626 619 3686 674 in

413 715 628 768 lentum
649 712 754 766 sibi
767 711 1041 765 creditum
1057 727 1348 781 nunquam
1368 729 1597 782 prorsus
1611 712 2002 776 absconderat,

2089 714 2347 779 Domino,
2385 713 2614 766 mittens
2638 711 2709 764 ad
2728 727 2858 764 eum
2885 709 3142 780 protinus
3171 714 3236 762 ut
3254 709 3486 762 veniret.
3510 709 3578 762 Et
3607 708 3685 762 si-

412 803 510 856 sed
532 800 790 856 omnibus
810 817 1149 870 praerogans,
1183 801 1394 854 ethunc
1415 807 1472 854 et
1491 801 1629 855 alios
1646 801 2006 871 quamplures
2087 803 2326 872 gnaculo
2339 801 2546 856 Christi
2577 817 2637 854 se
2659 799 2936 854 muniens.
2961 805 3129 868 atque
3145 799 3412 866 angelum
3430 798 3570 852 lucis
3589 798 3686 868 qui

410 892 669 963 perfectae
694 889 1130 944 conversationis
1157 889 1229 942 ad
1257 889 1542 943 Christum
1571 896 1703 943 ante
1716 889 2001 960 praemise-

406 987 514 1046 rat,
549 980 696 1034 diem
719 979 923 1032 festum
945 979 1074 1032 laeta
1102 984 1290 1031 mente
1309 977 1624 1031 celebrabat
1641 995 1810 1048 super
1829 977 2001 1030 tantis

405 1087 470 1124 ac
492 1068 698 1123 talibus
725 1066 996 1120 fructibus
1023 1083 1056 1119 a
1087 1067 1322 1120 Domino
1344 1066 1446 1120 sibi
1475 1067 1768 1132 concessis,
1789 1067 1858 1119 de
1881 1065 2000 1136 qui-

402 1157 508 1212 bus
539 1161 732 1211 noster
759 1155 850 1209 hic
869 1171 1054 1208 sermo
1077 1155 1175 1208 diu
1197 1155 1502 1224 productus
1521 1161 1624 1220 est,
1649 1155 1763 1208 Deo
1783 1154 1996 1224 gratias

402 1247 670 1300 referens.
690 1246 824 1300 Post
837 1243 1224 1298 beatissimum
1234 1260 1362 1296 vero
1377 1243 1661 1296 Paschalis
1678 1243 1803 1296 festi
1823 1243 1991 1308 diem,

377 1335 594 1400 ,multis
619 1333 887 1388 fratribus
907 1332 978 1385 ad
1008 1332 1311 1384 Dominum
1338 1332 1658 1402 praemissis,
1685 1331 1755 1384 ad
1785 1337 1996 1402 postre-

399 1441 558 1478 mum
579 1423 698 1494 ipse
715 1437 937 1493 quoque
955 1427 1180 1474 sanctus
1192 1421 1529 1474 Pachomius
1548 1421 1866 1474 inﬁrmatus
1886 1425 1989 1486 est;

400 1520 456 1566 et
473 1510 832 1566 ministrabat
850 1509 902 1563 ei
919 1509 1432 1578 Theodorus,cujus
1449 1526 1594 1580 smpe
1608 1509 1989 1562 meminimus.

396 1602 466 1656 Et
503 1600 758 1672 quamvis
787 1603 935 1652 esset
961 1604 1080 1652 toto
1119 1614 1351 1668 corpore
1381 1597 1549 1650 nimis
1576 1603 1902 1650 attenuatus
1927 1614 1992 1650 ac

395 1689 611 1751 debilis.
633 1689 828 1742 faciem
847 1693 1038 1744 tamen
1063 1685 1305 1740 habebat
1325 1685 1562 1738 hilarem
1577 1691 1746 1756 atque
1765 1686 1988 1754 fulgen—

2084 891 2271 944 fuerat
2281 891 2350 944 ad
2365 907 2423 944 se
2444 890 2710 954 directus,
2732 893 2960 958 aspectu
2979 887 3207 940 intuens
3223 885 3408 952 hilari,
3427 892 3682 940 sanctam

2083 979 2330 1032 reddidit
2346 979 2613 1042 animam,
2640 983 2840 1048 quarto
2859 975 3076 1030 decimo
3089 976 3179 1029 die
3198 975 3408 1029 mensis
3429 975 3673 1039 Pachon,

2083 1068 2391 1121 secundum
2423 1067 2731 1138 zEgyptios,
2773 1065 2921 1136 quod
2961 1069 3048 1118 est
3071 1065 3234 1134 juxta
3268 1064 3570 1131 Romanos,
3603 1063 3675 1121 ad

2080 1157 2381 1227 septimum
2411 1157 2560 1210 diem
2591 1155 2794 1210 Iduum
2821 1155 3098 1208 Maiarum
3133 1153 3259 1223 (44).

2151 1247 2326 1315 Cujus
2338 1244 2652 1298 venerabile
2677 1241 3069 1313 corpusculum
3084 1241 3344 1312 discipuli
3359 1243 3408 1311 ej
3417 1258 3502 1307 us,
3529 1241 3676 1295 sicut

2077 1333 2311 1387 decebat
2356 1349 2456 1404 pro
2495 1349 2652 1386 more
2692 1337 2971 1395 curantes,
3028 1335 3206 1382 totam
3252 1335 3473 1383 noctem
3505 1347 3676 1400 super

2076 1422 2215 1476 illud
2235 1423 2442 1476 duxere
2457 1421 2802 1492 pervigilem,
2827 1419 3073 1491 psalmos
3093 1419 3448 1490 hymnosque
3464 1435 3673 1473 canen-

2076 1517 2181 1574 tes,
2213 1511 2472 1581 sequenti
2485 1527 2614 1564 vero
2641 1509 2732 1562 die
2753 1509 3101 1580 sepelierunt
3119 1523 3248 1561 eum
3264 1507 3322 1560 in
3341 1513 3552 1574 monte,
3575 1507 3673 1561 ubi

2074 1600 2260 1653 fuerat
2269 1600 2658 1654 constitutum.
2676 1597 2762 1652 Illi
2779 1603 2969 1651 autem
2985 1597 3080 1666 qui
3099 1597 3252 1650 missi
3279 1602 3443 1650 erant
3452 1597 3523 1650 ad
3537 1613 3672 1651 san-

2072 1695 2226 1743 ctum
2241 1689 2587 1753 Petronium,
2609 1705 2738 1741 eum
2759 1687 3129 1752 deduxerunt,
3146 1685 3328 1738 adhuc
3343 1685 3672 1740 inﬁrmitate

392 1784 526 1840 tem,
549 1777 631 1831 ita
651 1783 720 1831 ut
746 1794 812 1830 ex
844 1777 948 1829 hoc
969 1791 1190 1846 quoque
1218 1773 1536 1828 videntibus
1566 1774 1669 1845 piae
1699 1775 2042 1871 mentisacB
2074 1777 2200 1848 ipsa
2229 1775 2927 1846 laborantem.Quipaucis
2939 1774 3135 1828 diebus
3150 1780 3328 1828 totam
3343 1773 3671 1828 fraternita-

391 1866 780 1921 sincerissimae
826 1863 1178 1918 conscientiae
1229 1879 1342 1916 suae
1387 1869 1728 1916 monstraret
1761 1863 1984 1920 indicia.

390 1957 536 2010 Ante
557 1955 699 2008 duos
715 1970 848 2023 ergo
863 1953 983 2006 dies
1004 1957 1209 2006 sanctae
1238 1952 1594 2005 dormitionis
1629 1969 1762 2018 suae,
1789 1968 1990 2006 convo-

396 2061 530 2098 cans
558 2043 848 2097 universos
872 2042 1093 2106 fratres,
1129 2041 1209 2094 ait
1228 2041 1298 2094 ad
1321 2057 1442 2094 eos:
1467 2041 1581 2110 Ego
1597 2041 1843 2110 quidem,
1865 2041 1993 2094 cha-

390 2132 618 2197 rissimi,
644 2130 790 2184 viam
814 2135 1040 2201 patrum
1063 2146 1291 2183 securus
1333 2129 1636 2199 ingredior,
1669 2146 1796 2182 nam
1827 2129 1986 2183 video

386 2238 478 2274 me
507 2238 540 2273 a
564 2219 801 2274 Domino
821 2218 1078 2288 protinus
1099 2218 1332 2272 evocari.
1362 2218 1474 2272 Vos
1490 2230 1623 2287 ergo
1645 2224 1987 2272 mementote

384 2309 684 2362 verborum
700 2325 823 2378 quae
851 2325 885 2360 a
900 2325 990 2360 me
1009 2307 1335 2377 frequenter
1349 2307 1603 2371 audistis,
1621 2313 1676 2360 et
1689 2307 1978 2376 vigilantes

382 2398 440 2452 in
471 2396 746 2469 precibus,
774 2395 945 2450 sobrii
969 2401 1146 2448 estote
1176 2395 1234 2448 in
1275 2394 1536 2464 cperibus
1566 2395 1783 2448 vestris.
1817 2395 1986 2448 Nulla

383 2487 456 2541 sit
486 2485 640 2539 vobis
683 2484 1001 2554 conjunctio
1045 2501 1174 2536 cum
1227 2482 1596 2536 sectatoribus
1635 2482 1862 2548 Meletii,
1898 2483 1982 2536 vel

382 2575 521 2639 Arii,
553 2575 636 2626 vel
659 2573 941 2642 Origenis,
972 2589 1069 2625 seu
1098 2571 1313 2626 caeteris
1334 2571 1542 2624 Christi
1574 2571 1864 2642 praeceptis
1887 2572 1981 2624 ad-

382 2661 750 2716 versantibus.
783 2661 923 2714 Cum
947 2660 1056 2713 illis
1077 2667 1268 2713 autem
1290 2659 1718 2722 conversamini,
1745 2660 1840 2730 qui
1867 2661 1978 2713 Do-

383 2751 602 2804 minum
619 2754 896 2812 metuunt,
918 2753 976 2802 et
990 2754 1226 2818 possunt
1241 2749 1509 2818 prodesse
1525 2748 1680 2802 vobis
1691 2765 1980 2802 conversa-

383 2840 538 2894 tione
562 2847 773 2904 sancta,
791 2844 849 2891 et
863 2837 1160 2891 animabus
1174 2837 1375 2891 vestris
1385 2837 1702 2908 spiritualia
1713 2842 1978 2908 praestare

385 2927 602 2982 solatia.
639 2927 754 2997 Ego
801 2943 1044 2996 namque
1070 2927 1189 2995 jam
1227 2925 1458 2991 delibor,
1507 2931 1564 2978 et
1592 2930 1814 2996 tempus
1841 2943 1978 2980 meae

332 3028 342 3036 ‘
379 3015 739 3071 resolutionis
765 3015 939 3069 instat
970 3017 1044 3082 (ΙΙ
1076 3017 1214 3068 Tim.
1237 3017 1334 3082 ιν).
1368 3013 1570 3083 Eligite
1595 3014 1769 3084 igitur
1786 3031 1852 3068 ex
1887 3032 1981 3068 vo-

2072 1872 2190 1920 tem
2217 1867 2558 1937 gubernans,
2595 1872 2651 1920 et
2678 1865 2768 1918 hic
2797 1865 2856 1918 in
2877 1881 3012 1934 pace
3039 1863 3334 1917 defunctus
3367 1869 3470 1928 est,
3504 1863 3670 1917 relin-

2078 1973 2255 2026 quens
2285 1961 2412 2026 post
2440 1973 2500 2008 se
2521 1955 2702 2008 virum
2727 1955 2945 2024 justum
2968 1957 3023 2006 et
3044 1959 3333 2022 acceptum
3351 1953 3488 2020 Deo,
3507 1953 3672 2007 Orse-

2077 2042 2224 2094 sium
2252 2041 2480 2094 nomine
2504 2039 2641 2108 (45).

2142 2131 2272 2183 CAP.
2297 2129 2434 2182 LIV.
2473 2157 2537 2168 -—-
2558 2129 2690 2181 llaec
2710 2127 2998 2198 igiturnos
3026 2145 3092 2180 ex
3114 2127 3306 2181 multis
3327 2143 3522 2180 eorum
3544 2142 3666 2180 me-

2073 2218 2195 2272 ritis
2207 2217 2604 2288 descripsimus
2617 2233 2812 2287 pauca,
2837 2222 2894 2269 et
2911 2233 2976 2270 ex
2996 2217 3218 2286 magnis
3241 2231 3412 2286 parva
3428 2215 3666 2286 digessi-

2070 2323 2215 2373 mus,
2250 2324 2362 2360 non
2403 2312 2468 2360 ut
2511 2305 2622 2359 illis
2671 2306 2850 2359 honor
2877 2305 3082 2376 aliquis
3125 2309 3526 2375 praestaretur;
3560 2321 3665 2358 nec

2068 2397 2220 2450 enim
2248 2395 2333 2448 fas
2353 2401 2439 2448 est
2461 2411 2554 2448 eos
2573 2395 2826 2464 indigere
2845 2394 3154 2465 praeconiis,
3169 2393 3370 2465 qmbus
3381 2393 3664 2448 sufﬁciens

2066 2491 2152 2539 est
2181 2495 2389 2539 aeterna
2428 2485 2550 2538 laus
2590 2490 2648 2537 et
2675 2483 3000 2537 indeﬁciens
3037 2483 3238 2553 gloria,
3271 2500 3442 2553 quam
3472 2499 3664 2537 coram

2062 2573 2286 2628 Christo
2303 2580 2358 2626 et
2379 2573 2585 2626 sanctis
2604 2571 2818 2642 angelis
2837 2573 2960 2642 ejus
2979 2571 3169 2642 adepti
3187 2578 3339 2637 sunt,
3359 2577 3418 2625 et
3436 2571 3661 2643 plenius

2063 2679 2189 2716 cum
2216 2661 2333 2715 suis
2349 2661 2675 2732 corporibus
2688 2661 2746 2714 in
2775 2661 3182 2714 resurrectione
3199 2661 3450 2715 omnium
3469 2678 3665 2715 conse-

2061 2749 2648 2822 quentur.Fulgebunt
2657 2750 2805 2803 enim
2823 2750 2967 2803 sicut
2976 2749 3126 2803 solin
3144 2767 3317 2820 regno
3329 2750 3664 2817 Dei(.-llatth.

2062 2840 2176 2903 xm)
2213 2877 2226 2904 ,
2261 2837 2357 2907 qui
2408 2837 2788 2905 gloriﬁcantes
2834 2853 2894 2889 se
2937 2835 3253 2905 gloriﬁcare
3293 2841 3534 2890 testatus
3579 2844 3671 2890 est

2065 2929 2114 2997 (Ι
2137 2928 2260 2993 Reg.
2285 2929 2348 2995 Il)
2376 2943 2386 2978 :
2412 2925 2509 2978 sed
2537 2931 2593 2978 et
2613 2943 2715 2978 nos
2734 2925 3019 2979 aemulator
3029 2941 3087 2978 es
3109 2941 3302 2978 eorum
3325 2941 3428 2995 pro
3451 2925 3671 2979 nostris

2061 3015 2371 3069 efficiamur
2399 3013 2628 3079 viribus,
2661 3031 2788 3068 cum
2813 3009 2954 3067 vitas
2975 3030 3169 3067 eorum
3199 3014 3665 3084 praclarissimas

379 3105 466 3159 bis
508 3105 760 3171 fratrem,
798 3121 888 3158 me
919 3109 1210 3174 praesente,
1252 3103 1346 3172 qui
1388 3108 1514 3173 post
1559 3103 1738 3156 Deum
1790 3103 1978 3173 praesit
1999 3109 2444 3187 Cagnoscentes,
2479 3119 2574 3156 eas
2602 3102 2814 3156 imitari
2839 3103 3062 3156 Christo
3092 3103 3336 3156 donante
3364 3103 3663 3156 contendi-

379 3193 658 3258 omnibus,
712 3209 1018 3263 curamque
1067 3197 1378 3246 vestrarum
1432 3197 1594 3262 gerat
1635 3191 1970 3246 animarum.

377 3284 662 3346 Quantum
677 3299 808 3335 vero
829 3299 956 3334 mea
971 3280 1304 3335 discretione
1320 3281 1622 3351 perpendo,
1645 3281 1970 3334 Petronium

379 3389 482 3442 ego
502 3372 572 3425 ad
597 3371 700 3424 hoc
727 3387 868 3441 opus
885 3371 1146 3424 idoneum
1161 3369 1372 3440 judico,
1394 3375 1640 3423 vestrum
1671 3375 1860 3423 autem
1885 3376 1972 3424 est

378 3462 527 3533 quod
538 3461 763 3532 expedit
781 3459 932 3514 vobis
943 3461 1168 3529 eligere.
1191 3459 1544 3529 Receperunt
1564 3476 1697 3529 ergo
1719 3465 1776 3513 et
1791 3459 1849 3512 in
1867 3460 1970 3514 hoc

377 3549 820 3605 obedientissimi
850 3549 950 3600 ﬁlii
979 3547 1271 3600 consilium
1299 3547 1494 3617 patris.
1525 3547 1659 3600 Erat
1687 3547 1838 3600 enim
1864 3548 1972 3602 Pe-

377 3639 597 3694 tronius
625 3643 828 3708 potens
845 3637 902 3689 in
921 3637 1048 3700 ﬁde,
1082 3635 1312 3688 humilis
1342 3635 1399 3688 in
1422 3635 1860 3700 conversatione,
1883 3637 1971 3691 in-

378 3728 605 3791 tellectu
633 3725 1126 3796 prudentissimus,
1157 3723 1318 3778 bonis
1351 3723 1620 3789 moribus,
1639 3724 1971 3780 discretione

379 3815 674 3886 perfectus.
719 3814 827 3866 Pro
849 3829 957 3884 quo
986 3829 1207 3883 precem
1237 3812 1476 3866 Domino
1505 3819 1730 3867 sanctus
1757 3813 1972 3868 Pacho-

2059 3209 2206 3256 mus,
2229 3192 2487 3264 precibus
2515 3208 2738 3262 semper
2765 3191 2946 3261 adjuti
2967 3191 3261 3245 beatorum
3289 3201 3534 3262 patrum,
3559 3209 3662 3262 pa-

2055 3281 2450 3346 triarcharum,
2474 3281 3304 3351 prophetarum,apostolorum,
3315 3287 3655 3352 martyrum,

2055 3371 2420 3441 omniumque
2439 3376 2782 3434 sanctorum,
2814 3386 2916 3440 per
2937 3386 3077 3439 quos
3089 3369 3446 3440 omnipotens
3459 3375 3517 3423 et
3535 3369 3657 3424 cle-

2057 3476 2214 3513 mens
2243 3461 2394 3514 Deus
2422 3464 2632 3524 noster,
2655 3457 2821 3512 beata
2850 3463 2908 3511 et
2922 3463 3201 3512 coaeterna
3215 3463 3274 3512 et
3291 3457 3662 3513 consubstan-

2056 3549 2206 3602 tialis
2236 3554 2292 3602 et
2331 3545 2722 3617 inseparabilis
2750 3545 3014 3612 Trinitas,
3046 3547 3234 3612 Pater,
3279 3551 3336 3600 et
3364 3547 3556 3613 Filius,
3599 3555 3662 3602 et

2057 3637 2301 3707 Spiritus
2325 3641 2571 3701 sanctus,
2601 3635 2950 3706 gloriﬁcatur
2967 3635 3184 3705 jugiter
3197 3640 3255 3689 et
3273 3635 3652 3703 collaudatur,

2055 3725 2188 3796 quia
2213 3725 2322 3796 ipsi
2349 3723 2586 3782 debetur
2613 3721 2794 3777 omnis
2823 3723 2946 3777 laus
2976 3729 3034 3778 et
3058 3723 3242 3794 gloria
3261 3723 3318 3778 in
3332 3725 3537 3780 smeula
3549 3742 3652 3780 sae-

2055 3813 2330 3868 culorum.
2353 3815 2551 3867 Amen.

1583 3939 2003 4000 ROSWEYDI
2076 3941 2440 4001 NOTATIO.

449 4044 524 4118 (l_)
558 4042 852 4118 Domina]
871 4022 1163 4118 Totusjiic
1181 4043 1444 4118 prologus
1457 4043 1794 4118 interpretis
1811 4045 1969 4118 deest
2049 4045 2198 4118 gisse
2227 4062 2292 4118 ex
2312 4051 2504 4118 sancto
2525 4045 2796 4118 Gregorio
2810 4045 3107 4118 probat.Et
3137 4046 3168 4100 5
3186 4045 3442 4118 Octobris
3465 4045 3661 4118 potius

381 4115 628 4187 editioni
663 4112 1304 4187 Coloni_ensi.uH_ab_etur
1332 4114 1389 4167 in
1422 4115 1552 4168 Mss.
1589 4112 1645 4168 et
1689 4115 1970 4169 veteribus
2053 4112 2200 4169 diem
2228 4112 2746 4172 'l‘ranslationis'vel
2780 4112 3344 4172 Commemorationis
3375 4112 3501 4187 ejus
3522 4135 3654 4173 esse

381 4185 740 4240 editionibus.
759 4185 867 4239 Sed
895 4184 952 4237 in
968 4183 1306 4238 editionibus
1319 4201 1432 4238 non
1448 4191 1597 4239 recte
1615 4192 1700 4238 est
1723 4189 1966 4253 (tantine,

381 4264 651 4328 tanquam
663 4257 709 4310 si
723 4255 839 4328 viro
869 4255 1033 4328 alicui
1054 4255 1318 4328 primario
1331 4257 1448 4310 haec
1463 4257 1592 4310 Vita
1611 4257 1969 4328 inscribatur.

381 4326 518 4383 Imo'
532 4346 658 4382 vero
691 4328 773 4381 vel
801 4327 926 4397 ipsa
962 4326 1235 4380 dedicatio
1276 4333 1333 4380 et
1361 4327 1700 4381 constructio
1728 4329 1976 4382 Dominae

382 4400 680 4469 legendum
727 4399 985 4470 suadent,
1029 4405 1101 4470 fut
1139 4397 1350 4470 habent
1387 4399 1753 4470 manuscripti
1797 4399 1975 4454 sancti

383 4468 672 4526 Laurentii
703 4469 896 4524 Leodii
927 4473 984 4520 et
1011 4468 1448 4522 Gemblacensis.

2053 4187 2554 4312 peggneﬁtsanctus
2586 4259 2914 4330 Gregorius,
2945 4257 3088 4330 libro
3119 4276 3168 4312 ιν
3181 4259 3348 4324 Dial.,
3379 4276 3506 4330 cap.
3538 4259 3606 4317 13
3641 4280 3654 4313 :

2061 4346 2086 4380 α
2109 4329 2422 4403 Gothorum
2447 4346 2692 4403 namque
2707 4329 3065 4403 temporibus
3095 4331 3273 4403 Galla,
3296 4329 3466 4403 hujus
3494 4331 3660 4403 urbis

2058 4399 2406 4473 nobilissima
2417 4399 2621 4473 puella,
2637 4399 2956 4473 Symmachi
2971 4401 3214 4456 consulis
3229 4399 3398 4472 atque
3419 4402 3660 4456 Patricii

1994 4491 2040 4546 υ
2060 4471 2194 4546 ﬁlia,
2220 4471 2382 4546 intra
2404 4471 2792 4546 adolescentiae
2820 4471 3559 4546 temporamarito’tradita,
3593 4473 3660 4546 in

457 4542 565 4613 Sed
589 4557 711 4610 quae
742 4539 859 4613 haec
887 4539 1170 4613 gemina]
1203 4539 1437 4613 Difficile
1463 4546 1549 4593 est
1576 4540 1844 4613 divinare.
1879 4543 1978 4596 Su-
1999 4539 2035 4546 κ
2060 4542 2228 4595 unius
2254 4542 2386 4595 anni
2409 4543 2590 4612 spatio
2607 4545 2728 4613 ejus
2747 4551 2834 4598 est
2845 4539 3026 4598 morte
3047 4543 3292 4606 viduata,
3316 4549 3374 4597 et
3401 4544 3472 4596 ad
3497 4544 3662 4598 Petri

384 4611 568 4681 spicor
587 4608 776 4681 tamen
801 4609 1021 4681 Gallam
1041 4608 1296 4674 indicari,
1321 4611 1640 4680 Symmachi
1657 4613 1900 4665 consulis
1924 4619 1982 4666 et

384 4679 612 4734 Patricii
647 4679 841 4742 ﬁliam,
872 4679 1044 4752 claris
1065 4685 1247 4752 ortam
1271 4679 1591 4752 natalibus,
1625 4688 1682 4736 et
1709 4683 1980 4752 religione

386 4757 778 4835 praestantem,
813 4767 935 4820 quae
985 4750 1235 4835 Dionysii
1258 4751 1670 4835 hujus_.li'23aigui
1719 4750 1973 4835 tem—pore

387 4821 527 4874 vixit
549 4821 738 4874 Romae
765 4820 821 4874 in
847 4820 1186 4875 monasterio
1206 4823 1276 4876 ad
1298 4823 1476 4876 sancti
1491 4820 1642 4876 Petri
1664 4820 1973 4878 ecclesiam.

385 4892 570 4964 Dueor
597 4891 813 4959 duqbus
841 4893 1194 4964 sequentium
1212 4909 1576 4947 numerorum
1606 4896 1974 4964 argumentis,

387 4961 590 5032 quibus
621 4961 942 5034 Symmachi
970 4963 1266 5027 delatores,
1301 4972 1358 5018 et
1395 4965 1648 5034 ejusdem
1667 4961 1978 5034 gloriosum

385 5050 487 5105 pro
517 5033 738 5105 Christo
768 5035 1102 5104 martyrium
1131 5033 1514 5105 designantur.

458 5103 630 5158 Gallae
680 5105 848 5178 hujus
879 5103 1434 5178 celabrisﬂmeinoria
1472 5107 1527 5160 in
1577 5108 1980 5178 Martyrologio

385 5175 660 5234 Romano,
682 5173 713 5228 5
737 5173 992 5229 Octobris
1017 5195 1027 5228 :
1069 5197 1089 5225 α
1116 5177 1304 5230 Romae
1333 5185 1536 5234 sanetae
1577 5173 1749 5232 Gallae
1777 5173 1970 5240 viduae,

387 5245 512 5320 filiae
536 5247 1270 5320 Symmacliigconsulis.quae
1293 5249 1406 5320 viro
1420 5265 1521 5302 suo
1539 5249 1975 5320 defuncto,apud

386 5317 676 5370 ecclesiam
694 5316 842 5370 beati
857 5318 1005 5370 Petri
1030 5319 1221 5371 multis
1247 5319 1429 5383 annis,
1445 5321 1706 5384 orationi,
1731 5316 1974 5374 eleemo-

384 5387 560 5468 synis,
583 5388 660 5456 jej
671 5387 838 5470 uniis;
859 5389 1094 5470 aliisque
1113 5390 1317 5442 sanctis
1333 5390 1594 5470 operibus
1615 5391 1832 5470 intenta
1853 5409 1974 5461 per-

384 5457 608 5511 mansit:
629 5460 788 5526 cujus
810 5457 1186 5512 felicissimum
1206 5457 1504 5514 transitum
1519 5469 1747 5515 sanctus
1763 5457 1974 5528 Grego-

383 5529 501 5582 rius
511 5545 654 5600 papa
667 5529 978 5600 descripsit.
991 5531 1356 5600 "Quanquam
1371 5532 1439 5584 de
1457 5532 1546 5584 die
1559 5532 1744 5586 obitus
1766 5539 1972 5588 sanctae

383 5600 556 5674 Gallae
576 5599 1162 5674 disceptatArnoldus
1177 5599 1355 5674 iWion
1381 5602 1540 5672 Ligni
1569 5604 1690 5674 vitae
1721 5609 1878 5674 parte
1906 5617 1968 5670 Il,

381 5669 524 5725 libro
554 5685 637 5738 m,
671 5669 747 5726 ad
771 5671 920 5726 diem
951 5672 983 5727 6
1011 5673 1240 5742 Aprilis,
1272 5689 1382 5744 quo
1411 5669 1535 5744 ejus
1567 5669 1782 5729 obitum
1798 5669 1974 5729 conti?-

2061 4613 2296 4683 apostoli
2327 4613 2616 4667 ecclesiam
2646 4615 2986 4669 monasterio
3015 4631 3076 4668 se
3103 4614 3397 4680 tradidit,»
3431 4621 3536 4668 etc.
3571 4615 3662 4669 Ex

2061 4684 2168 4737 hoc
2197 4684 2383 4738 caeteri
2413 4685 2752 4739 recentiores
2799 4703 2902 4740 sua
2931 4685 3309 4756 desuimpsere.
3360 4686 3564 4756 Petrus
3593 4686 3661 4740 in

2063 4756 2316 4824 catalogo
2351 4762 2691 4822 sanctorum,
2726 4756 2820 4810 lib.
2855 4771 2929 4818 Ix,
2961 4774 3010 4809 c.
3049 4755 3146 4820 25}
3186 4755 3548 4820 Trithemius,
3582 4756 3662 4810 de

2058 4826 2207 4880 Viris
2233 4825 2406 4880 illust.
2437 4826 2555 4880 ord.
2585 4827 2762 4882 sancti
2793 4827 3100 4890 Benedicti,
3123 4827 3225 4883 lib.
3261 4842 3344 4886 III.
3365 4845 3395 4880 c
3450 4827 3539 4883 l3.

2133 4897 2369 4980 Scripsit
2386 4913 2606 4966 quoque
2619 4898 2946 4980 Fulgentius
2955 4899 3241 4980 egregiam
3346 4898 3568 4980 Gallam
3580 4897 3664 4952 de

2063 4968 2439 5040 consolatione
2467 4985 2636 5040 super
2659 4976 2845 5040 morte
2869 4968 3078 5030 mariti,
3097 4975 3154 5022 et
3181 4975 3332 5024 statu
3353 4969 3660 5023 viduarum

2063 5039 2382 5110 epistolam,
2411 5039 2470 5110 in
2505 5039 2616 5110 qua
2639 5039 2802 5110 inter
2833 5047 3036 5094 caetera
3067 5059 3078 5093 :
3115 5059 3141 5091 ε(
3175 5041 3334 5094 Disce
3361 5041 3535 5110 igitur
3589 5046 3662 5095 tu

2063 5126 2283 5180 quoque
2313 5109 2451 5162 nihil
2475 5109 2544 5164 de
2563 5109 2852 5165 nobilitate
2875 5111 3111 5182 generis
3127 5109 3508 5182 assignareEt
3520 5110 3668 5166 licet

2061 5197 2182 5244 avo,
2217 5189 2394 5250 patre,
2414 5197 2622 5244 socero,
2655 5182 2858 5236 marito
2884 5181 3205 5236 oonsulibus
3233 5182 3446 5250 pridem
3471 5181 3666 5236 fueris

2057 5251 2206 5304 inter
2232 5251 2524 5304 saeculares
2545 5252 2953 5314 illustris,nunc
2980 5254 3039 5306 in
3062 5269 3128 5308 eo
3152 5260 3209 5307 te
3221 5251 3496 5308 illustrem
3522 5253 3666 5308 ﬁeri

2056 5338 2348 5391 cognosce,
2382 5322 2440 5374 in
2462 5339 2572 5392 quo
2608 5322 2709 5376 tibi
2739 5323 2915 5378 virtus
2937 5325 3274 5378 humilitatis
3303 5322 3595 5378 accrescit.
3627 5347 3660 5374 ι

2055 5392 2160 5466 _Ubi
2189 5392 2430 5466 etiamse
2451 5394 2520 5446 ad
2549 5393 2786 5466 Probam
2806 5412 3056 5449 sororem
3079 5397 3200 5465 ejus
3221 5396 3374 5466 (quia
3390 5393 3664 5466 videlicet

2053 5463 2110 5516 in
2138 5464 2336 5517 eodem
2367 5465 2708 5518 monasterio
2740 5466 2822 5520 uti
2853 5483 3074 5520 sorores
3103 5463 3377 5534 vivebant)
3401 5465 3663 5535 scriptu-

2055 5551 2179 5606 rum
2204 5535 2437 5606 asserit:
2473 5557 2498 5582 α
2531 5535 2918 5606 Disposuimus
2945 5538 3116 5591 etiam
3149 5537 3214 5606 (si
3249 5537 3518 5592 Dominus
3543 5553 3662 5592 vo—

2054 5605 2242 5671 luerit,
2275 5613 2331 5659 et
2367 5605 2414 5658 si
2440 5605 2760 5676 vixerimus)
2793 5607 2864 5662 ad
2893 5605 3163 5662 sororem
3183 5615 3358 5674 tuam,
3389 5609 3664 5662 sanctam

2054 5676 2262 5731 Christi
2290 5677 2564 5748 virginem
2593 5677 2856 5748 Probam,
2881 5696 3050 5752 quam
3078 5679 3353 5736 Dominus
3379 5679 3484 5734 hoc
3500 5683 3666 5734 tem-
