4004 6196
491 302 598 362 288

1509 301 1602 358 DE
1640 301 1829 360 vms
1866 301 2163 360 ΡΑἸτῑῑωί
2197 303 2415 360 manu
2453 273 2748 360 PRIMUS.

3611 307 3700 366 284

487 437 608 487 tam
635 433 704 486 de
733 448 798 486 eo
827 429 1119 484 historiam
1151 433 1358 493 texere,
1389 445 1516 484 cum
1547 429 1851 500 imaginem
1881 431 2148 488 virtutum
2181 432 2304 500 ejus
2329 430 2640 484 considero.
2673 429 2809 482 Ecce
2835 426 2987 482 enim
3016 430 3356 484 conversatio
3385 433 3584 502 quidem
3616 440 3702 493 viri

488 525 734 594 pertecta
759 527 842 573 est
869 519 1100 592 optima,
1139 533 1241 587 ego
1269 534 1400 570 vero
1428 517 1686 572 infirmus
1717 525 1773 572 et
1799 520 2060 574 rusticus.
2086 519 2357 589 Equidem
2380 519 2566 589 imago
2597 519 2819 572 virtutis
2852 519 2900 588 ej
2911 535 2974 571 us
3003 517 3328 572 admiranda
3347 536 3408 572 ac
3435 523 3701 596 splendida,

489 611 702 666 colores
725 613 914 664 autem
943 605 1240 661 verborum
1271 605 1472 680 quibus
1501 608 1856 692 depingenda
1887 613 1990 674 est,
2015 609 2318 664 admodum
2341 609 2532 663 tristes
2563 625 2628 662 ac
2655 607 2787 661 tetri
2817 613 2968 661 sunt.
2999 609 3256 662 Attamen
3287 608 3408 662 licet
3433 611 3700 683 imperitus,

489 701 574 754 vel
614 716 681 752 ex
727 703 886 768 parte
928 695 1177 763 tentabo,
1215 713 1538 767 quanquam
1584 698 2074 769 comprehendere,
2119 699 2358 768 perfecte
2403 715 2516 756 non
2565 698 2799 762 valeam,
2851 695 3126 755 enarrabo
3165 703 3367 761 tamen,
3417 700 3708 770 inquantum

489 787 704 842 sufﬁcio
733 785 803 840 de
825 786 1021 839 eodem
1056 784 1170 838 viro
1202 785 1475 840 disserere
1500 805 1513 852 ;
1549 787 1814 856 quoniam
1845 787 1941 858 qui
1965 789 2243 844 secundus
2272 787 2557 842 Abraham
2587 787 2794 840 meruit
2823 786 3154 856 nuncupari,
3185 802 3295 840 non
3317 787 3468 841 facile
3493 789 3704 845 humano

487 893 585 930 ore
613 879 798 948 potest
828 876 1042 928 referri.
1077 875 1306 930 Exstitit
1335 876 1484 929 enim
1523 878 1731 930 nostris
1767 877 2134 948 temporibus,
2168 877 2480 948 angelicam
2509 876 2682 930 vitam
2715 875 2776 929 in
2807 875 2974 929 terris
3011 889 3202 945 agens.
3233 876 3522 947 Acquisivit
3550 883 3708 934 autem

489 945 842 1036 patientiam,
873 964 1032 1047 quasi
1063 965 1293 1021 adamas
1332 964 1690 1032 fortissimus,
1725 983 1828 1036 per
1857 945 2025 1046 quam
2059 945 2344 1020 caelestem
2371 965 2610 1036 gloriam
2641 963 2872 1040 adipisci
2901 963 3125 1026 meruit.
3157 965 3222 1018 Et
3251 945 3378 1038 quia
3404 981 3437 1018 a
3456 966 3708 1048 juventute

488 1055 762 1113 castitatis
789 1053 1120 1125 pudicitiam
1149 1055 1512 1121 conservavit,
1546 1057 1818 1129 templum
1853 1057 2028 1116 sancti
2059 1055 2299 1126 Spiritus
2343 1055 2521 1119 factus
2550 1058 2653 1119 est,
2687 1060 2956 1124 tanquam
3003 1053 3401 1116 sanctificatum
3431 1070 3544 1112 vas:
3574 1062 3624 1112 et
3647 1057 3711 1116 ita

488 1143 852 1215 semetipsum
877 1143 1128 1198 exhibuit
1155 1145 1291 1212 Deo,
1333 1149 1396 1210 ut
1419 1161 1549 1197 eum
1579 1143 1952 1198 habitatorem
1987 1145 2044 1199 in
2083 1144 2292 1199 mentis
2321 1161 2435 1198 suae
2455 1142 2698 1217 hospitio
2733 1141 2984 1196 haberet.

1846 1433 2425 1568 VITA.

561 1626 748 1685 CAPUT
770 1639 1002 1680 paruum.
1035 1654 1098 1664 —
1126 1625 1230 1678 Hic
1249 1625 1438 1696 itaque
1459 1625 1656 1680 beatus
1676 1625 1961 1683 Abraham
1991 1625 2086 1680 ha—
2095 1629 2147 1686 Α
2237 1627 2434 1696 Itaque
2463 1633 2710 1685 mentem
2738 1627 2861 1696 ejus
2881 1629 3157 1688 remotam
3179 1623 3547 1680 aturbulentis
3568 1624 3716 1687 inter-

488 1714 612 1768 buit
638 1720 897 1785 parentes
941 1714 1100 1768 valde
1143 1715 1466 1786 locupletes,
1501 1715 1595 1785 qui
1630 1731 1759 1769 eum
1797 1719 1991 1768 tenere
2021 1730 2084 1766 ac

487 1819 658 1878 supra
687 1803 914 1857 modum
944 1803 1260 1874 diligentes,
1296 1803 1376 1856 ita
1403 1810 1468 1857 ut
1495 1804 1663 1857 etiam
1695 1804 1955 1858 aﬂectum
1985 1804 2085 1856 hu-

488 1907 720 1948 manum
759 1909 952 1948 eorum
987 1891 1209 1947 dilectio
1241 1893 1684 1958 transcenderet,
1718 1893 2084 1963 desponsave—

487 1987 622 2036 runt
650 1981 700 2034 ei
723 1983 964 2052 puellam
986 1981 1168 2039 adhuc
1186 1981 1244 2038 in
1276 1981 1517 2053 pueritia
1546 1981 1848 2036 constituto
1870 1981 1963 2051 (4),
1995 1999 2084 2036 ex-

487 2075 801 2140 spectantes
827 2087 891 2124 ac
919 2071 1302 2124 desiderantes
1330 2072 1388 2124 in
1439 2071 1630 2142 aliqua
1653 2088 1783 2125 eum
1810 2071 2084 2141 dignitate

487 2159 738 2214 saeculari
773 2161 1060 2234 proficere.
1097 2161 1204 2215 Sed
1237 2161 1326 2213 hic
1355 2161 1519 2230 longe
1549 2161 1712 2214 aliter
1737 2160 2001 2227 sentiens,
2026 2160 2085 2213 in

483 2248 607 2318 ipso
638 2248 819 2319 primo
847 2249 1234 2309 adolescentiae
1261 2250 1441 2319 gradu
1466 2250 1826 2304 ecclesiarum
1854 2266 2088 2303 conven-

465 2337 658 2397 .ticula
692 2338 911 2408 jugiter
944 2338 1375 2408 frequentabat;
1420 2345 1478 2392 et
1515 2355 1862 2408 quaecunque
1909 2338 1984 2391 ibi
2022 2355 2088 2391 ex

486 2427 688 2481 divinis
729 2427 1032 2498 Scripturis
1063 2427 1466 2492 recitabantur,
1499 2443 1696 2480 aurem
1727 2427 1965 2480 libenter
1992 2444 2086 2480 ac-

485 2516 846 2570 commodans
868 2516 1149 2581 audiebat,
1175 2521 1232 2569 et
1250 2516 1308 2568 in
1330 2515 1512 2569 cordis
1539 2515 1626 2569 sui
1656 2515 1984 2568 memoriam
2008 2515 2088 2570 ita

483 2604 842 2668 recondebat,
888 2609 1066 2678 I45
1107 2609 1171 2660 ut
1215 2605 1386 2669 etiam
1441 2621 1570 2658 cum
1615 2603 1816 2658 absens
1847 2610 1995 2660 esset
2023 2621 2088 2658 ea

487 2709 610 2762 quae
639 2692 912 2748 didicerat
947 2693 1312 2748 meditatione
1341 2693 1716 2748 intentissima
1753 2693 2082 2748 rurninaret.

487 2783 742 2851 Cumque
763 2781 1058 2836 memorati
1081 2787 1342 2852 parentes
1363 2783 1485 2852 ejus
1513 2788 1738 2852 tempus
1759 2782 2085 2852 nuptiarum

487 2869 915 2941 prepinquabile
940 2869 1009 2938 (5)
1019 2870 1360 2940 judicarent,
1381 2870 1793 2942 compellebant
1818 2887 1945 2924 eum
1966 2887 2088 2924 ma-

2169 1715 2579 1788 pellationibus,
2595 1715 2783 1770 divina
2795 1715 2979 1784 gratia
2995 1711 3340 1779 illustrabat;
3357 1713 3718 1784 proﬁciensque

2167 1805 2419 1877 quotidie
2465 1804 2521 1857 in
2569 1805 2782 1875 optima
2831 1801 3272 1866 conversatione,
3315 1801 3542 1873 primum
3585 1801 3716 1876 quasi

2165 1895 2595 1955 fundamentum
2635 1893 2760 1947 vitae
2809 1909 2923 1947 suae
2966 1891 3367 1946 continentiam
3396 1879 3715 1964 possidebat;

2165 1999 2381 2045 necnon
2402 1983 2608 2053 vigiliis
2637 1988 2693 2044 et
2715 1981 3082 2046 orationibus,
3107 1998 3238 2040 cum
3285 1982 3416 2036 fletu
3444 1985 3499 2044 et
3523 1981 3718 2037 humili-

2165 2079 2281 2127 tate
2313 2079 2482 2143 atque
2507 2073 2802 2136 charitate,
2833 2071 3112 2126 studebat.
3139 2071 3392 2140 Cumque
3421 2086 3514 2140 per
3532 2085 3718 2123 omnem

2168 2165 2352 2216 locum
2375 2162 2443 2215 de
2475 2178 2540 2214 eo
2572 2167 2766 2215 sancta
2796 2159 2984 2232 opinio
3016 2159 3414 2229 divulgaretur,
3445 2156 3611 2211 cuncti
3636 2173 3719 2210 au-

2168 2252 2404 2316 dientes,
2446 2251 2516 2304 ad
2545 2250 2847 2314 videndum
2879 2265 3032 2316 eum,
3063 2254 3118 2303 et
3146 2253 3214 2302 ut
3259 2246 3640 2302 aedificarentur
3663 2243 3719 2298 ab

2171 2358 2254 2406 eo,
2275 2340 2524 2410 undique
2546 2337 2920 2393 conﬂuebant.
2947 2339 3142 2391 Sermo
3163 2353 3385 2407 quoque
3405 2335 3453 2400 ei
3471 2333 3721 2404 sapientia

2169 2446 2234 2482 ac
2263 2429 2509 2483 scientiae
2539 2433 2598 2482 et
2643 2427 3038 2481 consolationis
3069 2442 3102 2480 a
3129 2425 3248 2480 Deo
3278 2425 3562 2478 afﬂuenter
3586 2423 3722 2476 dabis

2170 2524 2273 2584 est,
2307 2517 2401 2589 qui
2441 2517 2499 2570 in
2541 2516 2824 2570 mentibus
2871 2514 3220 2570 audientium
3277 2513 3432 2585 quasi
3483 2512 3723 2566 luminare

2170 2606 2582 2663 lucidissimum
2604 2604 2878 2658 radiabat.

2242 2696 2372 2750 CAP.
2409 2697 2507 2750 ΙΙΙ.
2543 2726 2607 2734 -
2641 2693 2888 2762 Contigit
2915 2697 3109 2748 autem
3147 2709 3298 2750 anno
3327 2689 3634 2748 duodecimo
3655 2705 3726 2743 re-

2173 2784 2542 2838 nuntiationis
2563 2785 2704 2853 ejus,
2734 2787 2799 2836 ut
2828 2787 3088 2853 parentes
3111 2781 3236 2851 ejus
3257 2797 3323 2834 ex
3343 2781 3445 2833 hac
3467 2778 3574 2832 vita
3598 2791 3724 2830 rece-

2171 2874 2387 2940 dentes,
2414 2889 2614 2926 aurum
2645 2871 2695 2924 ei
2722 2871 3006 2944 copiosum
3035 2870 3355 2942 praediaque
3384 2883 3575 2938 magna
3590 2864 3728 2920 relin-

486 2957 738 3016 trimonii
766 2958 998 3013 vinculis
1029 2959 1283 3030 obligari.
1319 2959 1427 3014 Sed
1457 2977 1582 3024 cum
1617 2959 1734 3014 haec
1779 2959 1870 3015 ille
1903 2946 2147 3030 primoB
2171 2967 2428 3032 querent.
2468 2959 2576 3024 Qui
2614 2977 2818 3030 rogans
2856 2959 3100 3014 amicum
3133 2957 3435 3028 quemdam
3465 2953 3726 3011 admodum

488 3053 768 3114 renueret,
787 3049 1143 3118 postmodum
1166 3049 1476 3104 molestiam
1503 3065 1698 3102 eorum
1710 3050 1905 3119 jugem
1928 3049 2090 3104 sedu-

487 3138 711 3208 lamque
725 3153 838 3192 non
854 3138 1056 3204 ferens,
1075 3138 1307 3210 pudoris
1324 3138 1658 3192 verecundia
1677 3144 2089 3208 superatus,ac-

373 3251 388 3260 -
487 3227 772 3298 quiescere
790 3228 1293 3298 perurgetur.Cum
1313 3227 1522 3299 itaque,
1545 3227 1840 3282 celebratis
1853 3227 2084 3298 nuptiis,

485 3333 692 3386 sponsa
723 3316 814 3372 die
844 3317 1170 3389 septimo(6)
1191 3318 1248 3372 in
1262 3317 1510 3372 thalamo
1532 3317 1822 3383 resideret,
1856 3322 2088 3388 repente

488 3405 648 3476 quasi
665 3407 759 3462 lux
779 3407 1034 3477 quaedam
1050 3407 1110 3461 in
1129 3408 1295 3462 corde
1309 3408 1432 3477 ejus
1444 3407 1632 3462 divina
1650 3407 1834 3476 gratia
1843 3406 2085 3474 refulsit,

486 3511 658 3565 quam
681 3495 848 3549 veluti
869 3497 1067 3550 ducem
1091 3497 1389 3568 quemdam
1412 3496 1500 3550 sui
1521 3495 1632 3549 voti
1655 3495 1960 3561 inveniens,
1983 3495 2088 3549 illi-

485 3599 549 3638 co
571 3583 811 3647 exsiluit,
835 3589 892 3636 et
915 3589 1138 3638 secutus
1163 3589 1267 3648 est,
1295 3590 1351 3637 et
1379 3583 1448 3638 ab
1469 3583 1606 3636 urbe
1636 3583 1938 3652 egreditur.

558 3673 688 3726 CAP.
723 3673 794 3726 Il.
837 3702 896 3714 ο·-
931 3671 1159 3727 Duobus
1195 3678 1384 3738 autem
1413 3673 1530 3726 fere
1559 3671 1801 3726 millibus
1831 3674 2020 3742 procul
2050 3690 2086 3726 a

485 3756 652 3810 domo
679 3773 782 3810 sua
803 3757 1060 3812 cellulam
1092 3766 1378 3810 vacantem
1407 3755 1650 3826 reperit:
1677 3755 1772 3810 ubi
1793 3773 1852 3810 se
1882 3759 2084 3813 consti-

485 3849 668 3906 tuens,
705 3849 762 3896 et
787 3844 1106 3912 glorificans
1131 3845 1311 3898 Deum
1338 3861 1466 3897 cum
1491 3843 1706 3914 ingenti
1735 3844 1931 3898 laetitia
1954 3861 2082 3915 per-

487 3931 752 3985 manebat
775 3951 786 3998 ;
811 3937 1096 4003 stuporem
1117 3948 1250 3988 vero
1271 3933 1598 4000 maximum,
1618 3939 1736 3986 tam
1755 3933 2082 4005 parentibus

485 4019 602 4074 suis
646 4037 814 4091 quam
860 4021 1073 4087 vicinis,
1120 4022 1188 4076 de
1245 4023 1348 4076 hoc
1403 4022 1548 4076 facto
1592 4022 1920 4078 incusserat.
1975 4023 2082 4086 Qui

485 4115 768 4174 exeuntes,
801 4111 860 4166 in
887 4111 1106 4166 diversa
1143 4111 1398 4182 dispersi,
1432 4111 1638 4182 ubique
1669 4113 1770 4171 Dei
1797 4111 2083 4169 hominem

2171 3049 2276 3104 sibi
2305 3049 2557 3114 charum,
2592 3048 2663 3104 ad
2691 3047 3080 3105 distribuenda
3103 3046 3365 3111 universa
3389 3041 3728 3112 indigentibus

2170 3157 2235 3193 ac
2254 3138 2482 3208 pupillis
2501 3137 2746 3191 ofﬁcium
2768 3137 3092 3206 religiosum
3113 3135 3198 3189 illi
3219 3136 3296 3206 inj
3307 3133 3478 3204 ungit,
3499 3147 3565 3186 ne
3582 3130 3728 3202 ipsius

2171 3226 2520 3282 orationibus
2535 3226 2997 3298 impedimentum
3017 3225 3189 3295 hujus
3216 3224 3298 3278 rei
3318 3222 3496 3295 gratia
3511 3221 3729 3293 gignere-

2171 3323 2284 3372 tur.
2319 3316 2387 3372 Et
2421 3333 2550 3370 cum
2595 3315 2699 3373 hoc
2742 3315 2982 3380 fecisset,
3015 3331 3247 3370 securus
3277 3313 3461 3368 animo
3489 3316 3542 3366 et
3570 3311 3729 3378 mente

2171 3405 2362 3476 quieta
2389 3405 2721 3475 permansit.
2756 3405 2873 3460 Hoc
2915 3403 3068 3458 enim
3109 3402 3258 3462 bono
3297 3402 3411 3454 viro
3461 3397 3729 3458 maximum

2171 3495 2421 3548 studium
2451 3499 2591 3556 erat,
2641 3500 2705 3547 ut
2741 3510 2836 3546 cor
2873 3494 2996 3563 ejus
3045 3491 3220 3546 nullis
3259 3489 3495 3544 terrenis
3526 3485 3730 3556 negotiis

2171 3583 2498 3646 vinciretur;
2534 3589 2590 3636 et
2619 3582 2824 3636 idcirco
2848 3598 3018 3652 super
3045 3585 3262 3634 terram
3291 3579 3430 3634 nihil
3458 3576 3596 3631 aliud
3624 3591 3728 3646 pos-

2167 3671 2402 3731 sidebat.
2443 3677 2670 3742 excepto
2701 3689 2811 3725 uno
2836 3688 2990 3742 sago,
3029 3687 3255 3742 unaque
3285 3669 3630 3724 nihilominus
3655 3670 3730 3716 tu-

2166 3761 2292 3814 nica
2315 3760 2534 3814 cilicina
2563 3777 2673 3831 qua
2699 3760 2980 3816 utebatur.
3011 3760 3263 3814 Caucum
3284 3760 3364 3828 (7)
3390 3771 3599 3827 quoque
3621 3767 3728 3824 per-

2166 3850 2466 3914 modicum,
2509 3850 2567 3903 in
2606 3866 2714 3920 quo
2753 3849 2920 3903 edere
2966 3865 3065 3902 seu
3119 3847 3320 3902 bibere
3374 3845 3563 3900 solitus
3609 3845 3727 3903 erat,

2166 3937 2442 4005 habebat;
2495 3955 2713 3992 necnon
2759 3943 2816 3991 et
2855 3955 3030 3992 unum
3073 3936 3386 4008 psiathium
3429 3932 3520 4002 (8),
3550 3932 3604 3984 in
3641 3943 3732 4002 quo

2165 4026 2417 4080 cubitare
2437 4033 2819 4082 consueverat.
2856 4027 2998 4082 Cum
3023 4027 3110 4081 his
3150 4031 3346 4081 autem
3376 4022 3618 4078 omnibus
3643 4017 3732 4075 bu-

2166 4116 2463 4171 militatem
2505 4133 2676 4186 supra
2710 4117 2940 4172 modum
2975 4121 3032 4170 et
3074 4115 3412 4170 charitatem
3459 4112 3526 4169 ad
3569 4122 3732 4169 omnes

483 4199 862 4270 requirebant.
895 4189 1028 4255 Post
1063 4201 1182 4254 dies
1233 4205 1421 4254 autem
1451 4201 1644 4254 decem
1687 4206 1744 4254 et
1771 4208 1986 4272 septem
2025 4201 2084 4256 in
2103 4223 2147 4284 ο
2165 4205 2458 4275 aequaliter
2483 4205 2804 4275 possidebat
2827 4223 2838 4270 ;
2870 4221 2972 4258 nec
2993 4203 3346 4276 proponebat
3373 4203 3430 4256 in
3451 4202 3645 4260 honore
3668 4195 3732 4284 lo-

483 4295 792 4343 memorata
839 4288 1037 4343 cellula
1065 4306 1194 4344 eum
1225 4294 1482 4343 orantem
1533 4289 1838 4360 reperiunt.
1875 4290 2078 4343 Beatus

481 4384 672 4432 autem
693 4379 793 4443 vir,
819 4395 946 4432 cum
967 4395 1032 4432 eo
1053 4385 1280 4450 stupore
1311 4380 1593 4449 perculsos
1609 4379 1881 4450 aspiceret
1902 4397 1912 4431 :
1932 4379 2078 4442 Quid

483 4484 592 4533 me,
642 4467 846 4538 inquit,
897 4485 992 4521 vos
1041 4469 1383 4521 admirantes
1433 4468 1712 4538 aspicitis?
1756 4468 2076 4522 Glorificate

461 4556 666 4626 ‘potius
711 4556 1294 4610 misericordissimum
1333 4557 1532 4620 Deum,
1567 4556 1660 4626 qui
1693 4573 1782 4610 me
1823 4573 1890 4610 ex
1917 4572 2073 4610 cceno

479 4644 840 4716 iniquitatum
872 4661 1128 4699 mearum
1157 4645 1392 4714 eripuit;
1439 4647 1496 4697 et
1522 4651 1678 4698 orate
1724 4661 1824 4715 pro
1869 4662 1978 4710 me,
2013 4650 2078 4698 ut

475 4734 676 4803 jugum
699 4735 802 4788 hoc
825 4733 1236 4802 suavissimum,
1261 4734 1366 4798 sub
1387 4751 1498 4804 quo
1517 4751 1607 4800 me
1638 4733 1929 4806 indignum
1959 4751 2078 4788 sus-

482 4822 666 4891 cipere
708 4823 970 4892 dignatus
1011 4830 1098 4878 est
1135 4823 1424 4894 Dominus,
1458 4839 1634 4893 usque
1683 4823 1742 4881 in
1784 4823 1952 4894 ﬁnem
1990 4840 2079 4876 va-

479 4910 628 4963 leam
649 4910 921 4981 bajulare,
951 4913 1543 4983 conversationemque
1561 4927 1746 4965 meam
1766 4911 2077 4982 beneplaci-

479 5006 596 5052 tam
625 5000 930 5053 secundum
956 5001 1302 5056 voluntatem
1329 5003 1451 5072 ejus
1483 5001 1689 5072 possim
1730 5001 1788 5053 in
1817 4993 2076 5056 omnibus

481 5095 760 5160 coaptare.
798 5089 905 5153 Qui
935 5105 1061 5142 cum
1093 5107 1286 5144 omnes
1327 5107 1458 5144 eum
1496 5090 1808 5154 audientes,
1841 5107 2074 5162 responv

479 5179 694 5233 dissent
717 5179 914 5240 Amen,
949 5177 1278 5248 deprecatus
1305 5186 1392 5232 est
1411 5196 1504 5233 eos
1535 5197 1605 5233 ne
1633 5179 1684 5233 ei
1715 5180 1918 5233 vellent
1953 5197 2074 5232 cre-

474 5269 574 5322 bro
610 5266 927 5320 molestiam
970 5265 1200 5320 obtentu
1227 5267 1562 5322 visitationis
1600 5268 1824 5322 inferre.
1861 5268 2073 5332 Quibus

473 5355 881 5419 recedentibus,
915 5355 1129 5408 aditum
1152 5355 1362 5410 cellulae
1385 5374 1498 5411 sua:
1521 5357 1797 5412 obstruxit
1823 5377 1834 5410 :
1861 5365 1919 5412 et
1946 5375 2075 5412 con-

473 5447 704 5502 eludens
734 5443 1101 5515 semetipsum
1147 5444 1504 5510 intrinsecus,
1555 5448 1947 5518 parvissimum
1991 5447 2072 5501 fe-

477 5541 679 5592 nestrae
703 5535 957 5588 foramen
986 5533 1234 5604 reliquit,
1252 5549 1354 5614 per
1376 5532 1524 5604 quod
1543 5534 1813 5590 alimenta
1836 5535 1927 5590 die
1947 5553 2080 5590 con-

475 5632 638 5682 sueta
669 5625 943 5700 reciperet
965 5665 974 5676 .

2165 4294 2448 4364 cupletum
2480 4293 2730 4369 pauperi.
2757 4311 2858 4347 nec
2887 4293 3192 4365 principem
3223 4283 3732 4364 subjecto,velncbi-

2160 4382 2271 4436 lem
2297 4380 2529 4453 ignobili
2561 4382 2918 4454 praeferebat;
2973 4382 3072 4436 sed
3111 4399 3308 4436 omnes
3348 4379 3596 4434 similiter
3621 4371 3730 4428 dili-

2157 4487 2314 4540 gens,
2322 4471 2634 4525 honorabat
2643 4471 2949 4536 universos,
2965 4471 3086 4525 sine
3097 4472 3434 4541 cujusquam
3445 4464 3730 4535 acceptio”o

2158 4576 2426 4630 personae.
2460 4561 2573 4614 Nec
2604 4559 2904 4630 aliquando
2939 4575 3280 4630 quemquam
3321 4555 3618 4628 procaciter
3653 4549 3725 4602 in-

2159 4647 2438 4719 crepabat,
2473 4649 2570 4702 sed
2599 4655 2720 4702 erat
2748 4665 2932 4701 sermo
2959 4649 3080 4717 ejus
3103 4647 3379 4700 charitate
3405 4651 3462 4698 et
3487 4641 3730 4697 suavitate

2160 4737 2434 4792 conditus.
2470 4737 2605 4802 Quis
2631 4736 2863 4794 audiens
2884 4737 3007 4806 ejus
3033 4735 3342 4808 eloquium,
3368 4731 3557 4787 satiari
3576 4723 3732 4800 potuit

2160 4825 2462 4896 aliquando
2491 4826 2560 4879 de
2589 4825 2676 4896 his
2720 4842 2842 4896 quae
2881 4825 3184 4895 aliquando
3214 4841 3280 4877 ex
3323 4820 3590 4878 sermonis
3629 4817 3731 4884 ejus

2160 4915 2455 4969 dulcedine
2506 4915 2972 4986 proferebantur?
3022 4914 3106 4967 vel
3151 4914 3277 4984 quis
3326 4913 3539 4966 vultum
3583 4905 3727 4965 illius,

2159 5003 2473 5057 sanctitatis
2512 5003 2814 5073 imaginem
2841 5003 3248 5074 praeferentem,
3292 5001 3606 5072 respiciens,
3639 5006 3733 5046 n00

2158 5093 2338 5162 magis
2359 5091 2580 5146 videndi
2611 5109 2736 5146 eum
2770 5091 2972 5164 saepius
2999 5090 3344 5145 desiderium
3371 5085 3604 5158 sumpsit
3632 5081 3653 5132 ?
3679 5079 3732 5132 In

2159 5181 2312 5234 omni
2331 5187 2603 5251 tempore,
2619 5179 2971 5235 abstinentiae
2985 5196 3099 5234 suae
3120 5179 3380 5249 regulam
3394 5191 3558 5248 quam
3583 5165 3734 5226 semel

2157 5269 2414 5340 arripuit,
2449 5287 2560 5324 non
2586 5269 2824 5323 mutavit
2842 5269 2906 5338 (9)
2938 5289 2949 5322 :
2975 5267 3386 5340 quinquaginta
3413 5279 3584 5318 annos
3599 5255 3734 5312 insti-

2158 5364 2341 5412 tutum
2375 5359 2684 5430 proprium,
2720 5358 2873 5412 omni
2917 5357 3206 5412 alacritate
3248 5353 3560 5425 complevit,
3602 5353 3654 5402 et
3677 5342 3735 5398 ob

2157 5446 2398 5502 nimium
2445 5465 2696 5519 amorem
2727 5464 2792 5519 ac
2837 5447 3179 5501 desiderium
3229 5445 3380 5515 quod
3425 5438 3656 5496 habebat
3685 5432 3735 5484 in

2168 5535 2412 5604 Christo,
2441 5553 2606 5592 omne
2628 5553 2805 5592 aevum
2827 5536 3103 5608 temporis
3130 5535 3278 5589 illius
3302 5531 3465 5604 quasi
3480 5530 3596 5586 dies
3622 5538 3738 5597 pau-
