3946 6192
230 292 343 349 285

1275 291 1445 349 VITA
1482 292 1741 352 SANCTI
1778 289 2096 353 ΔΒΒΑΗΕ
2134 287 2490 349 ΕΒΕΜῘΤἈΕ.

3417 281 3525 341 288

231 418 415 472 cimus
446 416 767 488 reputabat:
797 423 855 470 et
882 421 1031 470 totus
1065 416 1217 486 rigor
1238 417 1526 475 acerrime)
1551 420 2274 487 conversa-Apaganorum
2304 413 2426 467 sine
2456 427 2616 465 mora
2639 409 2921 479 dirigitur.
2954 409 3077 472 Quo
3116 406 3254 465 dum
3298 412 3527 462 sanctus

231 507 407 561 tionis
433 508 561 576 ejus
588 506 738 577 apud
758 522 887 560 eum
917 522 1018 576 pro
1048 505 1224 561 nihilo
1244 505 1557 563 videbatur.

300 597 445 649 ΟΑΡ.
474 596 550 649 IV
578 624 642 634 —
673 595 809 648 Erat
838 599 1028 648 autem
1058 594 1208 649 haud
1239 596 1433 665 procul
1473 595 1543 649 ab
1582 595 1719 648 urbe
1749 595 1846 651 illa

231 685 390 738 vicus
400 684 713 737 admodum
733 683 1015 753 spatiosus
1041 700 1105 736 ac
1126 684 1447 753 magnus,in
1468 700 1578 755 quo
1597 684 1845 741 universi

236 773 457 843 pariter
484 788 519 825 a
537 772 774 827 minimo
802 788 980 841 usque
1001 772 1073 825 ad
1103 772 1408 829 maximum
1432 773 1636 842 pagani
1652 773 1846 826 crude-

488 859 821 925 existebant,
857 875 999 930 quos
1027 858 1098 913 ab
1126 859 1405 919 idolorum
1450 861 1606 921 cultu
1657 861 1850 917 nullus

239 951 476 1005 omnino
490 948 715 1007 valebat
725 954 976 1007 avertere
986 989 995 999 .
1005 948 1273 1013 Nonnulli
1288 949 1514 1018 quidem
1536 949 1847 1020 presbyteri

239 1047 295 1093 et
318 1038 565 1101 diaconi,
600 1039 659 1092 in
688 1038 793 1093 hoc
821 1037 1010 1108 ipsum
1041 1038 1156 1095 illic
1184 1038 1431 1099 ordinati
1459 1045 1517 1093 et
1549 1039 1747 1092 directi
1780 1039 1849 1091 ab

239 1126 652 1199 episcopo,sine
680 1126 798 1181 ullo
828 1126 1027 1183 salutis
1055 1142 1250 1183 eorum
1282 1127 1465 1181 fructu
1490 1127 1841 1201 recedebant,

238 1232 607 1287 nequaquam
646 1214 969 1275 aﬁlictionis
991 1214 1236 1281 terentes
1262 1214 1544 1270 laborem:
1582 1217 1716 1287 quia
1734 1233 1847 1273 non

237 1305 425 1361 solum
468 1320 585 1359 non
614 1304 844 1361 suaderi
873 1308 930 1357 et
945 1303 1013 1357 ad
1036 1319 1373 1363 consensum
1400 1304 1623 1363 animus
1652 1321 1848 1361 eorum

238 1393 394 1448 ferox
425 1408 543 1447 non
573 1387 803 1463 poterat
827 1392 997 1458 ﬂecti,
1020 1408 1216 1447 verum
1237 1392 1407 1453 etiam
1431 1399 1848 1462 persecutiones

238 1483 297 1536 in
329 1499 429 1535 eos
454 1482 554 1553 qui
587 1498 646 1537 se
677 1480 984 1541 monebant
1008 1498 1072 1535 ac
1095 1481 1398 1536 seditiones
1427 1482 1848 1539 vehementissi-

240 1588 361 1626 mas
381 1570 767 1628 concitabant.
800 1570 910 1625 Sed
942 1569 1111 1625 turba
1145 1570 1513 1627 nihilominus
1542 1573 1848 1628 monacho-

1926 505 2211 559 Abraham
2256 506 2532 574 pergeret,
2579 498 2914 570 precabatur
2943 496 3270 563 Dominum,
3292 496 3521 553 dicens:

1929 592 2376 649 Clementissime
2411 607 2476 645 ac
2504 588 2903 659 benignissime
2940 587 3107 647 Deus.
3136 585 3352 656 respice
3370 585 3528 641 inﬁr-

1926 684 2181 738 mitatem
2194 680 2759 749 meam,gratiamque
2773 684 2930 737 tuam
2948 677 3229 729 caelestem
3241 675 3312 728 ad
3334 690 3525 737 meum

1926 772 2249 844 praesidium
2278 770 2476 839 dirige,
2511 774 2576 823 ut
2607 766 2956 837 gloriﬁcetur
2982 781 3187 818 nomen
3214 770 3377 827 tuum
3398 780 3526 817 san-

1930 859 2445 919 ctum.Perveniens
2476 864 2665 911 autem
2694 856 2765 910 ad
2793 854 3299 923 vicum,vidensque
3328 869 3526 911 omnes

1930 951 1988 1004 in
2024 949 2246 1004 insania
2275 947 2545 1003 idolatriae
2584 946 2943 1005 vehementer
2982 959 3103 1001 esse
3146 942 3421 1006 detentos,
3459 958 3524 1005 ex

1931 1040 2044 1093 imo
2068 1044 2293 1109 pectore
2314 1037 2706 1106 ingemiscens,
2734 1033 2981 1104 graviter
3009 1031 3197 1095 ﬂevit;
3228 1036 3281 1084 et
3303 1032 3523 1087 elevans

1931 1131 2121 1183 oculos
2149 1144 2281 1183 suos
2301 1128 2371 1182 ad
2388 1125 2760 1190 coelum,dixit
2786 1143 2796 1177 :
2837 1124 2922 1179 Tu
2945 1122 3098 1176 solus
3130 1121 3226 1190 qui
3254 1121 3374 1175 sine
3405 1137 3529 1191 pec-

1930 1225 2057 1274 cato
2086 1235 2164 1283 es,
2194 1219 2366 1278 Deus,
2383 1233 2453 1272 ne
2481 1215 2757 1285 despicias
2785 1229 2958 1283 Opera
2983 1226 3255 1267 manuum
3274 1214 3524 1269 tuarum.

1930 1308 2395 1376 Festinanterque
2418 1304 2621 1360 direxit
2641 1302 2906 1358 nuntium
2926 1301 2983 1357 in
3004 1300 3286 1354 civitatem
3300 1298 3371 1352 ad
3390 1298 3528 1352 ami-

1929 1413 2055 1453 cum
2078 1396 2238 1453 illum
2258 1394 2656 1450 charissimum
2672 1392 2870 1455 sibi,ut
2884 1389 3179 1460 pecuniam
3193 1405 3259 1442 ex
3274 1386 3529 1456 reliquiis

1930 1486 2260 1556 patrimonii
2282 1485 2370 1538 sui
2400 1484 2642 1538 afferret.
2678 1481 2858 1545 Quam
2877 1496 3003 1535 cum
3028 1478 3351 1547 accepisset,
3384 1476 3532 1537 inter

1920 1591 2137 1644 paucos
2167 1574 2286 1628 dies
2314 1572 2627 1630 construxit
2658 1569 2968 1625 ecclesiam.
2994 1569 3063 1622 Et
3089 1567 3243 1621 velut
3264 1581 3529 1636 sponsam

242 1677 370 1715 rum
388 1660 570 1715 semel
600 1664 771 1729 atque
786 1659 991 1713 iterum
1009 1660 1166 1713 adire
1186 1658 1448 1725 nitentes,
1464 1660 1603 1721 nihil
1626 1661 1849 1730 penitus
1933 1663 2219 1733 optimam,
2256 1662 2433 1719 multo
2464 1677 2589 1715 eam
2621 1659 2970 1727 miriﬁceque
2998 1655 3282 1713 decoravit
3301 1659 3524 1709 ornatu.

245 1767 348 1820 pro
376 1750 749 1807 conversione
776 1766 970 1802 eorum
987 1759 1174 1816 “agere
1197 1754 1523 1818 potuerunt,
1546 1750 1717 1803 Porro
1740 1737 1911 1805 unaB
1931 1753 2195 1809 Attamen
2217 1752 2352 1806 dum
2392 1751 2784 1809 mdiflcaretur,
2818 1746 3065 1816 quotidie
3092 1745 3258 1798 homo
3288 1743 3387 1797 Dei
3428 1758 3528 1812 per

243 1839 337 1893 die
373 1839 634 1891 residens
657 1855 785 1891 cum
806 1838 1027 1893 clericis
1054 1838 1176 1892 suis
1199 1838 1514 1909 episcopus,
1540 1838 1851 1895 beatissimi
1934 1841 2118 1897 media
2156 1841 2455 1894 simulacra
2481 1838 2777 1907 gentilium
2808 1835 3107 1900 transiens,
3143 1833 3283 1886 nihil
3304 1831 3528 1903 penitus

243 1928 421 1998 hujus
452 1928 559 1985 viri
590 1926 791 1981 habuit
814 1927 1181 1991 mentionem,
1211 1927 1463 1997 dixitque
1483 1928 1554 1980 ad
1583 1944 1681 1981 eos
1707 1928 1851 1997 :Ego

244 2018 422 2072 talem
448 2017 631 2071 virum
658 2015 1007 2087 temporibus
1035 2024 1069 2081 Ι
1086 2020 1217 2080 4ο
1233 2015 1372 2070 meis
1398 2016 1585 2073 videre
1616 2033 1729 2072 non
1759 2033 1854 2087 po-

244 2108 352 2169 tui,
384 2106 471 2161 ita
498 2106 557 2161 in
598 2106 752 2160 omni
786 2122 955 2175 opere
993 2105 1260 2159 bonitatis
1304 2105 1633 2175 perfectum,
1674 2113 1732 2160 et
1773 2106 1852 2160 sic

245 2195 467 2250 cunctis
490 2194 793 2251 virtutibus
815 2195 1172 2259 adornatum,
1195 2194 1252 2249 in
1275 2211 1386 2264 quo
1403 2194 1571 2264 elegit
1592 2196 1742 2250 Deus
1758 2195 1853 2249 ha-

248 2284 453 2345 bitare,
486 2290 551 2338 ut
580 2283 822 2340 habetur
835 2300 983 2338 nunc
1003 2283 1390 2338 sanctissimus
1410 2283 1855 2339 Abraham.Res—

248 2374 568 2444 pendentes
597 2379 787 2429 autem
815 2372 999 2427 clerici
1028 2389 1222 2427 verum
1243 2389 1364 2427 esse
1393 2389 1523 2427 eum
1550 2373 1650 2428 Dei
1679 2374 1855 2427 tamu-

248 2464 366 2516 lum
396 2462 854 2533 monachumque
880 2461 1186 2532 perfectum
1212 2461 1589 2517 afﬁrmabant.
1624 2462 1694 2517 Et
1714 2463 1857 2532 epis-

246 2568 418 2621 copus
449 2569 462 2601 :
488 2551 645 2615 Volo,
692 2551 893 2621 inquit,
920 2567 1051 2605 eum
1079 2550 1137 2605 in
1160 2550 1280 2604 vico
1312 2550 1408 2604 illo
1429 2551 1729 2620 gentilium
1762 2567 1856 2609 or,

247 2641 446 2693 (linere
470 2639 864 2709 presbyterum
891 2657 905 2699 ;
954 2644 1139 2709 potest
1171 2640 1321 2694 enim
1372 2655 1466 2693 eos
1495 2639 1767 2709 patientia
1792 2657 1856 2694 ac

252 2729 427 2785 nimia
456 2728 734 2785 charitate
752 2729 820 2784 ad
842 2730 1023 2785 Deum
1042 2735 1389 2784 convertere.
1418 2729 1486 2782 Et
1512 2745 1857 2798 consurgens

252 2818 532 2889 protinus,
565 2818 637 2872 ad
668 2818 928 2873 cellulam
957 2817 1137 2873 sancti
1166 2817 1271 2873 viri
1304 2834 1431 2871 cum
1470 2818 1586 2873 suis
1614 2817 1860 2888 proficis-

254 2909 402 2963 citur
426 2907 669 2962 clericis.
693 2907 947 2977 Cumque
969 2907 1274 2961 salutasset
1297 2923 1445 2972 eum,
1463 2908 1768 2977 statimque
1787 2906 1858 2962 de

254 2996 565 3065 gentilibus
596 2996 704 3051 vici
731 2996 888 3050 illius
916 2996 1182 3062 insinuat,
1206 3002 1271 3050 ut
1295 2996 1365 3050 ad
1394 3012 1489 3051 eos
1518 2996 1589 3050 ob
1617 2998 1857 3053 salutem

1932 1929 2284 2001 loquebatur,
2329 1928 2439 1984 nisi
2482 1928 2539 1982 in
2580 1927 2745 1981 corde
2787 1942 2888 1979 suo
2928 1923 3125 1978 orabat
3153 1920 3523 1986 solummodo,

1931 2020 2289 2090 gemitusque
2319 2034 2444 2073 cum
2474 2018 2612 2073 ﬂetu
2642 2014 2901 2070 mittebat
2920 2014 2989 2067 ad
3021 2012 3345 2067 Dominum.
3378 2009 3534 2067 Post—

1935 2125 2105 2179 quam
2146 2124 2276 2164 vero
2313 2106 2545 2161 ecclesia
2573 2110 2659 2158 est
2695 2108 3100 2166 consummata,
3134 2100 3296 2175 quasi
3324 2113 3531 2160 munus

1935 2198 2216 2268 quoddam
2249 2213 2375 2251 cum
2410 2196 2600 2253 multis
2630 2194 2892 2263 lacrymis
2920 2190 3125 2247 obtulit
3152 2191 3300 2256 Deo;
3332 2187 3410 2242 ibi
3438 2204 3535 2257 ge?

1936 2286 2118 2343 nul-us
2138 2285 2353 2356 positis,
2390 2286 2489 2341 has
2510 2300 2700 2354 preces
2722 2281 3051 2352 suppliciter
3070 2280 3127 2333 in
3148 2295 3251 2333 sua
3280 2276 3534 2339 oratione

1938 2374 2189 2445 profudit
2219 2394 2233 2427 :
2268 2375 2371 2438 Tu,
2404 2370 3045 2442 inquiens,omnipotens
3064 2366 3282 2425 FiliDei
3300 2365 3534 2434 vivi,qui

1936 2470 2118 2521 totum
2135 2463 2406 2518 mundum
2426 2462 2633 2515 erroris
2653 2460 2982 2531 depressum
2998 2454 3534 2525 caligine,adcogni-

1938 2553 2148 2607 tionem
2178 2552 2407 2607 luminis
2432 2550 2516 2605 tui
2546 2567 2647 2620 per
2665 2556 2820 2603 tuam
2846 2546 3200 2618 praesentiam
3227 2541 3526 2606 deduxisti,

1938 2643 2086 2696 hunc
2116 2658 2338 2712 quoque
2368 2640 2635 2710 populum
2655 2644 2815 2692 tuum
2838 2637 3155 2706 diSpersum
3182 2648 3461 2702 congrege
3473 2631 3533 2693 in

1939 2731 2123 2787 sinum
2153 2730 2409 2785 Ecclesiae
2437 2737 2565 2791 tum,
2594 2734 2651 2782 et
2678 2726 2937 2783 illumina
2964 2724 3152 2779 oculos
3202 2722 3408 2779 mentis
3437 2736 3533 2773 eo-.

1940 2837 2063 2877 rum
2073 2860 2086 2885 ,
2104 2826 2167 2875 ut
2178 2824 2503 2889 respuentes
2520 2817 2950 2875 simulacrorum
2962 2814 3262 2877 culturam,
3277 2817 3334 2864 te
3353 2809 3532 2865 solum

1940 2914 2251 2963 amatorem
2270 2907 2559 2963 hominum
2580 2923 2644 2960 ac
2658 2905 2963 2973 benignum
2977 2904 3156 2958 Deum
3176 2903 3532 2971 cognoscant.

2011 2995 2263 3063 Cumque
2294 2994 2435 3049 hanc
2460 2991 2772 3053 orationem
2794 2989 3028 3053 ﬁnisset,
3051 2986 3316 3047 continuo
3344 3000 3535 3053 egres-

255 3100 455 3139 eorum
489 3089 753 3155 pergeret
780 3085 1120 3154 rogans.Qui
1146 3101 1272 3139 cum
1290 3085 1557 3151 audisset,
1570 3085 1749 3141 tristis
1768 3098 1913 3157 veoc
1941 3100 2036 3136 sus
2088 3082 2157 3135 ab
2204 3081 2454 3145 ecclesia,
2502 3080 2751 3151 perrexit
2795 3079 2866 3132 ad
2902 3077 3176 3147 templum
3215 3073 3534 3144 gentilium.

252 3174 549 3231 hementer
570 3175 821 3237 effectus,
850 3173 932 3229 ait
950 3174 1021 3231 ad
1040 3175 1395 3245 episcopum:
1423 3174 1851 3245 Quaeso,inquit,

251 3263 421 3317 Pater
432 3263 813 3328 sanctissime,
826 3262 1091 3334 permitte
1113 3263 1252 3318 mihi
1272 3269 1337 3318 ut
1351 3280 1506 3318 meas
1532 3263 1857 3333 iniquitates

250 3352 513 3417 deﬂeam,
542 3368 729 3423 neque
756 3352 1081 3422 huiusmodi
1104 3353 1395 3423 negotium
1424 3353 1649 3408 inﬁrmo
1668 3359 1727 3407 et
1749 3353 1859 3411 exi-

253 3456 366 3511 guo
396 3441 663 3497 existenti
699 3442 985 3511 injungas.
1027 3442 1114 3497 Ad
1145 3458 1312 3512 quem
1343 3456 1537 3496 rursus
1565 3440 1860 3511 episcopus

256 3530 400 3586 dixit
432 3548 444 3582 :
482 3530 592 3585 Per
619 3530 724 3585 Dei
760 3530 1025 3599 gratiam.
1059 3530 1261 3600 inquit,
1296 3536 1493 3600 potens
1515 3547 1601 3593 es;
1629 3546 1699 3583 ne
1726 3530 1862 3585 velis

255 3635 389 3687 ergo
415 3619 478 3674 in
510 3618 617 3672 hac
644 3617 793 3671 bona
814 3618 1133 3672 obedientia
1161 3618 1283 3672 ﬁeri
1311 3618 1863 3677 cunctabundus.Cui

256 3708 344 3761 vir
373 3706 573 3763 beatus
595 3707 803 3763 iterum
828 3707 1175 3777 respondens
1192 3706 1363 3763 dixit:
1395 3706 1642 3761 Obsecro
1664 3707 1867 3765 sancti-

258 3804 435 3853 tatem
458 3802 617 3852 tuam
644 3802 711 3855 ut
736 3812 827 3853 me
855 3796 1006 3851 mala
1032 3812 1160 3849 mea
1177 3796 1444 3866 plangere
1475 3796 1868 3866 permittas.Et

262 3886 343 3940 ait
360 3885 430 3941 ad
455 3902 587 3939 eum
621 3884 917 3955 episcopus
950 3904 965 3938 :
990 3885 1128 3939 Ecce
1150 3890 1333 3941 totum
1364 3884 1639 3941 mundum
1662 3891 1719 3939 et
1742 3902 1866 3956 qua:

268 3974 326 4029 in
349 3991 415 4028 eo
442 3980 579 4029 sunt
611 3973 914 4044 reliquisti,
948 3980 1007 4031 et
1034 3974 1207 4030 vitam
1235 3973 1561 4033 cruciﬂxam
1590 3974 1869 4044 amplexa-

264 4068 354 4117 tus
390 4081 490 4129 es;
531 4070 785 4117 attamen
832 4078 958 4116 cum
1015 4063 1133 4117 haec
1171 4062 1432 4117 universa
1481 4062 1862 4133 compleveris.

267 4169 507 4221 agnosce
535 4159 591 4206 te
612 4151 1141 4221 obedientiam,qu:e
1164 4151 1382 4209 cunctis
1409 4150 1709 4209 virtutibus
1734 4152 1868 4207 emi-

270 4247 383 4304 net,
415 4258 529 4296 non
562 4240 935 4297 habere.Haec
966 4240 1059 4296 ille
1089 4257 1215 4293 cum
1247 4241 1518 4305 audisset,
1537 4240 1706 4310 cmpit
1734 4241 1869 4295 ﬂere

270 4345 481 4391 amare,
508 4330 702 4387 dicens
734 4330 806 4383 ad
844 4345 1005 4387 eum:
1041 4329 1187 4393 Quid
1230 4345 1355 4387 sum
1385 4345 1507 4398 ego,
1541 4329 1697 4385 canis
1726 4346 1871 4387 mor-

1938 3188 2176 3242 arasque
2206 3187 2399 3225 eorum
2419 3176 2473 3223 et
2494 3169 2795 3225 simulacra
2816 3166 3074 3223 manibus
3096 3164 3212 3218 suis
3242 3161 3443 3217 evertit
3459 3166 3541 3214 at-

1940 3278 2047 3332 que
2074 3260 2365 3315 destruxit.
2382 3259 2542 3323 Quod
2562 3258 2771 3312 factum
2796 3273 2925 3310 cum
2945 3259 3201 3309 cerneret
3220 3250 3389 3306 turba
3403 3265 3537 3320 gen-

1941 3351 2144 3416 tilium,
2177 3349 2337 3419 quasi
2361 3353 2610 3418 agrestes
2631 3347 2760 3400 ferae
2781 3345 3056 3405 insiliunt,
3079 3357 3320 3411 eumque
3330 3340 3538 3403 lacera-

1944 3446 2066 3494 tum
2092 3439 2284 3495 multis
2311 3437 2632 3493 verberibus
2660 3437 3013 3505 fugaverunt.
3038 3434 3163 3503 Ipse
3183 3435 3371 3489 autem
3393 3427 3539 3491 clam

1946 3535 2107 3582 nocte
2122 3528 2178 3582 in
2210 3526 2439 3581 ecclesia
2456 3525 2725 3587 residens,
2750 3525 3043 3595 plagarum
3064 3535 3297 3575 suarum
3320 3518 3536 3571 lacera-

1949 3618 2157 3671 tionem
2181 3633 2290 3669 non
2313 3631 2534 3669 curans.
2553 3615 2648 3667 sed
2672 3612 3063 3667 tantummodo
3082 3627 3207 3664 cum
3232 3606 3455 3661 ﬂetibus
3476 3622 3541 3663 ac

1950 3705 2273 3776 gemitibus,
2307 3709 2372 3759 ut
2397 3704 2533 3758 salvi
2581 3704 2798 3765 ﬂerent,
2842 3700 3146 3758 Dominum
3184 3695 3536 3768 precabatur.

1947 3795 2115 3855 Facto
2136 3800 2324 3849 autem
2341 3809 2505 3847 mane
2526 3792 2886 3846 advenientes
2907 3788 3129 3860 pagani,
3143 3785 3437 3847 inveniunt
3446 3784 3542 3841 ho-

1945 3884 2155 3941 minem
2193 3883 2308 3941 ’Dei
2352 3888 2647 3941 orantem;
2689 3886 2745 3934 et
2778 3880 2954 3939 nimio
3004 3884 3231 3947 stupore
3279 3872 3540 3945 perculsi,

1947 3973 2105 4043 quasi
2136 3974 2260 4027 enei
2292 3972 2392 4045 (ll)
2427 3972 2654 4043 quidam
2686 3970 2866 4027 effecti
2895 3975 3045 4023 sunt.
3070 3966 3228 4022 Unde
3264 3969 3321 4018 et
3344 3964 3413 4019 ad
3449 3979 3541 4016 ec-

1949 4061 2174 4116 clesiam
2229 4060 2478 4131 quotidie
2519 4059 2835 4123 veniebant,
2880 4075 2991 4115 non
3037 4064 3228 4111 tamen
3276 4051 3546 4109 orationis

1950 4151 2152 4220 gratia,
2187 4151 2283 4204 sed
2313 4156 2376 4203 ut
2402 4149 2575 4203 oculis
2596 4150 2712 4202 suis
2739 4147 2982 4201 ecclesia:
2997 4144 3441 4214 contemplantes
3460 4156 3547 4195 or-

1952 4246 2147 4294 natum
2176 4256 2240 4292 ac
2259 4238 2755 4309 pulchritudinem,
2777 4238 3208 4293 delectarentur.
3229 4231 3415 4302 Coepit
3442 4231 3545 4284 ita-

1954 4346 2062 4399 que
2089 4329 2329 4398 quadam
2361 4328 2450 4381 die
2467 4327 2550 4380 vir
2576 4326 2774 4380 beatus
2800 4324 3083 4379 Abraham
3115 4319 3402 4391 deprecari
3423 4334 3537 4385 eos,

268 4426 398 4475 mus
421 4420 475 4482 (Ι
484 4421 606 4485 Reg.
626 4427 771 4487 xxxv)
791 4419 816 4472 Ἰ
840 4424 899 4477 et
918 4434 1040 4488 quae
1061 4422 1151 4472 est
1170 4418 1283 4471 vita
1296 4417 1711 4487 mea,quoniam
1736 4418 1873 4479 talia
1888 4411 1935 4469 D
1953 4424 2018 4472 ut
2045 4423 2414 4487 agnoscerent
2426 4416 2625 4469 Deum.
2654 4415 2740 4473 Illi
2768 4430 2897 4468 vero
2919 4413 3172 4469 saeviores
3193 4409 3372 4464 effecti
3388 4406 3546 4467 fusti—

272 4508 339 4561 de
366 4525 479 4571 me,
512 4525 544 4562 ο
570 4508 926 4563 sanctissime
958 4507 1146 4572 Pater,
1175 4507 1482 4576 iudicasti?
1504 4507 1606 4561 Cui
1627 4507 1705 4571 ait
1727 4508 1870 4579 epis-

272 4614 442 4668 c0pus
472 4615 485 4647 :
531 4598 668 4652 Ecce
710 4598 800 4652 hic
836 4596 1110 4660 residens,
1153 4602 1311 4653 tuam
1342 4596 1693 4651 solummodo
1725 4598 1870 4651 salu-

274 4695 389 4742 tem
428 4686 701 4757 acquiris;
728 4686 805 4743 ibi
833 4692 1025 4741 autem
1050 4685 1280 4756 plurimi
1297 4701 1396 4755 per
1415 4691 1490 4749 te,
1524 4685 1713 4741 divina
1736 4702 1868 4755 gra-

274 4776 351 4828 tia
383 4780 675 4845 operante,
713 4775 966 4832 salvandi
1001 4780 1153 4839 sunt,
1187 4790 1566 4844 quoscumque
1587 4773 1657 4829 ad
1679 4774 1866 4833 Domi—

273 4879 405 4917 num
428 4864 607 4919 Deum
627 4864 988 4925 converteris.
1013 4863 1321 4919 Considera
1347 4863 1539 4939 itaque
1561 4863 1712 4918 unde
1743 4879 1866 4921 am-

275 4952 503 5021 pliorem
524 4951 843 5008 mercedem
878 4951 1106 5016 habeas,
1135 4956 1326 5011 utrum
1353 4950 1403 5005 si
1433 4951 1676 5022 teipsum
1695 4952 1870 5012 salva-

276 5041 415 5094 veris
472 5041 677 5103 solum,
723 5057 796 5095 an
844 5040 895 5095 si
947 5040 1221 5110 plurimos
1278 5046 1464 5097 tecum
1514 5040 1585 5097 ad
1628 5040 1866 5097 salutem

276 5129 587 5184 adduxeris.
649 5130 807 5191 Tunc
865 5129 1060 5185 beatus
1104 5128 1190 5186 vir
1233 5128 1334 5182 Dei
1380 5129 1538 5191 ﬂens,
1588 5129 1669 5183 ait
1697 5128 1868 5187 :‘Fiat

276 5218 523 5274 voluntas
540 5218 796 5285 Domini;
816 5223 1202 5277 verumtamen
1220 5224 1451 5288 propter
1467 5217 1865 5281 obedientiam,

274 5323 599 5378 quocunque
623 5308 883 5377 jusseris,
917 5324 1167 5378 pergam.

341 5397 472 5451 CAP.
492 5396 586 5453 VI.
612 5426 676 5436 —-
704 5396 955 5453 Educens
984 5412 1114 5465 ergo
1152 5412 1281 5455 eum
1306 5395 1375 5448 de
1405 5395 1606 5455 cellula
1634 5395 1691 5453 in
1740 5395 1868 5449 civi-

273 5488 443 5539 tatem
490 5485 640 5541 illico
687 5484 1041 5549 introduxit;
1084 5483 1274 5553 ibique
1320 5499 1422 5553 per
1450 5484 1867 5554 impositionem

276 5588 467 5628 manus
495 5572 792 5644 presbyter
836 5572 1127 5632 ordinatus
1178 5570 1307 5639 (10),
1342 5572 1532 5633 statim
1566 5572 1636 5626 ad
1684 5571 1866 5631 vicum

1950 4506 2054 4561 bus
2086 4522 2213 4560 eum
2246 4505 2407 4575 quasi
2446 4505 2689 4575 lapidem
2712 4503 3011 4574 quemdam
3042 4508 3210 4571 atque
3231 4497 3545 4557 exanimem

1951 4595 2306 4659 ceciderunt;
2341 4599 2397 4649 et
2434 4594 2657 4657 deinde,
2696 4592 2929 4664 pedibus
2977 4593 3099 4661 ejus
3148 4589 3280 4647 fune
3332 4585 3541 4658 ligatis,

1952 4690 2107 4739 extra
2156 4684 2335 4737 vicum
2363 4688 2673 4746 traxerunt,
2716 4681 2997 4753 lapidibus
3024 4679 3358 4745 obruentes;
3395 4691 3547 4733 mor-

1950 4779 2223 4843 tuumque
2250 4789 2378 4829 eum
2411 4772 2768 4834 arbitrantes,
2794 4768 3129 4827 seminecem
3177 4767 3545 4838 reliquerunt.

2022 4862 2206 4917 Media
2221 4866 2411 4919 autem
2431 4866 2591 4914 nocte
2614 4860 2670 4919 in
2698 4858 3063 4928 semetipsum
3088 4873 3362 4921 reversus,
3381 4854 3555 4925 cmpit

1951 4952 2086 5004 ﬂere
2111 4949 2621 5014 vehementissime,
2656 4965 2719 5002 ac
2746 4947 2930 5001 dicere
2955 4965 2966 4998 :
3001 4948 3074 5001 Ut
3102 4946 3256 5016 quid,
3287 4945 3543 5009 Domine,

1948 5039 2247 5109 despexisti
2268 5037 2643 5092 humilitatem
2663 5052 2866 5099 meam,
2884 5042 2941 5089 et
2970 5052 3142 5106 quare
3172 5035 3369 5089 faciem
3392 5040 3550 5095 tuam

1950 5128 2153 5182 avertis
2183 5144 2217 5181 a
2246 5127 2375 5183 me?
2403 5132 2460 5183 et
2479 5142 2579 5180 cur
2605 5125 2830 5196 repellis
2858 5125 3106 5181 animam
3136 5136 3341 5191 meam,
3375 5128 3432 5183 et
3453 5122 3550 5178 de:-

1951 5216 2200 5286 spexisti,
2229 5215 2485 5281 Domine,
2509 5230 2680 5285 opera
2701 5230 2971 5273 manuum
2993 5220 3222 5269 tuarum
3243 5214 3267 5266 ?
3288 5214 3357 5269 Et
3376 5229 3544 5277 nunc.

1951 5305 2206 5370 Domine,
2234 5305 2447 5374 respice
2477 5320 2649 5374 super
2677 5320 2898 5361 servum
2928 5309 3108 5370 tuum,
3143 5309 3200 5357 et
3228 5303 3427 5363 exaudi
3458 5302 3552 5356 de-

1950 5394 2328 5465 precationem
2361 5410 2567 5457 meam,
2600 5399 2658 5449 et
2679 5392 2979 5447 corrobora
2998 5411 3121 5458 me;
3160 5397 3335 5458 l4.
3371 5397 3427 5451 et
3456 5390 3550 5449 ab,

1950 5484 2098 5537 solve
2127 5499 2316 5536 servos
2340 5488 2467 5537 tuos
2508 5500 2542 5537 a
2570 5483 2805 5541 vinculis
2832 5482 3059 5549 diaboli,
3093 5488 3149 5536 et
3178 5490 3381 5552 praesta
3397 5480 3551 5539 eisut

1949 5578 2288 5641 cognoscant
2318 5578 2375 5633 te
2404 5572 2670 5642 quoniam
2698 5579 2763 5627 tu
2794 5590 2853 5631 es
2882 5573 3053 5635 solus,
3076 5577 3133 5631 et
3142 5577 3347 5643 praeter
3365 5575 3545 5627 tenon
