4004 6196
501 283 607 343 287

1506 291 1599 346 DE
1636 291 1824 348 VITIS
1862 291 2158 350 PATRUM
2193 292 2407 348 LIBER
2443 291 2731 346 PRIMUS.

3615 297 3704 357 ‘288

505 422 594 472 est
607 419 749 473 alius
769 419 934 472 Deus.
957 414 1166 470 Deinde
1181 430 1522 486 consurgens
1538 416 1608 471 ab
1628 419 1899 485 oratione,
1922 419 2096 473 intra-
2111 423 2159 480 Α
2177 420 2478 474 admodum
2509 417 2808 472 denuntias
2841 413 3002 469 nobis
3046 421 3104 469 et
3131 413 3310 477 doces,
3355 416 3430 470 ita
3471 421 3706 478 credimus

503 507 586 560 vit
603 509 661 561 in
686 507 896 570 vicum;
931 506 1326 574 ingressusque
1358 505 1668 571 ecclesiam,
1701 507 1939 561 Domino
1955 509 2097 579 psal-

505 611 628 649 mos
649 594 899 648 canebat.
925 593 1139 646 Rursus
1159 598 1347 646 autem
1363 592 1506 649 facto
1531 595 1792 658 diluculo,
1811 597 2096 651 venientes

504 683 762 736 viderunt
781 698 926 734 eum.
947 681 1015 734 Et
1037 681 1329 750 stupefacti
1350 692 1518 752 atque
1539 683 1595 735 in
1623 684 1898 738 insaniam
1930 685 2091 748 versi,

503 771 662 824 nulla
679 769 947 822 habentes
967 769 1177 822 viscera
1191 770 1604 839 misericordias,
1630 773 1918 826 acerrimis
1935 774 2095 828 illum

502 859 799 913 tormentis
821 857 1234 929 crudeliterque
1255 859 1587 927 conficiunt;
1611 867 1668 916 et
1683 861 1846 916 solito
1874 861 2098 916 funibus

501 947 818 1018 alligatum,
843 952 1002 1001 extra
1025 947 1208 1002 vicum
1232 954 1542 1003 traxerunt.

576 1037 708 1090 CAP.
741 1037 836 1091 VI.
874 1068 938 1077 —
966 1037 1096 1091 Haec
1122 1041 1311 1091 autem
1331 1054 1460 1091 cum
1489 1055 1588 1109 per
1612 1039 1916 1094 triennium
1939 1047 2098 1112 pate-

503 1130 679 1191 retur,
713 1125 872 1197 quasi
901 1143 1064 1180 verus
1089 1126 1320 1180 adamas
1336 1127 1704 1181 tolerabiliter
1718 1129 1851 1200 perd
1861 1130 2093 1197 urabat;

500 1231 604 1269 nec
619 1215 995 1286 tottantisque
1005 1215 1436 1270 insectationum
1447 1215 1902 1272 tribulationibus
1911 1219 2094 1287 cessit;

503 1304 602 1358 sed
629 1321 758 1358 cum
789 1304 1113 1371 caederetur,
1147 1321 1274 1358 cum
1304 1305 1644 1365 traheretur,
1686 1323 1812 1360 cum
1843 1325 2099 1378 persecu-

502 1393 688 1446 tiones
716 1398 1022 1464 pateretur,
1055 1411 1180 1448 cum
1199 1394 1564 1465 lapidaretur,
1595 1412 1723 1450 cum
1753 1396 1898 1450 fame
1929 1409 1986 1451 et
2003 1397 2096 1452 siti

502 1481 808 1548 laboraret,
851 1483 906 1536 in
939 1482 1196 1537 omnibus
1225 1483 1312 1536 his
1341 1500 1462 1553 quae
1492 1483 1542 1537 ei
1581 1485 1918 1551 acciderant,
1951 1503 2098 1540 nun-

505 1587 675 1642 quam
704 1571 774 1625 ad
801 1572 1145 1626 iracundiam
1183 1578 1534 1643 provocatus,
1566 1590 1855 1645 nunquam
1901 1576 1972 1628 ad
2009 1576 2096 1629 in-

504 1658 887 1729 dignationem
899 1666 1213 1714 commotus
1225 1667 1326 1727 est;
1335 1678 1524 1732 nunqu
1533 1679 1622 1715 am
1636 1663 2100 1733 pusillanimitate

2179 514 2236 562 et
2249 509 2534 562 faciemus.
2555 507 2622 561 Et
2639 507 2930 560 confestim
2945 509 3170 558 sanctus
3183 503 3450 560 Abraham
3461 523 3707 565 assumens

2179 614 2402 651 sacrum
2431 595 2730 666 baptisma,
2765 593 3065 665 baptizavit
3093 609 3188 646 eos
3219 593 3273 646 in
3304 595 3511 649 nomine
3539 597 3704 673 Patris,

2179 693 2237 740 et
2265 686 2410 747 Filii,
2443 691 2500 738 et
2521 685 2762 756 Spiritus
2779 683 2977 748 sancti,
2995 699 3026 736 a
3052 681 3282 735 minimo
3309 699 3472 753 usque
3492 685 3552 738 ad
3571 689 3710 741 maxi-

2178 791 2354 830 mum.
2393 775 2566 828 Erant
2585 778 2773 828 autem
2795 789 2974 842 usque
3003 771 3072 824 ad
3105 771 3255 824 mille
3283 771 3502 826 animas.
3536 775 3712 829 Deinde

2179 882 2280 937 per
2307 865 2558 934 singulos
2587 863 2706 918 dies
2728 861 2944 916 divinas
2970 859 3282 930 Scripturas
3310 861 3386 914 eis
3405 861 3618 931 legebat,
3631 865 3710 917 do-

2179 953 2340 1008 cebat
2363 970 2458 1007 eos
2487 953 2555 1006 de
2588 968 2762 1022 regno
2783 951 2904 1016 Dei,
2937 951 3008 1004 de
3035 949 3277 1020 paradisi
3315 950 3528 1016 deliciis,
3553 952 3612 1006 de
3634 970 3714 1023 ge-

2180 1044 2380 1097 hennaa
2405 1041 2712 1112 suppliciis,
2745 1040 2814 1094 de
2837 1039 3079 1110 justitia,
3112 1038 3182 1092 de
3222 1038 3327 1091 fide
3369 1043 3424 1092 et
3464 1039 3712 1096 charitate.

2183 1131 2268 1186 llli
2296 1148 2444 1196 vero,
2478 1131 2622 1184 sicut
2640 1129 2788 1184 bona
2812 1134 2966 1182 terra
2985 1127 3221 1199 percipit
3238 1143 3422 1180 semen
3450 1126 3653 1193 bonum,
3674 1139 3720 1185 et

2181 1221 2341 1274 affert
2369 1221 2632 1285 fructum,
2672 1219 2826 1272 aliud
2868 1217 3256 1282 centesimum,
3302 1216 3444 1270 aliud
3479 1219 3722 1287 sexagesi-

2181 1309 2524 1374 n1um,aliud
2548 1307 2898 1378 trigesimum
2929 1307 3148 1378 (Matth.
3183 1317 3310 1374 x11);
3341 1306 3417 1359 ita
3442 1305 3594 1358 verba
3620 1307 3720 1375 ejus

2180 1397 2548 1452 libentissime
2577 1397 2890 1459 audientes,
2913 1402 3081 1467 atque
3101 1395 3160 1448 in
3189 1395 3386 1448 timore
3405 1395 3608 1449 Domini
3621 1412 3724 1465 pro-

2181 1488 2450 1550 ficientes,
2466 1485 3035 1556 fructuslargissimos
3045 1483 3357 1538 all‘erebant
3390 1483 3452 1537 In
3466 1493 3725 1554 conspectu

2180 1583 2369 1630 autem
2399 1592 2593 1630 eorum
2627 1575 2786 1646 quasi
2811 1573 3044 1645 angelus
3069 1573 3168 1627 Dei
3192 1571 3494 1636 videbatur,
3525 1578 3577 1624 et
3594 1573 3724 1642 quasi

2181 1666 2436 1736 quaedam
2470 1665 2686 1720 aedificii
2717 1665 2978 1734 ligatura.
3003 1663 3092 1716 Sic
3133 1661 3283 1715 enim
3307 1661 3538 1714 charitas
3564 1677 3726 1714 eorum

502 1746 791 1814 distabuit,
825 1765 1114 1820 nunquam
1151 1751 1316 1804 taedio
1363 1751 1630 1820 fatigatus
1670 1759 1755 1805 est
1779 1771 1792 1817 ;
1833 1753 1930 1806 sed
1968 1771 2096 1807 cum
2116 1739 2160 1797 Β
2183 1754 2331 1808 circa
2358 1755 2541 1825 ipsum
2563 1760 2685 1807 erat
2704 1770 2806 1824 per
2825 1752 3135 1806 doctrinam
3157 1749 3725 1814 sermonisdulcissimi,

502 1851 701 1906 aspera
731 1838 918 1892 omnia
940 1844 1244 1908 pateretur,
1272 1840 1455 1908 magis
1487 1857 1552 1892 ac
1581 1841 1760 1909 magis
1787 1857 1946 1894 amor
1976 1843 2099 1911 ejus

504 1925 564 1978 in
583 1941 678 1979 eos
699 1931 756 1980 et
775 1927 1018 1981 charitas
1035 1927 1363 1997 augebatur.
1382 1929 1544 1982 Modo
1561 1929 1916 1994 admonebat,
1934 1931 2099 1986 modo

499 2011 912 2079 blandiebatur,
943 2017 1108 2070 modo
1133 2015 1532 2071 blandimentis
1553 2018 1868 2072 suavissimi
1891 2019 2098 2090 eloquii

500 2102 754 2157 liniebat.
775 2104 844 2158 Et
871 2105 1096 2176 quidem
1125 2107 1394 2172 seniores,
1422 2107 1591 2160 veluti
1613 2114 1798 2178 patres
1827 2108 2094 2177 rogabat;

497 2191 732 2261 juvenes
751 2199 815 2247 ut
840 2193 1062 2260 fratres,
1086 2195 1467 2249 adolescentes
1480 2201 1543 2248 ut
1570 2196 1714 2250 filios
1739 2215 1750 2263 ;
1778 2214 1906 2250 cum
1939 2214 2100 2252 econ-

500 2281 678 2335 trario
703 2281 774 2336 ab
806 2283 886 2337 eis
907 2283 1366 2350 subsannaretur,
1393 2283 1739 2352 irrideretur,
1760 2291 1929 2356 atque
1945 2285 2096 2340 mille

502 2369 802 2440 opprobria
830 2377 1136 2442 pateretur.

574 2459 704 2513 CAP.
738 2461 859 2515 VII.
895 2493 960 2502 —
983 2462 1238 2526 Quadam
1272 2461 1446 2530 igitur
1474 2462 1564 2515 die
1609 2462 1952 2517 habitatores
1992 2465 2096 2518 vici

501 2547 653 2602 illius
675 2550 1020 2620 congregati,
1042 2551 1328 2620 nimioque
1356 2556 1584 2621 stupore
1605 2551 1875 2605 mirantes
1895 2569 1961 2606 ac
1975 2570 2096 2624 per-

500 2636 704 2700 territi,
736 2639 804 2690 ad
823 2638 1055 2691 invicem
1075 2639 1491 2709 colloquentes:
1517 2639 1776 2706 Cernitis,
1812 2641 2092 2712 inquiunt,

501 2730 618 2778 tam
634 2741 894 2794 magnam
911 2727 1240 2797 patientiam
1257 2728 1382 2793 viri,
1405 2735 1461 2782 et
1481 2728 1816 2782 ineffabilem
1833 2731 1980 2784 circa
1994 2748 2096 2785 nos

501 2812 854 2880 charitatem,
888 2816 1168 2886 quomodo
1197 2817 1255 2870 in
1285 2817 1460 2870 tantis
1488 2817 1942 2872 tribulationibus
1958 2837 2096 2891 quas

500 2901 553 2954 ei
581 2901 875 2957 intulimus
904 2921 1259 2976 nequaquam
1276 2923 1341 2960 ex
1371 2906 1476 2960 hoc
1507 2907 1976 2975 loco'liscesserit,
2002 2927 2096 2964 ne-

500 3007 610 3061 que
628 2991 794 3047 alicui
814 2999 1067 3048 nostrum
1089 2996 1302 3050 malum
1321 2995 1548 3050 verbum
1566 2997 1784 3050 locutus
1806 2997 1898 3061 sit,
1915 3015 2096 3069 neque

2181 1849 2245 1896 ut
2273 1859 2340 1897 ex
2374 1843 2477 1897 hoc
2497 1844 2675 1896 Deum
2703 1842 2931 1896 credere
2960 1841 3302 1894 viderentur.

2254 1934 2383 1987 CAP.
2431 1934 2524 1986 IX.
2578 1963 2640 1973 —-
2691 1931 2980 2002 Completo
3027 1929 3200 2000 igitur
3255 1946 3418 1994 anno,
3473 1936 3730 2001 postquam

2181 2021 2559 2085 crediderunt,
2572 2021 2656 2074 vir
2675 2019 2872 2074 beatus
2886 2019 3168 2072 Abraham
3187 2035 3298 2072 non
3321 2018 3732 2073 cessabatdiebus

2181 2106 2416 2176 singulis
2441 2105 2668 2160 verbum
2683 2106 2764 2160 eis
2781 2103 3004 2158 Domini
3028 2103 3348 2175 praedicare.
3375 2107 3445 2157 At
3463 2104 3551 2157 ubi
3571 2121 3733 2158 eorum

2180 2195 2426 2248 studium
2459 2195 2600 2248 circa
2625 2195 2804 2250 Deum
2830 2194 3110 2264 fidemque
3129 2193 3504 2246 firmissimam
3525 2193 3664 2266 vidit,
3688 2199 3735 2247 et

2180 2285 2328 2354 quod
2359 2301 2494 2354 erga
2526 2301 2652 2338 eum
2679 2283 2856 2337 nimia
2876 2288 3065 2337 essent
3109 2283 3388 2337 charitate
3419 2283 3651 2344 connexi,
3691 2288 3738 2335 et

2179 2374 2447 2427 honorem
2472 2373 2576 2427 sibi
2592 2372 2900 2426 maximum
2922 2370 3269 2436 cxhiberent,
3296 2387 3489 2425 verens
3501 2370 3737 2424 neobten-

2178 2467 2240 2515 tu
2261 2478 2454 2516 eorum
2475 2461 2826 2516 abstinentiae
2846 2477 2960 2514 suae
2976 2461 3229 2530 regulam
3253 2461 3537 2514 destruere
3549 2474 3738 2529 cogere-

2177 2557 2288 2609 tur.
2319 2557 2376 2604 et
2405 2567 2737 2622 quocunque
2768 2550 2932 2604 modo
2962 2566 3121 2603 mens
3169 2550 3295 2619 ejus
3345 2549 3576 2602 terrenis
3616 2547 3740 2601 curis

2181 2641 2608 2709 astringeretur,
2631 2655 2972 2709 consurgens
2993 2639 3050 2692 in
3073 2639 3259 2692 medio
3278 2638 3477 2701 noctis,
3499 2637 3630 2690 hanc
3641 2653 3742 2690 ora-

2178 2729 2390 2784 tionem
2420 2729 2626 2783 fudisse
2654 2729 2834 2782 fertur
2871 2728 2941 2782 ad
2972 2727 3318 2782 Dominum:
3354 2728 3437 2782 Tu
3475 2726 3615 2780 solus
3641 2725 3742 2777 sine

2178 2824 2426 2889 peccato,
2459 2819 2626 2882 Deus,
2657 2817 2773 2888 qui,
2807 2834 2934 2872 cum
2961 2817 3038 2871 sis
3078 2823 3332 2883 sanctus,
3377 2815 3662 2887 requiescis
3694 2813 3742 2866 in

2179 2908 2404 2972 sanctis,
2441 2908 2700 2979 quisolus
2712 2913 2932 2961 amator
2957 2923 3016 2960 es
3044 2907 3340 2960 hominum
3367 2921 3433 2959 ac
3461 2904 3744 2958 misericors

2177 2997 2470 3061 Dominus,
2505 2997 2600 3068 qui
2630 2996 2835 3050 mentis
2855 2996 3042 3050 oculos
3062 2995 3232 3066 hujus
3263 2991 3743 3049 multitudinisillu-

495 3095 727 3136 aversus
751 3087 838 3136 est
853 3100 886 3136 a
901 3083 1082 3149 nobis,
1103 3085 1199 3138 sed
1221 3102 1346 3140 cum
1364 3086 1572 3156 gaudio
1595 3103 1798 3157 magno
1820 3088 2098 3142 sustinue-
2115 3097 2157 3158 ρ,
2177 3085 2425 3152 minasti,
2445 3086 2542 3156 qui
2569 3103 2664 3140 eos
2685 3085 2754 3139 ab
2774 3085 3079 3140 adversarii
3097 3084 3337 3138 vinculis
3353 3081 3643 3146 absolvisti,
3666 3079 3744 3150 qui

498 3169 576 3224 rit
599 3170 877 3226 universa.
904 3173 1062 3227 Unde
1091 3173 1198 3228 nisi
1227 3180 1376 3228 esset
1395 3179 1478 3237 (ut
1499 3175 1717 3245 asserit)
1753 3177 1901 3229 Deus
1931 3193 2093 3232 verus

499 3275 666 3330 quem
697 3262 980 3332 praedicat,
1015 3269 1072 3318 et
1095 3281 1331 3334 regnum
1371 3270 1428 3318 et
1450 3265 1761 3336 paradisus,
1797 3267 1934 3319 ultio
1961 3283 2095 3336 quo-

497 3364 607 3419 que
623 3351 921 3414 malorum,
945 3368 1057 3406 non
1071 3353 1215 3408 hanc
1230 3353 1652 3408 tribulationem
1669 3361 1958 3425 pateretur
1975 3355 2094 3409 ina-

497 3437 665 3492 niter.
696 3439 839 3493 Illud
885 3441 1056 3496 etiam
1109 3443 1596 3508 considerandum,
1647 3443 1912 3514 quoniam
1958 3444 2092 3498 deos

495 3533 737 3593 nostros,
761 3545 888 3582 cum
919 3536 1067 3584 esset
1085 3532 1255 3596 solus,
1298 3532 1516 3594 evertit,
1564 3537 1622 3584 et
1665 3532 1722 3585 in
1771 3533 1924 3586 nullo
1963 3550 2091 3586 eum

495 3614 698 3669 laedere
726 3618 1043 3672 valuerunt.
1067 3619 1209 3672 Vere
1240 3636 1432 3672 servus
1463 3619 1564 3673 Dei
1593 3626 1676 3673 est
1716 3621 1882 3674 hamo
1903 3621 2011 3683 hic,
2037 3627 2095 3674 et

496 3711 700 3758 cuncta
725 3721 856 3759 vera
885 3713 1018 3760 sunt
1044 3724 1167 3778 quae
1197 3707 1267 3760 de
1297 3723 1362 3762 eo
1387 3709 1536 3762 fama
1560 3707 1842 3778 dispersit.
1893 3709 2092 3764 Venite

495 3790 705 3861 itaque,
732 3793 1024 3847 credamus
1056 3794 1115 3848 in
1152 3795 1330 3848 Deum
1359 3812 1526 3865 quem
1556 3796 1838 3866 przedirat.
1865 3795 1941 3850 Et
1975 3797 2092 3851 haec

494 3879 645 3934 inter
671 3897 730 3935 se
758 3881 1158 3952 colloquentes,
1208 3883 1419 3954 pariter
1448 3901 1646 3938 omnes
1697 3885 1754 3938 in
1801 3885 2089 3940 eaclesiam

495 3975 756 4039 pergunt,
789 3970 1095 4025 clamantes
1126 3977 1295 4044 atque
1316 3973 1590 4028 dicentes:
1625 3973 1817 4028 Gloria
1839 3974 1954 4029 Deo
1977 3992 2088 4028 cae-

493 4057 643 4124 lesti,
674 4059 770 4129 qui
803 4059 958 4113 misit
985 4061 1256 4116 famulum
1278 4079 1462 4128 suum,
1485 4068 1549 4117 ut
1568 4080 1670 4117 nos
1689 4063 1759 4117 ab
1775 4081 1963 4118 errore
1985 4065 2090 4118 sal-

493 4152 669 4215 varet,

566 4238 696 4291 CAP.
733 4237 882 4292 VIII.
919 4269 976 4278 -
1001 4239 1156 4293 Tunc
1175 4239 1375 4294 beatus
1403 4241 1572 4295 homo
1593 4241 1698 4296 Dei
1727 4242 1841 4295 haec
1869 4242 2082 4307 videns,

492 4325 688 4382 laetitia
714 4326 930 4397 ingenti
960 4329 1206 4398 repletus
1235 4335 1339 4396 est,
1364 4337 1422 4384 et
1447 4329 1616 4384 facies
1644 4332 1766 4401 ejus
1795 4331 1956 4401 quasi
1992 4347 2084 4384 ros

2175 3174 2486 3245 implicatos
2506 3192 2602 3228 eos
2631 3175 2701 3229 ab
2722 3175 3152 3228 simulacrorum
3181 3173 3471 3227 erroribus
3499 3169 3744 3225 converti-

2175 3265 2267 3330 sti,
2287 3271 2342 3318 et
2358 3269 2467 3319 tuae
2489 3264 2823 3334 cognitionis
2843 3264 2921 3318 eis
2941 3263 3233 3317 scientiam
3255 3262 3534 3323 tribuisti;
3562 3275 3742 3331 quaeso,

2175 3354 2430 3414 Domine,
2453 3366 2519 3408 ut
2536 3369 2713 3424 usque
2742 3353 2799 3406 in
2828 3354 2996 3406 finem
3020 3368 3217 3422 regere
3241 3369 3340 3406 eos
3370 3357 3428 3404 et
3450 3363 3748 3405 conservare

2175 3443 2439 3513 digneris,
2476 3448 2534 3496 et
2545 3442 2815 3497 auxilium
2835 3448 2995 3496 tuum
3017 3442 3175 3512 gregi
3196 3441 3334 3495 huic
3362 3440 3590 3511 optimo.
3605 3453 3748 3508 quem

2175 3533 2458 3603 possidere
2469 3532 3044 3602 voluisti.perpetuum
3055 3531 3464 3601 COpiosumquc
3475 3529 3750 3581 clementer

2174 3622 2499 3692 impertias;
2535 3627 2592 3674 et
2617 3621 2772 3691 quasi
2797 3637 2957 3674 muro
2987 3619 3335 3672 validissimo
3366 3635 3464 3672 eos
3481 3616 3657 3687 gratia
3671 3613 3753 3666 bo-

2175 3710 2368 3764 nitatis
2398 3717 2506 3764 tua:
2543 3709 2871 3772 circumdes,
2902 3715 2960 3762 et
2977 3725 3072 3762 cor
3091 3725 3291 3762 corum
3323 3724 3547 3778 semper
3573 3702 3753 3758 illumi-

2174 3815 2291 3862 nes,
2318 3805 2382 3853 ut
2409 3815 2477 3852 ea
2506 3816 2627 3870 quae
2655 3803 2788 3852 sunt
2820 3797 2922 3851 tibi
2963 3803 3000 3862 Ι
3017 3803 3140 3861 48
3167 3797 3380 3866 placita
3403 3794 3752 3868 perficientes,

2171 3894 2438 3942 aeternam
2463 3889 2633 3941 vitam
2663 3888 2948 3958 percipere
2977 3892 3344 3952 mereantur;
3387 3885 3528 3939 mihi
3555 3885 3754 3953 quoque

2171 3977 2556 4030 infirmissimo
2577 3976 2978 4030 adminiculum
3000 3975 3238 4036 tribuas,
3262 3991 3453 4046 neque
3475 3977 3687 4044 reputes
3703 3968 3752 4021 in

2173 4072 2462 4136 peccatum
2493 4066 2640 4136 quod
2674 4065 2744 4118 ab
2771 4065 2850 4118 eis
2879 4064 3078 4118 festino
3125 4063 3445 4118 discedere.
3494 4063 3576 4116 Tu
3623 4059 3752 4112 enim

2171 4155 2338 4221 nosti,
2371 4155 2760 4209 universorum
2790 4153 3062 4224 cognitor,
3098 4153 3245 4222 quod
3300 4159 3360 4206 te
3406 4152 3586 4206 solum
3629 4145 3755 4201 desi-

2169 4244 2322 4310 dero,
2352 4250 2410 4297 et
2427 4250 2483 4298 te
2513 4243 2650 4297 mihi
2681 4243 2982 4297 Dominum
3013 4259 3134 4295 esse
3163 4258 3468 4312 cognosco.
3503 4242 3756 4294 Consum-

2175 4339 2437 4404 mataque
2453 4334 2704 4387 oratione
2723 4331 3031 4396 discedens,
3045 4330 3214 4385 tertio
3229 4329 3590 4402 consignavit
3603 4326 3757 4379 vicum

492 4415 806 4472 matutinus
833 4422 1052 4470 mutata
1079 4425 1183 4472 est.
1211 4419 1595 4490 Aperiensque
1615 4436 1677 4474 os
1701 4437 1886 4485 suum,
1921 4420 2002 4474 ait
2020 4419 2090 4474 ad
2111 4413 2380 4476 DChristi
2407 4421 2724 4491 signaculo;
2749 4419 2996 4490 abiitque
3025 4419 3270 4472 latenter
3299 4419 3362 4472 in
3388 4418 3758 4473 aliumlocum.

494 4522 619 4560 eos:
655 4507 851 4560 Patres
873 4506 1004 4572 mei,
1035 4507 1238 4560 fratres
1267 4523 1332 4561 ac
1359 4507 1478 4572 filii,
1515 4509 1717 4574 venite,
1741 4509 1939 4563 demus
1961 4509 2084 4578 glo-

491 4595 636 4648 riam
657 4596 798 4661 Deo,
831 4595 928 4667 qui
957 4597 1276 4650 illuminare
1297 4595 1560 4666 dignatus
1579 4605 1663 4651 est
1681 4599 1870 4651 oculos
1880 4599 2086 4652 mentis

490 4689 707 4750 vestrae,
726 4691 790 4740 ut
803 4703 932 4740 eum
948 4686 1172 4758 possitis
1192 4702 1494 4756 agnoscere
1511 4705 1522 4745 ;
1543 4691 1600 4740 et
1617 4687 1886 4757 percipite
1906 4687 2090 4757 signa-

493 4773 682 4826 culum
703 4774 832 4829 vitae
851 4781 915 4829 ut
924 4775 1298 4846 purificemini
1325 4774 1396 4828 ab
1419 4774 2082 4829 immunditiaidolorum:

495 4866 553 4914 et
580 4862 788 4916 credite
818 4879 884 4916 ex
911 4870 1030 4918 toto
1057 4865 1224 4918 corde
1272 4869 1327 4917 et
1372 4864 1580 4929 animo,
1624 4864 1774 4934 quod
1821 4880 1966 4917 unus
2015 4864 2090 4918 sit

493 4947 645 5003 Deus
672 4951 794 5004 caeli
823 4956 882 5004 et
907 4957 1070 5007 terra:
1096 4959 1152 5007 et
1182 4953 1432 5007 omnium
1455 4969 1579 5023 quae
1607 4953 1663 5007 in
1693 4953 1775 5007 eis
1802 4959 1952 5018 sunt,
1968 4953 2088 5007 sine

493 5036 677 5104 initio,
709 5038 1100 5094 inenarrabilis
1127 5048 1184 5096 et
1210 5042 1802 5114 incomprehensibilis,
1825 5043 1988 5096 dator
2006 5043 2088 5096 lu-

493 5125 683 5194 minis,
713 5133 771 5182 et
795 5134 1016 5182 amator
1037 5146 1101 5183 ac
1138 5130 1460 5203 redemptor
1479 5132 1791 5198 hominum,
1821 5131 2087 5185 terribilis

493 5231 560 5269 ac
579 5217 797 5284 suavis;
829 5223 887 5272 et
914 5218 968 5271 in
1003 5218 1206 5272 Filium
1237 5222 1358 5290 ejus
1380 5221 1754 5292 unigenitum,
1773 5221 1866 5291 qui
1891 5225 1980 5274 est
2002 5237 2088 5274 sa-

491 5305 706 5376 pientia
732 5306 882 5376 ejus;
917 5312 973 5360 et
999 5307 1057 5360 in
1090 5307 1357 5378 Spiritum
1389 5317 1671 5377 sanctum,
1712 5309 1807 5380 qui
1849 5309 2089 5364 vivificat

492 5395 702 5460 omnia,
736 5401 801 5449 ut
825 5396 1078 5450 caelestes
1107 5412 1174 5450 ex
1194 5399 1434 5452 terrenis
1466 5399 1666 5465 effecti,
1700 5399 1871 5452 vitam
1919 5399 2088 5452 cmle-

491 5489 637 5540 stem
655 5484 880 5556 possitis
898 5484 1150 5555 adipisci.
1173 5485 1594 5556 Respondentes
1610 5493 1798 5542 autem
1820 5487 2084 5552 universi,

492 5573 778 5630 dixerunt:
806 5574 828 5631 Ι
833 5580 891 5630 ta
904 5580 1068 5650 pater
1077 5579 1284 5640 noster,
1301 5574 1382 5628 ita
1401 5574 1511 5630 dux
1526 5577 1882 5644 vitaznostrze,
1898 5593 2090 5648 quem-

2169 4516 2226 4564 et
2254 4510 2454 4581 quibus
2492 4510 2675 4581 potuit
2689 4508 2919 4563 latebris
2947 4507 3263 4562 occultavit.

2243 4600 2372 4653 CAP.
2405 4599 2470 4652 X.
2509 4629 2574 4639 —
2604 4599 2768 4652 Mane
2795 4603 2985 4651 autem
3014 4596 3179 4650 solito
3209 4609 3376 4650 more
3403 4596 3476 4650 ad
3491 4591 3764 4649 ecclesiam

2169 4687 2347 4742 turba:
2363 4687 2718 4742 conveniunt.
2737 4688 2992 4757 Cumque
3003 4702 3129 4740 eum
3147 4685 3392 4739 minime
3415 4684 3762 4755 reperissent.

2171 4777 2414 4830 maximo
2441 4782 2669 4847 stupore
2713 4775 2984 4846 percussi,
3033 4781 3091 4829 et
3134 4775 3298 4845 quasi
3333 4781 3601 4828 errantes
3635 4785 3766 4830 oves,

2169 4866 2401 4919 diversis
2431 4865 2565 4919 locis
2590 4871 2871 4936 pastorem
2895 4863 3186 4935 prOprium
3217 4863 3652 4934 perquirebant,
3685 4873 3768 4910 no-

2169 4971 2410 5024 menque
2434 4954 2718 5007 ululantes
2736 4953 3142 5024 cumlacrymis
3159 4952 3504 5006 inclamant.
3533 4951 3671 5005 Cum
3687 4961 3772 5000 au-

2170 5050 2285 5096 tem
2317 5031 2634 5096 diutissime
2659 5042 3035 5113 perquirendo
3065 5057 3195 5094 eum
3225 5041 3494 5094 invenire
3525 5055 3636 5093 non
3664 5051 3773 5107 pos-

2171 5138 2314 5196 sent,
2340 5132 2514 5186 nimio
2553 5147 2791 5184 maerore
2819 5129 3042 5201 dejecti,
3076 5129 3403 5197 confestim,
3434 5129 3590 5202 quod
3613 5126 3775 5180 eisac-

2169 5221 2402 5282 ciderat,
2436 5226 2732 5292 pergentes
2759 5220 3016 5290 episcopo
3045 5219 3484 5273 nuntiaverunt.
3521 5217 3634 5282 Qui
3662 5229 3774 5267 cum

2172 5310 2275 5363 hoc
2289 5309 2624 5380 agnovisset,
2639 5309 2757 5380 ipse
2770 5325 2992 5380 quoque
3009 5307 3316 5362 admodum
3333 5307 3525 5361 tristis
3539 5306 3774 5361 euectus.

2170 5399 2362 5452 statim
2383 5399 2656 5470 plurimos
2675 5399 2746 5452 ad
2771 5397 3170 5468 requirendum
3188 5395 3290 5451 Dei
3314 5396 3615 5451 hominem
3627 5389 3781 5446 desti—

2171 5488 2344 5553 navit,
2375 5489 2613 5542 maxime
2634 5489 2704 5542 ob
2723 5486 3158 5542 consolationem
3179 5485 3378 5555 gregis
3401 5487 3553 5555 ejus,
3567 5499 3632 5537 eo
3643 5477 3780 5553 quod

2171 5583 2430 5630 cerneret
2451 5594 2546 5632 eos
2577 5577 2838 5634 flebiliter
2857 5575 3192 5630 contristari.
3228 5574 3504 5645 Cumque
3550 5573 3622 5638 ab
3669 5585 3781 5623 om~
