4004 6196
316 315 425 374 2289

1354 312 1523 367 VITA
1561 314 1818 370 SANCTI
1854 311 2171 368 ABRAHE
2208 310 2565 366 EREMITAE.

2448 232 2477 254 α

3487 319 3592 378 290

312 440 482 494 nibus
511 446 783 511 tanquam
825 438 969 509 lapis
995 438 1434 509 pretiosissimus
1462 445 1826 511 quaereretur,
1858 438 2132 505 etAmei,
2168 438 2431 492 festinate
2477 439 2753 506 celeriter,
2804 445 2973 511 atque
3013 442 3382 510 introeuntes,
3416 446 3589 501 vitam

308 546 546 600 prorsus
567 528 806 583 inveniri
834 545 945 581 non
972 532 1177 597 posset,
1197 528 1386 582 habito
1416 529 1645 583 consilio
1669 547 1796 583 cum
1808 531 1913 584 cle-

303 618 443 671 ricis
470 618 606 684 suis,
631 612 925 687 epiSCOpus
956 621 1330 669 memoratum
1358 616 1543 670 vicum
1574 618 1906 687 ingreditur.

302 706 604 776 Cmpitque
633 706 703 759 ad
733 704 1273 758 cosconsolatorium
1292 705 1539 775 proferre
1570 723 1906 773 sermonem,

301 804 362 848 et
380 796 637 849 dolorem
655 794 983 855 maximum,
1000 810 1169 863 quem
1189 794 1258 846 de
1275 794 1523 848 discessu
1546 796 1786 850 hominis
1811 798 1907 852 Dei

294 889 697 955 conceperant,
743 882 950 936 blanda
996 882 1387 952 pmdiwtione
1433 884 1626 938 lenire.
1659 886 1907 941 Gemens

293 980 493 1027 autem
520 975 579 1026 in
626 974 733 1026 ﬁde
770 972 976 1027 Christi
1012 989 1106 1026 eos
1140 972 1512 1037 ﬁrmissimos,
1538 974 1706 1043 elegit
1735 992 1800 1028 ex
1825 976 1904 1029 eis

292 1063 447 1116 viros
476 1061 813 1133 probabiles,
834 1078 974 1132 quos
994 1062 1346 1132 presbyteros
1369 1080 1431 1115 ac
1453 1062 1717 1117 diaconos
1740 1065 1906 1118 lecto-

290 1168 504 1221 resque
537 1151 849 1205 constituit.
894 1150 1144 1204 Audiens
1191 1167 1321 1204 vero
1368 1151 1471 1203 hoc
1518 1151 1905 1207 sanctissimus

286 1239 605 1302 Abraham,
661 1240 1021 1295 vehementer
1057 1238 1284 1308 gavisus
1321 1246 1407 1293 est
1438 1258 1450 1306 ;
1496 1246 1553 1293 et
1585 1240 1905 1309 gloriﬁcans

282 1328 497 1395 Deum,
555 1329 692 1382 dixit
723 1347 733 1381 :
771 1328 915 1393 Quid
953 1327 1261 1399 retribuam
1311 1327 1433 1392 tibi,
1485 1327 1726 1382 Domine
1757 1330 1905 1385 Deus

283 1434 476 1479 meus,
501 1417 901 1488 benignissime
942 1418 1128 1482 Pater,
1174 1422 1343 1486 atque
1369 1422 1589 1470 amator
1610 1417 1902 1472 hominum

281 1507 648 1570 suavissime,
668 1523 766 1577 pro
793 1505 1054 1559 omnibus
1089 1522 1213 1574 qua:
1238 1504 1548 1558 retribuisti
1569 1506 1755 1559 mihi?
1785 1508 1895 1560 Ho-

280 1595 530 1647 noriﬁco
563 1600 621 1648 et
633 1594 880 1664 gloriﬁco
901 1593 1376 1663 dispensationem
1397 1598 1573 1647 tuam.
1597 1594 1754 1648 Tunc
1773 1611 1901 1648 con-

278 1683 449 1737 tinuo
476 1684 553 1737 ad
590 1683 885 1753 pristinam
915 1682 1172 1735 cellulam
1212 1682 1529 1738 revertitur.
1553 1683 1708 1736 Fecit
1726 1683 1900 1753 igitur

1994 530 2042 599 ej
2054 546 2117 582 us
2144 529 2416 582 violenter
2443 527 2662 598 eripite.
2686 530 2783 582 Ait
2813 535 3000 584 autem
3024 538 3221 587 contra
3235 551 3363 589 eum
3390 533 3590 591 beatus

1992 617 2298 671 Abraham:
2328 618 2536 671 Omnes
2562 624 2758 688 gentes
2791 619 3282 677 circumdederunt
3310 641 3419 690 me,
3441 631 3498 678 et
3527 626 3589 679 in

1993 707 2220 760 nomine
2241 706 2463 760 Domini
2484 706 2810 760 vindicabor
2828 708 2884 760 in
2906 708 2986 761 eis
3001 710 3171 775 (Psal.
3192 717 3377 779 cxvn).
3399 715 3474 767 At
3491 714 3587 768 ille

1991 796 2247 865 protinus
2284 812 2412 849 cum
2448 796 2594 848 hanc
2622 812 2811 849 vocem
2858 797 3123 863 audisset,
3168 802 3412 868 evanuit,
3447 803 3587 858 cella

1989 889 2179 937 autem
2204 883 2353 937 beati
2380 884 2484 937 viri
2509 885 2729 954 integra
2758 891 2925 956 atque
2956 886 3132 941 illaesa
3148 891 3473 959 permansit.

2060 974 2188 1026 ΟΜ).
2222 975 2367 1027 XIV.
2402 1001 2463 1011 ν-
2502 974 2640 1028 Item
2676 980 2802 1044 post
2831 991 3037 1045 paucos
3082 976 3201 1030 dies
3229 996 3356 1033 cum
3400 981 3586 1036 media

1987 1067 2150 1115 nocte
2178 1064 2461 1132 psalleret,
2494 1063 2801 1133 psiathium
2830 1080 3018 1130 suum,
3067 1083 3235 1137 super
3264 1070 3411 1138 quod
3447 1087 3580 1124 con-

1988 1149 2238 1216 sistebat,
2272 1152 2441 1222 caepit
2468 1152 2769 1205 vehemens
2798 1154 3026 1206 ﬂamma
3057 1155 3402 1212 comburere.
3427 1160 3582 1213 Tunc

1987 1237 2081 1291 ille
2120 1238 2430 1309 intrepidus
2468 1239 2657 1309 ignem
2696 1241 3048 1307 conculcans,
3109 1241 3363 1297 dicebat.
3402 1246 3582 1316 Super

1986 1326 2236 1396 aspidem
2268 1333 2324 1381 et
2344 1328 2601 1397 regulum
2623 1328 2939 1393 ambulabo,
2965 1330 3184 1384 leonem
3207 1337 3264 1385 et
3282 1332 3581 1389 draconem

1985 1415 2319 1469 conculcabo
2355 1419 2516 1485 (Psal.
2549 1419 2674 1487 xc);
2706 1422 2761 1471 et
2791 1434 3015 1471 omnem
3045 1419 3312 1473 virtutem
3341 1420 3577 1488 inimici,

1983 1501 2043 1555 in
2063 1505 2289 1558 nomine
2306 1505 2528 1559 Domini
2546 1505 2654 1558 mei
2675 1506 2807 1559 Jesu
2831 1506 3059 1572 Christi,
3085 1508 3180 1578 qui
3211 1509 3351 1563 mihi
3371 1511 3582 1580 praebet

1982 1592 2270 1659 auxilium,
2291 1593 2586 1664 superabo.
2606 1594 2915 1664 Diffugiens
2943 1596 3135 1667 itaque
3165 1598 3422 1663 Satanas,
3445 1617 3579 1654 voce

1981 1696 2186 1750 magna
2216 1681 2627 1751 proclamabat:
2661 1683 2775 1753 Ego
2808 1688 2881 1749 te,
2906 1683 3184 1754 inquiens,
3218 1687 3367 1740 mala
3396 1695 3577 1743 morte

277 1773 534 1827 alteram
561 1773 906 1826 extrinsecus
928 1772 1208 1835 cellulam,
1228 1777 1285 1825 et
1309 1772 1674 1842 semetipsum
1695 1789 1901 1842 magna
1917 1759 1963 1818 Β
1981 1768 2291 1835 deVincam,
2322 1770 2716 1842 inveniamque
2744 1778 2913 1837 artes,
2939 1773 3140 1843 quibus
3182 1779 3237 1828 te
3267 1782 3576 1847 conteram,

275 1879 411 1916 cum
433 1861 705 1915 leetitiain
726 1861 994 1915 interiore
1012 1860 1301 1915 conclusit.
1323 1861 1368 1915 Ο
1399 1861 1751 1927 miraculum,
1775 1862 1900 1915 cha.
1983 1858 2078 1927 qui
2106 1875 2195 1912 me
2221 1876 2369 1913 nunc
2388 1859 2547 1930 quasi
2568 1860 3044 1929 contemptibilem
3074 1869 3321 1934 reputas.

270 1951 519 2015 rissimi,
552 1950 812 2004 laudibus
843 1950 1070 2020 plenum
1102 1955 1160 2003 et
1184 1949 1378 2019 gloriae
1413 1951 1798 2021 sempiternis!
1832 1952 1897 2005 In
2054 1948 2183 2001 CAP.
2210 1950 2322 2002 XV.
2349 1981 2413 1988 —
2437 1950 2690 2013 Quadam
2715 1950 2992 2021 dieigitur
3006 1952 3189 2007 cibum
3215 1971 3280 2009 eo
3293 1964 3569 2026 sumente,

269 2041 455 2094 tantis
503 2056 748 2110 namque
805 2038 1222 2105 afﬂictionibus,
1270 2056 1407 2109 quas
1456 2039 1515 2092 in
1559 2058 1704 2111 saepe
1746 2040 1893 2094 dicto

268 2130 393 2183 vico
425 2146 730 2199 perpessus
761 2139 864 2193 est,
898 2144 1186 2198 nunquam
1216 2127 1566 2183 abstinentiae
1592 2146 1707 2183 suae
1734 2145 1895 2196 regu-

265 2220 385 2272 lam
419 2219 611 2289 fregit,
646 2234 827 2288 neque
869 2217 926 2270 in
962 2218 1247 2270 dexteram
1277 2218 1361 2270 vel
1399 2217 1684 2271 sinistram
1726 2218 1795 2271 ab
1827 2235 1893 2272 ea

265 2308 528 2361 divertit.
562 2307 755 2361 Gloria
784 2313 840 2360 et
878 2306 1293 2376 magniﬁcentia
1325 2306 1458 2371 Deo,
1509 2309 1602 2377 qui
1636 2308 1887 2361 ei'talem

265 2397 640 2451 tolerantiam
684 2395 901 2460 tribuit,
935 2412 1043 2465 qua
1082 2401 1139 2449 et
1174 2394 1310 2448 alios
1339 2395 1515 2466 possit
1543 2404 1884 2462 convertere,

264 2492 326 2539 et
353 2490 445 2539 sui
479 2484 753 2555 propositi
782 2484 1023 2554 gratiam
1053 2483 1353 2541 custodire.

339 2575 479 2627 CAP.
514 2574 611 2627 XI.
660 2606 724 2615 -ι
765 2574 1013 2626 Ccrnens
1064 2578 1251 2626 autem
1309 2572 1578 2636 diabolus,
1614 2573 1885 2628 bonorum

262 2664 566 2717 hominum
583 2663 837 2728 mmulus,
856 2662 1003 2733 quod
1024 2667 1208 2716 tantas
1232 2661 1286 2714 in
1306 2679 1435 2715 eum
1453 2662 1883 2716 tribulationum

262 2752 565 2806 molestias
594 2752 860 2815 excitans,
910 2768 1021 2805 non
1062 2751 1121 2804 in
1165 2751 1439 2811 desidiam
1467 2751 1569 2805 Dei
1597 2752 1881 2806 hominem

260 2842 520 2907 trahere,
554 2858 667 2895 non
719 2841 777 2895 in
825 2841 1012 2911 aliquo
1057 2846 1302 2894 mentem
1335 2840 1438 2893 viri
1484 2840 1587 2895 Dei
1615 2841 1883 2894 valuisset

258 2949 295 2985 a
336 2931 589 2985 Domino
618 2947 881 3001 separare
910 2948 922 2997 ;
957 2936 1031 2994 et,
1077 2930 1227 3000 quod
1256 2931 1441 3000 majus
1478 2935 1579 2995 est,
1616 2930 1761 2983 sicut
1788 2946 1884 2983 au-

256 3037 399 3073 rum
424 3020 483 3073 in
512 3020 736 3073 fornace
757 3019 1033 3090 pressuris
1049 3018 1352 3088 fulgentior
1370 3018 1699 3072 redderetur
1713 3024 1881 3088 atque

1976 2038 2412 2107 transﬁguratus
2422 2039 2638 2093 daemon
2649 2039 2707 2093 in
2719 2038 2911 2094 habitu
2923 2038 3575 2109 adolescentis,cellularﬁ

1977 2127 2098 2195 ejus
2147 2126 2477 2196 ingreditur,
2513 2133 2570 2182 et
2605 2129 3078 2199 appropinquans,
3120 2137 3301 2197 I49
3337 2150 3572 2190 caucam

1975 2215 2098 2284 ejus
2128 2215 2414 2270 nitebatur
2442 2222 2708 2271 evertere.
2746 2218 2846 2270 Vir
2870 2224 3059 2272 autem
3098 2220 3197 2274 Dei
3228 2239 3397 2276 manu
3428 2224 3570 2279 illud

1975 2304 2243 2370 retinens,
2262 2305 2631 2360 manducabat
2652 2306 2985 2377 intrepidus.
3001 2309 3156 2363 Tunc
3170 2311 3428 2366 exsiliens
3452 2313 3570 2368 dia-

1974 2392 2150 2458 bolus,
2182 2394 2351 2447 aliam
2376 2395 2734 2465 phantasiam
2763 2402 2993 2467 repente
3022 2399 3323 2469 conﬁngit;
3361 2408 3419 2455 et
3439 2419 3566 2457 ecce

1969 2483 2128 2552 quasi
2158 2482 2556 2537 candelabrum
2585 2490 2837 2538 statuens
2866 2491 2995 2540 ante
3019 2502 3169 2552 eum,
3196 2494 3253 2542 et
3280 2489 3565 2546 lucernam

1969 2570 2211 2642 desuper
2247 2571 2559 2637 ardentem,
2596 2590 2692 2626 ore
2740 2575 2952 2644 polluto
3002 2592 3066 2629 ac
3115 2576 3287 2631 fetido
3319 2580 3564 2649 psalmos

1967 2660 2231 2714 cantabat
2253 2678 2379 2714 voce
2401 2678 2635 2731 magna:
2667 2662 2845 2729 Beati,
2865 2663 3146 2733 inquiens,
3181 2665 3238 2717 in
3257 2666 3347 2719 via
3368 2667 3563 2722 imma-

1965 2749 2155 2814 culati,
2199 2750 2295 2820 qui
2324 2750 2618 2804 ambulant
2654 2751 2713 2805 in
2756 2752 2877 2821 lege
2916 2753 3139 2806 Domini
3165 2755 3336 2823 (Psal.
3382 2756 3554 2827 cxvi).

1965 2838 2217 2908 Cumque
2242 2855 2307 2892 ex
2334 2839 2531 2893 eodem
2560 2839 2776 2911 psalmo
2797 2840 2964 2894 verba
2982 2842 3224 2912 plurima
3250 2844 3558 2913 cecinisset,

1965 2927 2183 2980 nullum
2210 2927 2261 2981 ei
2277 2944 2595 2982 sermonem
2611 2934 2840 2983 sanctus
2857 2930 2950 2983 ille
2967 2932 3272 3001 respondit,
3290 2933 3469 2988 donec
3489 2935 3563 2989 ci-

1962 3014 2097 3068 bum
2128 3015 2353 3069 solitum
2382 3016 2739 3087 percepisset.
2773 3017 3079 3089 Postquam
3108 3037 3238 3074 vero
3268 3022 3337 3076 de
3365 3039 3562 3077 mensa

252 3109 317 3162 in
363 3110 643 3179 majorem
682 3108 1011 3179 patientiam
1067 3113 1125 3162 et
1178 3107 1525 3161 alacritatem
1590 3104 2222 3176 charitatiscsurrexit,
2274 3121 2402 3158 cum
2430 3105 2583 3160 omni
2629 3107 2943 3160 constantia
2973 3109 3053 3163 ait
3081 3109 3152 3162 ad
3180 3126 3343 3163 eum:
3391 3113 3559 3167 Canis

253 3199 568 3268 proﬁceret
584 3239 597 3261 ,
618 3198 978 3251 vehementer
992 3196 1247 3250 irritatus
1276 3201 1335 3250 et
1362 3196 1567 3250 acriter
1590 3197 1871 3261 efferatus,

250 3268 538 3341 adversus
558 3303 689 3340 eum
719 3304 846 3340 cum
880 3303 1085 3356 magna
1115 3286 1414 3357 phantasia
1464 3284 1575 3353 (1‘2)
1627 3285 1872 3351 advenit,

251 3382 323 3429 ut
356 3376 565 3431 saltem
595 3375 674 3429 sic
713 3375 763 3429 ei
802 3390 1064 3447 pavorem
1109 3375 1408 3441 incutiens,
1461 3373 1717 3445 decipere
1746 3389 1875 3427 eum

252 3472 463 3536 posset
485 3481 551 3518 ac
581 3464 793 3518 fallere.

335 3555 478 3609 CAP.
511 3553 634 3607 XII.
666 3586 731 3596 —
756 3554 936 3623 Igitur
954 3570 1080 3606 cum
1104 3558 1282 3606 staret
1310 3552 1367 3605 in
1392 3551 1576 3605 medio
1602 3551 1781 3605 noctis
1813 3568 1876 3604 ac

253 3643 556 3714 psalleret,
591 3646 821 3713 repente
850 3643 946 3695 lux
986 3641 1228 3712 c0piosa,
1263 3641 1433 3694 veluti
1462 3640 1611 3704 solis,
1644 3640 1702 3693 in
1740 3640 1880 3693 cella

255 3735 309 3803 ej
319 3749 398 3787 us
421 3731 656 3798 refulsit,
676 3738 733 3785 et
750 3749 850 3786 vox
871 3732 1031 3803 quasi
1052 3730 1343 3801 cujusdam
1370 3730 1747 3784 multitudinis
1782 3747 1878 3784 au-

254 3823 393 3876 dita
409 3826 514 3888 est,
546 3821 764 3875 dicens:
795 3822 1001 3875 Beatus
1022 3838 1099 3887 es,
1131 3819 1570 3885 Abraham,vere
1600 3818 1798 3873 beatus
1815 3836 1874 3874 es

255 3916 322 3965 et
352 3910 557 3976 ﬁdelis,
587 3911 885 3981 nullusque
914 3910 1062 3964 sicut
1085 3914 1150 3963 tu
1186 3909 1245 3962 in
1274 3908 1426 3962 omni
1456 3908 1875 3962 conversatione

258 4000 534 4054 inventus
571 4005 673 4063 est,
706 3999 802 4069 qui
851 4014 1044 4052 omnes
1072 3997 1390 4052 voluntates
1436 4013 1591 4050 meas
1619 3996 1870 4067 explesti.

254 4089 537 4143 Protinus
564 4094 754 4141 autem
781 4088 867 4140 vir
903 4091 1128 4141 sanctus
1158 4086 1351 4139 dolum
1406 4085 1637 4156 maligni
1668 4101 1875 4155 cogno-

256 4195 449 4241 scens,
486 4177 749 4231 exaltavit
782 4193 971 4230 vocem
1001 4192 1179 4241 suam,
1216 4191 1280 4228 ac
1325 4174 1500 4228 dixit:
1545 4173 1868 4229 Obscuritas

1959 3192 2249 3246 immunde
2279 3198 2336 3246 et
2362 3199 2451 3247 ter
2495 3193 2830 3257 miserande,
2878 3200 3047 3267 atque
3092 3197 3474 3254 inﬁrmissime
3502 3206 3561 3255 et

1958 3281 2404 3348 mendacissime,
2431 3282 2476 3336 si
2505 3283 2661 3336 hosti
2688 3284 2835 3354 quod
2863 3283 3010 3338 beati
3032 3291 3311 3352 sunt,cur
3337 3288 3417 3342 eis
3441 3306 3559 3344 mo-

1957 3371 2133 3424 lestus
2162 3371 2264 3424 es?
2290 3371 2435 3425 Nam
2453 3370 2599 3424 beati
2630 3379 2763 3425 sunt
2778 3388 2972 3426 revera
2997 3390 3211 3441 omnes,
3235 3376 3330 3446 qui
3352 3394 3417 3430 cx
3437 3383 3556 3432 toto

1959 3460 2124 3514 corde
2152 3460 2393 3529 diligunt
2421 3461 2619 3514 Deum.
2653 3462 3016 3531 Respondeas
3055 3469 3245 3518 autem
3276 3465 3555 3535 diabolus,

1961 3549 2067 3603 ait:
2088 3548 2298 3602 Idcirco
2321 3548 2430 3602 illis
2451 3549 2686 3603 infestus
2706 3567 2852 3614 sum,
2883 3556 2948 3604 ut
2965 3567 3225 3621 superem
3255 3569 3369 3617 eos,
3391 3560 3457 3608 ut
3485 3555 3556 3610 ab

1961 3637 2114 3692 omni
2143 3654 2312 3708 opere
2362 3637 2507 3692 bono
2546 3638 2856 3710 praepediti,
2904 3639 3045 3693 meis
3081 3640 3423 3697 facinoribus
3463 3660 3555 3699 so-

1959 3727 2193 3781 cientur.
2214 3726 2316 3781 Cui
2335 3726 2421 3779 vir
2436 3726 2632 3781 beatus
2658 3727 2739 3781 ita
2767 3728 3091 3799 respondit:
3126 3731 3253 3784 Non
3282 3729 3383 3785 tibi
3412 3731 3555 3788 bene

1959 3815 2032 3869 sit
2052 3815 2364 3881 maledicte,
2395 3820 2460 3869 ut
2488 3816 2809 3887 quempiam
2836 3817 3158 3872 timentium
3187 3819 3365 3873 Deum
3395 3838 3557 3894 supe-

1959 3921 2087 3958 rare
2104 3904 2187 3958 vel
2220 3904 2495 3975 impedire
2522 3906 2845 3976 praevaleas,
2890 3906 3001 3960 nisi
3018 3907 3175 3962 forte
3204 3925 3300 3963 eos
3333 3909 3429 3980 qui
3452 3909 3556 3965 tibi

1958 3995 2171 4048 similes
2194 3995 2495 4049 existentes
2512 4012 2545 4049 a
2566 3996 2681 4049 Deo
2692 3996 2924 4067 propria
2936 3997 3220 4052 voluntate
3236 3998 3552 4054 discedunt.

1957 4084 2088 4138 Illos
2104 4083 2278 4138 vincis
2315 4100 2379 4137 ac
2404 4084 2571 4148 fallis,
2590 4084 2854 4155 quoniam
2874 4086 3024 4140 Deus
3042 4103 3154 4140 non
3167 4093 3253 4141 est
3268 4087 3328 4141 in
3340 4087 3441 4141 eis.
3467 4088 3555 4144 Ab

1956 4173 2044 4226 his
2078 4178 2269 4227 autem
2316 4172 2411 4243 qui
2457 4172 2704 4243 diligunt
2732 4174 2934 4240 Deum,
2985 4180 3258 4246 tanquam
3307 4176 3555 4233 fumusa

256 4274 371 4321 tua
413 4272 601 4320 tecum
625 4267 700 4320 sit
735 4266 793 4320 in
831 4265 1222 4337 perditionem,
1256 4280 1289 4317 o
1338 4264 1501 4334 plene
1543 4263 1671 4316 dolo
1702 4267 1869 4332 atque
1952 4267 2137 4324 vento,
2170 4262 2476 4316 exhalescis
2505 4278 2569 4315 ac
2606 4261 2814 4316 deﬁcis.
2863 4262 2988 4317 Una
3032 4263 3313 4333 siquidem
3358 4282 3554 4320 eorum

253 4356 507 4409 fallacia.
550 4355 665 4425 Ego
695 4354 844 4408 enim
874 4355 1041 4408 homo
1067 4358 1326 4423 peccator
1363 4368 1509 4415 sum,
1540 4350 1753 4405 habens
1778 4356 1868 4403 ta-
1952 4350 2134 4404 oratio
2146 4350 2226 4405 sic
2245 4356 2300 4404 te
2320 4350 2675 4421 persequitur
2702 4366 2766 4403 ac
2790 4349 3554 4421 deturbat,quemadmodum

255 4460 399 4497 men
428 4443 548 4514 spei
586 4443 861 4514 praesidia,
904 4459 1005 4513 per
1045 4441 1288 4512 gratiam
1321 4440 1421 4494 Dei
1458 4440 1518 4493 in
1563 4440 1716 4493 nullo
1747 4434 2135 4511 tuastulvis
2162 4456 2196 4492 a
2227 4445 2391 4493 vento
2431 4439 2738 4493 insectatus
2775 4438 3134 4511 dispergitur.
3184 4440 3334 4495 Vivit
3360 4446 3552 4497 autem

251 4527 1873 4602 insidiaspertimescam.Nequeenimplurimzephantasize
1956 4529 2104 4582 Deus
2135 4544 2311 4595 meus,
2346 4528 2441 4598 qui
2489 4534 2574 4582 est
2620 4528 2947 4583 benedictus
2995 4529 3053 4583 in
3090 4530 3309 4596 saecula,
3341 4531 3438 4601 qui
3466 4538 3551 4587 est

253 4638 534 4694 pavorem
565 4621 703 4675 mihi
746 4620 1044 4675 incutiunt.
1086 4620 1303 4674 Nomen
1331 4617 1610 4688 siquidem
1649 4616 1873 4670 Domini
1952 4617 2212 4687 gloriatio
2241 4633 2387 4683 mea,
2435 4617 2569 4689 quia
2598 4634 2710 4672 non
2762 4624 2818 4672 te
2847 4618 3259 4690 pertimescam,
3301 4619 3474 4673 etiam
3503 4620 3551 4676 si

254 4710 377 4765 mei
408 4716 468 4764 et
497 4710 798 4764 Salvatoris
823 4711 852 4763 J
857 4726 955 4764 esu
973 4707 1199 4772 Christi,
1216 4723 1383 4778 quem
1403 4705 1570 4760 dilexi
1597 4711 1654 4759 et
1676 4705 1868 4775 diligo,

253 4799 404 4854 mihi
433 4798 811 4853 validissimus
840 4814 1034 4852 murus
1064 4802 1170 4860 est,
1197 4796 1257 4851 in
1284 4812 1394 4866 quo
1423 4801 1479 4849 te
1503 4794 1747 4865 increpo,
1770 4793 1874 4847 im-

254 4888 477 4942 munde
502 4888 677 4953 canis,
710 4905 775 4942 ac
819 4894 906 4941 ter
932 4884 1267 4940 miserande.
1302 4885 1370 4939 Et
1395 4884 1615 4938 dicente
1639 4900 1704 4937 eo
1734 4883 1867 4949 haec,

254 4977 557 5032 confestim
593 4985 658 5031 ut
684 4977 873 5031 fumus
901 4975 972 5030 ab
1001 4974 1177 5030 oculis
1207 4975 1327 5043 ejus
1357 4973 1600 5027 evanuit.
1633 4973 1871 5027 Sanctus

255 5074 455 5121 autem
486 5066 586 5121 Dei
614 5066 858 5119 famulus
901 5082 1026 5119 cum
1070 5064 1250 5117 multa
1276 5062 1565 5116 alacritate
1594 5061 1866 5132 tranquil-

253 5157 429 5227 loque
460 5156 650 5209 animo
679 5152 1043 5209 benedicebat
1070 5152 1393 5217 Dominum,
1428 5151 1585 5221 quasi
1615 5151 1709 5221 qui
1749 5150 1870 5204 nul-

256 5244 371 5298 lam
405 5244 765 5315 phantasiam
784 5241 1030 5297 vidisset.

331 5334 627 5388 CARXIII.
651 5364 714 5372 —-
745 5334 962 5387 Rursus
992 5345 1124 5385 vero
1148 5334 1277 5400 post
1296 5328 1416 5382 dies
1444 5344 1649 5399 paucos
1666 5331 1864 5382 orante

253 5440 324 5475 eo
340 5429 538 5487 noctu,
571 5428 769 5476 tenens
796 5420 1038 5475 securim
1054 5417 1328 5482 diabolus,
1351 5417 1606 5471 cellulam
1631 5417 1754 5486 ejus
1777 5432 1865 5470 co-

254 5510 505 5564 nabatur
532 5518 799 5565 evertere.
836 5510 906 5564 Et
928 5524 1056 5563 cum
1081 5507 1201 5577 jam
1228 5511 1523 5578 putaretur
1554 5505 1864 5576 perforasse

254 5615 406 5666 am,
438 5616 573 5654 voce
600 5593 804 5671 magna
832 5597 1094 5654 clamavit
1118 5601 1175 5650 et
1188 5595 1352 5650 dixit:
1376 5594 1675 5662 Festinate,
1700 5593 1865 5650 amici

1955 4706 2109 4758 omni
2138 4714 2392 4778 tempore
2414 4706 2503 4760 hic
2531 4707 2871 4761 constiteris.
2896 4707 2986 4761 Sic
3013 4713 3201 4762 autem
3242 4725 3343 4778 pro
3373 4709 3549 4766 nihilo

1955 4799 2011 4848 te
2040 4811 2324 4865 spernam.
2353 4794 2525 4849 veluti
2550 4795 2597 4848 si
2623 4811 2768 4849 unus
2797 4795 3016 4849 catulus
3045 4795 3319 4850 contritus
3350 4797 3419 4851 ab
3447 4798 3550 4851 ali-

1955 4901 2065 4955 quo
2085 4889 2495 4939 contemnatur.
2515 4884 2646 4938 Haec
2670 4900 2734 4937 eo
2764 4882 3005 4949 dicente,
3031 4884 3322 4940 confestim
3348 4886 3443 4940 ille
3466 4889 3552 4956 (ut

1953 4972 2188 5035 solebat)
2221 4973 2464 5028 evanuit.

2025 5063 2155 5117 CAP.
2190 5063 2334 5117 XVI.
2366 5091 2430 5101 -—-
2457 5062 2673 5115 Rursus
2692 5066 2818 5133 post
2830 5061 2950 5115 dies
2963 5061 3231 5134 quinque,
3250 5081 3378 5119 cum
3399 5066 3549 5137 psal-

1952 5150 2199 5205 modiam
2229 5167 2390 5205 suam
2414 5150 2592 5204 noctis
2622 5155 2874 5221 tempore
2904 5161 3369 5221 consummasset,
3398 5155 3551 5211 aliud

1951 5239 2259 5310 phantasiae
2286 5244 2685 5310 argumentum
2706 5238 2776 5292 ab
2801 5238 3027 5294 inimico
3048 5242 3551 5313 conﬁngitur.Ecce

1951 5327 2101 5382 enim
2131 5327 2291 5399 quasi
2317 5326 2487 5383 turba
2512 5328 2758 5398 plurima
2785 5328 3036 5383 cernitur
3055 5331 3363 5401 advenisse;
3388 5339 3446 5387 et
3461 5350 3549 5387 ve-

1944 5418 2031 5471 lut
2058 5417 2344 5471 trahentes
2383 5416 2639 5481 invicem,
2686 5433 2814 5471 cum
2863 5417 3203 5473 clamoribus
3240 5437 3299 5474 se
3348 5425 3544 5475 mutuo

1945 5506 2329 5570 cohortantur,
2380 5511 2445 5559 ut
2472 5505 2641 5559 homo
2670 5504 2771 5559 Dei
2821 5504 2880 5559 in
2911 5505 3126 5560 foveam
3155 5508 3541 5579 projiceretur.

1946 5593 2097 5657 Quos
2112 5592 2565 5666 circumspiciens
2584 5594 2668 5648 vir
2684 5594 2899 5648 beatus:
2920 5595 3420 5650 Circumdederunt
3428 5610 3543 5665 me,
