4004 6196
468 274 576 332 295
699 295 704 301 '
1483 279 1578 333 DE
1614 279 1804 335 VITIS
1839 281 2135 337 PATRUM
2171 282 2386 338 LIBER
2420 279 2712 336 PRIMUS.
3641 273 3744 337 296

548 405 730 466 [52
753 398 904 454 Licet
923 405 1056 452 ante
1087 399 1192 453 hoc
1219 415 1359 470 opus
1387 418 1490 473 ego
1516 419 1630 458 non
1657 406 2110 476 praesumpserim
2137 407 2388 478 aggredi,
2420 411 2644 477 putans,
2678 408 2743 457 ut
2771 404 2890 474 ipse
2913 403 3080 468 nosti,
3113 403 3185 459 ab
3214 405 3327 460 alio
3351 405 3474 475 jam
3503 405 3738 458 transla-

464 495 608 554 tum,
636 489 693 543 in
718 505 828 560 quo
856 488 1056 542 merito
1085 487 1202 558 ipse
1234 506 1324 544 me
1345 493 1698 563 reprehendi.
1723 495 2128 565 Nunquidnam
2155 496 2289 566 quia
2317 495 2666 566 Scripturam
2691 509 2910 547 sacram
2937 493 3168 563 quidam
3198 493 3557 564 interpretati
3589 497 3736 558 sunt,

467 578 673 632 idcirco
705 577 1038 648 posteriores
1059 577 1395 648 interpretes
1422 581 1566 634 hanc
1598 583 1782 636 minus
1819 583 2173 660 interpretati
2219 585 2390 638 sunt?
2422 584 2480 638 Si
2518 583 2622 636 hoc
2650 587 2816 646 esset,
2851 582 3109 636 eamdem
3138 599 3355 636 sacram
3389 583 3737 652 Scripturam

466 667 740 722 Latinitas
769 683 834 720 ex
865 665 984 736 ipso
1012 665 1288 720 Hebraico
1316 668 1469 724 fonte
1497 687 1597 741 per
1622 670 1851 726 beatum
1883 673 2290 746 Hieronymum
2320 671 2578 727 Ecclesiae
2607 671 2874 726 Romanae
2899 670 3295 742 presbyterum
3322 671 3418 741 (4),
3450 675 3509 724 et
3543 669 3742 724 divina

467 753 823 809 Bibliothecae
849 755 1144 821 cultorem,
1176 756 1448 811 hactenus
1486 775 1598 813 non
1627 760 1924 814 hausisset.

534 845 745 898 Verum
773 844 1074 915 diligenter
1105 845 1413 916 inquirens,
1449 847 1592 900 nihil
1629 849 1899 920 scriptum
1928 850 1996 904 de
2030 849 2152 904 Vita
2191 851 2358 920 hujus
2401 849 2580 904 sancti
2612 849 2762 920 apud
2794 847 3023 902 Latinos
3051 847 3260 911 inveni,
3292 847 3400 901 nisi
3430 848 3542 902 duo
3567 847 3743 900 mira-

465 933 718 987 culorum
749 935 872 1003 ejus
901 932 992 1002 (8),
1025 933 1084 986 id
1107 939 1210 998 est,
1245 935 1314 988 de
1335 951 1510 1006 puero
1538 937 1747 991 Christi
1794 943 2060 1009 negatore
2101 939 2355 1003 liberato,
2403 941 2462 992 et
2498 938 2733 992 muliere
2779 954 2813 990 a
2839 937 3080 1008 peccatis
3109 943 3340 1008 erepta;
3373 953 3498 1008 quae
3541 942 3738 990 tamen

464 1023 603 1076 adeo
633 1023 935 1094 depravata
962 1023 1164 1094 reperi,
1201 1029 1266 1078 ut
1294 1041 1487 1078 rursus
1520 1042 1587 1078 ea
1615 1027 1972 1098 interpretari
2003 1044 2172 1098 quam
2203 1027 2504 1080 emendare
2534 1027 2878 1081 maluissem.

539 1113 686 1166 Sane
713 1111 1025 1166 notandum
1053 1117 1157 1178 est,
1191 1113 1323 1183 quia
1350 1130 1478 1167 cum
1506 1115 1734 1184 quidam
1764 1117 1960 1186 legunt
1987 1117 2045 1170 in
2067 1116 2153 1169 his
2171 1115 2402 1170 Actibus
2431 1133 2553 1186 quae
2573 1121 2800 1169 sanctus
2835 1114 3244 1186 Amphilochius
3263 1115 3503 1186 scripsit,
3529 1115 3745 1169 discre-

467 1218 632 1273 passe
690 1206 990 1255 autumant
1043 1200 1112 1254 ab
1161 1201 1249 1254 his
1298 1219 1421 1272 quae
1473 1210 1702 1259 sanctus
1729 1205 2034 1276 Gregorius
2087 1204 2472 1258 Nazianzenus
2501 1204 2559 1258 in
2598 1203 2885 1279 epitaphio
2907 1202 2990 1272 (6)
3019 1204 3188 1274 hujus
3227 1204 3418 1276 magni
3445 1203 3552 1257 viri
3585 1220 3744 1258 com-

465 1295 761 1355 memorat,
819 1307 948 1344 cum
999 1290 1142 1344 alter
1169 1289 1310 1344 forte
1340 1292 1584 1346 tacuerit
1609 1295 1758 1365 quod
1787 1295 1932 1348 alter
1972 1311 2087 1348 non
2139 1293 2334 1352 tacuit.
2376 1293 2623 1364 idipsum
2669 1291 2830 1346 nobis
2869 1292 3017 1346 inter
3043 1293 3427 1364 Evangelistas
3455 1291 3749 1364 reperien-

466 1378 636 1434 tibus.
670 1378 988 1433 Praesertim
1021 1395 1148 1432 cum
1178 1385 1236 1434 et
1263 1379 1412 1434 idem
1447 1382 1887 1452 Amphilochius,
1922 1383 2017 1454 qui
2055 1398 2224 1453 super
2250 1383 2395 1436 tanti
2421 1382 2527 1436 viri
2553 1381 2669 1436 vita
2693 1381 3038 1452 scripserint,
3076 1382 3194 1436 hac
3223 1383 3583 1454 expositurus
3613 1387 3747 1452 apte

470 1468 748 1538 designet.

1891 1522 1924 1539 θ

1431 1661 2094 1834 ἶβιοσιοᾳιω
2171 1665 2792 1801 alitteris.

538 1886 886 1952 Charissimi,
919 1904 1032 1942 non
1062 1887 1458 1941 inconveniens
1489 1890 1630 1951 erat,
1661 1886 1758 1940 sed
1773 1887 2014 1956 justum,
2047 1885 2275 1940 devotos
2301 1886 2446 1940 ﬁlios
2467 1902 2636 1957 super
2659 1885 2814 1940 obitu
2845 1885 3028 1956 patrio
3059 1885 3400 1950 contristari,
3431 1889 3490 1938 et
3515 1883 3570 1938 ei
3599 1884 3751 1939 dona

463 1978 842 2047 lacrymarum
872 1976 1092 2040 oil'erre,
1125 1975 1273 2046 quod
1303 1975 1576 2029 hactenus
1601 1975 2006 2045 compatienter
2024 1976 2262 2046 egimus.
2295 1977 2370 2030 At
2396 1992 2527 2030 vero
2555 1981 2854 2046 postquam
2883 1976 3068 2029 luctus
3097 1973 3400 2040 turbinem,
3435 1974 3750 2028 secundum

477 2065 626 2136 quod
657 2065 924 2135 scriptum
959 2069 1063 2130 est,
1087 2063 1468 2135 deposuimus,
1498 2062 1573 2130 ad
1605 2063 1923 2132 gratiﬁcam
1969 2065 2438 2134 supplicationem
2468 2065 2720 2118 omnium
2745 2063 2984 2118 Domino
3015 2063 3238 2118 Christo
3275 2063 3391 2118 Deo
3439 2068 3636 2116 nostro
3667 2079 3750 2116 re-

470 2154 822 2226 pendendam
851 2141 1118 2208 commoti
1139 2171 1364 2220 sumus;
1396 2169 1580 2223 operae
1613 2152 1858 2223 pretium
1883 2153 2180 2218 duxi,'tam
2203 2153 2627 2208 memorabilem
2653 2154 2858 2216 Vitam,
2893 2170 3064 2224 quam
3092 2170 3224 2206 vera
3253 2151 3528 2206 miracula
3559 2159 3748 2222 pasto-

463 2243 542 2296 ris
591 2247 647 2296 et
693 2241 948 2312 magistri
978 2241 1156 2296 nostri
1195 2241 1404 2307 Basilii,
1450 2257 1520 2296 ne
1549 2240 1768 2294 diutino
1796 2246 2122 2296 transcursu
2151 2243 2424 2314 temporis
2462 2241 2726 2296 oblivioni
2773 2241 3065 2312 profundae
3097 2241 3412 2304 tradantur,
3447 2241 3746 2311 scripturae

470 2331 590 2384 fore
618 2330 955 2384 mandanda.

533 2419 736 2474 Tribus
757 2419 910 2473 enim
935 2419 1326 2474 sacratissimis
1347 2423 1404 2472 et
1434 2418 1676 2489 egregiis
1705 2417 1859 2483 viris,
1884 2419 2154 2489 Gregorio
2180 2419 2458 2485 videlicet,
2494 2420 2590 2491 qui
2619 2419 2678 2473 in
2707 2418 2988 2489 theologia
3027 2418 3233 2472 claruit
3264 2420 3355 2484 (7),
3388 2425 3446 2472 et
3473 2419 3754 2488 Gregorio

462 2507 815 2562 memorabili
863 2509 1208 2579 Nysseorum
1239 2513 1308 2575 (3)
1341 2507 1581 2561 civitatis
1627 2507 1907 2577 episcopo,
1952 2507 2050 2560 sed
2101 2514 2160 2562 et
2190 2507 2355 2562 beato
2400 2508 2655 2578 Ephrzem
2683 2507 2783 2580 (9),
2815 2507 2940 2560 aliis
2981 2513 3151 2576 atque
3195 2507 3360 2560 aliter
3387 2506 3752 2561 sermonibus

463 2597 792 2668 epitaphicis
820 2601 1044 2650 tantum
1071 2597 1254 2651 virum
1285 2597 1562 2666 fulgidum
1601 2595 2010 2661 exhibentibus,
2034 2596 2215 2655 visum
2247 2602 2334 2650 est
2361 2602 2419 2650 et
2459 2596 2598 2650 mihi
2627 2604 2898 2666 tanquam
2927 2594 3199 2660 abortivo,
3226 2602 3291 2648 ut
3317 2611 3446 2648 cum
3475 2596 3752 2666 Apostolo

470 2686 672 2760 dicam,
706 2702 833 2739 cum
865 2703 980 2756 prae
1009 2685 1269 2740 manibus
1296 2686 1631 2756 accepissem
1665 2684 2019 2738 narrationes
2049 2702 2172 2755 quae
2217 2684 2287 2738 ab
2312 2684 2569 2756 utrisque
2597 2683 2944 2739 admirandis
2989 2684 3124 2737 viris
3153 2683 3316 2738 edita:
3345 2689 3495 2750 sunt,
3530 2700 3600 2737 ea
3627 2701 3754 2754 quae

464 2773 553 2828 his
573 2773 768 2828 deesse
792 2774 1125 2828 videbantur
1144 2775 1412 2846 supplevi,
1449 2791 1605 2828 more
1635 2773 1846 2826 scilicet
1863 2773 2048 2827 devoti
2067 2773 2168 2827 filii
2197 2773 2450 2828 debitum
2479 2773 2628 2844 patri
2647 2772 3119 2844 reprzesentantis,
3137 2773 3207 2826 de
3229 2789 3450 2826 sursum
3466 2772 3751 2842 quaedam,

463 2868 530 2916 ut
559 2863 826 2917 aestimari
854 2869 1057 2934 potest,
1089 2864 1458 2935 assequentis,
1489 2869 1546 2917 et
1583 2867 1794 2916 certam
1835 2862 2133 2917 scientiam
2170 2863 2547 2934 percipientis.
2597 2862 2764 2916 Novit
2807 2862 2978 2933 enim,
3017 2861 3172 2914 novit
3199 2860 3375 2915 nubes
3403 2860 3755 2915 abscondam

461 2952 656 3015 solem,
685 2959 742 3006 et
762 2969 1020 3007 morosus
1050 2953 1326 3008 bonarum
1357 2953 1746 3007 narrationum
1771 2957 2125 3006 transcursus
2156 2951 2318 3006 facile
2357 2951 2664 3006 introducit
2691 2949 3046 3004 oblivionem.

543 3041 775 3110 Magnus
799 3041 976 3112 igitur
1004 3043 1224 3096 exstitit
1254 3047 1446 3114 pastor
1471 3046 1681 3106 noster,
1715 3043 1772 3094 et
1799 3041 2046 3095 famosus
2071 3041 2282 3094 mundo
2311 3041 2551 3095 Basilius
2575 3040 2886 3094 ccelestium
2911 3039 3186 3093 virtutum
3212 3039 3753 3107 consermocinator,

471 3130 800 3200 angelorum
831 3131 1091 3186 ordinum
1121 3131 1522 3197 comminister,
1555 3129 1924 3201 praedicabilis
1954 3129 2214 3184 Ecclesiae
2241 3129 2452 3195 doctor,
2485 3129 2812 3200 incorrupta
2838 3129 3167 3198 dogmatum
3195 3128 3644 3183 orthodoxorum
3669 3147 3759 3184 σοι

475 3219 696 3285 lumna;
729 3219 825 3289 qui
853 3225 1116 3274 naturam
1155 3220 1519 3274 existentium
1549 3219 1895 3274 enucleatius
1934 3219 2270 3289 explanavit,
2312 3218 2407 3289 qui
2455 3217 2762 3289 pessimum
2789 3217 3082 3272 Trinitatis
3111 3222 3424 3287 apostatam
3453 3218 3756 3272 Julianum

464 3305 578 3378 (10)
613 3307 891 3378 deposuit,
925 3309 1022 3380 qui
1043 3309 1292 3364 Valentis
1313 3308 1498 3376 03(11)
1527 3307 1916 3378 blasphemum
1947 3307 2244 3373 obstruxit,
2279 3307 2376 3378 qui
2403 3307 2743 3360 Arianorum
2769 3323 3028 3378 expresse
3055 3305 3464 3376 nequissimum
3493 3323 3758 3362 errorem

468 3395 795 3463 devastavit,
827 3398 922 3468 qui
948 3397 1398 3452 Christianorum
1426 3396 1639 3468 liquido
1669 3396 1940 3450 stabilivit
1976 3403 2192 3451 rectam
2237 3396 2576 3468 opinionem.
2619 3397 2820 3450 Pastor
2847 3395 3204 3466 acceptabilis
3238 3395 3492 3450 Ecclesiae
3529 3396 3752 3467 populi,

464 3485 676 3554 regalis
705 3486 1002 3540 sacerdotii
1037 3504 1284 3554 consors,
1315 3485 1766 3541 circumamictus
1796 3486 2032 3540 veritate
2069 3485 2294 3552 Christi,
2332 3485 2518 3540 ovium
2557 3484 2721 3547 aries,
2757 3484 2955 3538 divina:
2984 3483 3114 3537 ﬁdei
3160 3485 3433 3553 magister
3466 3484 3753 3556 inclytus;

465 3573 562 3644 qui
588 3580 646 3628 et
673 3574 865 3628 vivens
894 3581 952 3628 et
979 3581 1106 3646 post
1125 3574 1338 3630 obitum
1371 3574 1589 3645 magnis
1619 3575 1931 3628 coruscavit
1960 3575 2270 3641 miraculis,
2318 3574 2415 3645 qui
2443 3574 2559 3628 Deo
2589 3571 2809 3627 odibilis
2838 3571 3068 3637 Juliani,
3101 3576 3166 3625 ut
3185 3571 3396 3626 dictum
3427 3578 3532 3640 est,
3563 3575 3758 3628 extol-

458 3663 630 3718 lentis
656 3663 714 3717 in
735 3664 909 3718 altum
933 3681 1128 3728 cornu,
1151 3669 1204 3718 et
1227 3664 1510 3734 loquentis
1527 3663 1792 3717 adversus
1813 3664 1990 3718 Deum
2015 3664 2396 3734 iniquitatem,
2430 3662 2847 3733 corruptionem
2873 3661 3126 3715 oratione
3147 3677 3247 3715 sua
3261 3661 3496 3732 paravit.
3522 3662 3764 3716 Interea

462 3752 672 3807 Valens
693 3751 972 3823 accipiens
987 3751 1216 3822 indigne
1233 3751 1588 3822 Imperialem
1610 3768 1938 3822 purpuram,
1963 3758 2021 3807 et
2043 3753 2382 3808 Arianorum
2408 3768 2650 3822 nequam
2672 3750 2860 3804 sensui
2881 3749 3252 3820 patrocinium
3280 3756 3571 3820 praestans,
3597 3753 3768 3806 venit

459 3842 531 3896 ad
554 3842 854 3904 illustrem,
871 3858 994 3911 quae
1018 3840 1168 3912 apud
1195 3857 1298 3894 nos
1330 3845 1434 3906 est,
1459 3839 1695 3895 Caesaris
1718 3839 1932 3894 urbem.
1975 3841 2184 3896 Verum
2218 3840 2478 3912 qualiter,
2504 3840 2590 3892 vel
2611 3856 2723 3910 qua
2744 3855 2934 3905 causa,
2963 3855 3075 3892 non
3105 3844 3192 3892 est
3209 3839 3500 3909 praesentis
3528 3844 3759 3912 tempo-

460 3929 538 3985 ris
565 3929 867 3984 enarratio.
903 3930 1012 3984 Sed
1037 3929 1108 3984 ad
1139 3929 1487 4001 propositum
1505 3929 1830 3996 redeamus;
1854 3930 2091 3986 virtutes
2109 3931 2282 3998 illius,
2307 3946 2447 4001 quas
2469 3929 2678 3996 avulva
2699 3945 2878 4000 usque
2903 3928 2974 3982 ad
2997 3929 3166 3982 ﬁnem
3187 3927 3401 3995 habuit,
3427 3931 3753 3985 narraturi.

1782 4114 2358 4250 VITA.

527 4283 712 4337 Carm
754 4295 976 4335 PRIMUM.
1023 4311 1088 4322 —
1134 4278 1374 4334 Basilius
1425 4279 1578 4332 solus
1622 4294 1792 4350 super
1835 4283 2234 4350 terramAper
2259 4282 2552 4337 duodecim
2576 4284 2681 4352 (15)
2723 4282 3046 4336 moderatus
3083 4286 3168 4335 est
3203 4297 3400 4348 annos,
3443 4281 3741 4348 Julianus,

457 4371 837 4442 aequalitatem
867 4367 1129 4431 ostendit,
1164 4368 1334 4421 vitam
1365 4367 1624 4422 videlicet
1657 4367 1919 4439 operibus
1945 4367 2047 4420 de-
2133 4369 2229 4439 qui
2262 4371 2333 4424 ad
2360 4369 2526 4427 breve
2573 4377 2796 4442 tempus
2821 4371 3174 4426 Christianus
3202 4369 3324 4432 fuit,
3357 4375 3528 4441 atque
3555 4369 3747 4425 Liba-

455 4465 726 4522 coratam,
759 4463 820 4510 ct
867 4455 1219 4509 sermonibus
1255 4455 1454 4510 divinae
1483 4458 1770 4528 sapientiae
1801 4457 2050 4512 illustra-
2131 4457 2261 4512 nius
2287 4457 2422 4530 (l6).
2452 4461 2556 4514 Hic
2598 4465 2788 4514 autem
2826 4477 2938 4531 pra:
2977 4459 3237 4513 omnibus
3266 4458 3622 4513 admirabilis
3653 4460 3748 4514 vir

455 4555 591 4610 tam,
628 4543 840 4612 omnia‘
861 4541 1084 4596 Christo
1123 4542 1282 4606 dans,
1315 4543 1563 4599 animam
1592 4551 1649 4599 et
1679 4563 1898 4618 corpus,
1931 4561 2050 4600 ver-
2129 4547 2318 4618 posuit
2344 4549 2402 4602 in
2431 4549 2598 4603 corde
2623 4563 2724 4619 suo
2775 4564 2887 4602 non
2925 4547 3250 4619 participari
3289 4549 3420 4618 pani
3457 4548 3543 4602 vel
3573 4547 3744 4612 vino,

452 4635 652 4690 borum
682 4633 897 4704 palmas
931 4629 1056 4698 (12),
1083 4635 1313 4701 propter
1334 4633 1481 4702 quod
1511 4639 1566 4686 et
1593 4635 1871 4704 gentilem.
1892 4650 2048 4688 erro-
2130 4635 2306 4690 donec
2335 4654 2400 4692 ex
2441 4654 2686 4710 superna
2726 4637 3041 4708 provisione
3082 4636 3371 4707 sapientiae
3399 4643 3751 4708 penetraret

453 4739 574 4778 rem
605 4729 669 4778 ut
697 4737 1033 4776 araneorum
1063 4719 1204 4774 telas
1235 4719 1464 4790 dirupit.
1493 4720 1596 4774 Hic
1627 4729 1842 4794 septem
1871 4739 2047 4777 anno-
2129 4741 2352 4780 arcana.
2387 4727 2636 4782 Moratus
2664 4733 2853 4780 autem
2883 4726 2942 4780 in
2971 4725 3380 4780 eruditionibus
3403 4725 3748 4796 quindecim

452 4827 580 4865 rum
625 4811 822 4877 factus,
853 4809 922 4864 ad
962 4808 1182 4864 litteras
1209 4807 1454 4862 traditur
1482 4826 1515 4862 a
1554 4810 1880 4880 parentibus
1913 4829 1924 4863 :
1957 4827 2049 4864 va—
2131 4831 2326 4878 annos,
2360 4820 2419 4870 et
2446 4833 2669 4870 omnem
2692 4815 2961 4886 gentilem
2992 4815 3401 4886 philosophiam
3431 4821 3748 4870 transcur-

454 4915 588 4954 cans
601 4905 787 4954 autem
819 4899 876 4953 in
891 4897 1304 4953 mathematicis
1321 4897 1724 4968 quinquennio,
1748 4899 2048 4954 fructiﬁca-
2128 4913 2276 4963 rens,
2312 4897 2370 4952 in
2401 4899 2513 4953 ﬁne
2536 4897 2938 4952 astronomiam
2984 4913 3206 4968 quoque
3236 4914 3301 4950 ac
3327 4899 3744 4967 geometriam,

453 4989 552 5043 bat
590 4989 896 5060 plurimum
949 4988 1007 5041 in
1054 4985 1439 5058 philosophica
1484 4987 1801 5058 disciplina,
1829 4994 2045 5043 natura:
2127 4991 2186 5040 et
2207 4987 2421 5058 optima
2447 5004 2682 5058 quaeque
2701 4987 2910 5057 legens,
2940 5003 3066 5040 cum
3097 4986 3252 5040 nullo
3276 4987 3441 5040 modo
3456 4987 3753 5043 valuisset

453 5075 904 5134 mansuetudine.
937 5075 1152 5129 Rursus
1180 5075 1376 5130 relicta
1407 5081 1443 5141 Ι
1460 5081 1586 5141 53
1607 5077 1808 5146 patria,
1833 5078 2046 5148 Cappa-
2127 5091 2228 5146 per
2259 5093 2327 5130 ea
2347 5077 2598 5130 invenire
2617 5076 2870 5130 omnium
2896 5074 3260 5140 conditorem,
3290 5075 3534 5146 quadam
3559 5083 3751 5132 nocte

454 5167 562 5222 dox
593 5165 741 5221 enim
769 5171 891 5218 erat
917 5180 1143 5234 genere,
1171 5164 1427 5235 pervenit
1459 5165 1528 5218 ad
1558 5172 1796 5220 matrem
1821 5182 2044 5220 sermo-
2126 5164 2394 5232 vigilante
2413 5165 2528 5230 illo,
2552 5165 2771 5219 divinus
2791 5164 3020 5235 quidam
3049 5163 3315 5234 splendor
3334 5164 3459 5218 iniit
3487 5168 3551 5218 ut
3566 5169 3752 5220 tran-

450 5272 608 5322 num,
641 5255 700 5308 id
727 5259 832 5316 est,
887 5253 1137 5306 Athenas
1175 5251 1303 5323 (13),
1353 5259 1411 5307 et
1440 5255 1697 5308 castitate
1727 5272 1826 5310 seu
1865 5255 2043 5310 multa
2127 5259 2405 5308 scurreret
2430 5260 2634 5308 nostrae
2663 5252 2948 5323 religionis
2976 5252 3334 5323 scripturam.

446 5343 792 5401 continentia
819 5347 876 5395 et
904 5341 1278 5412 temperantia
1306 5343 1568 5398 decenter
1586 5350 1837 5410 ornatus,
1861 5344 2044 5398 adhze-
2195 5343 2442 5412 Surgens
2467 5359 2600 5413 ergo
2629 5341 2949 5414 properavit
2972 5342 3278 5412 Egyptum
3309 5343 3440 5411 (17),
3473 5349 3533 5396 et
3567 5359 3750 5398 acce-

449 5441 536 5490 ret
586 5431 914 5506 przeccptori
971 5431 1290 5484 Graecorum
1335 5432 1641 5502 sapientiae,
1683 5432 1898 5488 Eubulo
1935 5432 2036 5502 (14)
2123 5431 2262 5485 dens
2281 5432 2352 5485 ad
2373 5431 2673 5503 quemdam
2697 5430 3302 5498 Archimandritarum,
3335 5430 3560 5485 nomine
3587 5431 3753 5488 Por-

447 5524 697 5588 nomine,
729 5528 787 5576 et
806 5520 886 5574 ita
914 5536 1034 5574 sese
1063 5519 1372 5590 disciplinis
1401 5521 1652 5586 tradidit,
1680 5528 1744 5576 ut
1769 5539 1898 5577 eum
1921 5527 2038 5577 tam
2121 5520 2384 5592 phyrium
2418 5519 2542 5590 (18),
2570 5520 2770 5590 petivit
2791 5519 2916 5573 dari
2943 5519 3047 5574 sibi
3075 5536 3264 5575 sacros
3291 5518 3461 5574 libros
3488 5519 3556 5572 ad
3589 5538 3750 5591 per—

397 5603 406 5611 ’
447 5616 815 5688 Ριιωοθρΐοτθε
835 5625 1006 5680 quam
1055 5605 1418 5680 condiscipuli
1456 5609 1834 5666 imitarentur.
1867 5611 2041 5666 Erant
2121 5610 2434 5680 ceptionem
2475 5608 2794 5664 divinorum
2821 5607 3168 5680 dogmatum.
3202 5609 3274 5664 Et
3307 5608 3412 5664 hoc
3451 5622 3752 5682 percepto

445 5704 598 5760 enim
616 5701 786 5774 hujus
799 5702 1205 5770 coeperatores,
1228 5713 1468 5770 magnus
1482 5699 1786 5772 Gregorius
1802 5700 2038 5756 Nazian-
2119 5699 2329 5754 mansit
2379 5697 2512 5766 illic,
2554 5698 2696 5752 dans
2737 5714 2967 5770 operam
3005 5697 3360 5753 meditationi
3392 5695 3750 5756 divinorum

445 5808 614 5849 zenus
639 5790 953 5863 episcopus,
987 5788 1084 5861 qui
1106 5787 1297 5846 throni
1311 5787 1616 5860 Apostolici
1653 5788 2038 5861 gubernacula
2118 5788 2490 5861 eloquiorum,
2523 5803 2674 5861 aqua
2700 5793 2759 5845 et
2785 5785 3029 5845 oleribus
3065 5787 3356 5854 educatus.
3385 5787 3547 5844 Anno
3581 5804 3752 5850 vero
