4004 6196
258 302 364 361 297

739 305 911 360 VITA
947 306 1206 361 SANCTI
1244 306 1529 373 BASILII,
1570 301 1936 359 CESAREE
1973 302 2448 361 CAPPADOCIIE
2484 308 3062 368 ARCHIEPISCOPI.

3425 316 3531 375 298

257 428 483 498 integro
519 426 732 482 ibidem
769 434 1041 492 moratus.
1085 437 1142 485 et
1166 432 1420 487 veritatis
1448 408 1727 486 rationem
1746 428 1924 487 ﬁdeA
1943 429 2094 483 enim
2118 447 2332 497 omnes,
2349 432 2477 486 hiin
2503 434 2675 488 vitam
2691 438 3052 503 aeternam,hi
3077 439 3136 494 in
3168 443 3531 513 opprobrium

258 517 643 583 considerans,
677 520 1055 589 perseveravit
1088 525 1370 576 scrutatus
1399 520 1631 576 verbum
1660 518 1859 574 verita-

258 606 351 671 tis,
384 611 443 660 et
470 606 669 678 petivit
698 625 759 661 se
789 608 998 663 dimitti
1022 611 1430 682 Jerosolymam
1459 627 1627 665 causa
1656 609 1860 663 oratio-

257 694 347 749 nis
378 694 485 763 (19)
514 696 749 763 iturum,
780 704 838 752 et
866 698 980 752 illic
1015 699 1288 754 miracula
1316 700 1719 771 inspecturum,
1763 696 1858 768 qui

258 790 524 839 exoratus
542 785 759 839 dimisit
785 803 936 841 eum.

329 874 466 928 CAP.
490 875 563 928 II.
586 905 652 915 —
676 875 922 947 Rediens
939 881 1130 930 autem
1148 877 1264 943 illo,
1297 877 1392 931 ubi
1427 878 1748 931 Graecorum
1776 875 1858 927 in-

255 963 496 1018 stitutus
546 970 631 1017 est
676 964 1053 1036 philosophia,
1088 966 1255 1038 cmpit
1290 966 1627 1037 persuadere
1666 965 1859 1019 multis

255 1052 609 1124 philosophis
621 1059 679 1106 et
697 1054 1047 1109 multitudini
1065 1055 1363 1125 gentilium
1389 1055 1685 1110 ostendere
1696 1053 1859 1109 Chri-

254 1146 430 1205 stum,
476 1142 869 1197 demonstrans
907 1144 1019 1197 illis
1076 1144 1226 1198 viam
1265 1144 1487 1200 salutis.
1523 1142 1864 1213 Requirebat

254 1247 389 1285 vero
421 1236 482 1285 et
511 1238 912 1303 praeceptorem
942 1249 1111 1287 suum
1142 1233 1421 1288 Eubulum
1455 1232 1569 1303 (qui
1600 1237 1724 1285 erat
1751 1232 1863 1285 dux

254 1320 443 1388 verbi)
468 1320 527 1374 in
548 1320 991 1376 vicissitudinem
1033 1321 1371 1389 studiorum,
1404 1321 1606 1392 quibus
1642 1319 1710 1373 ab
1739 1320 1859 1391 ipso

251 1411 444 1465 fuerat
470 1409 785 1474 institutus,
800 1410 872 1464 ad
892 1410 1235 1465 trahendum
1256 1428 1385 1465 eum
1402 1422 1458 1463 et
1474 1409 1861 1464 inclinandum

252 1499 638 1554 immaculatae
657 1500 808 1564 fidei,
824 1505 1020 1571 utpote
1042 1500 1164 1572 ipse
1191 1500 1332 1554 bene
1361 1516 1592 1554 currens
1611 1499 1681 1552 ad
1712 1515 1856 1551 eam.

255 1588 585 1659 Omnesque
613 1588 867 1653 docebat,
912 1588 1007 1660 qui
1044 1588 1400 1660 philosophia
1438 1587 1639 1641 imbuti
1676 1594 1855 1653 erant,

254 1678 414 1731 illum
440 1678 605 1748 sequi
636 1678 798 1748 quasi
818 1678 1175 1748 magistrum.
1194 1678 1506 1749 Requirens
1521 1682 1710 1731 autem
1731 1693 1861 1731 eum

1942 524 1998 572 et
2022 519 2405 574 confusionem
2434 529 2762 593 perpetuam
2797 543 2808 576 :
2844 531 2902 579 et
2930 526 3237 584 astabimus
3266 538 3397 586 ante
3426 533 3531 586 tri-

1939 606 2111 661 bunal
2140 610 2439 679 Christi(ll
2456 612 2665 681 Conv),
2702 617 3172 684 quemadmodum
3201 621 3403 676 docent
3430 640 3534 678 nos

1940 698 2288 769 magniloqui
2331 701 2634 771 prophetae,
2687 703 2880 769 Isaias,
2930 707 3222 775 Jeremias,
3258 711 3529 779 Ezechiel,

1939 785 2155 851 Daniel,
2177 794 2235 842 et
2254 788 2428 842 David
2450 806 2569 857 rex,
2595 795 2653 843 et
2675 793 2933 862 egregius
2954 795 3180 851 Paulus.
3197 799 3267 853 Et
3289 806 3417 871 post
3430 802 3533 855 hos

1938 872 2060 943 ipse
2079 875 2350 930 Dominus
2370 878 2710 947 paenitentiae
2732 879 2913 947 dator,
2950 890 3007 936 et
3026 884 3196 954 hujus
3212 904 3535 961 recompen-

1940 968 2111 1030 sator,
2141 964 2241 1034 qui
2282 979 2445 1019 ovem
2470 967 2748 1037 perditam
2777 970 3069 1041 requisivit
3102 976 3317 1041 (Matth.
3351 979 3532 1047 XVIII),

1943 1051 2039 1121 qui
2070 1053 2422 1107 recedentem
2447 1072 2481 1107 a
2499 1048 2749 1126 paternis
2770 1057 2984 1113 sinibus
3018 1078 3144 1115 cum
3171 1065 3365 1119 multis
3392 1066 3535 1120 divi-

1942 1138 2034 1194 tiis
2064 1157 2321 1210 puerum,
2357 1148 2413 1196 et
2442 1143 2528 1197 his
2553 1145 2836 1200 luxuriose
2865 1151 3211 1220 consumptis
3230 1158 3425 1223 postea
3443 1171 3535 1209 re-

1944 1227 2231 1297 deuntem,
2259 1231 2407 1285 fame
2435 1232 2797 1301 tabefactum,
2819 1252 3091 1306 germane
3112 1241 3399 1311 amplexus
3428 1248 3532 1309 est,

1944 1323 2002 1370 et
2028 1319 2309 1374 adornans
2338 1321 2551 1390 fulgida
2579 1323 2723 1377 stola
2752 1330 2809 1378 et
2827 1326 3038 1380 annulo
3067 1344 3132 1382 ac
3150 1328 3398 1385 vestibus
3417 1348 3541 1401 pre-

1942 1404 2121 1473 tiosis,
2152 1409 2354 1463 suadet
2380 1410 2521 1463 nihil
2551 1428 2726 1481 puero
2757 1416 3029 1484 peccanti,
3058 1433 3172 1471 non
3200 1419 3415 1486 saevire,
3441 1421 3539 1474 sed

1943 1494 2114 1548 veluti
2140 1497 2302 1551 fratri
2329 1499 2549 1553 veniam
2580 1501 2714 1554 dare
2742 1502 2914 1571 (Luca:
2940 1506 3074 1574 XIV);
3108 1505 3187 1560 sic
3215 1507 3427 1580 absque
3456 1509 3542 1564 in-

1943 1584 2090 1639 vidia
2101 1587 2373 1642 Dominus
2393 1590 2665 1644 excellens
2681 1590 2991 1646 bonitatem
3010 1597 3284 1665 aequalem
3313 1598 3422 1665 his,
3444 1599 3541 1670 qui

1943 1671 2091 1726 circa
2128 1681 2163 1738 |
2182 1682 2302 1740 54
2318 1677 2672 1732 undecimam
2694 1679 2892 1734 horam
2917 1691 3208 1750 venerunt,
3226 1687 3541 1741 mercedem

253 1767 309 1820 in
333 1739 603 1822 omnibus
621 1739 845 1833 scholis,
864 1739 1081 1821 invvenit
1096 1766 1157 1821 in
1193 1739 1440 1838 proastio
1461 1764 1562 1835 (20)
1577 1783 1704 1820 cum
1735 1766 1860 1837 phi—
1884 1739 2043 1815 Βᾶθι
2073 1739 2282 1832 (Matth;
2298 1766 2413 1834 xx).
2434 1767 2559 1837 Ipse
2591 1774 2648 1822 et
2665 1768 2828 1822 nobis
2865 1739 3283 1841 paenitentibus,
3317 1739 3541 1830 et

256 1856 689 1926 losophis.Nihil
705 1862 828 1909 erat
840 1856 990 1910 enim
1004 1857 1154 1926 apud
1167 1873 1260 1910 eos
1271 1856 1443 1910 studii
1457 1872 1627 1926 quam
1641 1855 1861 1909 dicendi
1943 1852 2378 1926 piscentibus,ex
2390 1872 2535 1926 aqua
2548 1862 2605 1910 et
2619 1857 2832 1928 Spiritu
2846 1865 3038 1914 sancto
3050 1864 3537 1932 regenerationem

256 1945 390 2015 quid
422 1961 494 1999 ac
515 1945 784 1999 audiendi
806 1962 1031 2000 novum.
1067 1946 1407 2016 Disputante
1435 1952 1625 2000 autem
1652 1944 1865 2007 illo,re-
1946 1941 2198 2007 donabit,
2217 1942 2350 2012 quia
2376 1960 2479 1997 nec
2493 1945 2687 1999 oculus
2702 1946 2857 2013 vidit,
2875 1964 2977 2002 nec
2997 1950 3152 2004 auris
3195 1952 3542 2019 audivit,nec

255 2034 560 2105 prehendit
588 2051 720 2088 eum
757 2039 950 2089 astans
986 2035 1246 2089 Basilius.
1281 2035 1348 2089 Et
1398 2034 1626 2104 quidam
1669 2049 1864 2086 eorum

256 2123 350 2194 qui
377 2140 514 2177 cum
544 2122 681 2194 ipsis
727 2130 889 2177 erant
939 2124 1081 2177 dixit
1112 2143 1123 2176 :
1157 2123 1540 2194 Reprehendit
1565 2129 1623 2176 te
1653 2122 1799 2192 quis,
1830 2139 1863 2175 ο

256 2212 594 2284 philosophe
614 2214 639 2265 ?
668 2213 776 2277 Qui
800 2213 881 2267 ait
904 2230 916 2265 :
948 2214 1063 2267 Aut
1090 2212 1258 2279 Deus,
1288 2217 1389 2266 aut
1414 2211 1674 2266 Basilius.
1693 2212 1865 2265 Reco-

255 2319 539 2372 gnoscens
568 2319 703 2374 ergo
734 2319 885 2369 eum,
919 2308 976 2357 et
1005 2302 1107 2356 hos
1136 2302 1231 2373 qui
1265 2318 1457 2356 secum
1486 2306 1648 2355 erant
1671 2300 1864 2353 dimit—

258 2397 400 2459 tens,
419 2392 628 2446 aderat
651 2410 779 2447 cum
800 2392 1026 2458 Basilio,
1055 2397 1111 2446 et
1129 2391 1312 2445 tribus
1324 2390 1519 2445 diebus
1534 2390 1716 2460 jejuni
1736 2405 1865 2461 per-

258 2488 609 2549 severantes,
642 2482 978 2552 quaestiones
1002 2481 1236 2535 invicem
1267 2480 1673 2551 proponebant.
1691 2481 1868 2533 Inter-

257 2571 484 2641 rogavit
498 2571 692 2641 itaque
713 2570 963 2625 Eubulus
998 2558 1296 2624 Basilium:
1332 2570 1466 2633 Quae
1499 2574 1585 2622 est
1613 2568 1867 2625 deﬁnitio

259 2660 655 2732 philosophiae,
676 2657 885 2714 Basili?
913 2659 1020 2722 Qui
1040 2660 1122 2712 ait
1146 2676 1156 2710 :
1190 2658 1381 2712 Prima
1410 2658 1664 2712 deﬁnitio
1688 2657 1868 2728 philo-

257 2750 498 2820 sophiae,
524 2748 819 2802 meditatio
846 2748 1066 2802 mortis.
1090 2748 1191 2801 Ille
1240 2764 1369 2801 vero
1399 2747 1703 2813 admirans,
1736 2746 1817 2800 ait
1848 2765 1859 2799 :

258 2838 393 2901 Quis
423 2843 517 2891 est
550 2837 797 2891 mundus
817 2836 842 2888 Τ
868 2837 997 2890 Ait:
1039 2836 1147 2900 Qui
1179 2840 1264 2889 est
1289 2852 1459 2906 super
1477 2836 1772 2889 mundum.
1799 2835 1870 2888 Et

258 2926 454 2981 dulces
477 2926 706 2997 quidem
727 2924 1066 2980 suntmundi
1085 2941 1392 2990 sermones,
1410 2924 1669 2995 ipsevero
1698 2940 1865 2976 mun-

258 3015 361 3069 dus
381 3015 755 3069 vehementer
783 3031 1034 3081 amarus,
1076 3014 1124 3068 si
1178 3013 1301 3084 quis
1330 3014 1477 3067 hunc
1506 3012 1701 3066 vitiose
1730 3011 1865 3065 reti-

1946 2033 2005 2086 in
2034 2048 2130 2085 cor
2176 2031 2419 2086 hominis
2458 2035 2710 2089 ascendit
2737 2052 2863 2106 qua:
2908 2040 3242 2109 praeparavit
3268 2041 3544 2097 Dominus

1947 2119 2310 2190 diligentibus
2334 2137 2394 2175 se
2425 2123 2477 2188 (Ι
2495 2124 2616 2177 (Jor.
2649 2128 2728 2187 II).
2755 2125 2971 2179 Horum
3000 2143 3133 2198 ergo
3174 2146 3344 2184 sensu
3372 2130 3543 2185 intel-

1944 2208 2107 2274 lecto,
2127 2209 2376 2263 Eubulus
2388 2211 2496 2264 ait:
2524 2211 2773 2278 OBasili,
2800 2214 3039 2269 coelestis
3064 2216 3544 2274 Trinitatisasser-

1946 2303 2054 2361 tor,
2073 2314 2174 2369 per
2185 2303 2243 2351 te
2258 2298 2423 2352 credo
2445 2299 2504 2352 in
2529 2316 2706 2354 unum
2728 2302 2907 2356 Deum
2938 2304 3166 2359 Patrem
3196 2307 3545 2379 omnipoten-

1948 2391 2082 2452 tem,
2107 2392 2165 2440 et
2185 2392 2388 2441 caetera
2411 2405 2424 2454 ;
2449 2394 2776 2458 exspectans
2796 2393 3266 2448 resurrectionem
3298 2400 3546 2451 mortuo-

1949 2491 2094 2541 rum,
2131 2480 2188 2530 et
2209 2476 2381 2531 vitam
2410 2477 2632 2531 venturi
2659 2480 2869 2546 saeculi,
2901 2497 3084 2536 amen.
3123 2483 3305 2554 Opere
3353 2491 3545 2540 autem

1951 2559 2246 2619 ostendam
2277 2565 2382 2619 tibi
2408 2566 2575 2620 ﬁdem
2597 2584 2719 2637 quae
2747 2568 2804 2622 in
2826 2586 2915 2624 me
2955 2577 3075 2625 est:
3111 2574 3396 2643 quoniam,
3423 2592 3545 2628 om-

1949 2652 2113 2707 nibus
2136 2670 2258 2725 quze
2272 2654 2412 2707 mihi
2433 2655 2708 2710 adsuntin
2729 2657 2987 2713 manibus
3009 2660 3122 2714 tuis
3132 2660 3297 2727 datis,
3322 2662 3546 2717 residuo

1948 2741 2074 2796 vitae
2104 2759 2243 2797 mea:
2270 2748 2542 2814 tempore,
2579 2745 2628 2798 si
2672 2746 2941 2816 placitum
2981 2748 3041 2802 in
3093 2756 3394 2822 conspectu
3444 2752 3546 2807 Dei

1947 2828 2135 2893 fuerit,
2167 2836 2352 2885 tecum
2374 2849 2487 2897 ero,
2524 2839 2782 2904 suscepta
2809 2853 2874 2889 ex
2899 2842 3095 2891 sancta
3126 2854 3275 2910 aqua
3297 2856 3397 2895 seu
3427 2840 3549 2912 Spi-

1949 2918 2063 2972 ritu
2088 2920 2532 2990 regeneratione.
2562 2923 2661 2976 Ait
2687 2929 2876 2978 autem
2899 2925 3139 2981 Basilius
3163 2947 3175 2981 :
3210 2929 3546 2984 Benedictus

1947 3007 2221 3062 Dominus
2238 3010 2387 3063 Deus
2416 3016 2625 3078 noster,
2640 3029 2705 3066 ex
2726 3012 2832 3067 hoc
2853 3030 3000 3068 nunc
3014 3021 3072 3070 et
3091 3032 3269 3086 usque
3290 3017 3349 3071 in
3378 3035 3547 3073 saecu-

256 3110 409 3158 neat.
451 3103 523 3158 Et
549 3104 661 3158 alia
684 3108 770 3158 est
796 3103 1051 3174 voluptas
1079 3101 1349 3172 corporis,
1384 3107 1442 3155 et
1469 3101 1580 3154 alia
1606 3101 1863 3171 incorpo-
1881 3094 1925 3154 C.
1945 3096 2130 3161 lum,o
2162 3096 2393 3163 Eubule,
2410 3099 2504 3169 qui
2533 3099 2835 3155 illustravit
2855 3103 3047 3158 lumen
3067 3122 3261 3159 verum
3280 3106 3338 3159 in
3358 3112 3546 3161 mente

254 3194 391 3247 ralis
423 3197 666 3248 naturae.
700 3193 770 3247 Et
796 3192 1009 3264 pariter
1035 3192 1153 3246 haec
1182 3191 1445 3261 cuiquam
1465 3190 1646 3244 inesse
1667 3189 1870 3259 impos-

252 3282 419 3337 sibile
446 3287 690 3337 constat.
722 3283 900 3336 Nemo
948 3281 1098 3336 enim
1146 3276 1333 3351 potest
1378 3278 1596 3333 duobus
1624 3278 1866 3331 dominis

253 3372 474 3425 servire
500 3372 715 3438 (Matth.
734 3375 825 3439 v1).
842 3371 1072 3435 Verum,
1094 3373 1369 3440 quantum
1407 3368 1585 3421 virtus
1600 3367 1865 3438 suppedi-

251 3466 356 3527 tat,
390 3460 717 3530 frangimus
742 3459 1116 3513 esurientibus
1143 3475 1348 3529 panem
1387 3456 1651 3522 scientiae,
1688 3461 1744 3510 et
1772 3472 1867 3509 eos

254 3550 351 3620 qui
370 3567 486 3621 per
512 3549 789 3603 malitiam
828 3548 1201 3619 quorumdam
1240 3547 1361 3601 sine
1402 3552 1551 3600 tecto
1584 3550 1733 3611 sunt,
1766 3562 1867 3615 per

252 3639 532 3694 virtutem
562 3638 817 3693 ducimus
840 3637 947 3691 sub
976 3642 1209 3691 tectum.
1236 3636 1295 3690 Si
1332 3653 1463 3690 vero
1487 3652 1616 3689 eum
1649 3633 1864 3689 nudum

252 3728 539 3793 videmus,
551 3727 764 3781 amictu
776 3726 1116 3781 circumdam
1124 3742 1208 3791 us,
1226 3730 1284 3779 et
1292 3724 1625 3778 domesticos
1634 3720 1865 3777 seminis

254 3833 366 3870 non
382 3816 753 3886 despicimus.
777 3816 1029 3886 Cumque
1058 3814 1290 3868 dixisset
1306 3814 1442 3877 haec,
1473 3812 1789 3882 imaginans
1815 3809 1867 3864 ei

256 3905 587 3976 parabolice
630 3904 933 3960 Salvatoris
979 3903 1161 3958 nostri
1196 3901 1654 3967 misericordiam,
1697 3916 1866 3971 quam

257 3995 412 4049 circa
428 4011 536 4049 nos
555 4011 657 4065 per
674 3994 1060 4065 pcenitentiam
1072 3997 1357 4063 operatur,
1380 3996 1500 4045 tres
1522 3990 1741 4053 tabulas
1759 3986 1862 4057 (‘21)

252 4084 480 4139 sensim
496 4084 760 4154 proponit
774 4083 831 4136 in
846 4081 1161 4153 proforibus
1191 4080 1415 4145 mentis,
1436 4096 1608 4133 unam
1636 4078 1866 4148 quidem

251 4172 317 4227 in
331 4171 731 4245 superioribus
749 4178 1040 4242 portarum
1057 4170 1293 4225 virtutes
1308 4170 1602 4235 ferentem,
1618 4166 1865 4238 pruden-

253 4262 405 4316 tiam
435 4261 713 4325 videlicet,
732 4259 1137 4327 fortitudinem,
1152 4257 1608 4330 temperantiam,
1627 4262 1684 4310 et
1695 4254 1866 4327 justi-

252 4352 425 4406 tiam.
446 4351 517 4406 In
527 4351 758 4405 sinistra
772 4367 902 4405 vero
928 4355 1088 4421 parte
1108 4348 1512 4403 seductionem.
1532 4348 1706 4401 Porro
1734 4345 1867 4398 hinc

1950 3190 2068 3249 tua,
2104 3190 2161 3238 et
2188 3186 2478 3240 transtulit
2499 3194 2554 3241 te
2591 3205 2626 3241 a
2672 3190 2981 3244 multorum
3006 3208 3195 3246 errore
3222 3193 3457 3249 deorum
3484 3196 3547 3250 in

1952 3272 2294 3342 agnitionem
2319 3274 2717 3330 misericordiae
2735 3294 2871 3334 suae.
2896 3278 3069 3333 Porro
3087 3280 3154 3348 si,
3179 3288 3244 3336 ut
3258 3282 3438 3338 fassus
3459 3301 3543 3351 es,

1947 3378 2166 3415 mecum
2189 3363 2401 3433 pariter
2424 3381 2544 3418 esse
2565 3365 2664 3431 vis,
2680 3367 2973 3420 ostendam
2995 3368 3096 3422 tibi
3129 3387 3239 3441 quo
3268 3371 3437 3426 saluti
3448 3389 3546 3426 no-

1950 3456 2077 3504 strae
2106 3451 2270 3505 modo
2299 3453 2709 3522 provideamus,
2740 3472 2775 3508 a
2809 3456 3040 3511 vinculis
3063 3457 3229 3513 istius
3257 3460 3443 3515 saeculi
3472 3461 3545 3515 1i-

1946 3537 2199 3598 berandi.
2233 3541 2634 3597 Venundemus
2663 3544 2853 3597 omnia
2887 3562 3010 3616 quze
3053 3546 3214 3602 nobis
3237 3548 3447 3616 insunt,
3487 3555 3545 3604 et

1945 3630 2263 3683 tribuamus
2290 3629 2500 3699 egenis,
2520 3630 2710 3700 sicque
2735 3631 2961 3686 demum
2977 3634 3047 3687 ad
3071 3616 3540 3692 sanctam‘civita-

1946 3725 2059 3773 tem
2090 3735 2411 3789 pergamus,
2432 3718 2780 3790 inspectores
2808 3738 2909 3791 per
2933 3738 3034 3777 nos
3051 3724 3327 3780 efﬁciendi
3357 3733 3543 3797 patra-

1946 3808 2352 3862 torumibidem
2384 3807 2803 3876 miraculorum,
2824 3822 2881 3865 et
2903 3812 3260 3883 acquiramus
3278 3815 3542 3871 ﬁduciam

1947 3897 2095 3968 apud
2115 3897 2314 3951 Deum.
2338 3897 2551 3951 Taliter
2578 3898 2769 3969 itaque
2799 3899 2964 3954 ambo
2994 3901 3161 3956 rebus
3189 3903 3305 3959 suis
3334 3902 3424 3975 pie
3463 3906 3543 3961 di-

1948 3985 2221 4049 stributis,
2246 3986 2366 4039 sola
2393 4002 2458 4039 ex
2487 3985 2575 4040 his
2603 3987 2956 4054 indumenta,
2978 4007 3100 4062 quae
3121 3998 3313 4047 sancto
3333 3993 3544 4066 baptis-

1946 4074 2085 4128 mati
2130 4075 2435 4145 preparari
2455 4075 2656 4143 solent,
2682 4082 2950 4143 ementes,
2990 4079 3394 4152 Jerosolymam
3422 4087 3542 4138 ten-

1948 4164 2107 4229 dunt,
2141 4168 2526 4218 convertentes
2556 4165 2626 4218 ad
2673 4165 2976 4220 Dominum
3017 4169 3316 4237 gentilium
3344 4171 3539 4225 multi—

1946 4252 2202 4306 tudinem
2232 4252 2512 4323 copiosam
2526 4297 2539 4310 .

2020 4342 2266 4396 0.19.111.
2299 4372 2371 4382 -—
2401 4341 2794 4397 Pervenientes
2823 4345 3537 4415 veroadAntiochiurbem,

254 4446 313 4494 et
332 4439 481 4494 inde
511 4439 1026 4511 intemperantiam,
1056 4437 1523 4510 profanationem,
1540 4434 1866 4505 linguo'sita-
1881 4446 1934 4507 ι)
1949 4431 2296 4485 diverterunt
2314 4430 2384 4484 ad
2404 4432 2818 4502 receptaculum
2838 4434 3139 4505 quoddam.
3164 4436 3336 4491 Filius
3351 4447 3541 4492 autem

252 4537 400 4595 tem,
437 4528 779 4595 suasionem,
813 4534 871 4583 et
898 4527 1282 4599 hujuscemodi
1311 4543 1543 4581 examen
1566 4524 1863 4579 malorum.

250 4618 668 4673 Paenitentiam
695 4628 886 4673 autem
913 4617 1176 4672 decenter
1205 4621 1483 4670 astantem
1505 4613 1862 4685 intrepidam,

252 4708 531 4769 hilarem,
558 4707 762 4774 lenem,
796 4711 854 4762 et
879 4705 1178 4760 contrariis
1199 4705 1425 4776 quidem
1456 4704 1863 4769 adversantem,

254 4797 483 4869 populo
518 4813 652 4851 vero
688 4787 836 4851 bona
887 4794 1078 4850 omnia
1120 4795 1544 4865 imprecantem.
1583 4793 1867 4845 Praeterea

247 4888 429 4957 juxta
460 4886 625 4951 hanc,
640 4885 1062 4951 abstinentiam,
1086 4884 1473 4955 sagacitatem,
1486 4880 1861 4941 clementiam,

253 4974 625 5047 pudicitiam,
657 4975 949 5046 pudorem,
982 4973 1414 5039 humanitatem,
1461 4976 1518 5025 et
1564 4971 1872 5024 multorum

257 5064 556 5119 bonorum
579 5064 817 5135 plebem.
832 5064 1041 5119 Sensus
1066 5080 1196 5117 vero
1222 5063 1390 5132 hujus
1414 5059 1662 5114 historiae
1684 5058 1873 5113 viden-

256 5154 426 5210 tibus
476 5153 707 5224 quidem
741 5160 828 5208 est
854 5153 1107 5215 monitio,
1130 5149 1490 5206 audientibus
1532 5154 1721 5203 autem
1772 5148 1874 5202 zeli

253 5244 511 5316 potioris
542 5242 777 5299 occasio.
810 5243 942 5298 Haec
970 5248 1027 5297 et
1061 5242 1181 5313 ipse
1211 5257 1313 5311 ego
1347 5238 1538 5293 videns
1566 5238 1874 5292 delectatus

255 5351 420 5399 sum,
458 5332 593 5387 etin
614 5332 720 5386 hoc
742 5332 943 5386 ductus
966 5348 1111 5398 sum,
1145 5347 1177 5384 ο
1208 5327 1439 5384 Eubule.
1482 5328 1626 5382 Sunt
1670 5327 1875 5398 quippe

254 5423 320 5478 in
344 5420 521 5477 nobis
542 5438 655 5476 non
683 5418 959 5492 imagines
987 5437 1169 5490 neque
1189 5416 1511 5489 aenigmata,
1534 5416 1633 5471 sed
1659 5416 1783 5486 ipsa
1813 5415 1876 5468 li-

259 5512 455 5585 quido
491 5510 697 5565 veritas
732 5509 806 5565 ad
856 5509 1097 5565 salutem
1152 5508 1455 5563 adducens.
1495 5506 1877 5576 Resurgemus

332 5632 363 5667 ι
390 5620 525 5677 Hoc
555 5625 723 5693 caput
749 5619 909 5676 deest
933 5618 994 5677 in
1020 5614 1165 5678 Vitis
1192 5619 1444 5677 Patrum.

521 5719 793 5791 PATBOL.
839 5720 1119 5786 LXXIII.

1948 4518 2205 4590 hospitis,
2226 4519 2453 4573 nomine
2482 4520 2840 4589 Philoxenus,
2865 4523 3095 4579 sedebat
3108 4538 3221 4597 prae
3252 4523 3463 4580 foribus
3480 4524 3541 4582 in

1948 4609 2313 4664 meditatione
2339 4611 2518 4664 multa
2543 4629 2554 4665 :
2576 4618 2699 4666 erat
2723 4619 2913 4667 autem
2940 4614 3031 4668 hic
3050 4613 3353 4686 discipulus
3380 4616 3543 4671 Liba-

1948 4699 2028 4753 nii
2056 4698 2337 4771 SOphistze,
2362 4716 2394 4753 a
2415 4717 2524 4771 quo
2556 4708 2880 4772 susceperat
2904 4720 3098 4757 versus
3126 4704 3451 4760 Homericos
3470 4706 3544 4760 ad

1949 4787 2396 4842 transferendum
2428 4807 2523 4845 eos
2554 4790 2610 4843 in
2650 4790 2975 4845 rhetoricos.
3011 4793 3076 4845 Et
3106 4809 3233 4847 cum
3262 4792 3322 4848 in
3364 4795 3545 4849 multa

1946 4876 2310 4932 tribulatione
2337 4878 2686 4945 consisteret,
2701 4878 3004 4934 laborando
3032 4880 3354 4950 deﬁciebat;
3375 4900 3544 4954 quem

1953 4966 2228 5038 aspiciens
2247 4966 2487 5021 Basilius
2510 4967 2646 5022 dixit
2664 4968 2874 5022 adeum
2900 4988 2911 5022 :
2938 4969 3123 5034 Quare
3141 4970 3222 5025 ita
3254 4972 3432 5026 tristis
3461 4971 3539 5040 es,

1955 5056 2317 5111 adolescens?
2349 5055 2444 5108 Ait
2476 5074 2487 5109 :
2522 5056 2655 5119 Quae
2696 5057 2834 5110 mihi
2872 5058 3089 5113 utilitas
3117 5060 3243 5127 erit,
3277 5062 3325 5115 si
3350 5062 3543 5116 dixero

1953 5144 2057 5198 tibi
2077 5145 2100 5197 ?
2120 5146 2520 5199 Perseverante
2534 5150 2721 5197 autem
2742 5146 2966 5213 Basilio,
2997 5153 3054 5202 et
3073 5148 3124 5202 ei
3149 5148 3414 5220 prodesse
3430 5151 3547 5222 pol-

1955 5235 2176 5299 licente,
2209 5232 2348 5286 dixit
2377 5233 2428 5286 ei
2456 5238 2574 5287 tam
2604 5233 2933 5304 sophistam,
2958 5253 3127 5308 quam
3143 5239 3314 5293 etiam
3330 5256 3542 5305 versus,

1957 5329 2013 5378 et
2039 5322 2171 5393 quia
2199 5327 2428 5393 pr0pter
2446 5322 2553 5377 hoc
2580 5321 2793 5378 laboro.
2828 5325 2937 5389 Qui
2980 5328 3253 5399 susceptis
3293 5328 3547 5384 versibus

1959 5411 2125 5482 coepit
2152 5411 2337 5465 dicere
2381 5411 2585 5466 horum
2625 5413 3071 5470 translationem.
3099 5418 3175 5471 At
3201 5434 3332 5472 vero
3366 5416 3550 5471 adole-

1958 5517 2115 5557 scens
2142 5500 2483 5571 stupefactus
2510 5502 2724 5573 pariter
2761 5508 2819 5557 et
2845 5504 3088 5575 gavisus,
3123 5504 3183 5563 in
3211 5505 3433 5578 scriptis
3463 5520 3552 5557 ex-

3247 5711 3325 5781 lO
