4004 6196
438 276 542 338 299

1453 277 1548 332 DE
1585 277 1774 364 VITIS
1811 277 2110 334 PATRUM
2141 275 2362 332 LIBER
2395 274 2687 330 PRIMUS.

3601 273 3710 333 300

437 399 571 472 poni
601 417 728 456 eam
756 399 990 470 rogavit.
1018 397 1124 460 Qui
1153 397 1375 470 scripsit
1399 398 1606 451 horum.
1625 396 1961 452 solutionem
1985 399 2040 450 in
2060 401 2110 455 Α.
2125 414 2191 452 eo
2221 397 2450 450 veniens
2467 395 2758 449 descendit
2786 395 2845 448 in
2861 411 3086 467 aquam,
3104 400 3162 450 et
3177 395 3408 452 turbata
3430 413 3579 467 aqua
3591 413 3722 452 con-

436 487 619 546 tribus
634 487 996 544 editionibus:
1024 502 1166 557 puer
1177 493 1368 540 autem
1381 487 1625 556 suscepit
1643 504 1737 542 eos
1757 487 2031 556 gaudens,

439 584 496 633 et
529 579 753 633 diliculo
799 576 984 647 pergit
1011 575 1081 631 ad
1128 573 1443 634 Libanium,
1476 581 1533 628 et
1560 575 1656 628 dat
1693 575 1744 628 ei
1773 591 2034 628 versuum

437 665 900 726 enucleationem.
930 665 1224 735 Accipiens
1267 671 1458 718 autem
1499 663 1784 729 Libanius,
1818 670 1874 717 et
1901 679 2034 716 con-

434 757 718 810 sternatus
737 771 906 824 super
917 754 1307 820 translatione,
1321 753 1464 807 dixit
1486 771 1498 807 :
1517 753 1624 806 Per
1637 753 1881 806 divinam
1897 753 2034 806 Pro-

435 843 740 898 videntiam
778 839 969 898 nullus
1006 843 1368 916 prazsentium
1395 841 1733 914 sapientium
1761 842 1873 894 tale
1903 842 2036 912 quid

434 935 621 1004 potest
638 933 1021 1004 interpretari.
1041 933 1200 987 Unde
1221 948 1354 1002 ergo
1370 937 1456 985 est
1473 932 1676 985 horum
1707 931 2036 985 innovator?

433 1021 515 1076 ait
539 1039 683 1096 puer
711 1040 722 1076 :
758 1022 1097 1092 Peregrinus
1119 1021 1346 1092 quidam
1375 1020 1600 1074 veniens
1629 1020 1699 1074 ad
1729 1019 2035 1090 hospitium

433 1127 644 1176 meum,
661 1111 1020 1183 paratissime
1041 1110 1308 1164 disseruit
1325 1109 1461 1164 mihi
1485 1111 1686 1164 horum
1712 1109 2034 1164 dissolutio-

434 1217 586 1256 nem.
601 1201 765 1258 Nihil‘
776 1215 908 1274 ergo
923 1199 1214 1270 negligens
1228 1198 1514 1264 Libanius,
1531 1199 1740 1252 cursim
1758 1199 1829 1251 ad
1843 1198 2036 1268 hospi-

434 1289 579 1343 tium
604 1290 776 1355 venit,
810 1297 868 1343 et
897 1289 1088 1343 videns
1117 1288 1388 1344 Basiliam
1417 1305 1538 1342 una
1557 1304 1685 1342 cum
1717 1287 1946 1352 Eubolo,
1980 1293 2037 1341 et

437 1395 842 1449 recognoscens
887 1395 1002 1444 eos,
1044 1377 1458 1448 obstupefactus
1489 1383 1576 1430 est
1620 1393 1722 1447 pro
1761 1377 2032 1446 inspirata

436 1467 731 1542 utriusque
759 1467 1020 1522 adventu.
1062 1467 1294 1538 Rogavit
1327 1473 1517 1521 autem
1547 1482 1642 1519 eos
1670 1465 1943 1519 divertere
1972 1465 2030 1519 in

431 1557 677 1610 domum.
697 1573 890 1622 suam;
923 1561 980 1608 et
1014 1555 1118 1608 hoc
1141 1559 1489 1620 consecutus,
1523 1553 1742 1624 rogavit
1767 1552 1939 1607 etiam
1967 1559 2032 1606 ut

435 1660 661 1700 suavem
689 1661 788 1698 seu
810 1642 1092 1700 conditam
1113 1648 1401 1697 sumerent
1439 1659 1643 1697 escam.
1663 1642 1772 1706 Qui
1802 1659 1946 1712 pane
1975 1649 2032 1696 et

433 1749 598 1806 aqua,
623 1731 931 1790 secundum
958 1732 1418 1803 consequentiam
1450 1749 1572 1802 quae
1605 1730 1674 1784 ab
1705 1731 1842 1802 ipsis
1871 1737 2031 1784 tene-

433 1821 618 1887 batur,
648 1828 970 1878 mensurate
993 1821 1289 1894 perceptis,
1313 1821 1527 1891 gratias
1553 1825 1792 1890 egerunt
1819 1819 1954 1886 Deo,
1973 1826 2031 1874 et

431 1910 683 1968 omnium
697 1909 1271 1967 datori.bonorum.Pa
1278 1909 1558 1964 ratissime
1569 1907 2030 1979 itaqueLibanius

430 1999 600 2072 coepit
622 2016 751 2058 cum
781 1999 850 2053 iis
895 2016 1164 2070 quaerere,
1209 2016 1274 2053 ac
1301 1999 1636 2070 protendere
1665 1997 2029 2053 verbositates

430 2087 759 2146 rhetoricas.
794 2086 883 2142 Illi
905 2095 1096 2142 autem
1127 2093 1545 2162 proposuerunt
1580 2087 1631 2140 ei
1681 2087 1748 2140 de
1779 2087 1887 2142 ﬁde
1916 2103 2030 2140 ser-

430 2179 766 2234 monem.At
782 2194 912 2232 vero
937 2175 1207 2237 Libanius
1229 2177 1477 2232 sentiens
1507 2194 1632 2248 quae
1663 2169 2024 2233 dicebantur:

429 2266 692 2322 Nondum
713 2273 818 2332 est,
836 2266 1042 2336 inquit,
1067 2271 1288 2337 tempus
1313 2266 1483 2338 hujus
1505 2265 1876 2336 Operationis;
1901 2282 2030 2319 cum

429 2362 619 2411 autem
629 2356 867 2427 jusserit
885 2372 1129 2427 superna
1159 2354 1538 2423 Providentia,
1561 2371 1671 2408 non
1701 2361 1786 2408 est
1813 2355 1908 2426 qui
1949 2372 2032 2408 re-

429 2445 610 2502 sistat.
637 2445 745 2499 Sed
764 2444 898 2518 quia
926 2445 984 2498 in
1015 2443 1274 2498 maximis
1302 2443 1442 2496 mihi
1465 2443 1742 2514 profuisti,
1767 2462 1798 2496 ο
1837 2444 2028 2508 Basili,

429 2533 719 2605 disputare
750 2549 974 2607 quoque
1003 2532 1073 2586 ad
1104 2531 1343 2586 novitios
1372 2549 1528 2586 meos
1576 2549 1645 2585 ne
1673 2533 2020 2602 dedigneris.

429 2622 540 2686 Qui
599 2621 860 2678 celeriter
916 2620 1268 2692 congregatis
1299 2621 1622 2691 juvenibus,
1668 2621 1901 2676 docebat
1939 2639 2033 2676 eos

431 2709 769 2766 munditiam
793 2709 994 2765 animae
1007 2715 1064 2763 et
1082 2709 1592 2780 impassibilitatem
1609 2711 2034 2782 corporis,gres-

431 2815 560 2853 sum
590 2797 807 2864 mitem,
840 2814 1031 2853 vocem
1059 2804 1454 2868 temperatam,
1474 2816 1791 2853 sermonem
1811 2800 2034 2856 ordina-

429 2892 574 2952 tum,
594 2885 783 2942 cibum
808 2891 865 2941 et
887 2887 1631 2958 potumimperturbabilem,
1645 2905 1833 2943 coram
1846 2889 2030 2943 senio-

434 2975 590 3030 ribus
607 2975 912 3040 silentium,
933 2981 1064 3030 ante
1091 2975 1461 3047 sapientiores
1491 2977 1860 3043 auditionem,
1881 2979 2034 3032 circa

2117 486 2322 540 volavit
2348 485 2407 538 in
2436 486 2671 552 coelum;
2710 485 2768 537 hi
2803 501 2932 538 vero
2974 485 3071 556 qui
3104 485 3366 540 astabant
3409 485 3718 540 tremefacti

2115 575 2574 644 glorificaverunt
2586 574 2786 640 Deum;
2818 573 3132 644 baptizatus
3145 580 3337 628 autem
3349 574 3591 628 Basilius
3602 575 3718 628 exi-

2117 664 2196 717 vit
2206 663 2276 716 ab
2293 680 2457 734 aqua.
2467 663 2766 716 Admirans
2778 669 2966 717 autem
2981 663 3319 718 Maximinus
3331 661 3526 717 Basilii
3545 663 3718 719 dilec-

2117 751 2328 806 tionem
2342 769 2512 822 quam
2524 752 2582 805 in
2595 753 2775 805 Deum
2789 751 3048 815 habebat,
3065 755 3122 806 et
3133 753 3386 806 oratione
3411 751 3538 807 fusa
3547 771 3719 826 super

2120 857 2249 894 eum
2264 841 2450 894 induit
2462 840 2709 895 vestibus
2725 841 3150 896 resurrectionis
3164 841 3393 895 Christi.
3408 841 3720 914 Baptizavit

2119 934 2308 982 autem
2338 940 2400 982 et
2436 928 2736 995 Eubulum,
2777 933 2832 983 et
2857 947 3074 1000 ungens
3106 929 3279 985 etiam
3321 933 3516 985 sancto
3547 931 3724 985 chris-

2119 1021 2270 1072 mate
2296 1016 2434 1086 (25),
2475 1017 2708 1072 tradidit
2734 1017 3006 1073 vivificam
3049 1019 3523 1087 communionem,
3557 1026 3617 1074 et
3637 1038 3724 1074 ro-

2115 1105 2270 1175 gavit
2291 1107 2562 1160 Basilium
2593 1107 2694 1161 Dei
2724 1108 2982 1162 sacerdos
3009 1113 3136 1180 post
3155 1109 3472 1163 orationem
3489 1126 3719 1164 sumere

2119 1194 2326 1262 cibum,
2363 1197 2512 1266 quod
2547 1202 2600 1250 et
2635 1196 2766 1250 fecit
2807 1196 2996 1251 dicens
3027 1206 3039 1252 ε
3071 1197 3308 1252 Domine
3335 1199 3470 1252 Jesu
3491 1199 3722 1252 Christe

2119 1282 2269 1336 Deus
2291 1289 2500 1346 noster,
2519 1283 2598 1338 ita
2623 1285 2787 1339 credo
2819 1285 3150 1356 evangelicae
3169 1287 3288 1341 voci
3309 1291 3440 1354 tuae,
3475 1291 3533 1342 et
3554 1303 3724 1359 spero

2117 1370 2175 1424 in
2197 1370 2540 1442 benignitate
2553 1378 2670 1440 tua,
2686 1373 2784 1433 ait,
2799 1373 3147 1429 manducans
3177 1381 3234 1430 et
3263 1375 3477 1444 bibens,
3496 1377 3725 1430 vincam

2113 1459 2472 1514 resistentem
2511 1461 2670 1516 nobis
2707 1462 2992 1517 diabolum
3039 1465 3432 1536 cooperatione
3471 1465 3722 1537 Spiritus

2113 1550 2290 1603 sancti
2339 1551 2442 1604 tui.
2479 1551 2834 1622 Stupefactus
2870 1557 3057 1606 autem
3089 1553 3349 1608 sacerdos
3381 1553 3484 1608 Dei
3515 1554 3576 1608 in
3607 1555 3720 1608 ﬁde

2112 1638 2283 1706 illius,
2302 1656 2558 1693 reversus
2577 1645 2798 1695 estcum
2815 1641 2894 1694 eis
2909 1641 2967 1695 in
2984 1647 3238 1697 sanctam
3257 1643 3568 1698 civitatem.
3591 1646 3715 1698 An-

2051 1717 2419 1782 aniversario
2438 1746 2566 1782 vero
2595 1736 2848 1801 tempore
2871 1731 2986 1784 illic
3012 1731 3390 1796 demorantes,
3422 1735 3716 1788 communi

2113 1817 2344 1871 consilio
2388 1824 2666 1873 venerunt
2701 1820 3079 1886 Antiochiam,
3107 1827 3165 1876 et
3206 1820 3448 1876 Basilius
3477 1840 3514 1876 a
3543 1823 3716 1878 Mele-

2110 1904 2192 1958 tio
2217 1904 2331 1975 (26)
2349 1907 2604 1978 ejusdem
2624 1908 2779 1962 urbis
2821 1910 3079 1982 episcopo
3108 1910 3179 1964 ad
3201 1909 3423 1966 diaconi
3449 1911 3716 1966 ordinem

2111 2001 2421 2064 promotus,
2439 2003 2496 2050 et
2521 1997 2949 2053 Proverbiorum
2971 1997 3077 2070 (27)
3095 2017 3415 2055 sermonem
3435 2001 3717 2072 interpre-

2111 2088 2281 2150 tatus,
2317 2087 2498 2140 multa
2525 2092 2612 2140 est
2639 2088 3012 2142 admiratione
3038 2096 3350 2160 provectus.

2186 2173 2315 2226 CAP.
2349 2175 2418 2228 V.
2451 2206 2516 2215 —
2546 2176 2680 2230 Post
2717 2193 2828 2230 non
2877 2178 3054 2232 multo
3111 2183 3364 2250 tempore
3397 2184 3714 2246 transacto,

2112 2264 2432 2333 properavit
2451 2281 2568 2318 una
2586 2282 2712 2319 cum
2735 2265 2949 2320 Eubulo
2983 2267 3053 2321 ad
3085 2268 3609 2346 Cappadocensium
3634 2288 3724 2324 re-

2111 2351 2336 2419 gionem
2359 2371 2372 2418 ;
2395 2357 2453 2408 et
2481 2370 2609 2408 cum
2633 2356 2754 2426 jam
2783 2356 3017 2427 jamque
3045 2357 3355 2428 ingressuri
3381 2365 3574 2413 essent
3603 2361 3724 2414 Cae-

2113 2439 2450 2495 sariensiuin
2463 2442 2764 2509 civitatein,
2789 2444 2848 2498 in
2860 2445 3071 2500 visione
3116 2446 3294 2502 noctis
3322 2447 3606 2502 revelatus
3634 2454 3724 2503 est

2114 2533 2248 2583 tunc
2292 2530 2552 2602 episcopo
2603 2532 2777 2603 ipsius
2825 2533 2999 2600 urbis,
3037 2535 3274 2590 Eusebio
3319 2534 3430 2606 (28)
3462 2538 3720 2604 nomine,

2114 2617 2314 2671 horum
2335 2619 2629 2686 adventus,
2655 2627 2712 2674 et
2741 2623 2888 2693 quod
2917 2624 3162 2679 Basilius
3174 2627 3294 2695 ejus
3311 2631 3461 2680 esset
3489 2625 3725 2682 futurus

2116 2723 2422 2762 successor.
2457 2709 2564 2774 Qui
2595 2713 3017 2784 expergefactus
3047 2714 3262 2768 vocavit
3289 2714 3603 2787 principem
3636 2734 3729 2770 ec-

2116 2796 2438 2852 clesiasticze
2469 2799 2996 2868 administrationis,
3041 2808 3098 2856 et
3124 2803 3396 2874 quosdam
3427 2805 3727 2859 venerabi-

2114 2883 2252 2939 Iium
2282 2887 2630 2954 clericorum,
2647 2895 2704 2943 et
2730 2890 2882 2944 misit
2907 2907 3000 2945 eos
3030 2891 3102 2945 ad
3131 2893 3462 2948 orientalem
3487 2899 3724 2964 portam

2113 2973 2286 3038 urbis,
2334 2975 2523 3030 dicens
2552 2977 2632 3031 eis
2671 2979 2970 3046 visionem;
3016 2996 3254 3051 cumque
3284 2981 3436 3035 irent
3471 2983 3545 3037 ad
3583 3001 3724 3056 por-

430 3065 689 3138 praelatos
717 3064 1142 3135 subiectionem,
1173 3066 1322 3122 circa
1359 3067 1601 3136 aequales
1645 3083 1745 3122 seu
1786 3067 2032 3120 minores
2047 3067 2250 3138 ataui,
2283 3063 2430 3118 obvii
2487 3065 2717 3120 fuerunt
2764 3067 2863 3131 eis,
2897 3084 3027 3122 cum
3074 3069 3526 3139 ingrederentur.
3562 3071 3722 3135 Quos

427 3154 760 3214 charitatem
792 3170 904 3208 non
933 3153 1142 3221 ﬁctam,
1173 3171 1350 3226 pauca
1387 3155 1565 3220 effari,
1598 3156 1762 3228 plura
1787 3173 1918 3210 vero
1947 3156 2030 3210 in-

429 3243 716 3315 telligere;
745 3259 857 3298 non
891 3243 1210 3314 exasperari
1237 3261 1645 3310 sermone,non
1677 3243 2028 3316 superabun-

425 3333 564 3388 dare
580 3331 837 3406 loquelis,
885 3349 996 3388 non
1027 3349 1151 3388 esse
1182 3338 1471 3404 promptos
1501 3333 1570 3388 ad
1593 3333 1791 3399 risum,
1816 3335 2029 3404 pudore

429 3422 641 3488 ornari,
657 3439 786 3477 cum
805 3421 1444 3494 mulieribusimpudicis
1457 3439 1568 3476 non
1591 3423 1852 3493 colloqui,
1871 3423 2029 3477 deor-

427 3529 553 3568 sum
583 3511 765 3569 visum
794 3510 1021 3571 habere,
1045 3527 1268 3565 sursum
1293 3511 1576 3576 animam;
1607 3511 2030 3582 fugerecontra-

429 3601 722 3669 dictiones,
749 3616 863 3655 non
883 3599 1277 3656 didascalicam
1307 3600 1466 3670 sequi
1496 3600 1850 3670 dignitatem,
1887 3601 2027 3654 nihil

428 3690 707 3748 aestimare
737 3706 770 3743 a
797 3688 1221 3760 quibuscumque
1235 3689 1468 3744 collatos
1509 3689 1764 3744 honores.
1800 3689 1960 3754 Quod
1979 3689 2026 3743 si

429 3780 726 3852 quisquam
754 3782 1002 3833 vestrum
1021 3777 1146 3832 aliis
1171 3777 1340 3832 etiam
1359 3777 1620 3848 prodesse
1644 3783 1846 3848 potest,
1863 3795 1898 3830 a
1911 3779 2026 3832 Deo

429 3868 746 3926 mercedem
777 3871 1080 3938 exspectet,
1113 3870 1169 3919 et
1197 3870 1536 3920 aeternorum
1567 3865 1842 3920 bonorum
1869 3867 2028 3920 vicis-

429 3957 734 4016 situdinem
755 3973 790 4010 a
809 3954 1033 4010 Christo
1054 3955 1082 4008 J
1088 3972 1189 4009 esu
1223 3955 1461 4008 Domino
1492 3961 1703 4009 nostro.
1723 3955 1824 4008 His
1841 3955 2024 4020 dictis,

431 4045 670 4102 Basilius
691 4045 761 4101 ad
787 4044 1090 4122 discipulos
1120 4043 1364 4109 Libanii,
1397 4049 1456 4097 et
1484 4044 1642 4098 miris
1671 4044 1740 4098 ab
1769 4043 2027 4098 omnibus

429 4133 689 4193 laudibus
717 4134 1052 4194 cumulatus,
1078 4149 1192 4187 una
1221 4149 1346 4186 cum
1369 4133 1584 4186 Eubulo
1614 4132 1878 4204 carpebat
1895 4132 2022 4188 iter.

503 4223 634 4278 CAP.
651 4221 740 4277 IV.
753 4253 816 4262 —
835 4223 1088 4292 Cumque
1104 4222 1512 4292 Jerosolymam
1534 4226 1938 4292 pervenissent,
1970 4227 2028 4276 et

427 4330 653 4368 omnem
668 4313 851 4366 locum
866 4317 1281 4366 sacrosanctum
1294 4311 1404 4364 ﬁde
1419 4316 1477 4365 et
1487 4328 1678 4366 amore
1695 4311 2026 4382 perlustras-

426 4409 571 4469 sent,
593 4407 651 4457 et
666 4402 727 4456 in
747 4400 828 4457 eis
855 4400 1056 4463 Deum,
1101 4399 1197 4470 qui
1231 4415 1402 4470 super
1425 4399 1618 4454 omnia
1663 4405 1767 4464 est,
1801 4401 2025 4454 adoras-

427 4497 574 4560 sent,
603 4488 884 4546 manifesti
906 4488 1038 4546 facti
1061 4493 1193 4542 sunt
1219 4488 1478 4559 episcOpo
1510 4489 1770 4557 civitatis,
1799 4489 2028 4545 nomine

427 4576 732 4638 Maximino
761 4579 885 4650 (22).
917 4575 986 4632 Et
1021 4577 1151 4634 huic
1181 4576 1552 4650 procidentes,
1603 4579 2028 4649 postulaverunt

428 4669 660 4740 adipisci
717 4668 964 4728 divinam
1020 4663 1507 4735 regenerationem
1537 4665 1595 4718 in
1639 4666 1882 4720 Jordane
1915 4665 2022 4738 (23)

429 4755 681 4818 ﬂumine.
715 4757 867 4822 Quos
907 4756 1137 4812 intuens
1177 4758 1404 4808 sanctus
1443 4753 1533 4806 hic
1565 4752 1646 4806 vir
1689 4753 1808 4820 Dei,
1840 4755 2026 4824 gratia

426 4845 645 4916 plenus,
679 4845 1005 4918 adimplevit
1033 4842 1363 4916 petitionem
1393 4841 1744 4916 ipsorum,et
1761 4859 1877 4898 una
1895 4861 2026 4898 cum

426 4929 687 4987 ﬁdelibus
701 4933 838 4988 viris
865 4934 1018 4991 venit
1037 4933 1108 4988 ad
1135 4931 1460 4988 Jordanem.
1482 4931 1622 4986 Cum
1645 4937 1834 4986 autem
1865 4933 2025 4986 Basi-

375 5055 392 5062 -
427 5021 537 5076 lius
557 5021 878 5078 accessisset
905 5023 976 5076 ad
1004 5020 1446 5094 ripam,projicit
1473 5038 1534 5076 se
1569 5038 1738 5092 super
1763 5021 2019 5088 humum,

427 5116 486 5168 et
513 5127 641 5164 cum
671 5109 934 5180 lacrymis
977 5115 1034 5164 et
1061 5111 1305 5164 clamore
1333 5109 1516 5164 valido
1544 5109 1773 5180 patebat
1799 5109 2024 5180 signum

426 5217 540 5255 suae
562 5198 692 5253 ﬁdei
711 5198 966 5254 revelari.
1003 5198 1074 5252 Et
1109 5215 1236 5252 mox
1261 5216 1390 5253 cum
1417 5205 1663 5252 tremore
1679 5215 2024 5270 consurgens

433 5293 620 5362 [55
644 5287 873 5358 deponit
903 5286 1237 5342 vestimenta
1262 5304 1382 5352 sua,
1409 5292 1468 5340 et
1485 5305 1612 5342 cum
1624 5287 1704 5342 eis
1719 5287 2024 5362 proculdu-

425 5375 520 5436 bio
549 5382 794 5430 veterem
823 5370 1133 5440 hominem,
1168 5375 1248 5428 sic
1301 5375 1529 5429 demum
1579 5375 1922 5431 descendens
1963 5376 2021 5431 in

2111 3151 2361 3206 videntes
2413 3159 2468 3208 et
2515 3162 2906 3224 agnoscentes,
2948 3164 3291 3228 rogaverunt
3336 3163 3402 3213 ut
3449 3161 3723 3216 ascende-

2109 3246 2238 3294 rent
2259 3242 2330 3295 ad
2357 3243 2698 3314 episcopum.
2735 3245 2989 3318 Cumque
3016 3247 3314 3314 intrarent,
3347 3247 3591 3303 intuitus
3619 3267 3720 3305 eos

2111 3331 2499 3387 sanctissimus
2525 3334 2835 3405 episcopus,
2869 3341 2927 3389 et
2973 3336 3314 3408 stupefactus
3342 3337 3400 3390 in
3449 3337 3723 3393 similitu-

2109 3418 2238 3473 dine
2263 3419 2511 3486 visionis,
2542 3421 2659 3476 Deo
2687 3424 2898 3492 gratias
2927 3425 3064 3494 egit.
3097 3425 3468 3498 Interrogavit
3518 3432 3720 3482 autem

2109 3507 2257 3561 unde
2279 3509 2552 3576 venirent,
2576 3517 2632 3564 et
2657 3528 2766 3583 quo
2789 3511 3028 3578 abirent,
3055 3518 3112 3566 et
3145 3530 3266 3584 quae
3297 3530 3491 3568 eorum
3523 3520 3722 3570 essent

2107 3595 2394 3664 vocabula,
2427 3603 2486 3654 et
2511 3599 2750 3665 discens,
2774 3600 2914 3654 dixit
2935 3601 3261 3656 diacorribus
3291 3602 3542 3676 praebere
3588 3621 3721 3676 quae

2109 3684 2178 3738 ad
2209 3687 2459 3758 requiem
2489 3705 2684 3743 eorum
2703 3697 3109 3761 congruerent:
3139 3691 3234 3762 qui
3254 3691 3598 3746 adducentes
3620 3711 3724 3748 eos

2108 3773 2178 3826 ad
2219 3774 2440 3846 insigne
2490 3777 2874 3833 habitaculum
2911 3777 3040 3850 (‘29),
3073 3780 3261 3834 omnia
3292 3780 3624 3836 obtulerunt
3645 3783 3720 3836 ad

2106 3863 2444 3920 suavitatem
2475 3883 2688 3922 eorum.
2748 3867 2956 3922 Eadem
3001 3875 3191 3923 autem
3239 3869 3375 3923 hora
3427 3869 3719 3926 advocans

2110 3953 2495 4010 sanctissimus
2531 3956 2614 4010 vir
2642 3956 2972 4012 lectissimos
3017 3957 3152 4012 cleri
3181 3963 3239 4011 et
3265 3958 3522 4025 civitatis,
3547 3977 3720 4014 enar-

2109 4045 2253 4098 ravit
2280 4044 2360 4098 eis
2391 4060 2458 4097 ea
2490 4061 2612 4114 qua:
2656 4062 2689 4098 a
2729 4045 2846 4099 Deo
2875 4045 3101 4100 fuerant
3145 4047 3251 4100 sibi
3300 4047 3565 4102 revelata.
3601 4049 3717 4112 Qui

2108 4149 2223 4187 una
2242 4149 2372 4187 voce
2382 4131 2573 4188 dixeru
2586 4138 2675 4187 nt:
2710 4134 3000 4189 Veraciter
3009 4141 3067 4190 et
3077 4136 3183 4189 hoc
3203 4135 3375 4206 digna
3395 4141 3482 4190 est
3493 4139 3720 4192 munda

2106 4222 2222 4276 vita
2245 4227 2362 4288 tua,
2391 4226 2456 4276 ut
2475 4221 2740 4278 divinitus
2769 4223 2839 4278 de
2873 4224 3012 4278 caelo
3039 4225 3382 4278 revelaretur
3399 4225 3446 4278 is
3461 4225 3557 4297 qui
3582 4232 3722 4296 post

2038 4315 2162 4413 Dte
2190 4311 2411 4366 futurus
2450 4316 2536 4364 est
2563 4311 2940 4382 pontiﬁcalem
2981 4313 3252 4367 thronum
3290 4331 3512 4368 ornare.
3545 4315 3716 4370 Unde

2107 4400 2248 4454 nihil
2273 4399 2543 4454 haesitans
2572 4399 2660 4453 fac
2690 4401 2839 4472 quod
2867 4400 2970 4455 tibi
3001 4402 3240 4456 videtur.
3273 4401 3582 4475 Episcopus
3611 4421 3718 4459 au-

2105 4494 2221 4544 tem
2251 4489 2518 4543 advocato
2561 4488 2765 4544 Basilio
2793 4506 3070 4545 una’cum'
3094 4490 3330 4554 Eubulo,
3357 4493 3526 4562 ccepit
3551 4499 3718 4548 scru-

2105 4579 2215 4632 tari
2239 4595 2366 4632 cum
2388 4579 2469 4632 eis
2491 4595 2677 4633 sacras
2707 4578 3056 4650 Scripturas;
3089 4584 3146 4634 et
3165 4581 3450 4634 admirans
3471 4581 3717 4653 pelagus

2107 4668 2396 4740 sapientiae
2420 4683 2543 4738 quae
2562 4667 2748 4722 inerat
2787 4668 2917 4733 illis,
2937 4673 2993 4723 et
3019 4667 3230 4724 habitis
3261 4669 3342 4723 eis
3365 4669 3586 4724 idoneis
3617 4689 3722 4726 as-

2106 4757 2547 4821 sistoribus,non
2573 4763 2700 4830 post
2720 4757 2962 4812 multum
2989 4758 3258 4829 temporis
3304 4755 3460 4832 obiit.
3495 4760 3718 4814 Conve.

2107 4845 2325 4900 nientes
2355 4862 2488 4916 ergo
2517 4845 2761 4918 episcopi
2793 4847 2863 4900 ad
2895 4847 3172 4918 synodum
3205 4846 3337 4915 (30),
3361 4863 3491 4901 cum
3514 4865 3726 4920 operae

2105 4935 2256 4988 tione
2288 4933 2528 5005 Spiritus
2565 4935 2743 4988 sancti
2773 4934 2990 5006 eligunt
3035 4935 3306 4990 Basiliam
3335 4935 3406 4989 ad
3435 4936 3730 4991 thronum

2107 5022 2496 5094 episcopalem.
2531 5023 2639 5088 Qui
2668 5023 2925 5079 videlicet
2965 5028 3324 5079 consecratus
3349 5024 3722 5096 gubernabat

2106 5112 2408 5168 Ecclesiam
2427 5113 2526 5168 Dei
2547 5113 2916 5184 providentia.

2175 5203 2304 5266 CAP.
2323 5203 2417 5258 VI.
2439 5233 2504 5242 —
2527 5203 2660 5256 Post
2687 5202 2914 5273 aliquod
2938 5220 3068 5258 vero
3097 5209 3323 5276 tempus
3351 5204 3662 5274 postulavit
3675 5216 3724 5258 ‘a

2103 5291 2218 5345 Deo
2249 5309 2360 5362 quo
2392 5291 2720 5346 concederet
2750 5289 2856 5346 sibi
2875 5291 3120 5362 gratiam
3141 5292 3430 5362 sapientiae
3461 5297 3520 5345 et
3544 5292 3726 5346 intel-

2103 5379 2296 5444 lectus,
2323 5379 2623 5434 utoll‘erret
2649 5396 2751 5450 per
2779 5378 3005 5451 propria
3024 5379 3190 5434 verba
3211 5397 3314 5434 sua
3341 5381 3720 5436 incruentum

423 5483 632 5540 aquam
648 5464 864 5531 orabat,
886 5469 946 5518 et
964 5462 1232 5518 accedens
1263 5463 1834 5536 sacerdosbaptizavit
1863 5482 2014 5521 eum.
2101 5469 2215 5522 Deo
2271 5469 2624 5534 sacriﬁcium,
2659 5474 2714 5523 et
2759 5469 2975 5523 veniret
3022 5467 3081 5522 in
3113 5469 3473 5540 praesentiam
3517 5470 3722 5526 sancti

426 5555 495 5612 Et
519 5571 642 5610 ecce
658 5553 848 5626 fulgur
872 5553 1018 5624 ignis
1041 5551 1424 5623 prwfulsiteis,
1453 5559 1510 5608 et
1523 5553 1780 5608 columba
1807 5553 1922 5622 (24)
1950 5571 2016 5609 ex
2100 5557 2375 5628 Spiritus;
2409 5563 2466 5612 et
2505 5563 2632 5630 post
2659 5575 2754 5613 sex
2791 5557 2929 5629 dies,
2964 5558 3116 5614 velut
3141 5559 3204 5614 in
3241 5573 3467 5614 excessu
3488 5559 3721 5614 mentis
