  <div class='ocr_page' id='page_1' title='image "/cluster/home/n/w/nwhite01/storage/ocr_20150623/73/hvd.32044054758776/157.png"; bbox 0 0 4004 6196; ppageno 0'>
   <div class='ocr_carea' id='block_1_1' title="bbox 492 282 604 338">
    <p class='ocr_par' dir='ltr' id='par_1_1' title="bbox 492 282 604 338">
     <span class='ocr_line' id='line_1_1' title="bbox 492 282 604 338; baseline 0.009 -1"><span class='ocrx_word' id='word_1_1' title='bbox 492 282 604 338; x_wconf 86' lang='grc'>303</span> 
     </span>
    </p>
   </div>
   <div class='ocr_carea' id='block_1_2' title="bbox 1507 280 2743 338">
    <p class='ocr_par' dir='ltr' id='par_1_2' title="bbox 1507 280 2743 338">
     <span class='ocr_line' id='line_1_2' title="bbox 1507 280 2743 338; baseline -0.003 0"><span class='ocrx_word' id='word_1_2' title='bbox 1507 281 1602 338; x_wconf 90' lang='lat' dir='ltr'><strong>DE</strong></span> <span class='ocrx_word' id='word_1_3' title='bbox 1640 282 1828 338; x_wconf 88' lang='lat' dir='ltr'><strong>VITIS</strong></span> <span class='ocrx_word' id='word_1_4' title='bbox 1865 284 2163 338; x_wconf 82' lang='lat' dir='ltr'>PATRUM</span> <span class='ocrx_word' id='word_1_5' title='bbox 2201 282 2417 338; x_wconf 86' lang='lat' dir='ltr'><strong>LIBER</strong></span> <span class='ocrx_word' id='word_1_6' title='bbox 2452 280 2743 338; x_wconf 85' lang='lat' dir='ltr'>PRIMUS.</span> 
     </span>
    </p>
   </div>
   <div class='ocr_carea' id='block_1_3' title="bbox 3597 288 3680 345">
    <p class='ocr_par' dir='ltr' id='par_1_3' title="bbox 3597 288 3680 345">
     <span class='ocr_line' id='line_1_3' title="bbox 3597 288 3680 345; baseline 0 0"><span class='ocrx_word' id='word_1_7' title='bbox 3597 288 3680 345; x_wconf 67' lang='lat'>304</span> 
     </span>
    </p>
   </div>
   <div class='ocr_carea' id='block_1_4' title="bbox 495 405 3682 479">
    <p class='ocr_par' dir='ltr' id='par_1_4' title="bbox 495 405 3682 479">
     <span class='ocr_line' id='line_1_4' title="bbox 495 405 3682 479; baseline 0.001 -15"><span class='ocrx_word' id='word_1_8' title='bbox 495 412 694 465; x_wconf 80' lang='lat' dir='ltr'>amatis</span> <span class='ocrx_word' id='word_1_9' title='bbox 720 409 1086 465; x_wconf 80' lang='lat' dir='ltr'>voluntariam</span> <span class='ocrx_word' id='word_1_10' title='bbox 1109 406 1673 473; x_wconf 88' lang='lat' dir='ltr'>abrenuntiationem,</span> <span class='ocrx_word' id='word_1_11' title='bbox 1706 423 1875 477; x_wconf 89' lang='lat' dir='ltr'>quam</span> <span class='ocrx_word' id='word_1_12' title='bbox 1901 406 1963 460; x_wconf 91' lang='lat' dir='ltr'>in</span> <span class='ocrx_word' id='word_1_13' title='bbox 1991 423 2083 460; x_wconf 90' lang='lat' dir='ltr'>me</span> <span class='ocrx_word' id='word_1_14' title='bbox 2100 412 2150 469; x_wconf 81' lang='grc' dir='ltr'>Α</span> <span class='ocrx_word' id='word_1_15' title='bbox 2170 406 2435 462; x_wconf 80' lang='lat' dir='ltr'>suasoriis</span> <span class='ocrx_word' id='word_1_16' title='bbox 2463 409 2584 479; x_wconf 86' lang='lat' dir='ltr'>ejus</span> <span class='ocrx_word' id='word_1_17' title='bbox 2603 406 2785 461; x_wconf 82' lang='lat' dir='ltr'>verbis</span> <span class='ocrx_word' id='word_1_18' title='bbox 2807 406 3124 472; x_wconf 88' lang='lat' dir='ltr'>deveniens,</span> <span class='ocrx_word' id='word_1_19' title='bbox 3147 405 3276 460; x_wconf 82' lang='lat' dir='ltr'>dixit</span> <span class='ocrx_word' id='word_1_20' title='bbox 3303 407 3370 461; x_wconf 87' lang='lat' dir='ltr'>ad</span> <span class='ocrx_word' id='word_1_21' title='bbox 3395 424 3535 464; x_wconf 89' lang='lat' dir='ltr'>eum:</span> <span class='ocrx_word' id='word_1_22' title='bbox 3556 412 3605 467; x_wconf 90' lang='lat' dir='ltr'>Si</span> <span class='ocrx_word' id='word_1_23' title='bbox 3616 413 3682 466; x_wconf 89' lang='lat' dir='ltr'>vis</span> 
     </span>
    </p>
   </div>
   <div class='ocr_carea' id='block_1_5' title="bbox 493 495 2086 569">
    <p class='ocr_par' dir='ltr' id='par_1_5' title="bbox 493 495 2086 569">
     <span class='ocr_line' id='line_1_5' title="bbox 493 495 2086 569; baseline -0.004 -14"><span class='ocrx_word' id='word_1_24' title='bbox 493 515 599 569; x_wconf 88' lang='lat' dir='ltr'>per</span> <span class='ocrx_word' id='word_1_25' title='bbox 653 499 853 555; x_wconf 68' lang='lat' dir='ltr'>saecula</span> <span class='ocrx_word' id='word_1_26' title='bbox 892 502 1258 569; x_wconf 91' lang='lat' dir='ltr'>spontaneam</span> <span class='ocrx_word' id='word_1_27' title='bbox 1296 495 1807 567; x_wconf 88' lang='lat' dir='ltr'>repromissionem,</span> <span class='ocrx_word' id='word_1_28' title='bbox 1848 500 1905 549; x_wconf 86' lang='lat' dir='ltr'>et</span> <span class='ocrx_word' id='word_1_29' title='bbox 1954 495 2086 566; x_wconf 90' lang='lat' dir='ltr'>quia</span> 
     </span>
    </p>
   </div>
   <div class='ocr_carea' id='block_1_6' title="bbox 495 584 2083 656">
    <p class='ocr_par' dir='ltr' id='par_1_6' title="bbox 495 584 2083 656">
     <span class='ocr_line' id='line_1_6' title="bbox 495 584 2083 656; baseline -0.003 -13"><span class='ocrx_word' id='word_1_30' title='bbox 495 605 715 642; x_wconf 91' lang='lat' dir='ltr'>mecum</span> <span class='ocrx_word' id='word_1_31' title='bbox 741 587 852 641; x_wconf 89' lang='lat' dir='ltr'>eris</span> <span class='ocrx_word' id='word_1_32' title='bbox 878 586 938 640; x_wconf 92' lang='lat' dir='ltr'>in</span> <span class='ocrx_word' id='word_1_33' title='bbox 965 585 1057 640; x_wconf 91' lang='lat' dir='ltr'>die</span> <span class='ocrx_word' id='word_1_34' title='bbox 1081 585 1279 656; x_wconf 90' lang='lat' dir='ltr'>judicii</span> <span class='ocrx_word' id='word_1_35' title='bbox 1309 585 1478 640; x_wconf 85' lang='lat' dir='ltr'>simul</span> <span class='ocrx_word' id='word_1_36' title='bbox 1514 584 1890 655; x_wconf 85' lang='lat' dir='ltr'>perfruiturus</span> <span class='ocrx_word' id='word_1_37' title='bbox 1918 589 2083 638; x_wconf 66' lang='lat' dir='ltr'>aeter-</span> 
     </span>
    </p>
   </div>
   <div class='ocr_carea' id='block_1_7' title="bbox 493 673 2084 747">
    <p class='ocr_par' dir='ltr' id='par_1_7' title="bbox 493 673 2084 747">
     <span class='ocr_line' id='line_1_7' title="bbox 493 673 2084 747; baseline -0.003 -17"><span class='ocrx_word' id='word_1_38' title='bbox 493 677 582 730; x_wconf 89' lang='lat' dir='ltr'>nis</span> <span class='ocrx_word' id='word_1_39' title='bbox 636 674 937 747; x_wconf 88' lang='lat' dir='ltr'>suppliciis,</span> <span class='ocrx_word' id='word_1_40' title='bbox 986 691 1109 746; x_wconf 76' lang='lat' dir='ltr'>quae</span> <span class='ocrx_word' id='word_1_41' title='bbox 1146 673 1284 729; x_wconf 88' lang='lat' dir='ltr'>mihi</span> <span class='ocrx_word' id='word_1_42' title='bbox 1323 679 1457 727; x_wconf 92' lang='lat' dir='ltr'>sunt</span> <span class='ocrx_word' id='word_1_43' title='bbox 1492 679 1825 745; x_wconf 72' lang='lat' dir='ltr'>praeparata.</span> <span class='ocrx_word' id='word_1_44' title='bbox 1872 674 1948 726; x_wconf 86' lang='lat' dir='ltr'>At</span> <span class='ocrx_word' id='word_1_45' title='bbox 1989 673 2084 726; x_wconf 88' lang='lat' dir='ltr'>ille</span> 
     </span>
    </p>
   </div>
   <div class='ocr_carea' id='block_1_8' title="bbox 492 761 2084 835">
    <p class='ocr_par' dir='ltr' id='par_1_8' title="bbox 492 761 2084 835">
     <span class='ocr_line' id='line_1_8' title="bbox 492 761 2084 835; baseline -0.003 -17"><span class='ocrx_word' id='word_1_46' title='bbox 492 763 747 835; x_wconf 82' lang='lat' dir='ltr'>exposuit</span> <span class='ocrx_word' id='word_1_47' title='bbox 768 762 1013 835; x_wconf 66' lang='lat' dir='ltr'>propriae</span> <span class='ocrx_word' id='word_1_48' title='bbox 1042 779 1243 817; x_wconf 89' lang='lat' dir='ltr'>manus</span> <span class='ocrx_word' id='word_1_49' title='bbox 1282 762 1574 833; x_wconf 87' lang='lat' dir='ltr'>scriptum,</span> <span class='ocrx_word' id='word_1_50' title='bbox 1608 761 2084 833; x_wconf 84' lang='lat' dir='ltr'>quemadmodum</span> 
     </span>
    </p>
   </div>
   <div class='ocr_carea' id='block_1_9' title="bbox 488 850 2085 923">
    <p class='ocr_par' dir='ltr' id='par_1_9' title="bbox 488 850 2085 923">
     <span class='ocr_line' id='line_1_9' title="bbox 488 850 2085 923; baseline -0.001 -18"><span class='ocrx_word' id='word_1_51' title='bbox 488 853 674 907; x_wconf 81' lang='lat' dir='ltr'>fuerat</span> <span class='ocrx_word' id='word_1_52' title='bbox 699 852 995 923; x_wconf 86' lang='lat' dir='ltr'>expetitus.</span> <span class='ocrx_word' id='word_1_53' title='bbox 1030 852 1357 922; x_wconf 84' lang='lat' dir='ltr'>Rursusque</span> <span class='ocrx_word' id='word_1_54' title='bbox 1412 851 1505 904; x_wconf 90' lang='lat' dir='ltr'>ille</span> <span class='ocrx_word' id='word_1_55' title='bbox 1534 857 1829 922; x_wconf 81' lang='lat' dir='ltr'>corruptor</span> <span class='ocrx_word' id='word_1_56' title='bbox 1872 850 2085 904; x_wconf 87' lang='lat' dir='ltr'>anima-</span> 
     </span>
    </p>
   </div>
   <div class='ocr_carea' id='block_1_10' title="bbox 486 938 2083 1010">
    <p class='ocr_par' dir='ltr' id='par_1_10' title="bbox 486 938 2083 1010">
     <span class='ocr_line' id='line_1_10' title="bbox 486 938 2083 1010; baseline -0.002 -14"><span class='ocrx_word' id='word_1_57' title='bbox 486 957 610 996; x_wconf 90' lang='lat' dir='ltr'>rum</span> <span class='ocrx_word' id='word_1_58' title='bbox 641 940 809 995; x_wconf 87' lang='lat' dir='ltr'>draco</span> <span class='ocrx_word' id='word_1_59' title='bbox 837 940 1083 994; x_wconf 79' lang='lat' dir='ltr'>destinat</span> <span class='ocrx_word' id='word_1_60' title='bbox 1104 941 1386 995; x_wconf 65' lang='lat' dir='ltr'>daemones</span> <span class='ocrx_word' id='word_1_61' title='bbox 1426 938 1783 993; x_wconf 85' lang='lat' dir='ltr'>fornicationi</span> <span class='ocrx_word' id='word_1_62' title='bbox 1812 939 2083 1010; x_wconf 81' lang='lat' dir='ltr'>praeposi-</span> 
     </span>
    </p>
   </div>
   <div class='ocr_carea' id='block_1_11' title="bbox 485 1027 2079 1098">
    <p class='ocr_par' dir='ltr' id='par_1_11' title="bbox 485 1027 2079 1098">
     <span class='ocr_line' id='line_1_11' title="bbox 485 1027 2079 1098; baseline -0.002 -15"><span class='ocrx_word' id='word_1_63' title='bbox 485 1035 574 1084; x_wconf 91' lang='lat' dir='ltr'>tos</span> <span class='ocrx_word' id='word_1_64' title='bbox 592 1028 800 1098; x_wconf 69' lang='lat' dir='ltr'>(40),et</span> <span class='ocrx_word' id='word_1_65' title='bbox 827 1029 1185 1084; x_wconf 86' lang='lat' dir='ltr'>exardescere</span> <span class='ocrx_word' id='word_1_66' title='bbox 1214 1028 1427 1083; x_wconf 82' lang='lat' dir='ltr'>faciunt</span> <span class='ocrx_word' id='word_1_67' title='bbox 1452 1028 1697 1098; x_wconf 81' lang='lat' dir='ltr'>puellam</span> <span class='ocrx_word' id='word_1_68' title='bbox 1727 1027 1799 1081; x_wconf 93' lang='lat' dir='ltr'>ad</span> <span class='ocrx_word' id='word_1_69' title='bbox 1828 1043 2079 1081; x_wconf 91' lang='lat' dir='ltr'>amorem</span> 
     </span>
    </p>
   </div>
   <div class='ocr_carea' id='block_1_12' title="bbox 484 1115 2083 1190">
    <p class='ocr_par' dir='ltr' id='par_1_12' title="bbox 484 1115 2083 1190">
     <span class='ocr_line' id='line_1_12' title="bbox 484 1115 2083 1190; baseline -0.002 -18"><span class='ocrx_word' id='word_1_70' title='bbox 484 1117 667 1189; x_wconf 85' lang='lat' dir='ltr'>pueri,</span> <span class='ocrx_word' id='word_1_71' title='bbox 702 1133 824 1190; x_wconf 68' lang='lat' dir='ltr'>quae</span> <span class='ocrx_word' id='word_1_72' title='bbox 873 1116 1109 1190; x_wconf 90' lang='lat' dir='ltr'>projecit</span> <span class='ocrx_word' id='word_1_73' title='bbox 1147 1134 1207 1171; x_wconf 91' lang='lat' dir='ltr'>se</span> <span class='ocrx_word' id='word_1_74' title='bbox 1259 1116 1319 1170; x_wconf 93' lang='lat' dir='ltr'>in</span> <span class='ocrx_word' id='word_1_75' title='bbox 1373 1116 1778 1188; x_wconf 83' lang='lat' dir='ltr'>pavimentum,</span> <span class='ocrx_word' id='word_1_76' title='bbox 1821 1121 1879 1169; x_wconf 95' lang='lat' dir='ltr'>et</span> <span class='ocrx_word' id='word_1_77' title='bbox 1915 1115 2083 1186; x_wconf 84' lang='lat' dir='ltr'>coepit</span> 
     </span>
    </p>
   </div>
   <div class='ocr_carea' id='block_1_13' title="bbox 485 1204 2083 1278">
    <p class='ocr_par' dir='ltr' id='par_1_13' title="bbox 485 1204 2083 1278">
     <span class='ocr_line' id='line_1_13' title="bbox 485 1204 2083 1278; baseline -0.003 -17"><span class='ocrx_word' id='word_1_78' title='bbox 485 1206 733 1261; x_wconf 88' lang='lat' dir='ltr'>clamare</span> <span class='ocrx_word' id='word_1_79' title='bbox 761 1206 835 1260; x_wconf 87' lang='lat' dir='ltr'>ad</span> <span class='ocrx_word' id='word_1_80' title='bbox 869 1212 1089 1278; x_wconf 86' lang='lat' dir='ltr'>patrem</span> <span class='ocrx_word' id='word_1_81' title='bbox 1123 1223 1135 1258; x_wconf 91' lang='lat'>:</span> <span class='ocrx_word' id='word_1_82' title='bbox 1171 1205 1437 1260; x_wconf 88' lang='lat' dir='ltr'>Miserere</span> <span class='ocrx_word' id='word_1_83' title='bbox 1463 1204 1595 1271; x_wconf 91' lang='lat' dir='ltr'>mei,</span> <span class='ocrx_word' id='word_1_84' title='bbox 1627 1204 1916 1271; x_wconf 83' lang='lat' dir='ltr'>miserere,</span> <span class='ocrx_word' id='word_1_85' title='bbox 1950 1204 2083 1275; x_wconf 86' lang='lat' dir='ltr'>quia</span> 
     </span>
    </p>
   </div>
   <div class='ocr_carea' id='block_1_14' title="bbox 483 1294 2077 1367">
    <p class='ocr_par' dir='ltr' id='par_1_14' title="bbox 483 1294 2077 1367">
     <span class='ocr_line' id='line_1_14' title="bbox 483 1294 2077 1367; baseline -0.002 -18"><span class='ocrx_word' id='word_1_86' title='bbox 483 1295 751 1367; x_wconf 80' lang='lat' dir='ltr'>atrociter</span> <span class='ocrx_word' id='word_1_87' title='bbox 775 1300 1044 1367; x_wconf 89' lang='lat' dir='ltr'>torqueor</span> <span class='ocrx_word' id='word_1_88' title='bbox 1069 1299 1299 1366; x_wconf 87' lang='lat' dir='ltr'>propter</span> <span class='ocrx_word' id='word_1_89' title='bbox 1332 1294 1504 1347; x_wconf 89' lang='lat' dir='ltr'>talem</span> <span class='ocrx_word' id='word_1_90' title='bbox 1533 1309 1771 1364; x_wconf 77' lang='lat' dir='ltr'>puerum</span> <span class='ocrx_word' id='word_1_91' title='bbox 1801 1298 2077 1347; x_wconf 90' lang='lat' dir='ltr'>nostrum.</span> 
     </span>
    </p>
   </div>
   <div class='ocr_carea' id='block_1_15' title="bbox 485 1360 2084 1456">
    <p class='ocr_par' dir='ltr' id='par_1_15' title="bbox 485 1360 2084 1456">
     <span class='ocr_line' id='line_1_15' title="bbox 485 1360 2084 1456; baseline -0.003 -17"><span class='ocrx_word' id='word_1_92' title='bbox 485 1360 820 1456; x_wconf 74' lang='lat' dir='ltr'>Compatere</span> <span class='ocrx_word' id='word_1_93' title='bbox 845 1382 1148 1438; x_wconf 87' lang='lat' dir='ltr'>visceribus</span> <span class='ocrx_word' id='word_1_94' title='bbox 1175 1382 1307 1448; x_wconf 84' lang='lat' dir='ltr'>tuis,</span> <span class='ocrx_word' id='word_1_95' title='bbox 1341 1382 1573 1437; x_wconf 86' lang='lat' dir='ltr'>ostende</span> <span class='ocrx_word' id='word_1_96' title='bbox 1602 1382 1662 1436; x_wconf 84' lang='lat' dir='ltr'>in</span> <span class='ocrx_word' id='word_1_97' title='bbox 1699 1398 1791 1435; x_wconf 89' lang='lat' dir='ltr'>me</span> <span class='ocrx_word' id='word_1_98' title='bbox 1827 1381 2084 1452; x_wconf 88' lang='lat' dir='ltr'>unigeni-</span> 
     </span>
    </p>
   </div>
   <div class='ocr_carea' id='block_1_16' title="bbox 484 1471 2078 1545">
    <p class='ocr_par' dir='ltr' id='par_1_16' title="bbox 484 1471 2078 1545">
     <span class='ocr_line' id='line_1_16' title="bbox 484 1471 2078 1545; baseline -0.003 -17"><span class='ocrx_word' id='word_1_99' title='bbox 484 1479 605 1528; x_wconf 87' lang='lat' dir='ltr'>tam</span> <span class='ocrx_word' id='word_1_100' title='bbox 630 1478 790 1528; x_wconf 87' lang='lat' dir='ltr'>tuam</span> <span class='ocrx_word' id='word_1_101' title='bbox 816 1479 1114 1545; x_wconf 88' lang='lat' dir='ltr'>paternum</span> <span class='ocrx_word' id='word_1_102' title='bbox 1145 1471 1425 1535; x_wconf 75' lang='lat' dir='ltr'>affectum,</span> <span class='ocrx_word' id='word_1_103' title='bbox 1472 1477 1530 1524; x_wconf 92' lang='lat' dir='ltr'>et</span> <span class='ocrx_word' id='word_1_104' title='bbox 1552 1471 1728 1542; x_wconf 90' lang='lat' dir='ltr'>junge</span> <span class='ocrx_word' id='word_1_105' title='bbox 1764 1487 1855 1524; x_wconf 90' lang='lat' dir='ltr'>me</span> <span class='ocrx_word' id='word_1_106' title='bbox 1883 1487 2078 1542; x_wconf 90' lang='lat' dir='ltr'>puero,</span> 
     </span>
    </p>
   </div>
   <div class='ocr_carea' id='block_1_17' title="bbox 487 1558 2083 1636">
    <p class='ocr_par' dir='ltr' id='par_1_17' title="bbox 487 1558 2083 1636">
     <span class='ocr_line' id='line_1_17' title="bbox 487 1558 2083 1636; baseline -0.004 -18"><span class='ocrx_word' id='word_1_107' title='bbox 487 1578 656 1636; x_wconf 87' lang='lat' dir='ltr'>quem</span> <span class='ocrx_word' id='word_1_108' title='bbox 685 1561 834 1633; x_wconf 85' lang='lat' dir='ltr'>eligi.</span> <span class='ocrx_word' id='word_1_109' title='bbox 859 1560 1018 1625; x_wconf 89' lang='lat' dir='ltr'>Quod</span> <span class='ocrx_word' id='word_1_110' title='bbox 1047 1560 1095 1615; x_wconf 89' lang='lat' dir='ltr'>si</span> <span class='ocrx_word' id='word_1_111' title='bbox 1116 1560 1232 1615; x_wconf 68' lang='lat' dir='ltr'>haec</span> <span class='ocrx_word' id='word_1_112' title='bbox 1261 1576 1429 1631; x_wconf 88' lang='lat' dir='ltr'>agere</span> <span class='ocrx_word' id='word_1_113' title='bbox 1459 1559 1724 1625; x_wconf 89' lang='lat' dir='ltr'>nolueris,</span> <span class='ocrx_word' id='word_1_114' title='bbox 1748 1558 1962 1613; x_wconf 82' lang='lat' dir='ltr'>videbis</span> <span class='ocrx_word' id='word_1_115' title='bbox 1991 1575 2083 1613; x_wconf 92' lang='lat' dir='ltr'>me</span> 
     </span>
    </p>
   </div>
   <div class='ocr_carea' id='block_1_18' title="bbox 2167 493 3684 559">
    <p class='ocr_par' dir='ltr' id='par_1_18' title="bbox 2167 493 3684 559">
     <span class='ocr_line' id='line_1_18' title="bbox 2167 493 3684 559; baseline 0.004 -12"><span class='ocrx_word' id='word_1_116' title='bbox 2167 494 2305 548; x_wconf 90' lang='lat' dir='ltr'>mihi</span> <span class='ocrx_word' id='word_1_117' title='bbox 2338 495 2676 559; x_wconf 86' lang='lat' dir='ltr'>satisfacere,</span> <span class='ocrx_word' id='word_1_118' title='bbox 2701 500 2759 549; x_wconf 91' lang='lat' dir='ltr'>et</span> <span class='ocrx_word' id='word_1_119' title='bbox 2775 494 3054 549; x_wconf 88' lang='lat' dir='ltr'>infelicem</span> <span class='ocrx_word' id='word_1_120' title='bbox 3074 493 3309 548; x_wconf 81' lang='lat' dir='ltr'>animam</span> <span class='ocrx_word' id='word_1_121' title='bbox 3334 512 3500 551; x_wconf 87' lang='lat' dir='ltr'>meam</span> <span class='ocrx_word' id='word_1_122' title='bbox 3522 501 3684 554; x_wconf 82' lang='lat' dir='ltr'>certiﬁ-</span> 
     </span>
    </p>
   </div>
   <div class='ocr_carea' id='block_1_19' title="bbox 2166 584 3687 655">
    <p class='ocr_par' dir='ltr' id='par_1_19' title="bbox 2166 584 3687 655">
     <span class='ocr_line' id='line_1_19' title="bbox 2166 584 3687 655; baseline 0.003 -17"><span class='ocrx_word' id='word_1_123' title='bbox 2166 600 2314 650; x_wconf 86' lang='lat' dir='ltr'>care,</span> <span class='ocrx_word' id='word_1_124' title='bbox 2345 601 2469 639; x_wconf 89' lang='lat' dir='ltr'>cras</span> <span class='ocrx_word' id='word_1_125' title='bbox 2497 601 2600 655; x_wconf 88' lang='lat' dir='ltr'>ego</span> <span class='ocrx_word' id='word_1_126' title='bbox 2628 590 2686 638; x_wconf 94' lang='lat' dir='ltr'>et</span> <span class='ocrx_word' id='word_1_127' title='bbox 2706 590 2770 638; x_wconf 93' lang='lat' dir='ltr'>tu</span> <span class='ocrx_word' id='word_1_128' title='bbox 2798 599 3095 655; x_wconf 90' lang='lat' dir='ltr'>pergemus</span> <span class='ocrx_word' id='word_1_129' title='bbox 3124 584 3449 639; x_wconf 87' lang='lat' dir='ltr'>unanimiter</span> <span class='ocrx_word' id='word_1_130' title='bbox 3465 587 3527 639; x_wconf 91' lang='lat' dir='ltr'>ad</span> <span class='ocrx_word' id='word_1_131' title='bbox 3551 589 3687 643; x_wconf 85' lang='lat' dir='ltr'>eccle-</span> 
     </span>
    </p>
   </div>
   <div class='ocr_carea' id='block_1_20' title="bbox 2166 672 3688 745">
    <p class='ocr_par' dir='ltr' id='par_1_20' title="bbox 2166 672 3688 745">
     <span class='ocr_line' id='line_1_20' title="bbox 2166 672 3688 745; baseline 0.004 -19"><span class='ocrx_word' id='word_1_132' title='bbox 2166 672 2327 738; x_wconf 88' lang='lat' dir='ltr'>siam,</span> <span class='ocrx_word' id='word_1_133' title='bbox 2361 678 2419 727; x_wconf 93' lang='lat' dir='ltr'>et</span> <span class='ocrx_word' id='word_1_134' title='bbox 2448 690 2636 728; x_wconf 88' lang='lat' dir='ltr'>coram</span> <span class='ocrx_word' id='word_1_135' title='bbox 2680 690 2769 727; x_wconf 91' lang='lat' dir='ltr'>me</span> <span class='ocrx_word' id='word_1_136' title='bbox 2808 689 2968 727; x_wconf 89' lang='lat' dir='ltr'>sume</span> <span class='ocrx_word' id='word_1_137' title='bbox 3006 673 3333 726; x_wconf 87' lang='lat' dir='ltr'>intemerata</span> <span class='ocrx_word' id='word_1_138' title='bbox 3368 676 3617 745; x_wconf 83' lang='lat' dir='ltr'>mysteria,</span> <span class='ocrx_word' id='word_1_139' title='bbox 3642 684 3688 732; x_wconf 87' lang='lat' dir='ltr'>et</span> 
     </span>
    </p>
   </div>
   <div class='ocr_carea' id='block_1_21' title="bbox 2165 762 3692 833">
    <p class='ocr_par' dir='ltr' id='par_1_21' title="bbox 2165 762 3692 833">
     <span class='ocr_line' id='line_1_21' title="bbox 2165 762 3692 833; baseline 0.003 -18"><span class='ocrx_word' id='word_1_140' title='bbox 2165 762 2357 816; x_wconf 86' lang='lat' dir='ltr'>taliter</span> <span class='ocrx_word' id='word_1_141' title='bbox 2382 762 2521 816; x_wconf 89' lang='lat' dir='ltr'>mihi</span> <span class='ocrx_word' id='word_1_142' title='bbox 2550 762 2759 833; x_wconf 91' lang='lat' dir='ltr'>poteris</span> <span class='ocrx_word' id='word_1_143' title='bbox 2794 762 3136 816; x_wconf 83' lang='lat' dir='ltr'>satisfacere.</span> <span class='ocrx_word' id='word_1_144' title='bbox 3168 762 3316 815; x_wconf 90' lang='lat' dir='ltr'>Tunc</span> <span class='ocrx_word' id='word_1_145' title='bbox 3357 768 3555 817; x_wconf 86' lang='lat' dir='ltr'>coactus</span> <span class='ocrx_word' id='word_1_146' title='bbox 3581 765 3692 819; x_wconf 83' lang='lat' dir='ltr'>dixit</span> 
     </span>
    </p>
   </div>
   <div class='ocr_carea' id='block_1_22' title="bbox 2166 850 3693 922">
    <p class='ocr_par' dir='ltr' id='par_1_22' title="bbox 2166 850 3693 922">
     <span class='ocr_line' id='line_1_22' title="bbox 2166 850 3693 922; baseline 0.002 -18"><span class='ocrx_word' id='word_1_147' title='bbox 2166 850 2217 905; x_wconf 94' lang='lat' dir='ltr'>ei</span> <span class='ocrx_word' id='word_1_148' title='bbox 2237 851 2576 906; x_wconf 84' lang='lat' dir='ltr'>sententiam</span> <span class='ocrx_word' id='word_1_149' title='bbox 2600 851 2849 922; x_wconf 90' lang='lat' dir='ltr'>capituli.</span> <span class='ocrx_word' id='word_1_150' title='bbox 2872 851 3136 904; x_wconf 89' lang='lat' dir='ltr'>Protinus</span> <span class='ocrx_word' id='word_1_151' title='bbox 3161 867 3288 920; x_wconf 87' lang='lat' dir='ltr'>ergo</span> <span class='ocrx_word' id='word_1_152' title='bbox 3308 851 3479 921; x_wconf 85' lang='lat' dir='ltr'>puella</span> <span class='ocrx_word' id='word_1_153' title='bbox 3492 852 3693 907; x_wconf 86' lang='lat' dir='ltr'>feminea</span> 
     </span>
    </p>
   </div>
   <div class='ocr_carea' id='block_1_23' title="bbox 2162 937 3698 1010">
    <p class='ocr_par' dir='ltr' id='par_1_23' title="bbox 2162 937 3698 1010">
     <span class='ocr_line' id='line_1_23' title="bbox 2162 937 3698 1010; baseline 0.003 -19"><span class='ocrx_word' id='word_1_154' title='bbox 2162 937 2491 993; x_wconf 78' lang='lat' dir='ltr'>infirmitate</span> <span class='ocrx_word' id='word_1_155' title='bbox 2518 939 2792 1010; x_wconf 88' lang='lat' dir='ltr'>deposita,</span> <span class='ocrx_word' id='word_1_156' title='bbox 2821 944 2879 992; x_wconf 90' lang='lat' dir='ltr'>et</span> <span class='ocrx_word' id='word_1_157' title='bbox 2900 938 3130 993; x_wconf 87' lang='lat' dir='ltr'>consilio</span> <span class='ocrx_word' id='word_1_158' title='bbox 3153 937 3293 992; x_wconf 91' lang='lat' dir='ltr'>bono</span> <span class='ocrx_word' id='word_1_159' title='bbox 3313 945 3537 1010; x_wconf 86' lang='lat' dir='ltr'>accepto,</span> <span class='ocrx_word' id='word_1_160' title='bbox 3554 941 3698 996; x_wconf 83' lang='lat' dir='ltr'>currit</span> 
     </span>
    </p>
   </div>
   <div class='ocr_carea' id='block_1_24' title="bbox 2163 1026 3697 1099">
    <p class='ocr_par' dir='ltr' id='par_1_24' title="bbox 2163 1026 3697 1099">
     <span class='ocr_line' id='line_1_24' title="bbox 2163 1026 3697 1099; baseline 0.001 -18"><span class='ocrx_word' id='word_1_161' title='bbox 2163 1027 2234 1081; x_wconf 90' lang='lat' dir='ltr'>ad</span> <span class='ocrx_word' id='word_1_162' title='bbox 2251 1033 2533 1098; x_wconf 85' lang='lat' dir='ltr'>pastorem</span> <span class='ocrx_word' id='word_1_163' title='bbox 2548 1034 2605 1082; x_wconf 92' lang='lat' dir='ltr'>et</span> <span class='ocrx_word' id='word_1_164' title='bbox 2613 1027 2947 1099; x_wconf 90' lang='lat' dir='ltr'>discipulum</span> <span class='ocrx_word' id='word_1_165' title='bbox 2961 1026 3169 1081; x_wconf 90' lang='lat' dir='ltr'>Christi</span> <span class='ocrx_word' id='word_1_166' title='bbox 3180 1027 3454 1094; x_wconf 90' lang='lat' dir='ltr'>Basilium,</span> <span class='ocrx_word' id='word_1_167' title='bbox 3474 1028 3697 1083; x_wconf 88' lang='lat' dir='ltr'>adversus</span> 
     </span>
    </p>
   </div>
   <div class='ocr_carea' id='block_1_25' title="bbox 2162 1100 3701 1187">
    <p class='ocr_par' dir='ltr' id='par_1_25' title="bbox 2162 1100 3701 1187">
     <span class='ocr_line' id='line_1_25' title="bbox 2162 1100 3701 1187; baseline 0.001 -17"><span class='ocrx_word' id='word_1_168' title='bbox 2162 1120 2377 1170; x_wconf 84' lang='lat' dir='ltr'>tantam</span> <span class='ocrx_word' id='word_1_169' title='bbox 2422 1117 2671 1171; x_wconf 89' lang='lat' dir='ltr'>clamans</span> <span class='ocrx_word' id='word_1_170' title='bbox 2710 1116 3061 1187; x_wconf 86' lang='lat' dir='ltr'>impietatem</span> <span class='ocrx_word' id='word_1_171' title='bbox 3096 1133 3107 1168; x_wconf 92' lang='lat'>:</span> <span class='ocrx_word' id='word_1_172' title='bbox 3151 1100 3560 1170; x_wconf 85' lang='lat' dir='ltr'>Misericordiam</span> <span class='ocrx_word' id='word_1_173' title='bbox 3586 1117 3701 1172; x_wconf 86' lang='lat' dir='ltr'>mihi</span> 
     </span>
    </p>
   </div>
   <div class='ocr_carea' id='block_1_26' title="bbox 2163 1204 3701 1276">
    <p class='ocr_par' dir='ltr' id='par_1_26' title="bbox 2163 1204 3701 1276">
     <span class='ocr_line' id='line_1_26' title="bbox 2163 1204 3701 1276; baseline 0.001 -18"><span class='ocrx_word' id='word_1_174' title='bbox 2163 1205 2383 1260; x_wconf 86' lang='lat' dir='ltr'>miserae</span> <span class='ocrx_word' id='word_1_175' title='bbox 2411 1211 2633 1276; x_wconf 70' lang='lat' dir='ltr'>praesta,</span> <span class='ocrx_word' id='word_1_176' title='bbox 2668 1211 2862 1259; x_wconf 90' lang='lat' dir='ltr'>sancte</span> <span class='ocrx_word' id='word_1_177' title='bbox 2890 1205 3012 1269; x_wconf 89' lang='lat' dir='ltr'>Dei,</span> <span class='ocrx_word' id='word_1_178' title='bbox 3031 1205 3295 1258; x_wconf 87' lang='lat' dir='ltr'>miserere</span> <span class='ocrx_word' id='word_1_179' title='bbox 3322 1204 3445 1272; x_wconf 91' lang='lat' dir='ltr'>mei,</span> <span class='ocrx_word' id='word_1_180' title='bbox 3470 1205 3701 1276; x_wconf 83' lang='lat' dir='ltr'>discipule</span> 
     </span>
    </p>
   </div>
   <div class='ocr_carea' id='block_1_27' title="bbox 2162 1292 3704 1363">
    <p class='ocr_par' dir='ltr' id='par_1_27' title="bbox 2162 1292 3704 1363">
     <span class='ocr_line' id='line_1_27' title="bbox 2162 1292 3704 1363; baseline 0.001 -16"><span class='ocrx_word' id='word_1_181' title='bbox 2162 1292 2406 1359; x_wconf 90' lang='lat' dir='ltr'>Domini,</span> <span class='ocrx_word' id='word_1_182' title='bbox 2428 1310 2550 1363; x_wconf 62' lang='lat' dir='ltr'>qua;</span> <span class='ocrx_word' id='word_1_183' title='bbox 2578 1298 2928 1347; x_wconf 90' lang='lat' dir='ltr'>contractum</span> <span class='ocrx_word' id='word_1_184' title='bbox 2947 1309 3077 1346; x_wconf 92' lang='lat' dir='ltr'>cum</span> <span class='ocrx_word' id='word_1_185' title='bbox 3093 1292 3426 1347; x_wconf 85' lang='lat' dir='ltr'>daemonibus</span> <span class='ocrx_word' id='word_1_186' title='bbox 3438 1293 3551 1347; x_wconf 85' lang='lat' dir='ltr'>feci.</span> <span class='ocrx_word' id='word_1_187' title='bbox 3570 1294 3704 1348; x_wconf 65' lang='grc' dir='ltr'>Μίδε-</span> 
     </span>
    </p>
   </div>
   <div class='ocr_carea' id='block_1_28' title="bbox 2163 1381 3701 1454">
    <p class='ocr_par' dir='ltr' id='par_1_28' title="bbox 2163 1381 3701 1454">
     <span class='ocr_line' id='line_1_28' title="bbox 2163 1381 3701 1454; baseline 0.001 -20"><span class='ocrx_word' id='word_1_188' title='bbox 2163 1398 2288 1435; x_wconf 91' lang='lat' dir='ltr'>rere</span> <span class='ocrx_word' id='word_1_189' title='bbox 2317 1382 2448 1448; x_wconf 92' lang='lat' dir='ltr'>mei,</span> <span class='ocrx_word' id='word_1_190' title='bbox 2481 1399 2602 1454; x_wconf 83' lang='lat' dir='ltr'>quae</span> <span class='ocrx_word' id='word_1_191' title='bbox 2636 1382 2862 1454; x_wconf 91' lang='lat' dir='ltr'>proprio</span> <span class='ocrx_word' id='word_1_192' title='bbox 2893 1381 3041 1453; x_wconf 89' lang='lat' dir='ltr'>patri</span> <span class='ocrx_word' id='word_1_193' title='bbox 3080 1381 3228 1435; x_wconf 88' lang='lat' dir='ltr'>facta</span> <span class='ocrx_word' id='word_1_194' title='bbox 3255 1398 3375 1436; x_wconf 92' lang='lat' dir='ltr'>sum</span> <span class='ocrx_word' id='word_1_195' title='bbox 3402 1381 3701 1437; x_wconf 88' lang='lat' dir='ltr'>inobediens.</span> 
     </span>
    </p>
   </div>
   <div class='ocr_carea' id='block_1_29' title="bbox 2165 1469 3706 1541">
    <p class='ocr_par' dir='ltr' id='par_1_29' title="bbox 2165 1469 3706 1541">
     <span class='ocr_line' id='line_1_29' title="bbox 2165 1469 3706 1541; baseline 0 -17"><span class='ocrx_word' id='word_1_196' title='bbox 2165 1469 2236 1524; x_wconf 89' lang='lat' dir='ltr'>Et</span> <span class='ocrx_word' id='word_1_197' title='bbox 2255 1469 2480 1539; x_wconf 87' lang='lat' dir='ltr'>cognita</span> <span class='ocrx_word' id='word_1_198' title='bbox 2494 1470 2576 1524; x_wconf 93' lang='lat' dir='ltr'>illi</span> <span class='ocrx_word' id='word_1_199' title='bbox 2604 1469 2735 1524; x_wconf 84' lang='lat' dir='ltr'>fecit</span> <span class='ocrx_word' id='word_1_200' title='bbox 2753 1470 2835 1524; x_wconf 90' lang='lat' dir='ltr'>rei</span> <span class='ocrx_word' id='word_1_201' title='bbox 2860 1476 3033 1541; x_wconf 73' lang='lat' dir='ltr'>gesta:</span> <span class='ocrx_word' id='word_1_202' title='bbox 3053 1469 3294 1541; x_wconf 88' lang='lat' dir='ltr'>negotia.</span> <span class='ocrx_word' id='word_1_203' title='bbox 3325 1470 3489 1524; x_wconf 91' lang='lat' dir='ltr'>Porro</span> <span class='ocrx_word' id='word_1_204' title='bbox 3513 1476 3706 1525; x_wconf 82' lang='lat' dir='ltr'>sanctus</span> 
     </span>
    </p>
   </div>
   <div class='ocr_carea' id='block_1_30' title="bbox 2163 1558 3709 1630">
    <p class='ocr_par' dir='ltr' id='par_1_30' title="bbox 2163 1558 3709 1630">
     <span class='ocr_line' id='line_1_30' title="bbox 2163 1558 3709 1630; baseline 0.001 -18"><span class='ocrx_word' id='word_1_205' title='bbox 2163 1558 2285 1625; x_wconf 92' lang='lat' dir='ltr'>Dei,</span> <span class='ocrx_word' id='word_1_206' title='bbox 2303 1564 2602 1614; x_wconf 87' lang='lat' dir='ltr'>convocato</span> <span class='ocrx_word' id='word_1_207' title='bbox 2630 1576 2823 1630; x_wconf 89' lang='lat' dir='ltr'>puero,</span> <span class='ocrx_word' id='word_1_208' title='bbox 2849 1559 3239 1614; x_wconf 88' lang='lat' dir='ltr'>sciscitabatur</span> <span class='ocrx_word' id='word_1_209' title='bbox 3264 1558 3332 1612; x_wconf 87' lang='lat' dir='ltr'>ab</span> <span class='ocrx_word' id='word_1_210' title='bbox 3359 1576 3421 1613; x_wconf 93' lang='lat' dir='ltr'>eo</span> <span class='ocrx_word' id='word_1_211' title='bbox 3442 1559 3486 1613; x_wconf 91' lang='lat' dir='ltr'>si</span> <span class='ocrx_word' id='word_1_212' title='bbox 3506 1559 3609 1613; x_wconf 69' lang='lat' dir='ltr'>haec</span> <span class='ocrx_word' id='word_1_213' title='bbox 3626 1558 3709 1613; x_wconf 88' lang='lat' dir='ltr'>hu-</span> 
     </span>
    </p>
   </div>
   <div class='ocr_carea' id='block_1_31' title="bbox 484 1647 3704 1721">
    <p class='ocr_par' dir='ltr' id='par_1_31' title="bbox 484 1647 3704 1721">
     <span class='ocr_line' id='line_1_31' title="bbox 484 1647 3704 1721; baseline -0.001 -16"><span class='ocrx_word' id='word_1_214' title='bbox 484 1667 682 1706; x_wconf 87' lang='lat' dir='ltr'>amara</span> <span class='ocrx_word' id='word_1_215' title='bbox 710 1656 891 1705; x_wconf 90' lang='lat' dir='ltr'>morte</span> <span class='ocrx_word' id='word_1_216' title='bbox 918 1655 1048 1721; x_wconf 87' lang='lat' dir='ltr'>post</span> <span class='ocrx_word' id='word_1_217' title='bbox 1069 1649 1363 1721; x_wconf 86' lang='lat' dir='ltr'>paululum</span> <span class='ocrx_word' id='word_1_218' title='bbox 1391 1654 1695 1713; x_wconf 89' lang='lat' dir='ltr'>mortuam,</span> <span class='ocrx_word' id='word_1_219' title='bbox 1719 1653 1777 1701; x_wconf 90' lang='lat' dir='ltr'>et</span> <span class='ocrx_word' id='word_1_220' title='bbox 1804 1648 2082 1702; x_wconf 90' lang='lat' dir='ltr'>rationem</span> <span class='ocrx_word' id='word_1_221' title='bbox 2157 1647 2408 1717; x_wconf 92' lang='lat' dir='ltr'>jusmodi</span> <span class='ocrx_word' id='word_1_222' title='bbox 2427 1653 2631 1705; x_wconf 88' lang='lat' dir='ltr'>essent.</span> <span class='ocrx_word' id='word_1_223' title='bbox 2661 1648 2769 1712; x_wconf 86' lang='lat' dir='ltr'>Qui</span> <span class='ocrx_word' id='word_1_224' title='bbox 2806 1649 2878 1702; x_wconf 88' lang='lat' dir='ltr'>ad</span> <span class='ocrx_word' id='word_1_225' title='bbox 2907 1654 3164 1702; x_wconf 90' lang='lat' dir='ltr'>sanctum</span> <span class='ocrx_word' id='word_1_226' title='bbox 3192 1664 3317 1701; x_wconf 90' lang='lat' dir='ltr'>cum</span> <span class='ocrx_word' id='word_1_227' title='bbox 3339 1648 3580 1719; x_wconf 82' lang='lat' dir='ltr'>lacrymis</span> <span class='ocrx_word' id='word_1_228' title='bbox 3601 1648 3704 1701; x_wconf 74' lang='lat' dir='ltr'>ait:</span> 
     </span>
    </p>
   </div>
   <div class='ocr_carea' id='block_1_32' title="bbox 483 1720 3711 1810">
    <p class='ocr_par' dir='ltr' id='par_1_32' title="bbox 483 1720 3711 1810">
     <span class='ocr_line' id='line_1_32' title="bbox 483 1720 3711 1810; baseline -0.001 -16"><span class='ocrx_word' id='word_1_229' title='bbox 483 1738 643 1794; x_wconf 87' lang='lat' dir='ltr'>dabis</span> <span class='ocrx_word' id='word_1_230' title='bbox 670 1739 786 1794; x_wconf 92' lang='lat' dir='ltr'>Deo</span> <span class='ocrx_word' id='word_1_231' title='bbox 816 1720 1035 1810; x_wconf 22' lang='lat' dir='ltr'>proime</span> <span class='ocrx_word' id='word_1_232' title='bbox 1064 1720 1122 1792; x_wconf 82' lang='lat' dir='ltr'>in</span> <span class='ocrx_word' id='word_1_233' title='bbox 1153 1738 1243 1792; x_wconf 88' lang='lat' dir='ltr'>die</span> <span class='ocrx_word' id='word_1_234' title='bbox 1266 1736 1483 1807; x_wconf 91' lang='lat' dir='ltr'>judicii.</span> <span class='ocrx_word' id='word_1_235' title='bbox 1502 1744 1537 1802; x_wconf 83' lang='lat'>|</span> <span class='ocrx_word' id='word_1_236' title='bbox 1555 1743 1674 1801; x_wconf 55' lang='grc' dir='ltr'>τίς</span> <span class='ocrx_word' id='word_1_237' title='bbox 1700 1736 1870 1791; x_wconf 91' lang='lat' dir='ltr'>Pater</span> <span class='ocrx_word' id='word_1_238' title='bbox 1889 1720 2142 1791; x_wconf 83' lang='lat' dir='ltr'>autemB</span> <span class='ocrx_word' id='word_1_239' title='bbox 2164 1735 2368 1799; x_wconf 87' lang='lat' dir='ltr'>Etiam,</span> <span class='ocrx_word' id='word_1_240' title='bbox 2392 1742 2583 1791; x_wconf 85' lang='lat' dir='ltr'>sancte</span> <span class='ocrx_word' id='word_1_241' title='bbox 2610 1736 2729 1791; x_wconf 93' lang='lat' dir='ltr'>Dei.</span> <span class='ocrx_word' id='word_1_242' title='bbox 2748 1737 2894 1791; x_wconf 89' lang='lat' dir='ltr'>Nam</span> <span class='ocrx_word' id='word_1_243' title='bbox 2910 1737 3013 1791; x_wconf 91' lang='lat' dir='ltr'>etsi</span> <span class='ocrx_word' id='word_1_244' title='bbox 3033 1754 3137 1807; x_wconf 87' lang='lat' dir='ltr'>ego</span> <span class='ocrx_word' id='word_1_245' title='bbox 3164 1743 3406 1802; x_wconf 85' lang='lat' dir='ltr'>tacuero,</span> <span class='ocrx_word' id='word_1_246' title='bbox 3433 1753 3588 1807; x_wconf 84' lang='lat' dir='ltr'>Opera</span> <span class='ocrx_word' id='word_1_247' title='bbox 3609 1753 3711 1791; x_wconf 85' lang='lat' dir='ltr'>mea</span> 
     </span>
    </p>
   </div>
   <div class='ocr_carea' id='block_1_33' title="bbox 480 1825 2081 1899">
    <p class='ocr_par' dir='ltr' id='par_1_33' title="bbox 480 1825 2081 1899">
     <span class='ocr_line' id='line_1_33' title="bbox 480 1825 2081 1899; baseline -0.002 -16"><span class='ocrx_word' id='word_1_248' title='bbox 480 1845 611 1883; x_wconf 90' lang='lat' dir='ltr'>cum</span> <span class='ocrx_word' id='word_1_249' title='bbox 638 1828 900 1899; x_wconf 87' lang='lat' dir='ltr'>lacrymis</span> <span class='ocrx_word' id='word_1_250' title='bbox 929 1826 1153 1882; x_wconf 88' lang='lat' dir='ltr'>dicebat</span> <span class='ocrx_word' id='word_1_251' title='bbox 1189 1844 1202 1880; x_wconf 92' lang='lat'>:</span> <span class='ocrx_word' id='word_1_252' title='bbox 1247 1827 1373 1880; x_wconf 91' lang='lat' dir='ltr'>Heu</span> <span class='ocrx_word' id='word_1_253' title='bbox 1409 1825 1547 1880; x_wconf 90' lang='lat' dir='ltr'>mihi</span> <span class='ocrx_word' id='word_1_254' title='bbox 1585 1827 1898 1897; x_wconf 88' lang='lat' dir='ltr'>peccatori!</span> <span class='ocrx_word' id='word_1_255' title='bbox 1945 1825 2081 1896; x_wconf 91' lang='lat' dir='ltr'>quid</span> 
     </span>
    </p>
   </div>
   <div class='ocr_carea' id='block_1_34' title="bbox 482 1914 2079 1989">
    <p class='ocr_par' dir='ltr' id='par_1_34' title="bbox 482 1914 2079 1989">
     <span class='ocr_line' id='line_1_34' title="bbox 482 1914 2079 1989; baseline -0.002 -18"><span class='ocrx_word' id='word_1_256' title='bbox 482 1922 570 1971; x_wconf 89' lang='lat' dir='ltr'>est</span> <span class='ocrx_word' id='word_1_257' title='bbox 596 1917 744 1989; x_wconf 90' lang='lat' dir='ltr'>quod</span> <span class='ocrx_word' id='word_1_258' title='bbox 763 1915 999 1986; x_wconf 76' lang='lat' dir='ltr'>contigit</span> <span class='ocrx_word' id='word_1_259' title='bbox 1017 1915 1233 1970; x_wconf 66' lang='lat' dir='ltr'>miserae</span> <span class='ocrx_word' id='word_1_260' title='bbox 1256 1915 1384 1969; x_wconf 73' lang='lat' dir='ltr'>ﬁliae</span> <span class='ocrx_word' id='word_1_261' title='bbox 1412 1931 1550 1969; x_wconf 79' lang='lat' dir='ltr'>meae</span> <span class='ocrx_word' id='word_1_262' title='bbox 1562 1915 1587 1967; x_wconf 91' lang='lat'><strong>?</strong></span> <span class='ocrx_word' id='word_1_263' title='bbox 1607 1914 1731 1985; x_wconf 91' lang='lat' dir='ltr'>quis</span> <span class='ocrx_word' id='word_1_264' title='bbox 1748 1914 2079 1969; x_wconf 90' lang='lat' dir='ltr'>thesaurum</span> 
     </span>
    </p>
   </div>
   <div class='ocr_carea' id='block_1_35' title="bbox 483 2002 2080 2075">
    <p class='ocr_par' dir='ltr' id='par_1_35' title="bbox 483 2002 2080 2075">
     <span class='ocr_line' id='line_1_35' title="bbox 483 2002 2080 2075; baseline -0.003 -15"><span class='ocrx_word' id='word_1_265' title='bbox 483 2021 674 2060; x_wconf 91' lang='lat' dir='ltr'>meum</span> <span class='ocrx_word' id='word_1_266' title='bbox 703 2005 920 2059; x_wconf 89' lang='lat' dir='ltr'>furatus</span> <span class='ocrx_word' id='word_1_267' title='bbox 940 2003 1200 2075; x_wconf 82' lang='lat' dir='ltr'>est?quis</span> <span class='ocrx_word' id='word_1_268' title='bbox 1229 2003 1355 2057; x_wconf 66' lang='lat' dir='ltr'>ﬁlia:</span> <span class='ocrx_word' id='word_1_269' title='bbox 1384 2019 1525 2057; x_wconf 69' lang='lat' dir='ltr'>meae</span> <span class='ocrx_word' id='word_1_270' title='bbox 1553 2002 1821 2073; x_wconf 89' lang='lat' dir='ltr'>injuriam</span> <span class='ocrx_word' id='word_1_271' title='bbox 1849 2003 2080 2057; x_wconf 86' lang='lat' dir='ltr'>intulit?</span> 
     </span>
    </p>
   </div>
   <div class='ocr_carea' id='block_1_36' title="bbox 484 2092 2078 2165">
    <p class='ocr_par' dir='ltr' id='par_1_36' title="bbox 484 2092 2078 2165">
     <span class='ocr_line' id='line_1_36' title="bbox 484 2092 2078 2165; baseline -0.003 -16"><span class='ocrx_word' id='word_1_272' title='bbox 484 2093 610 2165; x_wconf 87' lang='lat' dir='ltr'>quis</span> <span class='ocrx_word' id='word_1_273' title='bbox 638 2094 799 2149; x_wconf 90' lang='lat' dir='ltr'>dulce</span> <span class='ocrx_word' id='word_1_274' title='bbox 828 2093 1117 2148; x_wconf 89' lang='lat' dir='ltr'>oculorum</span> <span class='ocrx_word' id='word_1_275' title='bbox 1146 2108 1399 2146; x_wconf 91' lang='lat' dir='ltr'>meorum</span> <span class='ocrx_word' id='word_1_276' title='bbox 1429 2093 1621 2145; x_wconf 91' lang='lat' dir='ltr'>lumen</span> <span class='ocrx_word' id='word_1_277' title='bbox 1649 2092 1955 2145; x_wconf 81' lang='lat' dir='ltr'>exstinxit?</span> <span class='ocrx_word' id='word_1_278' title='bbox 1975 2109 2078 2162; x_wconf 91' lang='lat' dir='ltr'>ego</span> 
     </span>
    </p>
   </div>
   <div class='ocr_carea' id='block_1_37' title="bbox 479 2179 2076 2254">
    <p class='ocr_par' dir='ltr' id='par_1_37' title="bbox 479 2179 2076 2254">
     <span class='ocr_line' id='line_1_37' title="bbox 479 2179 2076 2254; baseline -0.003 -16"><span class='ocrx_word' id='word_1_279' title='bbox 479 2188 538 2238; x_wconf 89' lang='lat' dir='ltr'>te</span> <span class='ocrx_word' id='word_1_280' title='bbox 581 2199 807 2254; x_wconf 86' lang='lat' dir='ltr'>semper</span> <span class='ocrx_word' id='word_1_281' title='bbox 865 2181 1245 2253; x_wconf 84' lang='lat' dir='ltr'>supercoelesti</span> <span class='ocrx_word' id='word_1_282' title='bbox 1310 2197 1515 2252; x_wconf 90' lang='lat' dir='ltr'>sponso</span> <span class='ocrx_word' id='word_1_283' title='bbox 1569 2179 1895 2236; x_wconf 89' lang='lat' dir='ltr'>consiliatus</span> <span class='ocrx_word' id='word_1_284' title='bbox 1951 2197 2076 2235; x_wconf 91' lang='lat' dir='ltr'>sum</span> 
     </span>
    </p>
   </div>
   <div class='ocr_carea' id='block_1_38' title="bbox 479 2269 2074 2342">
    <p class='ocr_par' dir='ltr' id='par_1_38' title="bbox 479 2269 2074 2342">
     <span class='ocr_line' id='line_1_38' title="bbox 479 2269 2074 2342; baseline -0.001 -18"><span class='ocrx_word' id='word_1_285' title='bbox 479 2272 822 2342; x_wconf 87' lang='lat' dir='ltr'>desponsare</span> <span class='ocrx_word' id='word_1_286' title='bbox 874 2270 1097 2324; x_wconf 89' lang='lat' dir='ltr'>Christo</span> <span class='ocrx_word' id='word_1_287' title='bbox 1122 2310 1136 2337; x_wconf 90' lang='lat'>,</span> <span class='ocrx_word' id='word_1_288' title='bbox 1198 2274 1257 2323; x_wconf 90' lang='lat' dir='ltr'>et</span> <span class='ocrx_word' id='word_1_289' title='bbox 1305 2270 1650 2340; x_wconf 84' lang='lat' dir='ltr'>Angelorum</span> <span class='ocrx_word' id='word_1_290' title='bbox 1709 2269 2074 2324; x_wconf 86' lang='lat' dir='ltr'>contubernio</span> 
     </span>
    </p>
   </div>
   <div class='ocr_carea' id='block_1_39' title="bbox 477 2357 2077 2431">
    <p class='ocr_par' dir='ltr' id='par_1_39' title="bbox 477 2357 2077 2431">
     <span class='ocr_line' id='line_1_39' title="bbox 477 2357 2077 2431; baseline -0.001 -17"><span class='ocrx_word' id='word_1_291' title='bbox 477 2360 688 2416; x_wconf 90' lang='lat' dir='ltr'>sociam</span> <span class='ocrx_word' id='word_1_292' title='bbox 716 2358 1077 2426; x_wconf 84' lang='lat' dir='ltr'>constituere,</span> <span class='ocrx_word' id='word_1_293' title='bbox 1110 2363 1168 2413; x_wconf 92' lang='lat' dir='ltr'>et</span> <span class='ocrx_word' id='word_1_294' title='bbox 1199 2358 1257 2412; x_wconf 94' lang='lat' dir='ltr'>in</span> <span class='ocrx_word' id='word_1_295' title='bbox 1276 2357 1506 2429; x_wconf 88' lang='lat' dir='ltr'>psalmis</span> <span class='ocrx_word' id='word_1_296' title='bbox 1531 2369 1590 2412; x_wconf 91' lang='lat' dir='ltr'>et</span> <span class='ocrx_word' id='word_1_297' title='bbox 1610 2358 1835 2431; x_wconf 83' lang='lat' dir='ltr'>hymnis</span> <span class='ocrx_word' id='word_1_298' title='bbox 1865 2364 1923 2412; x_wconf 94' lang='lat' dir='ltr'>et</span> <span class='ocrx_word' id='word_1_299' title='bbox 1949 2375 2077 2413; x_wconf 89' lang='lat' dir='ltr'>can-</span> 
     </span>
    </p>
   </div>
   <div class='ocr_carea' id='block_1_40' title="bbox 474 2446 2074 2520">
    <p class='ocr_par' dir='ltr' id='par_1_40' title="bbox 474 2446 2074 2520">
     <span class='ocr_line' id='line_1_40' title="bbox 474 2446 2074 2520; baseline -0.001 -17"><span class='ocrx_word' id='word_1_300' title='bbox 474 2448 602 2503; x_wconf 85' lang='lat' dir='ltr'>ticis</span> <span class='ocrx_word' id='word_1_301' title='bbox 626 2447 1011 2520; x_wconf 88' lang='lat' dir='ltr'>spiritualibus</span> <span class='ocrx_word' id='word_1_302' title='bbox 1027 2464 1227 2502; x_wconf 88' lang='lat' dir='ltr'>canere</span> <span class='ocrx_word' id='word_1_303' title='bbox 1242 2448 1358 2501; x_wconf 91' lang='lat' dir='ltr'>Deo</span> <span class='ocrx_word' id='word_1_304' title='bbox 1377 2446 1777 2513; x_wconf 77' lang='lat' dir='ltr'>accelerabam,</span> <span class='ocrx_word' id='word_1_305' title='bbox 1801 2453 1864 2501; x_wconf 92' lang='lat' dir='ltr'>tu</span> <span class='ocrx_word' id='word_1_306' title='bbox 1882 2452 2074 2502; x_wconf 91' lang='lat' dir='ltr'>autem</span> 
     </span>
    </p>
   </div>
   <div class='ocr_carea' id='block_1_41' title="bbox 476 2535 2076 2608">
    <p class='ocr_par' dir='ltr' id='par_1_41' title="bbox 476 2535 2076 2608">
     <span class='ocr_line' id='line_1_41' title="bbox 476 2535 2076 2608; baseline -0.001 -16"><span class='ocrx_word' id='word_1_307' title='bbox 476 2537 535 2592; x_wconf 91' lang='lat' dir='ltr'>in</span> <span class='ocrx_word' id='word_1_308' title='bbox 556 2537 838 2592; x_wconf 87' lang='lat' dir='ltr'>lasciviam</span> <span class='ocrx_word' id='word_1_309' title='bbox 868 2535 1191 2608; x_wconf 81' lang='lat' dir='ltr'>petulantiae</span> <span class='ocrx_word' id='word_1_310' title='bbox 1211 2535 1487 2591; x_wconf 87' lang='lat' dir='ltr'>insanisti.</span> <span class='ocrx_word' id='word_1_311' title='bbox 1524 2536 1755 2590; x_wconf 88' lang='lat' dir='ltr'>Dimitte</span> <span class='ocrx_word' id='word_1_312' title='bbox 1786 2552 1896 2601; x_wconf 92' lang='lat' dir='ltr'>me,</span> <span class='ocrx_word' id='word_1_313' title='bbox 1929 2536 2076 2590; x_wconf 90' lang='lat' dir='ltr'>sicut</span> 
     </span>
    </p>
   </div>
   <div class='ocr_carea' id='block_1_42' title="bbox 473 2610 2074 2693">
    <p class='ocr_par' dir='ltr' id='par_1_42' title="bbox 473 2610 2074 2693">
     <span class='ocr_line' id='line_1_42' title="bbox 473 2610 2074 2693; baseline -0.001 -14"><span class='ocrx_word' id='word_1_314' title='bbox 473 2626 618 2693; x_wconf 87' lang='lat' dir='ltr'>volo,</span> <span class='ocrx_word' id='word_1_315' title='bbox 679 2643 808 2680; x_wconf 91' lang='lat' dir='ltr'>cum</span> <span class='ocrx_word' id='word_1_316' title='bbox 871 2626 988 2680; x_wconf 92' lang='lat' dir='ltr'>Deo</span> <span class='ocrx_word' id='word_1_317' title='bbox 1012 2610 1019 2617; x_wconf 32' lang='grc' dir='ltr'>δ</span> <span class='ocrx_word' id='word_1_318' title='bbox 1041 2626 1403 2679; x_wconf 87' lang='lat' dir='ltr'>contractum</span> <span class='ocrx_word' id='word_1_319' title='bbox 1449 2625 1649 2690; x_wconf 86' lang='lat' dir='ltr'>facere,</span> <span class='ocrx_word' id='word_1_320' title='bbox 1708 2642 1779 2679; x_wconf 93' lang='lat' dir='ltr'>ne</span> <span class='ocrx_word' id='word_1_321' title='bbox 1829 2624 2074 2678; x_wconf 88' lang='lat' dir='ltr'>deducas</span> 
     </span>
    </p>
   </div>
   <div class='ocr_carea' id='block_1_43' title="bbox 428 2713 2070 2791">
    <p class='ocr_par' dir='ltr' id='par_1_43' title="bbox 428 2713 2070 2791">
     <span class='ocr_line' id='line_1_43' title="bbox 428 2713 2070 2791; baseline 0 -24"><span class='ocrx_word' id='word_1_322' title='bbox 428 2778 431 2791; x_wconf 34' lang='grc' dir='ltr'><strong>Ι</strong></span> <span class='ocrx_word' id='word_1_323' title='bbox 473 2718 820 2769; x_wconf 85' lang='lat' dir='ltr'>senectutem</span> <span class='ocrx_word' id='word_1_324' title='bbox 839 2730 1024 2768; x_wconf 88' lang='lat' dir='ltr'>meam</span> <span class='ocrx_word' id='word_1_325' title='bbox 1052 2730 1179 2768; x_wconf 92' lang='lat' dir='ltr'>cum</span> <span class='ocrx_word' id='word_1_326' title='bbox 1201 2730 1441 2767; x_wconf 72' lang='lat' dir='ltr'>maerore</span> <span class='ocrx_word' id='word_1_327' title='bbox 1459 2713 1517 2767; x_wconf 91' lang='lat' dir='ltr'>in</span> <span class='ocrx_word' id='word_1_328' title='bbox 1548 2713 1852 2780; x_wconf 82' lang='lat' dir='ltr'>infernum,</span> <span class='ocrx_word' id='word_1_329' title='bbox 1887 2730 2070 2784; x_wconf 89' lang='lat' dir='ltr'>neque</span> 
     </span>
    </p>
   </div>
   <div class='ocr_carea' id='block_1_44' title="bbox 472 2801 2065 2874">
    <p class='ocr_par' dir='ltr' id='par_1_44' title="bbox 472 2801 2065 2874">
     <span class='ocr_line' id='line_1_44' title="bbox 472 2801 2065 2874; baseline 0.001 -18"><span class='ocrx_word' id='word_1_330' title='bbox 472 2802 797 2858; x_wconf 90' lang='lat' dir='ltr'>confusione</span> <span class='ocrx_word' id='word_1_331' title='bbox 832 2801 1185 2857; x_wconf 88' lang='lat' dir='ltr'>nobilitatem</span> <span class='ocrx_word' id='word_1_332' title='bbox 1222 2807 1520 2874; x_wconf 89' lang='lat' dir='ltr'>parentum</span> <span class='ocrx_word' id='word_1_333' title='bbox 1569 2806 1796 2856; x_wconf 90' lang='lat' dir='ltr'>tuorum</span> <span class='ocrx_word' id='word_1_334' title='bbox 1827 2802 2065 2873; x_wconf 87' lang='lat' dir='ltr'>operias.</span> 
     </span>
    </p>
   </div>
   <div class='ocr_carea' id='block_1_45' title="bbox 474 2889 2070 2963">
    <p class='ocr_par' dir='ltr' id='par_1_45' title="bbox 474 2889 2070 2963">
     <span class='ocr_line' id='line_1_45' title="bbox 474 2889 2070 2963; baseline -0.001 -16"><span class='ocrx_word' id='word_1_335' title='bbox 474 2890 611 2956; x_wconf 67' lang='lat' dir='ltr'>Qum</span> <span class='ocrx_word' id='word_1_336' title='bbox 638 2891 697 2946; x_wconf 91' lang='lat' dir='ltr'>in</span> <span class='ocrx_word' id='word_1_337' title='bbox 725 2890 966 2946; x_wconf 84' lang='lat' dir='ltr'>nihilum</span> <span class='ocrx_word' id='word_1_338' title='bbox 996 2896 1264 2962; x_wconf 80' lang='lat' dir='ltr'>reputans</span> <span class='ocrx_word' id='word_1_339' title='bbox 1291 2908 1413 2963; x_wconf 69' lang='lat' dir='ltr'>qua:</span> <span class='ocrx_word' id='word_1_340' title='bbox 1433 2907 1468 2944; x_wconf 91' lang='lat' dir='ltr'>a</span> <span class='ocrx_word' id='word_1_341' title='bbox 1498 2896 1657 2962; x_wconf 89' lang='lat' dir='ltr'>patre</span> <span class='ocrx_word' id='word_1_342' title='bbox 1682 2889 1787 2945; x_wconf 93' lang='lat' dir='ltr'>sibi</span> <span class='ocrx_word' id='word_1_343' title='bbox 1813 2890 2070 2945; x_wconf 83' lang='lat' dir='ltr'>diceban-</span> 
     </span>
    </p>
   </div>
   <div class='ocr_carea' id='block_1_46' title="bbox 468 2979 2066 3052">
    <p class='ocr_par' dir='ltr' id='par_1_46' title="bbox 468 2979 2066 3052">
     <span class='ocr_line' id='line_1_46' title="bbox 468 2979 2066 3052; baseline -0.001 -18"><span class='ocrx_word' id='word_1_344' title='bbox 468 2985 584 3047; x_wconf 89' lang='lat' dir='ltr'>tur,</span> <span class='ocrx_word' id='word_1_345' title='bbox 606 2979 1000 3052; x_wconf 88' lang='lat' dir='ltr'>perseverabat</span> <span class='ocrx_word' id='word_1_346' title='bbox 1027 2981 1276 3034; x_wconf 91' lang='lat' dir='ltr'>clamans</span> <span class='ocrx_word' id='word_1_347' title='bbox 1309 2998 1320 3032; x_wconf 92' lang='lat'>:</span> <span class='ocrx_word' id='word_1_348' title='bbox 1359 2980 1527 3034; x_wconf 89' lang='lat' dir='ltr'>Pater</span> <span class='ocrx_word' id='word_1_349' title='bbox 1554 2980 1652 3045; x_wconf 89' lang='lat' dir='ltr'>mi,</span> <span class='ocrx_word' id='word_1_350' title='bbox 1676 2984 1775 3034; x_wconf 89' lang='lat' dir='ltr'>aut</span> <span class='ocrx_word' id='word_1_351' title='bbox 1801 2980 1891 3034; x_wconf 89' lang='lat' dir='ltr'>fac</span> <span class='ocrx_word' id='word_1_352' title='bbox 1917 2980 2066 3035; x_wconf 88' lang='lat' dir='ltr'>desi-</span> 
     </span>
    </p>
   </div>
   <div class='ocr_carea' id='block_1_47' title="bbox 471 3068 2065 3141">
    <p class='ocr_par' dir='ltr' id='par_1_47' title="bbox 471 3068 2065 3141">
     <span class='ocr_line' id='line_1_47' title="bbox 471 3068 2065 3141; baseline 0 -17"><span class='ocrx_word' id='word_1_353' title='bbox 471 3068 693 3125; x_wconf 91' lang='lat' dir='ltr'>derium</span> <span class='ocrx_word' id='word_1_354' title='bbox 721 3086 930 3136; x_wconf 89' lang='lat' dir='ltr'>meum,</span> <span class='ocrx_word' id='word_1_355' title='bbox 968 3075 1069 3124; x_wconf 90' lang='lat' dir='ltr'>aut</span> <span class='ocrx_word' id='word_1_356' title='bbox 1097 3069 1253 3140; x_wconf 88' lang='lat' dir='ltr'>prius</span> <span class='ocrx_word' id='word_1_357' title='bbox 1288 3069 1596 3141; x_wconf 86' lang='lat' dir='ltr'>pauxillum</span> <span class='ocrx_word' id='word_1_358' title='bbox 1645 3074 1928 3124; x_wconf 89' lang='lat' dir='ltr'>mortuam</span> <span class='ocrx_word' id='word_1_359' title='bbox 1974 3087 2065 3124; x_wconf 90' lang='lat' dir='ltr'>me</span> 
     </span>
    </p>
   </div>
   <div class='ocr_carea' id='block_1_48' title="bbox 468 3157 2064 3230">
    <p class='ocr_par' dir='ltr' id='par_1_48' title="bbox 468 3157 2064 3230">
     <span class='ocr_line' id='line_1_48' title="bbox 468 3157 2064 3230; baseline 0.001 -19"><span class='ocrx_word' id='word_1_360' title='bbox 468 3157 702 3214; x_wconf 88' lang='lat' dir='ltr'>videbis.</span> <span class='ocrx_word' id='word_1_361' title='bbox 736 3158 907 3214; x_wconf 88' lang='lat' dir='ltr'>Pater</span> <span class='ocrx_word' id='word_1_362' title='bbox 933 3157 1126 3230; x_wconf 89' lang='lat' dir='ltr'>itaque</span> <span class='ocrx_word' id='word_1_363' title='bbox 1169 3159 1291 3228; x_wconf 89' lang='lat' dir='ltr'>ejus</span> <span class='ocrx_word' id='word_1_364' title='bbox 1322 3158 1383 3212; x_wconf 92' lang='lat' dir='ltr'>in</span> <span class='ocrx_word' id='word_1_365' title='bbox 1414 3174 1621 3229; x_wconf 88' lang='lat' dir='ltr'>magna</span> <span class='ocrx_word' id='word_1_366' title='bbox 1646 3158 2064 3213; x_wconf 89' lang='lat' dir='ltr'>dementatione</span> 
     </span>
    </p>
   </div>
   <div class='ocr_carea' id='block_1_49' title="bbox 468 3244 2057 3318">
    <p class='ocr_par' dir='ltr' id='par_1_49' title="bbox 468 3244 2057 3318">
     <span class='ocr_line' id='line_1_49' title="bbox 468 3244 2057 3318; baseline -0.001 -16"><span class='ocrx_word' id='word_1_367' title='bbox 468 3248 826 3315; x_wconf 87' lang='lat' dir='ltr'>constitutus,</span> <span class='ocrx_word' id='word_1_368' title='bbox 855 3251 974 3301; x_wconf 86' lang='lat' dir='ltr'>tam</span> <span class='ocrx_word' id='word_1_369' title='bbox 1014 3244 1392 3300; x_wconf 81' lang='lat' dir='ltr'>immensitate</span> <span class='ocrx_word' id='word_1_370' title='bbox 1432 3245 1711 3301; x_wconf 78' lang='lat' dir='ltr'>maestitiae</span> <span class='ocrx_word' id='word_1_371' title='bbox 1740 3246 2057 3318; x_wconf 86' lang='lat' dir='ltr'>absorptus,</span> 
     </span>
    </p>
   </div>
   <div class='ocr_carea' id='block_1_50' title="bbox 467 3335 2059 3409">
    <p class='ocr_par' dir='ltr' id='par_1_50' title="bbox 467 3335 2059 3409">
     <span class='ocr_line' id='line_1_50' title="bbox 467 3335 2059 3409; baseline -0.001 -17"><span class='ocrx_word' id='word_1_372' title='bbox 467 3354 636 3409; x_wconf 86' lang='lat' dir='ltr'>quam</span> <span class='ocrx_word' id='word_1_373' title='bbox 670 3337 979 3392; x_wconf 89' lang='lat' dir='ltr'>amicorum</span> <span class='ocrx_word' id='word_1_374' title='bbox 1008 3335 1255 3390; x_wconf 91' lang='lat' dir='ltr'>consiliis</span> <span class='ocrx_word' id='word_1_375' title='bbox 1277 3335 1640 3406; x_wconf 86' lang='lat' dir='ltr'>acquiescens</span> <span class='ocrx_word' id='word_1_376' title='bbox 1660 3352 1720 3389; x_wconf 89' lang='lat' dir='ltr'>se</span> <span class='ocrx_word' id='word_1_377' title='bbox 1748 3336 2059 3390; x_wconf 89' lang='lat' dir='ltr'>admonen-</span> 
     </span>
    </p>
   </div>
   <div class='ocr_carea' id='block_1_51' title="bbox 462 3423 2060 3496">
    <p class='ocr_par' dir='ltr' id='par_1_51' title="bbox 462 3423 2060 3496">
     <span class='ocr_line' id='line_1_51' title="bbox 462 3423 2060 3496; baseline -0.001 -15"><span class='ocrx_word' id='word_1_378' title='bbox 462 3426 608 3481; x_wconf 91' lang='lat' dir='ltr'>tium</span> <span class='ocrx_word' id='word_1_379' title='bbox 619 3444 685 3481; x_wconf 90' lang='lat' dir='ltr'>ac</span> <span class='ocrx_word' id='word_1_380' title='bbox 702 3423 1010 3481; x_wconf 89' lang='lat' dir='ltr'>dicentium</span> <span class='ocrx_word' id='word_1_381' title='bbox 1022 3424 1281 3496; x_wconf 89' lang='lat' dir='ltr'>expedire</span> <span class='ocrx_word' id='word_1_382' title='bbox 1291 3424 1477 3496; x_wconf 89' lang='lat' dir='ltr'>potius</span> <span class='ocrx_word' id='word_1_383' title='bbox 1497 3424 1840 3479; x_wconf 86' lang='lat' dir='ltr'>voluntatem</span> <span class='ocrx_word' id='word_1_384' title='bbox 1861 3426 2060 3496; x_wconf 74' lang='lat' dir='ltr'>puellae</span> 
     </span>
    </p>
   </div>
   <div class='ocr_carea' id='block_1_52' title="bbox 464 3512 2060 3587">
    <p class='ocr_par' dir='ltr' id='par_1_52' title="bbox 464 3512 2060 3587">
     <span class='ocr_line' id='line_1_52' title="bbox 464 3512 2060 3587; baseline -0.001 -16"><span class='ocrx_word' id='word_1_385' title='bbox 464 3515 608 3581; x_wconf 84' lang='lat' dir='ltr'>ﬁeri,</span> <span class='ocrx_word' id='word_1_386' title='bbox 633 3531 802 3587; x_wconf 89' lang='lat' dir='ltr'>quam</span> <span class='ocrx_word' id='word_1_387' title='bbox 839 3531 961 3569; x_wconf 91' lang='lat' dir='ltr'>sese</span> <span class='ocrx_word' id='word_1_388' title='bbox 1003 3512 1263 3568; x_wconf 90' lang='lat' dir='ltr'>manibus</span> <span class='ocrx_word' id='word_1_389' title='bbox 1300 3512 1637 3579; x_wconf 84' lang='lat' dir='ltr'>interﬁcere,</span> <span class='ocrx_word' id='word_1_390' title='bbox 1669 3514 1969 3579; x_wconf 89' lang='lat' dir='ltr'>consensit,</span> <span class='ocrx_word' id='word_1_391' title='bbox 2003 3521 2060 3569; x_wconf 92' lang='lat' dir='ltr'>et</span> 
     </span>
    </p>
   </div>
   <div class='ocr_carea' id='block_1_53' title="bbox 462 3600 2058 3675">
    <p class='ocr_par' dir='ltr' id='par_1_53' title="bbox 462 3600 2058 3675">
     <span class='ocr_line' id='line_1_53' title="bbox 462 3600 2058 3675; baseline -0.001 -17"><span class='ocrx_word' id='word_1_392' title='bbox 462 3602 729 3675; x_wconf 64' lang='lat' dir='ltr'>precepit</span> <span class='ocrx_word' id='word_1_393' title='bbox 753 3602 877 3656; x_wconf 86' lang='lat' dir='ltr'>ﬁeri</span> <span class='ocrx_word' id='word_1_394' title='bbox 907 3600 1250 3656; x_wconf 89' lang='lat' dir='ltr'>desiderium</span> <span class='ocrx_word' id='word_1_395' title='bbox 1280 3602 1480 3672; x_wconf 73' lang='lat' dir='ltr'>puellae</span> <span class='ocrx_word' id='word_1_396' title='bbox 1509 3600 1715 3672; x_wconf 90' lang='lat' dir='ltr'>potius,</span> <span class='ocrx_word' id='word_1_397' title='bbox 1737 3619 1907 3673; x_wconf 91' lang='lat' dir='ltr'>quam</span> <span class='ocrx_word' id='word_1_398' title='bbox 1932 3620 2058 3657; x_wconf 90' lang='lat' dir='ltr'>eam</span> 
     </span>
    </p>
   </div>
   <div class='ocr_carea' id='block_1_54' title="bbox 463 3688 2057 3762">
    <p class='ocr_par' dir='ltr' id='par_1_54' title="bbox 463 3688 2057 3762">
     <span class='ocr_line' id='line_1_54' title="bbox 463 3688 2057 3762; baseline 0.001 -17"><span class='ocrx_word' id='word_1_399' title='bbox 463 3690 737 3745; x_wconf 83' lang='lat' dir='ltr'>exitiabili</span> <span class='ocrx_word' id='word_1_400' title='bbox 750 3690 974 3744; x_wconf 87' lang='lat' dir='ltr'>tradere</span> <span class='ocrx_word' id='word_1_401' title='bbox 993 3688 1181 3743; x_wconf 90' lang='lat' dir='ltr'>morti.</span> <span class='ocrx_word' id='word_1_402' title='bbox 1205 3690 1275 3744; x_wconf 89' lang='lat' dir='ltr'>Et</span> <span class='ocrx_word' id='word_1_403' title='bbox 1294 3706 1424 3743; x_wconf 86' lang='lat' dir='ltr'>mox</span> <span class='ocrx_word' id='word_1_404' title='bbox 1447 3689 1682 3760; x_wconf 87' lang='lat' dir='ltr'>protulit</span> <span class='ocrx_word' id='word_1_405' title='bbox 1697 3706 1935 3761; x_wconf 90' lang='lat' dir='ltr'>puerum</span> <span class='ocrx_word' id='word_1_406' title='bbox 1961 3692 2057 3762; x_wconf 91' lang='lat' dir='ltr'>qui</span> 
     </span>
    </p>
   </div>
   <div class='ocr_carea' id='block_1_55' title="bbox 464 3772 2057 3845">
    <p class='ocr_par' dir='ltr' id='par_1_55' title="bbox 464 3772 2057 3845">
     <span class='ocr_line' id='line_1_55' title="bbox 464 3772 2057 3845; baseline 0.001 -17"><span class='ocrx_word' id='word_1_407' title='bbox 464 3773 840 3845; x_wconf 68' lang='lat' dir='ltr'>quaerebatur,</span> <span class='ocrx_word' id='word_1_408' title='bbox 864 3772 1034 3827; x_wconf 88' lang='lat' dir='ltr'>simul</span> <span class='ocrx_word' id='word_1_409' title='bbox 1056 3778 1113 3827; x_wconf 93' lang='lat' dir='ltr'>et</span> <span class='ocrx_word' id='word_1_410' title='bbox 1132 3773 1418 3845; x_wconf 89' lang='lat' dir='ltr'>propriam</span> <span class='ocrx_word' id='word_1_411' title='bbox 1446 3773 1717 3843; x_wconf 82' lang='lat' dir='ltr'>genitam,</span> <span class='ocrx_word' id='word_1_412' title='bbox 1734 3779 1791 3828; x_wconf 90' lang='lat' dir='ltr'>et</span> <span class='ocrx_word' id='word_1_413' title='bbox 1813 3774 1952 3829; x_wconf 90' lang='lat' dir='ltr'>dans</span> <span class='ocrx_word' id='word_1_414' title='bbox 1976 3776 2057 3831; x_wconf 90' lang='lat' dir='ltr'>eis</span> 
     </span>
    </p>
   </div>
   <div class='ocr_carea' id='block_1_56' title="bbox 460 3861 2059 3931">
    <p class='ocr_par' dir='ltr' id='par_1_56' title="bbox 460 3861 2059 3931">
     <span class='ocr_line' id='line_1_56' title="bbox 460 3861 2059 3931; baseline 0.002 -16"><span class='ocrx_word' id='word_1_415' title='bbox 460 3861 649 3916; x_wconf 89' lang='lat' dir='ltr'>omnia</span> <span class='ocrx_word' id='word_1_416' title='bbox 664 3861 812 3916; x_wconf 90' lang='lat' dir='ltr'>bona</span> <span class='ocrx_word' id='word_1_417' title='bbox 831 3879 952 3928; x_wconf 86' lang='lat' dir='ltr'>sua,</span> <span class='ocrx_word' id='word_1_418' title='bbox 981 3861 1144 3916; x_wconf 81' lang='lat' dir='ltr'>dixit:</span> <span class='ocrx_word' id='word_1_419' title='bbox 1168 3861 1329 3916; x_wconf 90' lang='lat' dir='ltr'>Salve</span> <span class='ocrx_word' id='word_1_420' title='bbox 1352 3866 1486 3917; x_wconf 89' lang='lat' dir='ltr'>nata</span> <span class='ocrx_word' id='word_1_421' title='bbox 1507 3878 1635 3916; x_wconf 90' lang='lat' dir='ltr'>vere</span> <span class='ocrx_word' id='word_1_422' title='bbox 1655 3862 1889 3931; x_wconf 88' lang='lat' dir='ltr'>misera;</span> <span class='ocrx_word' id='word_1_423' title='bbox 1916 3865 2059 3918; x_wconf 91' lang='lat' dir='ltr'>mul-</span> 
     </span>
    </p>
   </div>
   <div class='ocr_carea' id='block_1_57' title="bbox 457 3950 2055 4023">
    <p class='ocr_par' dir='ltr' id='par_1_57' title="bbox 457 3950 2055 4023">
     <span class='ocr_line' id='line_1_57' title="bbox 457 3950 2055 4023; baseline 0.001 -18"><span class='ocrx_word' id='word_1_424' title='bbox 457 3955 581 4005; x_wconf 90' lang='lat' dir='ltr'>tum</span> <span class='ocrx_word' id='word_1_425' title='bbox 602 3950 999 4006; x_wconf 88' lang='lat' dir='ltr'>lamentaberis</span> <span class='ocrx_word' id='word_1_426' title='bbox 1020 3950 1359 4023; x_wconf 73' lang='lat' dir='ltr'>repuenitens</span> <span class='ocrx_word' id='word_1_427' title='bbox 1379 3951 1437 4005; x_wconf 91' lang='lat' dir='ltr'>in</span> <span class='ocrx_word' id='word_1_428' title='bbox 1460 3951 1794 4016; x_wconf 88' lang='lat' dir='ltr'>novissimis,</span> <span class='ocrx_word' id='word_1_429' title='bbox 1832 3953 2055 4023; x_wconf 86' lang='lat' dir='ltr'>quando</span> 
     </span>
    </p>
   </div>
   <div class='ocr_carea' id='block_1_58' title="bbox 458 4038 2056 4112">
    <p class='ocr_par' dir='ltr' id='par_1_58' title="bbox 458 4038 2056 4112">
     <span class='ocr_line' id='line_1_58' title="bbox 458 4038 2056 4112; baseline 0.002 -19"><span class='ocrx_word' id='word_1_430' title='bbox 458 4038 711 4094; x_wconf 89' lang='lat' dir='ltr'>nihiltibi</span> <span class='ocrx_word' id='word_1_431' title='bbox 722 4039 990 4112; x_wconf 90' lang='lat' dir='ltr'>proderit.</span> <span class='ocrx_word' id='word_1_432' title='bbox 1006 4040 1179 4094; x_wconf 89' lang='lat' dir='ltr'>Porro</span> <span class='ocrx_word' id='word_1_433' title='bbox 1197 4039 1423 4094; x_wconf 84' lang='lat' dir='ltr'>nefandi</span> <span class='ocrx_word' id='word_1_434' title='bbox 1438 4040 1918 4112; x_wconf 87' lang='lat' dir='ltr'>matrimoniiconj</span> <span class='ocrx_word' id='word_1_435' title='bbox 1926 4042 2056 4112; x_wconf 89' lang='lat' dir='ltr'>ugio</span> 
     </span>
    </p>
   </div>
   <div class='ocr_carea' id='block_1_59' title="bbox 455 4127 2059 4200">
    <p class='ocr_par' dir='ltr' id='par_1_59' title="bbox 455 4127 2059 4200">
     <span class='ocr_line' id='line_1_59' title="bbox 455 4127 2059 4200; baseline 0.001 -17"><span class='ocrx_word' id='word_1_436' title='bbox 455 4128 623 4196; x_wconf 86' lang='lat' dir='ltr'>facto,</span> <span class='ocrx_word' id='word_1_437' title='bbox 645 4132 704 4183; x_wconf 91' lang='lat' dir='ltr'>et</span> <span class='ocrx_word' id='word_1_438' title='bbox 731 4127 1015 4184; x_wconf 71' lang='lat' dir='ltr'>diabolicae</span> <span class='ocrx_word' id='word_1_439' title='bbox 1034 4127 1377 4199; x_wconf 87' lang='lat' dir='ltr'>operationis</span> <span class='ocrx_word' id='word_1_440' title='bbox 1399 4129 1675 4200; x_wconf 90' lang='lat' dir='ltr'>completo</span> <span class='ocrx_word' id='word_1_441' title='bbox 1709 4129 1975 4197; x_wconf 86' lang='lat' dir='ltr'>facinore,</span> <span class='ocrx_word' id='word_1_442' title='bbox 2002 4136 2059 4185; x_wconf 88' lang='lat' dir='ltr'>et</span> 
     </span>
    </p>
   </div>
   <div class='ocr_carea' id='block_1_60' title="bbox 454 4217 2058 4291">
    <p class='ocr_par' dir='ltr' id='par_1_60' title="bbox 454 4217 2058 4291">
     <span class='ocr_line' id='line_1_60' title="bbox 454 4217 2058 4291; baseline -0.001 -18"><span class='ocrx_word' id='word_1_443' title='bbox 454 4234 634 4291; x_wconf 85' lang='lat' dir='ltr'>pauco</span> <span class='ocrx_word' id='word_1_444' title='bbox 644 4223 896 4289; x_wconf 89' lang='lat' dir='ltr'>tempore</span> <span class='ocrx_word' id='word_1_445' title='bbox 907 4222 1297 4289; x_wconf 65' lang='lat' dir='ltr'>praetereunte,</span> <span class='ocrx_word' id='word_1_446' title='bbox 1305 4222 1531 4273; x_wconf 87' lang='lat' dir='ltr'>notatus</span> <span class='ocrx_word' id='word_1_447' title='bbox 1544 4222 1631 4272; x_wconf 90' lang='lat' dir='ltr'>est</span> <span class='ocrx_word' id='word_1_448' title='bbox 1639 4234 1779 4289; x_wconf 91' lang='lat' dir='ltr'>puer</span> <span class='ocrx_word' id='word_1_449' title='bbox 1789 4235 1823 4272; x_wconf 90' lang='lat' dir='ltr'>a</span> <span class='ocrx_word' id='word_1_450' title='bbox 1833 4217 2058 4289; x_wconf 90' lang='lat' dir='ltr'>quibus-</span> 
     </span>
    </p>
   </div>
   <div class='ocr_carea' id='block_1_61' title="bbox 2162 1824 3710 1896">
    <p class='ocr_par' dir='ltr' id='par_1_61' title="bbox 2162 1824 3710 1896">
     <span class='ocr_line' id='line_1_61' title="bbox 2162 1824 3710 1896; baseline -0.001 -17"><span class='ocrx_word' id='word_1_451' title='bbox 2162 1825 2502 1880; x_wconf 89' lang='lat' dir='ltr'>clamabunt.</span> <span class='ocrx_word' id='word_1_452' title='bbox 2520 1826 2589 1879; x_wconf 91' lang='lat' dir='ltr'>Et</span> <span class='ocrx_word' id='word_1_453' title='bbox 2607 1825 2890 1880; x_wconf 86' lang='lat' dir='ltr'>enarravit</span> <span class='ocrx_word' id='word_1_454' title='bbox 2918 1826 2970 1878; x_wconf 88' lang='lat' dir='ltr'>ei</span> <span class='ocrx_word' id='word_1_455' title='bbox 2996 1833 3053 1880; x_wconf 91' lang='lat' dir='ltr'>et</span> <span class='ocrx_word' id='word_1_456' title='bbox 3080 1825 3201 1896; x_wconf 90' lang='lat' dir='ltr'>ipse</span> <span class='ocrx_word' id='word_1_457' title='bbox 3222 1825 3513 1896; x_wconf 82' lang='lat' dir='ltr'>malignam</span> <span class='ocrx_word' id='word_1_458' title='bbox 3538 1824 3710 1879; x_wconf 88' lang='lat' dir='ltr'>diaboli</span> 
     </span>
    </p>
   </div>
   <div class='ocr_carea' id='block_1_62' title="bbox 2161 1914 3713 1985">
    <p class='ocr_par' dir='ltr' id='par_1_62' title="bbox 2161 1914 3713 1985">
     <span class='ocr_line' id='line_1_62' title="bbox 2161 1914 3713 1985; baseline 0 -18"><span class='ocrx_word' id='word_1_459' title='bbox 2161 1914 2565 1985; x_wconf 85' lang='lat' dir='ltr'>operationem,</span> <span class='ocrx_word' id='word_1_460' title='bbox 2598 1915 2841 1985; x_wconf 86' lang='lat' dir='ltr'>qualiter</span> <span class='ocrx_word' id='word_1_461' title='bbox 2883 1914 2952 1968; x_wconf 92' lang='lat' dir='ltr'>ab</span> <span class='ocrx_word' id='word_1_462' title='bbox 2991 1915 3220 1969; x_wconf 85' lang='lat' dir='ltr'>exordio</span> <span class='ocrx_word' id='word_1_463' title='bbox 3258 1931 3431 1984; x_wconf 90' lang='lat' dir='ltr'>usque</span> <span class='ocrx_word' id='word_1_464' title='bbox 3476 1914 3541 1968; x_wconf 86' lang='lat' dir='ltr'>ad</span> <span class='ocrx_word' id='word_1_465' title='bbox 3573 1914 3713 1967; x_wconf 85' lang='lat' dir='ltr'>ﬁnem</span> 
     </span>
    </p>
   </div>
   <div class='ocr_carea' id='block_1_63' title="bbox 2160 2002 3710 2058">
    <p class='ocr_par' dir='ltr' id='par_1_63' title="bbox 2160 2002 3710 2058">
     <span class='ocr_line' id='line_1_63' title="bbox 2160 2002 3710 2058; baseline 0 -2"><span class='ocrx_word' id='word_1_466' title='bbox 2160 2002 2332 2057; x_wconf 89' lang='lat' dir='ltr'>fuerit</span> <span class='ocrx_word' id='word_1_467' title='bbox 2359 2003 2708 2058; x_wconf 86' lang='lat' dir='ltr'>subsecutus.</span> <span class='ocrx_word' id='word_1_468' title='bbox 2756 2004 2912 2058; x_wconf 91' lang='lat' dir='ltr'>Tunc</span> <span class='ocrx_word' id='word_1_469' title='bbox 2954 2003 3091 2057; x_wconf 91' lang='lat' dir='ltr'>dicit</span> <span class='ocrx_word' id='word_1_470' title='bbox 3120 2003 3172 2057; x_wconf 91' lang='lat' dir='ltr'>ei</span> <span class='ocrx_word' id='word_1_471' title='bbox 3208 2022 3219 2056; x_wconf 93' lang='lat'>:</span> <span class='ocrx_word' id='word_1_472' title='bbox 3252 2004 3349 2057; x_wconf 87' lang='lat' dir='ltr'>Vis</span> <span class='ocrx_word' id='word_1_473' title='bbox 3391 2003 3615 2057; x_wconf 88' lang='lat' dir='ltr'>converti</span> <span class='ocrx_word' id='word_1_474' title='bbox 3654 2002 3710 2056; x_wconf 92' lang='lat' dir='ltr'>ad</span> 
     </span>
    </p>
   </div>
   <div class='ocr_carea' id='block_1_64' title="bbox 2158 2091 3711 2157">
    <p class='ocr_par' dir='ltr' id='par_1_64' title="bbox 2158 2091 3711 2157">
     <span class='ocr_line' id='line_1_64' title="bbox 2158 2091 3711 2157; baseline 0 -12"><span class='ocrx_word' id='word_1_475' title='bbox 2158 2091 2462 2145; x_wconf 91' lang='lat' dir='ltr'>Dominum</span> <span class='ocrx_word' id='word_1_476' title='bbox 2492 2093 2672 2147; x_wconf 93' lang='lat' dir='ltr'>Deum</span> <span class='ocrx_word' id='word_1_477' title='bbox 2702 2093 3002 2146; x_wconf 81' lang='lat' dir='ltr'>nostrum?</span> <span class='ocrx_word' id='word_1_478' title='bbox 3029 2093 3138 2157; x_wconf 88' lang='lat' dir='ltr'>Qui</span> <span class='ocrx_word' id='word_1_479' title='bbox 3179 2092 3320 2146; x_wconf 87' lang='lat' dir='ltr'>dixit</span> <span class='ocrx_word' id='word_1_480' title='bbox 3352 2110 3365 2146; x_wconf 89' lang='lat'>:</span> <span class='ocrx_word' id='word_1_481' title='bbox 3400 2092 3572 2146; x_wconf 89' lang='lat' dir='ltr'>Etiam</span> <span class='ocrx_word' id='word_1_482' title='bbox 3593 2092 3711 2157; x_wconf 78' lang='lat' dir='ltr'>volo,</span> 
     </span>
    </p>
   </div>
   <div class='ocr_carea' id='block_1_65' title="bbox 2158 2180 3714 2253">
    <p class='ocr_par' dir='ltr' id='par_1_65' title="bbox 2158 2180 3714 2253">
     <span class='ocr_line' id='line_1_65' title="bbox 2158 2180 3714 2253; baseline 0.001 -20"><span class='ocrx_word' id='word_1_483' title='bbox 2158 2181 2258 2234; x_wconf 89' lang='lat' dir='ltr'>sed</span> <span class='ocrx_word' id='word_1_484' title='bbox 2301 2197 2415 2235; x_wconf 91' lang='lat' dir='ltr'>non</span> <span class='ocrx_word' id='word_1_485' title='bbox 2452 2198 2699 2252; x_wconf 90' lang='lat' dir='ltr'>possum.</span> <span class='ocrx_word' id='word_1_486' title='bbox 2744 2181 2891 2236; x_wconf 90' lang='lat' dir='ltr'>Dicit</span> <span class='ocrx_word' id='word_1_487' title='bbox 2931 2181 2983 2236; x_wconf 91' lang='lat' dir='ltr'>ei</span> <span class='ocrx_word' id='word_1_488' title='bbox 3026 2199 3037 2234; x_wconf 91' lang='lat'>:</span> <span class='ocrx_word' id='word_1_489' title='bbox 3090 2181 3207 2235; x_wconf 90' lang='lat' dir='ltr'>Cur</span> <span class='ocrx_word' id='word_1_490' title='bbox 3234 2182 3259 2234; x_wconf 88' lang='lat'><strong>?</strong></span> <span class='ocrx_word' id='word_1_491' title='bbox 3302 2180 3626 2253; x_wconf 89' lang='lat' dir='ltr'>Respondit:</span> <span class='ocrx_word' id='word_1_492' title='bbox 3662 2181 3714 2235; x_wconf 89' lang='lat' dir='ltr'>In</span> 
     </span>
    </p>
   </div>
   <div class='ocr_carea' id='block_1_66' title="bbox 2157 2268 3717 2341">
    <p class='ocr_par' dir='ltr' id='par_1_66' title="bbox 2157 2268 3717 2341">
     <span class='ocr_line' id='line_1_66' title="bbox 2157 2268 3717 2341; baseline 0 -19"><span class='ocrx_word' id='word_1_493' title='bbox 2157 2268 2381 2339; x_wconf 90' lang='lat' dir='ltr'>scriptis</span> <span class='ocrx_word' id='word_1_494' title='bbox 2415 2268 2805 2323; x_wconf 88' lang='lat' dir='ltr'>abrenuntiavi</span> <span class='ocrx_word' id='word_1_495' title='bbox 2843 2269 3083 2335; x_wconf 86' lang='lat' dir='ltr'>Christo,</span> <span class='ocrx_word' id='word_1_496' title='bbox 3117 2276 3177 2324; x_wconf 94' lang='lat' dir='ltr'>et</span> <span class='ocrx_word' id='word_1_497' title='bbox 3203 2270 3382 2324; x_wconf 68' lang='lat' dir='ltr'>foedus</span> <span class='ocrx_word' id='word_1_498' title='bbox 3412 2269 3587 2341; x_wconf 85' lang='lat' dir='ltr'>pepigi</span> <span class='ocrx_word' id='word_1_499' title='bbox 3610 2285 3717 2323; x_wconf 90' lang='lat' dir='ltr'>cum</span> 
     </span>
    </p>
   </div>
   <div class='ocr_carea' id='block_1_67' title="bbox 2156 2356 3717 2428">
    <p class='ocr_par' dir='ltr' id='par_1_67' title="bbox 2156 2356 3717 2428">
     <span class='ocr_line' id='line_1_67' title="bbox 2156 2356 3717 2428; baseline 0 -18"><span class='ocrx_word' id='word_1_500' title='bbox 2156 2356 2397 2411; x_wconf 90' lang='lat' dir='ltr'>diabolo.</span> <span class='ocrx_word' id='word_1_501' title='bbox 2417 2358 2562 2412; x_wconf 92' lang='lat' dir='ltr'>Dicit</span> <span class='ocrx_word' id='word_1_502' title='bbox 2581 2358 2633 2412; x_wconf 91' lang='lat' dir='ltr'>ei</span> <span class='ocrx_word' id='word_1_503' title='bbox 2654 2364 2905 2413; x_wconf 78' lang='lat' dir='ltr'>sanctus:</span> <span class='ocrx_word' id='word_1_504' title='bbox 2922 2359 3048 2413; x_wconf 89' lang='lat' dir='ltr'>Non</span> <span class='ocrx_word' id='word_1_505' title='bbox 3063 2358 3168 2412; x_wconf 92' lang='lat' dir='ltr'>tibi</span> <span class='ocrx_word' id='word_1_506' title='bbox 3182 2359 3258 2413; x_wconf 90' lang='lat' dir='ltr'>sit</span> <span class='ocrx_word' id='word_1_507' title='bbox 3275 2376 3421 2413; x_wconf 70' lang='lat' dir='ltr'>curae</span> <span class='ocrx_word' id='word_1_508' title='bbox 3443 2378 3454 2412; x_wconf 89' lang='lat'>:</span> <span class='ocrx_word' id='word_1_509' title='bbox 3477 2357 3717 2428; x_wconf 86' lang='lat' dir='ltr'>benignus</span> 
     </span>
    </p>
   </div>
   <div class='ocr_carea' id='block_1_68' title="bbox 2157 2446 3716 2519">
    <p class='ocr_par' dir='ltr' id='par_1_68' title="bbox 2157 2446 3716 2519">
     <span class='ocr_line' id='line_1_68' title="bbox 2157 2446 3716 2519; baseline 0.001 -21"><span class='ocrx_word' id='word_1_510' title='bbox 2157 2451 2245 2500; x_wconf 82' lang='lat' dir='ltr'>est</span> <span class='ocrx_word' id='word_1_511' title='bbox 2254 2446 2404 2501; x_wconf 90' lang='lat' dir='ltr'>Deus</span> <span class='ocrx_word' id='word_1_512' title='bbox 2423 2453 2633 2513; x_wconf 91' lang='lat' dir='ltr'>noster,</span> <span class='ocrx_word' id='word_1_513' title='bbox 2651 2453 2707 2501; x_wconf 92' lang='lat' dir='ltr'>et</span> <span class='ocrx_word' id='word_1_514' title='bbox 2722 2447 2988 2518; x_wconf 90' lang='lat' dir='ltr'>suscipiet</span> <span class='ocrx_word' id='word_1_515' title='bbox 2999 2453 3056 2503; x_wconf 91' lang='lat' dir='ltr'>te</span> <span class='ocrx_word' id='word_1_516' title='bbox 3071 2447 3458 2519; x_wconf 73' lang='lat' dir='ltr'>pcenitentiam</span> <span class='ocrx_word' id='word_1_517' title='bbox 3470 2453 3716 2518; x_wconf 86' lang='lat' dir='ltr'>agentem.</span> 
     </span>
    </p>
   </div>
   <div class='ocr_carea' id='block_1_69' title="bbox 2157 2533 3719 2607">
    <p class='ocr_par' dir='ltr' id='par_1_69' title="bbox 2157 2533 3719 2607">
     <span class='ocr_line' id='line_1_69' title="bbox 2157 2533 3719 2607; baseline -0.001 -19"><span class='ocrx_word' id='word_1_518' title='bbox 2157 2534 2442 2605; x_wconf 87' lang='lat' dir='ltr'>Benignus</span> <span class='ocrx_word' id='word_1_519' title='bbox 2471 2536 2618 2590; x_wconf 89' lang='lat' dir='ltr'>enim</span> <span class='ocrx_word' id='word_1_520' title='bbox 2651 2540 2737 2590; x_wconf 90' lang='lat' dir='ltr'>est</span> <span class='ocrx_word' id='word_1_521' title='bbox 2765 2553 2936 2607; x_wconf 90' lang='lat' dir='ltr'>super</span> <span class='ocrx_word' id='word_1_522' title='bbox 2963 2536 3194 2591; x_wconf 90' lang='lat' dir='ltr'>malitiis</span> <span class='ocrx_word' id='word_1_523' title='bbox 3224 2536 3451 2591; x_wconf 89' lang='lat' dir='ltr'>nostris.</span> <span class='ocrx_word' id='word_1_524' title='bbox 3481 2536 3546 2590; x_wconf 89' lang='lat' dir='ltr'>Et</span> <span class='ocrx_word' id='word_1_525' title='bbox 3570 2533 3719 2606; x_wconf 88' lang='lat' dir='ltr'>proji-</span> 
     </span>
    </p>
   </div>
   <div class='ocr_carea' id='block_1_70' title="bbox 2155 2621 3723 2697">
    <p class='ocr_par' dir='ltr' id='par_1_70' title="bbox 2155 2621 3723 2697">
     <span class='ocr_line' id='line_1_70' title="bbox 2155 2621 3723 2697; baseline -0.001 -21"><span class='ocrx_word' id='word_1_526' title='bbox 2155 2622 2307 2677; x_wconf 92' lang='lat' dir='ltr'>ciens</span> <span class='ocrx_word' id='word_1_527' title='bbox 2337 2642 2397 2678; x_wconf 91' lang='lat' dir='ltr'>se</span> <span class='ocrx_word' id='word_1_528' title='bbox 2434 2625 2623 2695; x_wconf 91' lang='lat' dir='ltr'>puella</span> <span class='ocrx_word' id='word_1_529' title='bbox 2650 2624 2721 2678; x_wconf 92' lang='lat' dir='ltr'>ad</span> <span class='ocrx_word' id='word_1_530' title='bbox 2767 2624 2938 2695; x_wconf 86' lang='lat' dir='ltr'>pedes</span> <span class='ocrx_word' id='word_1_531' title='bbox 2968 2626 3109 2696; x_wconf 67' lang='lat' dir='ltr'>ejus,</span> <span class='ocrx_word' id='word_1_532' title='bbox 3154 2626 3472 2697; x_wconf 88' lang='lat' dir='ltr'>evangelice</span> <span class='ocrx_word' id='word_1_533' title='bbox 3517 2621 3723 2694; x_wconf 85' lang='lat' dir='ltr'>rogabat</span> 
     </span>
    </p>
   </div>
   <div class='ocr_carea' id='block_1_71' title="bbox 2154 2711 3721 2784">
    <p class='ocr_par' dir='ltr' id='par_1_71' title="bbox 2154 2711 3721 2784">
     <span class='ocr_line' id='line_1_71' title="bbox 2154 2711 3721 2784; baseline -0.001 -18"><span class='ocrx_word' id='word_1_534' title='bbox 2154 2728 2305 2777; x_wconf 91' lang='lat' dir='ltr'>eum,</span> <span class='ocrx_word' id='word_1_535' title='bbox 2337 2713 2528 2767; x_wconf 91' lang='lat' dir='ltr'>dicens</span> <span class='ocrx_word' id='word_1_536' title='bbox 2561 2732 2572 2766; x_wconf 91' lang='lat'>:</span> <span class='ocrx_word' id='word_1_537' title='bbox 2611 2713 2891 2784; x_wconf 89' lang='lat' dir='ltr'>Discipule</span> <span class='ocrx_word' id='word_1_538' title='bbox 2932 2714 3141 2769; x_wconf 89' lang='lat' dir='ltr'>Christi</span> <span class='ocrx_word' id='word_1_539' title='bbox 3168 2715 3275 2770; x_wconf 92' lang='lat' dir='ltr'>Dei</span> <span class='ocrx_word' id='word_1_540' title='bbox 3316 2714 3508 2780; x_wconf 87' lang='lat' dir='ltr'>nostri,</span> <span class='ocrx_word' id='word_1_541' title='bbox 3539 2713 3582 2766; x_wconf 82' lang='lat' dir='ltr'>si</span> <span class='ocrx_word' id='word_1_542' title='bbox 3608 2711 3721 2782; x_wconf 89' lang='lat' dir='ltr'>quid</span> 
     </span>
    </p>
   </div>
   <div class='ocr_carea' id='block_1_72' title="bbox 2150 2799 3725 2875">
    <p class='ocr_par' dir='ltr' id='par_1_72' title="bbox 2150 2799 3725 2875">
     <span class='ocr_line' id='line_1_72' title="bbox 2150 2799 3725 2875; baseline 0 -21"><span class='ocrx_word' id='word_1_543' title='bbox 2150 2806 2329 2871; x_wconf 88' lang='lat' dir='ltr'>potes,</span> <span class='ocrx_word' id='word_1_544' title='bbox 2363 2802 2569 2872; x_wconf 87' lang='lat' dir='ltr'>adjuva</span> <span class='ocrx_word' id='word_1_545' title='bbox 2587 2818 2710 2856; x_wconf 90' lang='lat' dir='ltr'>nos.</span> <span class='ocrx_word' id='word_1_546' title='bbox 2736 2802 2884 2856; x_wconf 90' lang='lat' dir='ltr'>Dicit</span> <span class='ocrx_word' id='word_1_547' title='bbox 2910 2809 3139 2857; x_wconf 90' lang='lat' dir='ltr'>sanctus</span> <span class='ocrx_word' id='word_1_548' title='bbox 3159 2802 3234 2857; x_wconf 90' lang='lat' dir='ltr'>ad</span> <span class='ocrx_word' id='word_1_549' title='bbox 3260 2819 3530 2875; x_wconf 89' lang='lat' dir='ltr'>puerum:</span> <span class='ocrx_word' id='word_1_550' title='bbox 3557 2799 3725 2856; x_wconf 86' lang='lat' dir='ltr'>Credis</span> 
     </span>
    </p>
   </div>
   <div class='ocr_carea' id='block_1_73' title="bbox 2149 2890 3727 2960">
    <p class='ocr_par' dir='ltr' id='par_1_73' title="bbox 2149 2890 3727 2960">
     <span class='ocr_line' id='line_1_73' title="bbox 2149 2890 3727 2960; baseline 0 -17"><span class='ocrx_word' id='word_1_551' title='bbox 2149 2905 2313 2960; x_wconf 89' lang='lat' dir='ltr'>posse</span> <span class='ocrx_word' id='word_1_552' title='bbox 2329 2890 2659 2945; x_wconf 82' lang='lat' dir='ltr'>salvari?At</span> <span class='ocrx_word' id='word_1_553' title='bbox 2686 2891 2780 2945; x_wconf 89' lang='lat' dir='ltr'>ille</span> <span class='ocrx_word' id='word_1_554' title='bbox 2809 2891 2950 2945; x_wconf 86' lang='lat' dir='ltr'>dixit</span> <span class='ocrx_word' id='word_1_555' title='bbox 2974 2909 2985 2943; x_wconf 91' lang='lat'>:</span> <span class='ocrx_word' id='word_1_556' title='bbox 3021 2892 3226 2960; x_wconf 89' lang='lat' dir='ltr'>Credo,</span> <span class='ocrx_word' id='word_1_557' title='bbox 3252 2891 3523 2957; x_wconf 88' lang='lat' dir='ltr'>Domine;</span> <span class='ocrx_word' id='word_1_558' title='bbox 3551 2890 3727 2959; x_wconf 81' lang='lat' dir='ltr'>adjuva</span> 
     </span>
    </p>
   </div>
   <div class='ocr_carea' id='block_1_74' title="bbox 2148 2977 3720 3051">
    <p class='ocr_par' dir='ltr' id='par_1_74' title="bbox 2148 2977 3720 3051">
     <span class='ocr_line' id='line_1_74' title="bbox 2148 2977 3720 3051; baseline 0.001 -21"><span class='ocrx_word' id='word_1_559' title='bbox 2148 2977 2604 3033; x_wconf 88' lang='lat' dir='ltr'>incredulitatem</span> <span class='ocrx_word' id='word_1_560' title='bbox 2653 2996 2839 3037; x_wconf 89' lang='lat' dir='ltr'>meam</span> <span class='ocrx_word' id='word_1_561' title='bbox 2869 2981 3066 3047; x_wconf 78' lang='lat' dir='ltr'>(Marci</span> <span class='ocrx_word' id='word_1_562' title='bbox 3102 2985 3204 3051; x_wconf 83' lang='lat' dir='ltr'>Ix).</span> <span class='ocrx_word' id='word_1_563' title='bbox 3234 2982 3305 3036; x_wconf 93' lang='lat' dir='ltr'>Et</span> <span class='ocrx_word' id='word_1_564' title='bbox 3333 2980 3610 3035; x_wconf 84' lang='lat' dir='ltr'>confestim</span> <span class='ocrx_word' id='word_1_565' title='bbox 3641 2993 3720 3047; x_wconf 87' lang='lat' dir='ltr'>ap-</span> 
     </span>
    </p>
   </div>
   <div class='ocr_carea' id='block_1_75' title="bbox 2146 3065 3725 3141">
    <p class='ocr_par' dir='ltr' id='par_1_75' title="bbox 2146 3065 3725 3141">
     <span class='ocr_line' id='line_1_75' title="bbox 2146 3065 3725 3141; baseline -0.001 -20"><span class='ocrx_word' id='word_1_566' title='bbox 2146 3067 2423 3138; x_wconf 89' lang='lat' dir='ltr'>prehensa</span> <span class='ocrx_word' id='word_1_567' title='bbox 2444 3085 2617 3122; x_wconf 91' lang='lat' dir='ltr'>manu</span> <span class='ocrx_word' id='word_1_568' title='bbox 2632 3070 2773 3139; x_wconf 90' lang='lat' dir='ltr'>ejus,</span> <span class='ocrx_word' id='word_1_569' title='bbox 2787 3075 2844 3123; x_wconf 93' lang='lat' dir='ltr'>et</span> <span class='ocrx_word' id='word_1_570' title='bbox 2867 3070 3012 3123; x_wconf 89' lang='lat' dir='ltr'>facto</span> <span class='ocrx_word' id='word_1_571' title='bbox 3027 3086 3203 3141; x_wconf 89' lang='lat' dir='ltr'>super</span> <span class='ocrx_word' id='word_1_572' title='bbox 3221 3086 3355 3124; x_wconf 92' lang='lat' dir='ltr'>eum</span> <span class='ocrx_word' id='word_1_573' title='bbox 3378 3067 3578 3124; x_wconf 89' lang='lat' dir='ltr'>Christi</span> <span class='ocrx_word' id='word_1_574' title='bbox 3589 3065 3725 3137; x_wconf 81' lang='lat' dir='ltr'>signo</span> 
     </span>
    </p>
   </div>
   <div class='ocr_carea' id='block_1_76' title="bbox 2145 3156 3725 3237">
    <p class='ocr_par' dir='ltr' id='par_1_76' title="bbox 2145 3156 3725 3237">
     <span class='ocr_line' id='line_1_76' title="bbox 2145 3156 3725 3237; baseline -0.001 -27"><span class='ocrx_word' id='word_1_575' title='bbox 2145 3156 2314 3211; x_wconf 87' lang='lat' dir='ltr'>simul</span> <span class='ocrx_word' id='word_1_576' title='bbox 2344 3162 2402 3210; x_wconf 92' lang='lat' dir='ltr'>et</span> <span class='ocrx_word' id='word_1_577' title='bbox 2427 3157 2702 3237; x_wconf 79' lang='lat' dir='ltr'>oratione,</span> <span class='ocrx_word' id='word_1_578' title='bbox 2734 3158 2967 3213; x_wconf 90' lang='lat' dir='ltr'>retrusit</span> <span class='ocrx_word' id='word_1_579' title='bbox 2993 3158 3155 3213; x_wconf 91' lang='lat' dir='ltr'>illum</span> <span class='ocrx_word' id='word_1_580' title='bbox 3182 3159 3248 3214; x_wconf 92' lang='lat' dir='ltr'>in</span> <span class='ocrx_word' id='word_1_581' title='bbox 3278 3176 3392 3213; x_wconf 92' lang='lat' dir='ltr'>uno</span> <span class='ocrx_word' id='word_1_582' title='bbox 3423 3159 3557 3223; x_wconf 92' lang='lat' dir='ltr'>loco,</span> <span class='ocrx_word' id='word_1_583' title='bbox 3596 3157 3725 3210; x_wconf 83' lang='lat' dir='ltr'>intra</span> 
     </span>
    </p>
   </div>
   <div class='ocr_carea' id='block_1_77' title="bbox 2145 3244 3727 3317">
    <p class='ocr_par' dir='ltr' id='par_1_77' title="bbox 2145 3244 3727 3317">
     <span class='ocr_line' id='line_1_77' title="bbox 2145 3244 3727 3317; baseline -0.001 -18"><span class='ocrx_word' id='word_1_584' title='bbox 2145 3261 2311 3315; x_wconf 91' lang='lat' dir='ltr'>quem</span> <span class='ocrx_word' id='word_1_585' title='bbox 2340 3245 2482 3299; x_wconf 80' lang='lat' dir='ltr'>sacri</span> <span class='ocrx_word' id='word_1_586' title='bbox 2518 3245 2872 3301; x_wconf 87' lang='lat' dir='ltr'>habebantur</span> <span class='ocrx_word' id='word_1_587' title='bbox 2893 3248 3132 3301; x_wconf 88' lang='lat' dir='ltr'>amictus</span> <span class='ocrx_word' id='word_1_588' title='bbox 3159 3248 3299 3317; x_wconf 68' lang='grc'>(41).</span> <span class='ocrx_word' id='word_1_589' title='bbox 3324 3248 3396 3302; x_wconf 90' lang='lat' dir='ltr'>Et</span> <span class='ocrx_word' id='word_1_590' title='bbox 3419 3247 3549 3301; x_wconf 89' lang='lat' dir='ltr'>data</span> <span class='ocrx_word' id='word_1_591' title='bbox 3578 3244 3623 3299; x_wconf 90' lang='lat' dir='ltr'>ei</span> <span class='ocrx_word' id='word_1_592' title='bbox 3649 3260 3727 3298; x_wconf 88' lang='lat' dir='ltr'>re-</span> 
     </span>
    </p>
   </div>
   <div class='ocr_carea' id='block_1_78' title="bbox 2139 3333 3726 3406">
    <p class='ocr_par' dir='ltr' id='par_1_78' title="bbox 2139 3333 3726 3406">
     <span class='ocr_line' id='line_1_78' title="bbox 2139 3333 3726 3406; baseline -0.002 -19"><span class='ocrx_word' id='word_1_593' title='bbox 2139 3333 2277 3403; x_wconf 88' lang='lat' dir='ltr'>gula</span> <span class='ocrx_word' id='word_1_594' title='bbox 2300 3333 2480 3388; x_wconf 89' lang='lat' dir='ltr'>oravit</span> <span class='ocrx_word' id='word_1_595' title='bbox 2508 3339 2566 3388; x_wconf 92' lang='lat' dir='ltr'>et</span> <span class='ocrx_word' id='word_1_596' title='bbox 2592 3334 2711 3405; x_wconf 88' lang='lat' dir='ltr'>ipse</span> <span class='ocrx_word' id='word_1_597' title='bbox 2740 3352 2842 3406; x_wconf 91' lang='lat' dir='ltr'>pro</span> <span class='ocrx_word' id='word_1_598' title='bbox 2866 3335 2960 3389; x_wconf 89' lang='lat' dir='ltr'>illo</span> <span class='ocrx_word' id='word_1_599' title='bbox 2990 3352 3092 3406; x_wconf 89' lang='lat' dir='ltr'>per</span> <span class='ocrx_word' id='word_1_600' title='bbox 3119 3341 3241 3390; x_wconf 90' lang='lat' dir='ltr'>tres</span> <span class='ocrx_word' id='word_1_601' title='bbox 3270 3336 3412 3390; x_wconf 89' lang='lat' dir='ltr'>dies.</span> <span class='ocrx_word' id='word_1_602' title='bbox 3442 3335 3577 3388; x_wconf 87' lang='lat' dir='ltr'>Post</span> <span class='ocrx_word' id='word_1_603' title='bbox 3606 3348 3726 3403; x_wconf 90' lang='lat' dir='ltr'>quos</span> 
     </span>
    </p>
   </div>
   <div class='ocr_carea' id='block_1_79' title="bbox 2140 3418 3726 3489">
    <p class='ocr_par' dir='ltr' id='par_1_79' title="bbox 2140 3418 3726 3489">
     <span class='ocr_line' id='line_1_79' title="bbox 2140 3418 3726 3489; baseline -0.001 -15"><span class='ocrx_word' id='word_1_604' title='bbox 2140 3421 2387 3476; x_wconf 87' lang='lat' dir='ltr'>visitavit</span> <span class='ocrx_word' id='word_1_605' title='bbox 2427 3440 2577 3489; x_wconf 92' lang='lat' dir='ltr'>eum,</span> <span class='ocrx_word' id='word_1_606' title='bbox 2630 3428 2689 3479; x_wconf 92' lang='lat' dir='ltr'>et</span> <span class='ocrx_word' id='word_1_607' title='bbox 2734 3423 2874 3478; x_wconf 84' lang='lat' dir='ltr'>dixit</span> <span class='ocrx_word' id='word_1_608' title='bbox 2904 3442 2916 3476; x_wconf 91' lang='lat'>:</span> <span class='ocrx_word' id='word_1_609' title='bbox 2952 3424 3250 3488; x_wconf 85' lang='lat' dir='ltr'>Quomodo</span> <span class='ocrx_word' id='word_1_610' title='bbox 3293 3430 3353 3479; x_wconf 94' lang='lat' dir='ltr'>te</span> <span class='ocrx_word' id='word_1_611' title='bbox 3391 3423 3583 3483; x_wconf 86' lang='lat' dir='ltr'>habes.</span> <span class='ocrx_word' id='word_1_612' title='bbox 3621 3418 3726 3475; x_wconf 77' lang='lat' dir='ltr'>ﬁli?</span> 
     </span>
    </p>
   </div>
   <div class='ocr_carea' id='block_1_80' title="bbox 2140 3508 3724 3583">
    <p class='ocr_par' dir='ltr' id='par_1_80' title="bbox 2140 3508 3724 3583">
     <span class='ocr_line' id='line_1_80' title="bbox 2140 3508 3724 3583; baseline -0.003 -18"><span class='ocrx_word' id='word_1_613' title='bbox 2140 3510 2289 3565; x_wconf 91' lang='lat' dir='ltr'>Dicit</span> <span class='ocrx_word' id='word_1_614' title='bbox 2306 3511 2356 3566; x_wconf 92' lang='lat' dir='ltr'>ei</span> <span class='ocrx_word' id='word_1_615' title='bbox 2384 3528 2527 3582; x_wconf 89' lang='lat' dir='ltr'>puer</span> <span class='ocrx_word' id='word_1_616' title='bbox 2560 3530 2570 3564; x_wconf 93' lang='lat'>:</span> <span class='ocrx_word' id='word_1_617' title='bbox 2614 3513 2680 3567; x_wconf 93' lang='lat' dir='ltr'>In</span> <span class='ocrx_word' id='word_1_618' title='bbox 2710 3529 2916 3583; x_wconf 85' lang='lat' dir='ltr'>magna</span> <span class='ocrx_word' id='word_1_619' title='bbox 2944 3529 3088 3574; x_wconf 83' lang='lat' dir='ltr'>sum,</span> <span class='ocrx_word' id='word_1_620' title='bbox 3124 3513 3380 3577; x_wconf 89' lang='lat' dir='ltr'>domine,</span> <span class='ocrx_word' id='word_1_621' title='bbox 3424 3508 3724 3566; x_wconf 86' lang='lat' dir='ltr'>defectione.</span> 
     </span>
    </p>
   </div>
   <div class='ocr_carea' id='block_1_81' title="bbox 2141 3596 3729 3674">
    <p class='ocr_par' dir='ltr' id='par_1_81' title="bbox 2141 3596 3729 3674">
     <span class='ocr_line' id='line_1_81' title="bbox 2141 3596 3729 3674; baseline -0.003 -20"><span class='ocrx_word' id='word_1_622' title='bbox 2141 3600 2343 3655; x_wconf 89' lang='lat' dir='ltr'>Sancte</span> <span class='ocrx_word' id='word_1_623' title='bbox 2364 3601 2483 3666; x_wconf 90' lang='lat' dir='ltr'>Dei,</span> <span class='ocrx_word' id='word_1_624' title='bbox 2500 3616 2615 3655; x_wconf 90' lang='lat' dir='ltr'>non</span> <span class='ocrx_word' id='word_1_625' title='bbox 2641 3602 2846 3656; x_wconf 72' lang='lat' dir='ltr'>sulfero</span> <span class='ocrx_word' id='word_1_626' title='bbox 2869 3602 3167 3668; x_wconf 89' lang='lat' dir='ltr'>clamores,</span> <span class='ocrx_word' id='word_1_627' title='bbox 3188 3596 3452 3674; x_wconf 78' lang='lat' dir='ltr'>pavores,</span> <span class='ocrx_word' id='word_1_628' title='bbox 3474 3599 3667 3673; x_wconf 83' lang='lat' dir='ltr'>jacula,</span> <span class='ocrx_word' id='word_1_629' title='bbox 3681 3601 3729 3651; x_wconf 89' lang='lat' dir='ltr'>et</span> 
     </span>
    </p>
   </div>
   <div class='ocr_carea' id='block_1_82' title="bbox 2138 3688 3729 3763">
    <p class='ocr_par' dir='ltr' id='par_1_82' title="bbox 2138 3688 3729 3763">
     <span class='ocr_line' id='line_1_82' title="bbox 2138 3688 3729 3763; baseline -0.003 -20"><span class='ocrx_word' id='word_1_630' title='bbox 2138 3688 2508 3760; x_wconf 89' lang='lat' dir='ltr'>lapidationes</span> <span class='ocrx_word' id='word_1_631' title='bbox 2528 3690 2797 3761; x_wconf 90' lang='lat' dir='ltr'>ipsorum.</span> <span class='ocrx_word' id='word_1_632' title='bbox 2811 3691 3089 3745; x_wconf 90' lang='lat' dir='ltr'>Tenentes</span> <span class='ocrx_word' id='word_1_633' title='bbox 3106 3690 3263 3746; x_wconf 90' lang='lat' dir='ltr'>enim</span> <span class='ocrx_word' id='word_1_634' title='bbox 3283 3690 3525 3763; x_wconf 67' lang='lat' dir='ltr'>propriae</span> <span class='ocrx_word' id='word_1_635' title='bbox 3549 3703 3729 3743; x_wconf 89' lang='lat' dir='ltr'>manus</span> 
     </span>
    </p>
   </div>
   <div class='ocr_carea' id='block_1_83' title="bbox 2138 3774 3729 3848">
    <p class='ocr_par' dir='ltr' id='par_1_83' title="bbox 2138 3774 3729 3848">
     <span class='ocr_line' id='line_1_83' title="bbox 2138 3774 3729 3848; baseline -0.001 -19"><span class='ocrx_word' id='word_1_636' title='bbox 2138 3792 2277 3831; x_wconf 74' lang='lat' dir='ltr'>meae</span> <span class='ocrx_word' id='word_1_637' title='bbox 2315 3777 2670 3848; x_wconf 83' lang='lat' dir='ltr'>scripturam.</span> <span class='ocrx_word' id='word_1_638' title='bbox 2702 3776 3075 3848; x_wconf 88' lang='lat' dir='ltr'>objurgantur</span> <span class='ocrx_word' id='word_1_639' title='bbox 3103 3778 3160 3832; x_wconf 90' lang='lat' dir='ltr'>in</span> <span class='ocrx_word' id='word_1_640' title='bbox 3196 3795 3312 3845; x_wconf 92' lang='lat' dir='ltr'>me,</span> <span class='ocrx_word' id='word_1_641' title='bbox 3344 3778 3591 3833; x_wconf 86' lang='lat' dir='ltr'>dicentes</span> <span class='ocrx_word' id='word_1_642' title='bbox 3619 3794 3631 3828; x_wconf 92' lang='lat'>:</span> <span class='ocrx_word' id='word_1_643' title='bbox 3655 3774 3729 3828; x_wconf 80' lang='lat' dir='ltr'>Tu</span> 
     </span>
    </p>
   </div>
   <div class='ocr_carea' id='block_1_84' title="bbox 2138 3864 3727 3932">
    <p class='ocr_par' dir='ltr' id='par_1_84' title="bbox 2138 3864 3727 3932">
     <span class='ocr_line' id='line_1_84' title="bbox 2138 3864 3727 3932; baseline -0.002 -15"><span class='ocrx_word' id='word_1_644' title='bbox 2138 3864 2339 3919; x_wconf 88' lang='lat' dir='ltr'>venisti</span> <span class='ocrx_word' id='word_1_645' title='bbox 2365 3866 2437 3920; x_wconf 91' lang='lat' dir='ltr'>ad</span> <span class='ocrx_word' id='word_1_646' title='bbox 2464 3882 2584 3932; x_wconf 92' lang='lat' dir='ltr'>nos,</span> <span class='ocrx_word' id='word_1_647' title='bbox 2619 3882 2733 3921; x_wconf 92' lang='lat' dir='ltr'>non</span> <span class='ocrx_word' id='word_1_648' title='bbox 2762 3882 2864 3920; x_wconf 91' lang='lat' dir='ltr'>nos</span> <span class='ocrx_word' id='word_1_649' title='bbox 2895 3867 2966 3920; x_wconf 90' lang='lat' dir='ltr'>ad</span> <span class='ocrx_word' id='word_1_650' title='bbox 2993 3872 3069 3921; x_wconf 90' lang='lat' dir='ltr'>te.</span> <span class='ocrx_word' id='word_1_651' title='bbox 3105 3866 3174 3921; x_wconf 89' lang='lat' dir='ltr'>Et</span> <span class='ocrx_word' id='word_1_652' title='bbox 3205 3867 3353 3922; x_wconf 90' lang='lat' dir='ltr'>dicit</span> <span class='ocrx_word' id='word_1_653' title='bbox 3382 3868 3436 3922; x_wconf 92' lang='lat' dir='ltr'>ei</span> <span class='ocrx_word' id='word_1_654' title='bbox 3480 3871 3690 3922; x_wconf 83' lang='lat' dir='ltr'>sanctus</span> <span class='ocrx_word' id='word_1_655' title='bbox 3718 3881 3727 3914; x_wconf 90' lang='lat'>:</span> 
     </span>
    </p>
   </div>
   <div class='ocr_carea' id='block_1_85' title="bbox 2137 3951 3731 4021">
    <p class='ocr_par' dir='ltr' id='par_1_85' title="bbox 2137 3951 3731 4021">
     <span class='ocr_line' id='line_1_85' title="bbox 2137 3951 3731 4021; baseline -0.002 -14"><span class='ocrx_word' id='word_1_656' title='bbox 2137 3953 2265 4007; x_wconf 91' lang='lat' dir='ltr'>Noli</span> <span class='ocrx_word' id='word_1_657' title='bbox 2294 3954 2512 4021; x_wconf 90' lang='lat' dir='ltr'>timere,</span> <span class='ocrx_word' id='word_1_658' title='bbox 2538 3954 2619 4009; x_wconf 83' lang='lat' dir='ltr'>fili</span> <span class='ocrx_word' id='word_1_659' title='bbox 2646 3955 2744 4021; x_wconf 92' lang='lat' dir='ltr'>mi,</span> <span class='ocrx_word' id='word_1_660' title='bbox 2778 3955 3170 4009; x_wconf 89' lang='lat' dir='ltr'>tantummodo</span> <span class='ocrx_word' id='word_1_661' title='bbox 3205 3956 3403 4011; x_wconf 89' lang='lat' dir='ltr'>crede.</span> <span class='ocrx_word' id='word_1_662' title='bbox 3446 3956 3517 4010; x_wconf 87' lang='lat' dir='ltr'>Et</span> <span class='ocrx_word' id='word_1_663' title='bbox 3536 3954 3659 4009; x_wconf 86' lang='lat' dir='ltr'>data</span> <span class='ocrx_word' id='word_1_664' title='bbox 3685 3951 3731 4005; x_wconf 90' lang='lat' dir='ltr'>ei</span> 
     </span>
    </p>
   </div>
   <div class='ocr_carea' id='block_1_86' title="bbox 2137 4042 3734 4116">
    <p class='ocr_par' dir='ltr' id='par_1_86' title="bbox 2137 4042 3734 4116">
     <span class='ocr_line' id='line_1_86' title="bbox 2137 4042 3734 4116; baseline -0.001 -21"><span class='ocrx_word' id='word_1_665' title='bbox 2137 4042 2359 4096; x_wconf 89' lang='lat' dir='ltr'>modica</span> <span class='ocrx_word' id='word_1_666' title='bbox 2372 4060 2516 4109; x_wconf 87' lang='lat' dir='ltr'>esca,</span> <span class='ocrx_word' id='word_1_667' title='bbox 2532 4048 2591 4098; x_wconf 90' lang='lat' dir='ltr'>et</span> <span class='ocrx_word' id='word_1_668' title='bbox 2614 4042 2760 4098; x_wconf 87' lang='lat' dir='ltr'>facto</span> <span class='ocrx_word' id='word_1_669' title='bbox 2781 4061 2950 4116; x_wconf 90' lang='lat' dir='ltr'>super</span> <span class='ocrx_word' id='word_1_670' title='bbox 2969 4061 3100 4098; x_wconf 89' lang='lat' dir='ltr'>eum</span> <span class='ocrx_word' id='word_1_671' title='bbox 3122 4044 3347 4100; x_wconf 90' lang='lat' dir='ltr'>Christi</span> <span class='ocrx_word' id='word_1_672' title='bbox 3376 4046 3563 4100; x_wconf 90' lang='lat' dir='ltr'>denuo</span> <span class='ocrx_word' id='word_1_673' title='bbox 3591 4043 3734 4113; x_wconf 84' lang='lat' dir='ltr'>signo</span> 
     </span>
    </p>
   </div>
   <div class='ocr_carea' id='block_1_87' title="bbox 2139 4128 3735 4206">
    <p class='ocr_par' dir='ltr' id='par_1_87' title="bbox 2139 4128 3735 4206">
     <span class='ocr_line' id='line_1_87' title="bbox 2139 4128 3735 4206; baseline -0.001 -21"><span class='ocrx_word' id='word_1_674' title='bbox 2139 4135 2197 4185; x_wconf 90' lang='lat' dir='ltr'>et</span> <span class='ocrx_word' id='word_1_675' title='bbox 2234 4132 2508 4196; x_wconf 87' lang='lat' dir='ltr'>oratione,</span> <span class='ocrx_word' id='word_1_676' title='bbox 2538 4131 2770 4187; x_wconf 80' lang='lat' dir='ltr'>inclusit</span> <span class='ocrx_word' id='word_1_677' title='bbox 2796 4150 2955 4200; x_wconf 90' lang='lat' dir='ltr'>eum;</span> <span class='ocrx_word' id='word_1_678' title='bbox 2988 4138 3045 4188; x_wconf 93' lang='lat' dir='ltr'>et</span> <span class='ocrx_word' id='word_1_679' title='bbox 3069 4140 3201 4205; x_wconf 90' lang='lat' dir='ltr'>post</span> <span class='ocrx_word' id='word_1_680' title='bbox 3231 4151 3451 4206; x_wconf 88' lang='lat' dir='ltr'>paucos</span> <span class='ocrx_word' id='word_1_681' title='bbox 3480 4133 3598 4187; x_wconf 90' lang='lat' dir='ltr'>dies</span> <span class='ocrx_word' id='word_1_682' title='bbox 3624 4128 3735 4184; x_wconf 85' lang='lat' dir='ltr'>visi-</span> 
     </span>
    </p>
   </div>
   <div class='ocr_carea' id='block_1_88' title="bbox 2136 4220 3731 4290">
    <p class='ocr_par' dir='ltr' id='par_1_88' title="bbox 2136 4220 3731 4290">
     <span class='ocr_line' id='line_1_88' title="bbox 2136 4220 3731 4290; baseline -0.001 -16"><span class='ocrx_word' id='word_1_683' title='bbox 2136 4221 2278 4274; x_wconf 87' lang='lat' dir='ltr'>tavit</span> <span class='ocrx_word' id='word_1_684' title='bbox 2296 4221 2477 4287; x_wconf 89' lang='lat' dir='ltr'>illum,</span> <span class='ocrx_word' id='word_1_685' title='bbox 2508 4227 2567 4276; x_wconf 91' lang='lat' dir='ltr'>et</span> <span class='ocrx_word' id='word_1_686' title='bbox 2595 4221 2736 4276; x_wconf 88' lang='lat' dir='ltr'>dixit</span> <span class='ocrx_word' id='word_1_687' title='bbox 2763 4240 2774 4274; x_wconf 92' lang='lat'>:</span> <span class='ocrx_word' id='word_1_688' title='bbox 2811 4222 3099 4287; x_wconf 89' lang='lat' dir='ltr'>Quomodo</span> <span class='ocrx_word' id='word_1_689' title='bbox 3131 4228 3189 4277; x_wconf 89' lang='lat' dir='ltr'>te</span> <span class='ocrx_word' id='word_1_690' title='bbox 3219 4223 3429 4290; x_wconf 88' lang='lat' dir='ltr'>habes,</span> <span class='ocrx_word' id='word_1_691' title='bbox 3463 4222 3543 4278; x_wconf 78' lang='lat' dir='ltr'>fili</span> <span class='ocrx_word' id='word_1_692' title='bbox 3569 4222 3593 4274; x_wconf 88' lang='lat'><strong>?</strong></span> <span class='ocrx_word' id='word_1_693' title='bbox 3620 4220 3731 4275; x_wconf 82' lang='lat' dir='ltr'>Ait:</span> 
     </span>
    </p>
   </div>
   <div class='ocr_carea' id='block_1_89' title="bbox 455 4305 3735 4409">
    <p class='ocr_par' dir='ltr' id='par_1_89' title="bbox 455 4305 3735 4409">
     <span class='ocr_line' id='line_1_89' title="bbox 455 4305 3735 4409; baseline -0.001 -47"><span class='ocrx_word' id='word_1_694' title='bbox 455 4308 608 4375; x_wconf 88' lang='lat' dir='ltr'>dam,</span> <span class='ocrx_word' id='word_1_695' title='bbox 629 4307 779 4379; x_wconf 91' lang='lat' dir='ltr'>quod</span> <span class='ocrx_word' id='word_1_696' title='bbox 798 4323 910 4361; x_wconf 91' lang='lat' dir='ltr'>non</span> <span class='ocrx_word' id='word_1_697' title='bbox 931 4305 1322 4377; x_wconf 85' lang='lat' dir='ltr'>ingrederetur</span> <span class='ocrx_word' id='word_1_698' title='bbox 1340 4306 1653 4373; x_wconf 88' lang='lat' dir='ltr'>ecclesiam,</span> <span class='ocrx_word' id='word_1_699' title='bbox 1680 4323 1863 4378; x_wconf 89' lang='lat' dir='ltr'>neque</span> <span class='ocrx_word' id='word_1_700' title='bbox 1885 4312 2055 4361; x_wconf 86' lang='lat' dir='ltr'>attre-</span> <span class='ocrx_word' id='word_1_701' title='bbox 2072 4349 2123 4409; x_wconf 70' lang='grc' dir='ltr'>Β</span> <span class='ocrx_word' id='word_1_702' title='bbox 2137 4310 2306 4364; x_wconf 91' lang='lat' dir='ltr'>Pater</span> <span class='ocrx_word' id='word_1_703' title='bbox 2325 4315 2534 4378; x_wconf 88' lang='lat' dir='ltr'>sancte,</span> <span class='ocrx_word' id='word_1_704' title='bbox 2554 4311 2772 4382; x_wconf 87' lang='lat' dir='ltr'>alonge</span> <span class='ocrx_word' id='word_1_705' title='bbox 2784 4312 3057 4366; x_wconf 90' lang='lat' dir='ltr'>clamores</span> <span class='ocrx_word' id='word_1_706' title='bbox 3086 4328 3295 4367; x_wconf 90' lang='lat' dir='ltr'>eorum</span> <span class='ocrx_word' id='word_1_707' title='bbox 3320 4313 3495 4368; x_wconf 90' lang='lat' dir='ltr'>audio</span> <span class='ocrx_word' id='word_1_708' title='bbox 3516 4308 3735 4366; x_wconf 86' lang='lat' dir='ltr'>simulet</span> 
     </span>
    </p>
   </div>
   <div class='ocr_carea' id='block_1_90' title="bbox 455 4394 3732 4466">
    <p class='ocr_par' dir='ltr' id='par_1_90' title="bbox 455 4394 3732 4466">
     <span class='ocr_line' id='line_1_90' title="bbox 455 4394 3732 4466; baseline -0.001 -13"><span class='ocrx_word' id='word_1_709' title='bbox 455 4402 639 4453; x_wconf 86' lang='lat' dir='ltr'>ctaret</span> <span class='ocrx_word' id='word_1_710' title='bbox 666 4395 1010 4452; x_wconf 87' lang='lat' dir='ltr'>immortalia</span> <span class='ocrx_word' id='word_1_711' title='bbox 1037 4400 1097 4450; x_wconf 90' lang='lat' dir='ltr'>et</span> <span class='ocrx_word' id='word_1_712' title='bbox 1115 4394 1336 4450; x_wconf 83' lang='lat' dir='ltr'>viviﬁca</span> <span class='ocrx_word' id='word_1_713' title='bbox 1362 4400 1732 4463; x_wconf 88' lang='lat' dir='ltr'>sacramenta,</span> <span class='ocrx_word' id='word_1_714' title='bbox 1777 4401 1834 4451; x_wconf 91' lang='lat' dir='ltr'>et</span> <span class='ocrx_word' id='word_1_715' title='bbox 1860 4395 2055 4451; x_wconf 89' lang='lat' dir='ltr'>dicunt</span> <span class='ocrx_word' id='word_1_716' title='bbox 2072 4394 2319 4453; x_wconf 69' lang='lat' dir='ltr'>&quot;minas</span> <span class='ocrx_word' id='word_1_717' title='bbox 2343 4418 2355 4466; x_wconf 92' lang='lat'><strong>;</strong></span> <span class='ocrx_word' id='word_1_718' title='bbox 2387 4402 2518 4453; x_wconf 84' lang='lat' dir='ltr'>nam</span> <span class='ocrx_word' id='word_1_719' title='bbox 2546 4416 2660 4454; x_wconf 91' lang='lat' dir='ltr'>non</span> <span class='ocrx_word' id='word_1_720' title='bbox 2688 4400 2848 4455; x_wconf 90' lang='lat' dir='ltr'>video</span> <span class='ocrx_word' id='word_1_721' title='bbox 2872 4400 3018 4455; x_wconf 91' lang='lat' dir='ltr'>illos.</span> <span class='ocrx_word' id='word_1_722' title='bbox 3036 4401 3106 4455; x_wconf 90' lang='lat' dir='ltr'>Et</span> <span class='ocrx_word' id='word_1_723' title='bbox 3131 4409 3343 4457; x_wconf 81' lang='lat' dir='ltr'>rursus</span> <span class='ocrx_word' id='word_1_724' title='bbox 3368 4402 3508 4457; x_wconf 90' lang='lat' dir='ltr'>dato</span> <span class='ocrx_word' id='word_1_725' title='bbox 3528 4399 3580 4455; x_wconf 90' lang='lat' dir='ltr'>ei</span> <span class='ocrx_word' id='word_1_726' title='bbox 3607 4397 3732 4461; x_wconf 87' lang='lat' dir='ltr'>cibo,</span> 
     </span>
    </p>
   </div>
   <div class='ocr_carea' id='block_1_91' title="bbox 455 4484 2050 4556">
    <p class='ocr_par' dir='ltr' id='par_1_91' title="bbox 455 4484 2050 4556">
     <span class='ocr_line' id='line_1_91' title="bbox 455 4484 2050 4556; baseline -0.001 -14"><span class='ocrx_word' id='word_1_727' title='bbox 455 4485 790 4542; x_wconf 78' lang='lat' dir='ltr'>miserandae</span> <span class='ocrx_word' id='word_1_728' title='bbox 813 4484 973 4540; x_wconf 90' lang='lat' dir='ltr'>uxori</span> <span class='ocrx_word' id='word_1_729' title='bbox 1000 4485 1152 4556; x_wconf 88' lang='lat' dir='ltr'>ejus:</span> <span class='ocrx_word' id='word_1_730' title='bbox 1188 4484 1422 4539; x_wconf 88' lang='lat' dir='ltr'>Noveris</span> <span class='ocrx_word' id='word_1_731' title='bbox 1460 4485 1595 4556; x_wconf 87' lang='lat' dir='ltr'>quia</span> <span class='ocrx_word' id='word_1_732' title='bbox 1623 4484 1859 4540; x_wconf 89' lang='lat' dir='ltr'>maritus</span> <span class='ocrx_word' id='word_1_733' title='bbox 1895 4490 2050 4552; x_wconf 89' lang='lat' dir='ltr'>tuus,</span> 
     </span>
    </p>
   </div>
   <div class='ocr_carea' id='block_1_92' title="bbox 457 4573 2053 4648">
    <p class='ocr_par' dir='ltr' id='par_1_92' title="bbox 457 4573 2053 4648">
     <span class='ocr_line' id='line_1_92' title="bbox 457 4573 2053 4648; baseline -0.002 -17"><span class='ocrx_word' id='word_1_734' title='bbox 457 4593 624 4647; x_wconf 88' lang='lat' dir='ltr'>quem</span> <span class='ocrx_word' id='word_1_735' title='bbox 639 4574 998 4648; x_wconf 85' lang='lat' dir='ltr'>elegisti,non</span> <span class='ocrx_word' id='word_1_736' title='bbox 1010 4579 1098 4628; x_wconf 91' lang='lat' dir='ltr'>est</span> <span class='ocrx_word' id='word_1_737' title='bbox 1116 4573 1487 4635; x_wconf 87' lang='lat' dir='ltr'>Christianus,</span> <span class='ocrx_word' id='word_1_738' title='bbox 1502 4574 1601 4628; x_wconf 92' lang='lat' dir='ltr'>sed</span> <span class='ocrx_word' id='word_1_739' title='bbox 1614 4579 1911 4628; x_wconf 87' lang='lat' dir='ltr'>extraneus</span> <span class='ocrx_word' id='word_1_740' title='bbox 1922 4579 2053 4628; x_wconf 88' lang='lat' dir='ltr'>esta</span> 
     </span>
    </p>
   </div>
   <div class='ocr_carea' id='block_1_93' title="bbox 458 4661 2051 4737">
    <p class='ocr_par' dir='ltr' id='par_1_93' title="bbox 458 4661 2051 4737">
     <span class='ocr_line' id='line_1_93' title="bbox 458 4661 2051 4737; baseline -0.001 -19"><span class='ocrx_word' id='word_1_741' title='bbox 458 4663 590 4734; x_wconf 85' lang='lat' dir='ltr'>ﬁde,</span> <span class='ocrx_word' id='word_1_742' title='bbox 607 4670 664 4719; x_wconf 89' lang='lat' dir='ltr'>et</span> <span class='ocrx_word' id='word_1_743' title='bbox 674 4665 900 4737; x_wconf 90' lang='lat' dir='ltr'>penitus</span> <span class='ocrx_word' id='word_1_744' title='bbox 915 4669 1002 4719; x_wconf 89' lang='lat' dir='ltr'>est</span> <span class='ocrx_word' id='word_1_745' title='bbox 1015 4661 1397 4726; x_wconf 81' lang='lat' dir='ltr'>alienus.Quae</span> <span class='ocrx_word' id='word_1_746' title='bbox 1409 4662 1655 4717; x_wconf 75' lang='lat' dir='ltr'>tenebris</span> <span class='ocrx_word' id='word_1_747' title='bbox 1675 4668 1732 4716; x_wconf 93' lang='lat' dir='ltr'>et</span> <span class='ocrx_word' id='word_1_748' title='bbox 1745 4663 1871 4717; x_wconf 87' lang='lat' dir='ltr'>dira</span> <span class='ocrx_word' id='word_1_749' title='bbox 1885 4663 2051 4735; x_wconf 85' lang='lat' dir='ltr'>plaga</span> 
     </span>
    </p>
   </div>
   <div class='ocr_carea' id='block_1_94' title="bbox 458 4749 2050 4824">
    <p class='ocr_par' dir='ltr' id='par_1_94' title="bbox 458 4749 2050 4824">
     <span class='ocr_line' id='line_1_94' title="bbox 458 4749 2050 4824; baseline 0.001 -19"><span class='ocrx_word' id='word_1_750' title='bbox 458 4752 686 4821; x_wconf 87' lang='lat' dir='ltr'>referta,</span> <span class='ocrx_word' id='word_1_751' title='bbox 706 4752 941 4824; x_wconf 90' lang='lat' dir='ltr'>projecit</span> <span class='ocrx_word' id='word_1_752' title='bbox 958 4768 1020 4806; x_wconf 91' lang='lat' dir='ltr'>se</span> <span class='ocrx_word' id='word_1_753' title='bbox 1045 4751 1105 4806; x_wconf 94' lang='lat' dir='ltr'>in</span> <span class='ocrx_word' id='word_1_754' title='bbox 1134 4749 1537 4822; x_wconf 81' lang='lat' dir='ltr'>pavimentum,</span> <span class='ocrx_word' id='word_1_755' title='bbox 1559 4755 1618 4805; x_wconf 93' lang='lat' dir='ltr'>et</span> <span class='ocrx_word' id='word_1_756' title='bbox 1631 4751 1800 4822; x_wconf 88' lang='lat' dir='ltr'>coepit</span> <span class='ocrx_word' id='word_1_757' title='bbox 1825 4751 2050 4822; x_wconf 86' lang='lat' dir='ltr'>ungulis</span> 
     </span>
    </p>
   </div>
   <div class='ocr_carea' id='block_1_95' title="bbox 457 4839 2049 4912">
    <p class='ocr_par' dir='ltr' id='par_1_95' title="bbox 457 4839 2049 4912">
     <span class='ocr_line' id='line_1_95' title="bbox 457 4839 2049 4912; baseline 0 -18"><span class='ocrx_word' id='word_1_758' title='bbox 457 4839 820 4910; x_wconf 88' lang='lat' dir='ltr'>semetipsam</span> <span class='ocrx_word' id='word_1_759' title='bbox 853 4840 1189 4912; x_wconf 83' lang='lat' dir='ltr'>discerpere,</span> <span class='ocrx_word' id='word_1_760' title='bbox 1223 4847 1281 4894; x_wconf 92' lang='lat' dir='ltr'>et</span> <span class='ocrx_word' id='word_1_761' title='bbox 1324 4844 1618 4911; x_wconf 89' lang='lat' dir='ltr'>percutere</span> <span class='ocrx_word' id='word_1_762' title='bbox 1650 4845 1844 4910; x_wconf 91' lang='lat' dir='ltr'>pectus</span> <span class='ocrx_word' id='word_1_763' title='bbox 1880 4845 2049 4911; x_wconf 88' lang='lat' dir='ltr'>atque</span> 
     </span>
    </p>
   </div>
   <div class='ocr_carea' id='block_1_96' title="bbox 459 4927 2049 5001">
    <p class='ocr_par' dir='ltr' id='par_1_96' title="bbox 459 4927 2049 5001">
     <span class='ocr_line' id='line_1_96' title="bbox 459 4927 2049 5001; baseline 0.001 -19"><span class='ocrx_word' id='word_1_764' title='bbox 459 4927 731 4983; x_wconf 88' lang='lat' dir='ltr'>clamare:</span> <span class='ocrx_word' id='word_1_765' title='bbox 755 4929 933 4984; x_wconf 88' lang='lat' dir='ltr'>Nemo</span> <span class='ocrx_word' id='word_1_766' title='bbox 960 4945 1212 5001; x_wconf 89' lang='lat' dir='ltr'>unquam</span> <span class='ocrx_word' id='word_1_767' title='bbox 1245 4927 1343 4999; x_wconf 89' lang='lat' dir='ltr'>qui</span> <span class='ocrx_word' id='word_1_768' title='bbox 1366 4927 1694 4999; x_wconf 91' lang='lat' dir='ltr'>parentibus</span> <span class='ocrx_word' id='word_1_769' title='bbox 1723 4927 2049 4984; x_wconf 76' lang='lat' dir='ltr'>inobediens</span> 
     </span>
    </p>
   </div>
   <div class='ocr_carea' id='block_1_97' title="bbox 453 5015 2049 5088">
    <p class='ocr_par' dir='ltr' id='par_1_97' title="bbox 453 5015 2049 5088">
     <span class='ocr_line' id='line_1_97' title="bbox 453 5015 2049 5088; baseline 0.002 -18"><span class='ocrx_word' id='word_1_770' title='bbox 453 5015 771 5082; x_wconf 83' lang='lat' dir='ltr'>fuit,salvus</span> <span class='ocrx_word' id='word_1_771' title='bbox 790 5017 969 5071; x_wconf 88' lang='lat' dir='ltr'>factus</span> <span class='ocrx_word' id='word_1_772' title='bbox 988 5018 1233 5082; x_wconf 90' lang='lat' dir='ltr'>est.Quis</span> <span class='ocrx_word' id='word_1_773' title='bbox 1252 5015 1613 5073; x_wconf 88' lang='lat' dir='ltr'>annuntiabit</span> <span class='ocrx_word' id='word_1_774' title='bbox 1620 5017 1767 5088; x_wconf 91' lang='lat' dir='ltr'>patri</span> <span class='ocrx_word' id='word_1_775' title='bbox 1779 5034 1905 5072; x_wconf 92' lang='lat' dir='ltr'>meo</span> <span class='ocrx_word' id='word_1_776' title='bbox 1914 5035 2049 5073; x_wconf 90' lang='lat' dir='ltr'>con-</span> 
     </span>
    </p>
   </div>
   <div class='ocr_carea' id='block_1_98' title="bbox 456 5103 2049 5179">
    <p class='ocr_par' dir='ltr' id='par_1_98' title="bbox 456 5103 2049 5179">
     <span class='ocr_line' id='line_1_98' title="bbox 456 5103 2049 5179; baseline 0.002 -19"><span class='ocrx_word' id='word_1_777' title='bbox 456 5105 731 5161; x_wconf 86' lang='lat' dir='ltr'>fusionem</span> <span class='ocrx_word' id='word_1_778' title='bbox 745 5103 1083 5160; x_wconf 85' lang='lat' dir='ltr'>meam?Heu</span> <span class='ocrx_word' id='word_1_779' title='bbox 1095 5104 1234 5160; x_wconf 88' lang='lat' dir='ltr'>mihi</span> <span class='ocrx_word' id='word_1_780' title='bbox 1246 5106 1469 5161; x_wconf 88' lang='lat' dir='ltr'>infelici!</span> <span class='ocrx_word' id='word_1_781' title='bbox 1484 5107 1543 5161; x_wconf 92' lang='lat' dir='ltr'>in</span> <span class='ocrx_word' id='word_1_782' title='bbox 1556 5106 1704 5178; x_wconf 91' lang='lat' dir='ltr'>quod</span> <span class='ocrx_word' id='word_1_783' title='bbox 1716 5108 2049 5179; x_wconf 89' lang='lat' dir='ltr'>perditionis</span> 
     </span>
    </p>
   </div>
   <div class='ocr_carea' id='block_1_99' title="bbox 453 5192 2047 5268">
    <p class='ocr_par' dir='ltr' id='par_1_99' title="bbox 453 5192 2047 5268">
     <span class='ocr_line' id='line_1_99' title="bbox 453 5192 2047 5268; baseline 0.003 -20"><span class='ocrx_word' id='word_1_784' title='bbox 453 5193 791 5267; x_wconf 87' lang='lat' dir='ltr'>profundum</span> <span class='ocrx_word' id='word_1_785' title='bbox 807 5192 1067 5248; x_wconf 91' lang='lat' dir='ltr'>descendi</span> <span class='ocrx_word' id='word_1_786' title='bbox 1089 5194 1101 5246; x_wconf 89' lang='lat'><strong>!</strong></span> <span class='ocrx_word' id='word_1_787' title='bbox 1116 5211 1288 5264; x_wconf 90' lang='lat' dir='ltr'>quare</span> <span class='ocrx_word' id='word_1_788' title='bbox 1309 5200 1445 5250; x_wconf 86' lang='lat' dir='ltr'>nata</span> <span class='ocrx_word' id='word_1_789' title='bbox 1462 5196 1615 5250; x_wconf 90' lang='lat' dir='ltr'>sum?</span> <span class='ocrx_word' id='word_1_790' title='bbox 1628 5196 1709 5250; x_wconf 91' lang='lat' dir='ltr'>vel</span> <span class='ocrx_word' id='word_1_791' title='bbox 1724 5203 1859 5251; x_wconf 87' lang='lat' dir='ltr'>nata</span> <span class='ocrx_word' id='word_1_792' title='bbox 1874 5214 2047 5268; x_wconf 87' lang='lat' dir='ltr'>quare</span> 
     </span>
    </p>
   </div>
   <div class='ocr_carea' id='block_1_100' title="bbox 452 5279 2043 5358">
    <p class='ocr_par' dir='ltr' id='par_1_100' title="bbox 452 5279 2043 5358">
     <span class='ocr_line' id='line_1_100' title="bbox 452 5279 2043 5358; baseline 0.001 -19"><span class='ocrx_word' id='word_1_793' title='bbox 452 5300 568 5339; x_wconf 91' lang='lat' dir='ltr'>non</span> <span class='ocrx_word' id='word_1_794' title='bbox 607 5282 800 5338; x_wconf 88' lang='lat' dir='ltr'>statim</span> <span class='ocrx_word' id='word_1_795' title='bbox 836 5280 1228 5353; x_wconf 88' lang='lat' dir='ltr'>indireptibilis</span> <span class='ocrx_word' id='word_1_796' title='bbox 1262 5284 1382 5354; x_wconf 68' lang='lat' dir='ltr'>[Gn</span> <span class='ocrx_word' id='word_1_797' title='bbox 1417 5279 1748 5355; x_wconf 82' lang='grc' dir='ltr'>ἀνάρπαστος,</span> <span class='ocrx_word' id='word_1_798' title='bbox 1789 5285 2043 5358; x_wconf 87' lang='lat' dir='ltr'>abrepta]</span> 
     </span>
    </p>
   </div>
   <div class='ocr_carea' id='block_1_101' title="bbox 451 5370 2044 5445">
    <p class='ocr_par' dir='ltr' id='par_1_101' title="bbox 451 5370 2044 5445">
     <span class='ocr_line' id='line_1_101' title="bbox 451 5370 2044 5445; baseline 0.001 -16"><span class='ocrx_word' id='word_1_799' title='bbox 451 5376 602 5429; x_wconf 78' lang='lat' dir='ltr'>facta</span> <span class='ocrx_word' id='word_1_800' title='bbox 627 5389 750 5427; x_wconf 89' lang='lat' dir='ltr'>sum</span> <span class='ocrx_word' id='word_1_801' title='bbox 773 5371 798 5425; x_wconf 79' lang='lat'><strong>7</strong></span> <span class='ocrx_word' id='word_1_802' title='bbox 818 5370 1154 5442; x_wconf 86' lang='lat' dir='ltr'>Hujusmodi</span> <span class='ocrx_word' id='word_1_803' title='bbox 1173 5387 1305 5442; x_wconf 86' lang='lat' dir='ltr'>ergo</span> <span class='ocrx_word' id='word_1_804' title='bbox 1337 5389 1461 5427; x_wconf 88' lang='lat' dir='ltr'>eam</span> <span class='ocrx_word' id='word_1_805' title='bbox 1493 5372 1931 5445; x_wconf 89' lang='lat' dir='ltr'>complorantem</span> <span class='ocrx_word' id='word_1_806' title='bbox 1952 5393 2044 5432; x_wconf 92' lang='lat' dir='ltr'>se—</span> 
     </span>
    </p>
   </div>
   <div class='ocr_carea' id='block_1_102' title="bbox 449 5461 2043 5533">
    <p class='ocr_par' dir='ltr' id='par_1_102' title="bbox 449 5461 2043 5533">
     <span class='ocr_line' id='line_1_102' title="bbox 449 5461 2043 5533; baseline 0.002 -15"><span class='ocrx_word' id='word_1_807' title='bbox 449 5463 651 5521; x_wconf 90' lang='lat' dir='ltr'>ductus</span> <span class='ocrx_word' id='word_1_808' title='bbox 668 5461 753 5516; x_wconf 89' lang='lat' dir='ltr'>vir</span> <span class='ocrx_word' id='word_1_809' title='bbox 777 5462 901 5533; x_wconf 91' lang='lat' dir='ltr'>ejus</span> <span class='ocrx_word' id='word_1_810' title='bbox 931 5474 1258 5533; x_wconf 81' lang='lat' dir='ltr'>agnoscens,</span> <span class='ocrx_word' id='word_1_811' title='bbox 1279 5461 1431 5516; x_wconf 91' lang='lat' dir='ltr'>venit</span> <span class='ocrx_word' id='word_1_812' title='bbox 1457 5462 1529 5516; x_wconf 87' lang='lat' dir='ltr'>ad</span> <span class='ocrx_word' id='word_1_813' title='bbox 1554 5479 1699 5532; x_wconf 89' lang='lat' dir='ltr'>eam,</span> <span class='ocrx_word' id='word_1_814' title='bbox 1719 5480 2043 5521; x_wconf 88' lang='lat' dir='ltr'>asseverans</span> 
     </span>
    </p>
   </div>
   <div class='ocr_carea' id='block_1_103' title="bbox 449 5549 2043 5626">
    <p class='ocr_par' dir='ltr' id='par_1_103' title="bbox 449 5549 2043 5626">
     <span class='ocr_line' id='line_1_103' title="bbox 449 5549 2043 5626; baseline 0.001 -17"><span class='ocrx_word' id='word_1_815' title='bbox 449 5570 563 5610; x_wconf 89' lang='lat' dir='ltr'>non</span> <span class='ocrx_word' id='word_1_816' title='bbox 591 5569 651 5608; x_wconf 89' lang='lat' dir='ltr'>se</span> <span class='ocrx_word' id='word_1_817' title='bbox 678 5550 759 5607; x_wconf 90' lang='lat' dir='ltr'>ita</span> <span class='ocrx_word' id='word_1_818' title='bbox 775 5551 860 5607; x_wconf 90' lang='lat' dir='ltr'>rei</span> <span class='ocrx_word' id='word_1_819' title='bbox 879 5550 1171 5607; x_wconf 85' lang='lat' dir='ltr'>veritatem</span> <span class='ocrx_word' id='word_1_820' title='bbox 1197 5549 1404 5605; x_wconf 89' lang='lat' dir='ltr'>habere</span> <span class='ocrx_word' id='word_1_821' title='bbox 1426 5569 1438 5605; x_wconf 92' lang='lat'>:</span> <span class='ocrx_word' id='word_1_822' title='bbox 1463 5566 1586 5622; x_wconf 78' lang='lat' dir='ltr'>quae</span> <span class='ocrx_word' id='word_1_823' title='bbox 1609 5552 1669 5608; x_wconf 91' lang='lat' dir='ltr'>in</span> <span class='ocrx_word' id='word_1_824' title='bbox 1687 5552 2043 5626; x_wconf 86' lang='lat' dir='ltr'>refrigerium</span> 
     </span>
    </p>
   </div>
   <div class='ocr_carea' id='block_1_104' title="bbox 2134 4487 3738 4556">
    <p class='ocr_par' dir='ltr' id='par_1_104' title="bbox 2134 4487 3738 4556">
     <span class='ocr_line' id='line_1_104' title="bbox 2134 4487 3738 4556; baseline -0.001 -14"><span class='ocrx_word' id='word_1_825' title='bbox 2134 4494 2192 4543; x_wconf 93' lang='lat' dir='ltr'>et</span> <span class='ocrx_word' id='word_1_826' title='bbox 2207 4488 2384 4543; x_wconf 83' lang='lat' dir='ltr'>ell‘usa</span> <span class='ocrx_word' id='word_1_827' title='bbox 2393 4487 2645 4543; x_wconf 91' lang='lat' dir='ltr'>oratione</span> <span class='ocrx_word' id='word_1_828' title='bbox 2658 4488 2859 4544; x_wconf 88' lang='lat' dir='ltr'>clausit</span> <span class='ocrx_word' id='word_1_829' title='bbox 2870 4489 3166 4556; x_wconf 89' lang='lat' dir='ltr'>ostium,et</span> <span class='ocrx_word' id='word_1_830' title='bbox 3176 4490 3470 4546; x_wconf 84' lang='lat' dir='ltr'>discessit.</span> <span class='ocrx_word' id='word_1_831' title='bbox 3479 4491 3738 4545; x_wconf 69' lang='lat' dir='ltr'>Praeterea</span> 
     </span>
    </p>
   </div>
   <div class='ocr_carea' id='block_1_105' title="bbox 2134 4577 3741 4648">
    <p class='ocr_par' dir='ltr' id='par_1_105' title="bbox 2134 4577 3741 4648">
     <span class='ocr_line' id='line_1_105' title="bbox 2134 4577 3741 4648; baseline -0.001 -17"><span class='ocrx_word' id='word_1_832' title='bbox 2134 4577 2562 4648; x_wconf 87' lang='lat' dir='ltr'>quadragesimo</span> <span class='ocrx_word' id='word_1_833' title='bbox 2575 4577 2664 4631; x_wconf 92' lang='lat' dir='ltr'>die</span> <span class='ocrx_word' id='word_1_834' title='bbox 2693 4577 2835 4632; x_wconf 90' lang='lat' dir='ltr'>abiit</span> <span class='ocrx_word' id='word_1_835' title='bbox 2858 4579 2929 4633; x_wconf 90' lang='lat' dir='ltr'>ad</span> <span class='ocrx_word' id='word_1_836' title='bbox 2948 4595 3100 4647; x_wconf 91' lang='lat' dir='ltr'>eum,</span> <span class='ocrx_word' id='word_1_837' title='bbox 3121 4584 3179 4633; x_wconf 92' lang='lat' dir='ltr'>et</span> <span class='ocrx_word' id='word_1_838' title='bbox 3200 4580 3355 4635; x_wconf 89' lang='lat' dir='ltr'>dicit</span> <span class='ocrx_word' id='word_1_839' title='bbox 3367 4580 3456 4635; x_wconf 85' lang='lat' dir='ltr'>illi</span> <span class='ocrx_word' id='word_1_840' title='bbox 3483 4599 3495 4633; x_wconf 89' lang='lat'>:</span> <span class='ocrx_word' id='word_1_841' title='bbox 3518 4578 3741 4644; x_wconf 88' lang='lat' dir='ltr'>Quomo-</span> 
     </span>
    </p>
   </div>
   <div class='ocr_carea' id='block_1_106' title="bbox 2131 4666 3740 4738">
    <p class='ocr_par' dir='ltr' id='par_1_106' title="bbox 2131 4666 3740 4738">
     <span class='ocr_line' id='line_1_106' title="bbox 2131 4666 3740 4738; baseline -0.001 -18"><span class='ocrx_word' id='word_1_842' title='bbox 2131 4666 2202 4721; x_wconf 92' lang='lat' dir='ltr'>do</span> <span class='ocrx_word' id='word_1_843' title='bbox 2223 4672 2280 4721; x_wconf 90' lang='lat' dir='ltr'>te</span> <span class='ocrx_word' id='word_1_844' title='bbox 2297 4666 2487 4733; x_wconf 89' lang='lat' dir='ltr'>habes,</span> <span class='ocrx_word' id='word_1_845' title='bbox 2516 4666 2725 4720; x_wconf 82' lang='lat' dir='ltr'>frater?</span> <span class='ocrx_word' id='word_1_846' title='bbox 2740 4668 3050 4738; x_wconf 87' lang='lat' dir='ltr'>Respondit</span> <span class='ocrx_word' id='word_1_847' title='bbox 3069 4674 3127 4722; x_wconf 91' lang='lat' dir='ltr'>et</span> <span class='ocrx_word' id='word_1_848' title='bbox 3149 4668 3299 4724; x_wconf 89' lang='lat' dir='ltr'>dicit</span> <span class='ocrx_word' id='word_1_849' title='bbox 3317 4670 3373 4724; x_wconf 90' lang='lat' dir='ltr'>ei</span> <span class='ocrx_word' id='word_1_850' title='bbox 3399 4693 3412 4727; x_wconf 90' lang='lat'>:</span> <span class='ocrx_word' id='word_1_851' title='bbox 3438 4670 3608 4733; x_wconf 89' lang='lat' dir='ltr'>Bene,</span> <span class='ocrx_word' id='word_1_852' title='bbox 3629 4681 3740 4720; x_wconf 89' lang='lat' dir='ltr'>san-</span> 
     </span>
    </p>
   </div>
   <div class='ocr_carea' id='block_1_107' title="bbox 2131 4755 3741 4831">
    <p class='ocr_par' dir='ltr' id='par_1_107' title="bbox 2131 4755 3741 4831">
     <span class='ocr_line' id='line_1_107' title="bbox 2131 4755 3741 4831; baseline -0.001 -21"><span class='ocrx_word' id='word_1_853' title='bbox 2131 4760 2217 4810; x_wconf 90' lang='lat' dir='ltr'>cte</span> <span class='ocrx_word' id='word_1_854' title='bbox 2245 4755 2364 4810; x_wconf 90' lang='lat' dir='ltr'>Dei.</span> <span class='ocrx_word' id='word_1_855' title='bbox 2396 4755 2533 4810; x_wconf 89' lang='lat' dir='ltr'>Vidi</span> <span class='ocrx_word' id='word_1_856' title='bbox 2555 4756 2704 4810; x_wconf 91' lang='lat' dir='ltr'>enim</span> <span class='ocrx_word' id='word_1_857' title='bbox 2733 4760 2790 4810; x_wconf 91' lang='lat' dir='ltr'>te</span> <span class='ocrx_word' id='word_1_858' title='bbox 2824 4756 2989 4811; x_wconf 87' lang='lat' dir='ltr'>hodie</span> <span class='ocrx_word' id='word_1_859' title='bbox 3037 4757 3097 4811; x_wconf 92' lang='lat' dir='ltr'>in</span> <span class='ocrx_word' id='word_1_860' title='bbox 3129 4758 3361 4813; x_wconf 89' lang='lat' dir='ltr'>somnis</span> <span class='ocrx_word' id='word_1_861' title='bbox 3404 4761 3741 4831; x_wconf 85' lang='lat' dir='ltr'>pugnantem</span> 
     </span>
    </p>
   </div>
   <div class='ocr_carea' id='block_1_108' title="bbox 2130 4844 3740 4919">
    <p class='ocr_par' dir='ltr' id='par_1_108' title="bbox 2130 4844 3740 4919">
     <span class='ocr_line' id='line_1_108' title="bbox 2130 4844 3740 4919; baseline -0.001 -21"><span class='ocrx_word' id='word_1_862' title='bbox 2130 4861 2232 4916; x_wconf 85' lang='lat' dir='ltr'>pro</span> <span class='ocrx_word' id='word_1_863' title='bbox 2247 4861 2357 4912; x_wconf 88' lang='lat' dir='ltr'>me,</span> <span class='ocrx_word' id='word_1_864' title='bbox 2379 4850 2437 4899; x_wconf 92' lang='lat' dir='ltr'>et</span> <span class='ocrx_word' id='word_1_865' title='bbox 2454 4844 2766 4900; x_wconf 90' lang='lat' dir='ltr'>vincentem</span> <span class='ocrx_word' id='word_1_866' title='bbox 2789 4844 3093 4900; x_wconf 88' lang='lat' dir='ltr'>diabolum.</span> <span class='ocrx_word' id='word_1_867' title='bbox 3117 4847 3252 4901; x_wconf 88' lang='lat' dir='ltr'>Mox</span> <span class='ocrx_word' id='word_1_868' title='bbox 3281 4865 3428 4919; x_wconf 85' lang='lat' dir='ltr'>ergo</span> <span class='ocrx_word' id='word_1_869' title='bbox 3442 4846 3740 4903; x_wconf 88' lang='lat' dir='ltr'>secundum</span> 
     </span>
    </p>
   </div>
   <div class='ocr_carea' id='block_1_109' title="bbox 2131 4932 3743 5005">
    <p class='ocr_par' dir='ltr' id='par_1_109' title="bbox 2131 4932 3743 5005">
     <span class='ocr_line' id='line_1_109' title="bbox 2131 4932 3743 5005; baseline -0.002 -18"><span class='ocrx_word' id='word_1_870' title='bbox 2131 4933 2597 4989; x_wconf 89' lang='lat' dir='ltr'>consuetudinem</span> <span class='ocrx_word' id='word_1_871' title='bbox 2622 4934 2770 4989; x_wconf 83' lang='lat' dir='ltr'>facta</span> <span class='ocrx_word' id='word_1_872' title='bbox 2797 4933 3052 4989; x_wconf 90' lang='lat' dir='ltr'>oratione</span> <span class='ocrx_word' id='word_1_873' title='bbox 3073 4934 3276 4989; x_wconf 88' lang='lat' dir='ltr'>eduxit</span> <span class='ocrx_word' id='word_1_874' title='bbox 3303 4937 3500 5005; x_wconf 83' lang='lat' dir='ltr'>illum,</span> <span class='ocrx_word' id='word_1_875' title='bbox 3523 4941 3582 4993; x_wconf 88' lang='lat' dir='ltr'>et</span> <span class='ocrx_word' id='word_1_876' title='bbox 3597 4932 3743 4990; x_wconf 81' lang='lat' dir='ltr'>duxit</span> 
     </span>
    </p>
   </div>
   <div class='ocr_carea' id='block_1_110' title="bbox 2130 5020 3739 5090">
    <p class='ocr_par' dir='ltr' id='par_1_110' title="bbox 2130 5020 3739 5090">
     <span class='ocr_line' id='line_1_110' title="bbox 2130 5020 3739 5090; baseline 0 -14"><span class='ocrx_word' id='word_1_877' title='bbox 2130 5020 2288 5077; x_wconf 91' lang='lat' dir='ltr'>illum</span> <span class='ocrx_word' id='word_1_878' title='bbox 2317 5023 2388 5077; x_wconf 90' lang='lat' dir='ltr'>ad</span> <span class='ocrx_word' id='word_1_879' title='bbox 2404 5022 2732 5077; x_wconf 73' lang='lat' dir='ltr'>cubiculum</span> <span class='ocrx_word' id='word_1_880' title='bbox 2752 5040 2939 5077; x_wconf 90' lang='lat' dir='ltr'>suum.</span> <span class='ocrx_word' id='word_1_881' title='bbox 2965 5029 3007 5088; x_wconf 84' lang='grc' dir='ltr'>ι</span> <span class='ocrx_word' id='word_1_882' title='bbox 3021 5029 3146 5090; x_wconf 69' lang='lat'>58</span> <span class='ocrx_word' id='word_1_883' title='bbox 3158 5023 3339 5080; x_wconf 89' lang='lat' dir='ltr'>Mane</span> <span class='ocrx_word' id='word_1_884' title='bbox 3365 5035 3565 5081; x_wconf 88' lang='lat' dir='ltr'>autem</span> <span class='ocrx_word' id='word_1_885' title='bbox 3585 5025 3739 5087; x_wconf 88' lang='lat' dir='ltr'>facto,</span> 
     </span>
    </p>
   </div>
   <div class='ocr_carea' id='block_1_111' title="bbox 2131 5112 3743 5184">
    <p class='ocr_par' dir='ltr' id='par_1_111' title="bbox 2131 5112 3743 5184">
     <span class='ocr_line' id='line_1_111' title="bbox 2131 5112 3743 5184; baseline -0.001 -18"><span class='ocrx_word' id='word_1_886' title='bbox 2131 5116 2430 5166; x_wconf 89' lang='lat' dir='ltr'>convocato</span> <span class='ocrx_word' id='word_1_887' title='bbox 2457 5116 2576 5166; x_wconf 90' lang='lat' dir='ltr'>tam</span> <span class='ocrx_word' id='word_1_888' title='bbox 2594 5112 2900 5166; x_wconf 88' lang='lat' dir='ltr'>venerabili</span> <span class='ocrx_word' id='word_1_889' title='bbox 2920 5112 3068 5167; x_wconf 91' lang='lat' dir='ltr'>clero</span> <span class='ocrx_word' id='word_1_890' title='bbox 3092 5129 3269 5184; x_wconf 86' lang='lat' dir='ltr'>quam</span> <span class='ocrx_word' id='word_1_891' title='bbox 3305 5113 3674 5170; x_wconf 86' lang='lat' dir='ltr'>monasteriis</span> <span class='ocrx_word' id='word_1_892' title='bbox 3693 5115 3743 5167; x_wconf 86' lang='lat' dir='ltr'>et</span> 
     </span>
    </p>
   </div>
   <div class='ocr_carea' id='block_1_112' title="bbox 2130 5198 3746 5272">
    <p class='ocr_par' dir='ltr' id='par_1_112' title="bbox 2130 5198 3746 5272">
     <span class='ocr_line' id='line_1_112' title="bbox 2130 5198 3746 5272; baseline -0.001 -18"><span class='ocrx_word' id='word_1_893' title='bbox 2130 5200 2284 5254; x_wconf 88' lang='lat' dir='ltr'>omni</span> <span class='ocrx_word' id='word_1_894' title='bbox 2313 5200 2535 5255; x_wconf 91' lang='lat' dir='ltr'>Christo</span> <span class='ocrx_word' id='word_1_895' title='bbox 2556 5200 2782 5255; x_wconf 87' lang='lat' dir='ltr'>amabili</span> <span class='ocrx_word' id='word_1_896' title='bbox 2808 5200 3035 5272; x_wconf 90' lang='lat' dir='ltr'>populo,</span> <span class='ocrx_word' id='word_1_897' title='bbox 3058 5201 3198 5255; x_wconf 87' lang='lat' dir='ltr'>dixit</span> <span class='ocrx_word' id='word_1_898' title='bbox 3221 5203 3314 5257; x_wconf 89' lang='lat' dir='ltr'>eis</span> <span class='ocrx_word' id='word_1_899' title='bbox 3347 5221 3360 5255; x_wconf 91' lang='lat'>:</span> <span class='ocrx_word' id='word_1_900' title='bbox 3384 5204 3523 5258; x_wconf 89' lang='lat' dir='ltr'>Filii</span> <span class='ocrx_word' id='word_1_901' title='bbox 3540 5201 3651 5257; x_wconf 90' lang='lat' dir='ltr'>mei</span> <span class='ocrx_word' id='word_1_902' title='bbox 3674 5198 3746 5253; x_wconf 88' lang='lat' dir='ltr'>di-</span> 
     </span>
    </p>
   </div>
   <div class='ocr_carea' id='block_1_113' title="bbox 2125 5288 3745 5362">
    <p class='ocr_par' dir='ltr' id='par_1_113' title="bbox 2125 5288 3745 5362">
     <span class='ocr_line' id='line_1_113' title="bbox 2125 5288 3745 5362; baseline 0 -19"><span class='ocrx_word' id='word_1_903' title='bbox 2125 5288 2275 5356; x_wconf 88' lang='lat' dir='ltr'>lecti,</span> <span class='ocrx_word' id='word_1_904' title='bbox 2309 5289 2555 5345; x_wconf 89' lang='lat' dir='ltr'>universi</span> <span class='ocrx_word' id='word_1_905' title='bbox 2598 5290 2811 5362; x_wconf 88' lang='lat' dir='ltr'>gratias</span> <span class='ocrx_word' id='word_1_906' title='bbox 2855 5306 3091 5361; x_wconf 87' lang='lat' dir='ltr'>agamus</span> <span class='ocrx_word' id='word_1_907' title='bbox 3120 5292 3412 5361; x_wconf 87' lang='lat' dir='ltr'>Domino;</span> <span class='ocrx_word' id='word_1_908' title='bbox 3446 5301 3578 5347; x_wconf 73' lang='lat' dir='ltr'>ecée</span> <span class='ocrx_word' id='word_1_909' title='bbox 3603 5289 3745 5346; x_wconf 90' lang='lat' dir='ltr'>enim</span> 
     </span>
    </p>
   </div>
   <div class='ocr_carea' id='block_1_114' title="bbox 2124 5377 3749 5453">
    <p class='ocr_par' dir='ltr' id='par_1_114' title="bbox 2124 5377 3749 5453">
     <span class='ocr_line' id='line_1_114' title="bbox 2124 5377 3749 5453; baseline 0.003 -22"><span class='ocrx_word' id='word_1_910' title='bbox 2124 5377 2377 5434; x_wconf 89' lang='lat' dir='ltr'>futurum</span> <span class='ocrx_word' id='word_1_911' title='bbox 2406 5386 2493 5434; x_wconf 90' lang='lat' dir='ltr'>est</span> <span class='ocrx_word' id='word_1_912' title='bbox 2517 5385 2581 5435; x_wconf 90' lang='lat' dir='ltr'>ut</span> <span class='ocrx_word' id='word_1_913' title='bbox 2607 5396 2768 5434; x_wconf 82' lang='lat' dir='ltr'>ovem</span> <span class='ocrx_word' id='word_1_914' title='bbox 2803 5378 3083 5450; x_wconf 88' lang='lat' dir='ltr'>perditam</span> <span class='ocrx_word' id='word_1_915' title='bbox 3124 5386 3333 5452; x_wconf 85' lang='lat' dir='ltr'>pastor</span> <span class='ocrx_word' id='word_1_916' title='bbox 3363 5382 3558 5439; x_wconf 91' lang='lat' dir='ltr'>bonus</span> <span class='ocrx_word' id='word_1_917' title='bbox 3588 5394 3749 5453; x_wconf 86' lang='lat' dir='ltr'>super</span> 
     </span>
    </p>
   </div>
   <div class='ocr_carea' id='block_1_115' title="bbox 2124 5466 3742 5542">
    <p class='ocr_par' dir='ltr' id='par_1_115' title="bbox 2124 5466 3742 5542">
     <span class='ocr_line' id='line_1_115' title="bbox 2124 5466 3742 5542; baseline 0.001 -21"><span class='ocrx_word' id='word_1_918' title='bbox 2124 5466 2388 5522; x_wconf 89' lang='lat' dir='ltr'>humeros</span> <span class='ocrx_word' id='word_1_919' title='bbox 2414 5486 2547 5523; x_wconf 87' lang='lat' dir='ltr'>suos</span> <span class='ocrx_word' id='word_1_920' title='bbox 2574 5468 2829 5540; x_wconf 89' lang='lat' dir='ltr'>imponat</span> <span class='ocrx_word' id='word_1_921' title='bbox 2851 5469 3026 5533; x_wconf 71' lang='lat' dir='ltr'>(Luca:</span> <span class='ocrx_word' id='word_1_922' title='bbox 3042 5469 3153 5542; x_wconf 85' lang='lat' dir='ltr'>xv),</span> <span class='ocrx_word' id='word_1_923' title='bbox 3182 5476 3245 5525; x_wconf 89' lang='lat' dir='ltr'>et</span> <span class='ocrx_word' id='word_1_924' title='bbox 3279 5473 3534 5527; x_wconf 87' lang='lat' dir='ltr'>reducat</span> <span class='ocrx_word' id='word_1_925' title='bbox 3562 5469 3742 5526; x_wconf 85' lang='lat' dir='ltr'>Eccle-</span> 
     </span>
    </p>
   </div>
   <div class='ocr_carea' id='block_1_116' title="bbox 2123 5556 3748 5631">
    <p class='ocr_par' dir='ltr' id='par_1_116' title="bbox 2123 5556 3748 5631">
     <span class='ocr_line' id='line_1_116' title="bbox 2123 5556 3748 5631; baseline 0 -20"><span class='ocrx_word' id='word_1_926' title='bbox 2123 5557 2244 5624; x_wconf 75' lang='lat' dir='ltr'>size;</span> <span class='ocrx_word' id='word_1_927' title='bbox 2279 5562 2338 5611; x_wconf 93' lang='lat' dir='ltr'>et</span> <span class='ocrx_word' id='word_1_928' title='bbox 2372 5574 2474 5613; x_wconf 92' lang='lat' dir='ltr'>nos</span> <span class='ocrx_word' id='word_1_929' title='bbox 2520 5563 2742 5630; x_wconf 90' lang='lat' dir='ltr'>oportet</span> <span class='ocrx_word' id='word_1_930' title='bbox 2768 5556 3097 5630; x_wconf 84' lang='lat' dir='ltr'>pervigilem</span> <span class='ocrx_word' id='word_1_931' title='bbox 3133 5559 3357 5616; x_wconf 90' lang='lat' dir='ltr'>ducere</span> <span class='ocrx_word' id='word_1_932' title='bbox 3398 5567 3657 5631; x_wconf 85' lang='lat' dir='ltr'>noctem,</span> <span class='ocrx_word' id='word_1_933' title='bbox 3694 5563 3748 5612; x_wconf 87' lang='lat' dir='ltr'>et</span> 
     </span>
    </p>
   </div>
  </div>
