3946 6192
281 284 383 343 305

764 288 934 342 VITA
972 286 1229 342 SANCTI
1268 284 1549 349 BASILII,
1592 282 1962 338 CfESAREIE
2000 281 2474 337 CAPPADOCIXE
2508 283 3082 344 ARCHIEPISCOPI.

3442 295 3548 350 306

277 412 562 483 deprecari
591 413 936 467 voluntatem
963 413 1158 484 ipsius,
1177 419 1359 467 utnon
1372 413 1557 466 vincat
1575 410 2023 484 corrUptorAmi
2049 427 2224 475 soror,
2258 411 2353 464 sed
2375 427 2544 481 surge
2573 417 2631 466 et
2659 428 2798 466 orna
2848 413 3076 468 domum
3107 420 3283 482 tuam,
3318 423 3376 472 et
3398 419 3546 474 circa

278 501 616 554 animarum.
645 502 768 565 Quo
798 503 1055 572 protinus
1075 507 1218 566 acto,
1244 508 1299 555 et
1325 501 1740 574 promptissime
1769 518 1870 572 po-

275 589 406 660 pulo
431 597 794 661 congregato,
824 607 925 662 per
957 596 1133 644 totam
1160 596 1380 645 noctem
1408 608 1523 645 una
1556 608 1682 646 cum
1725 590 1870 644 bono

274 685 499 750 pastore
511 680 791 750 deprecati
821 688 953 734 sunt
972 681 1171 746 Deum,
1195 697 1323 734 cum
1344 681 1607 752 lacrymis
1631 697 1732 752 pro
1748 681 1869 750 ipso

274 768 603 832 clamantes,
622 769 791 839 Kyrie
823 769 1051 822 eleison.
1075 770 1143 823 Et
1167 770 1411 824 diluculo
1443 785 1556 824 una
1567 787 1696 824 cum
1715 770 1868 824 omni

274 855 638 910 multitudine
666 858 856 928 populi
877 858 1116 911 assumit
1142 863 1368 912 sanctus
1398 875 1655 928 puerum,
1692 864 1749 912 et
1790 865 1871 912 te-

273 960 413 998 nens
436 944 724 999 dexteram
756 962 988 1000 manum
1019 948 1160 1016 ejus,
1191 947 1351 1000 duxit
1375 965 1502 1000 eum
1534 948 1590 1001 in
1619 955 1869 1002 sanctam

272 1033 372 1087 Dei
403 1035 697 1088 ecclesiam
719 1052 846 1090 cum
876 1037 1106 1106 psalmis
1135 1042 1191 1089 et
1222 1037 1462 1107 hymnis.
1498 1038 1566 1090 Et
1593 1055 1717 1091 ecce
1746 1038 1870 1091 dia-

272 1115 453 1187 bolus,
510 1124 606 1192 qui
644 1124 768 1178 vitze
811 1131 1014 1178 nostra:
1072 1141 1296 1196 semper
1338 1125 1567 1190 invidet,
1631 1127 1676 1180 si
1726 1128 1869 1182 hanc

271 1210 391 1264 sine
437 1212 672 1265 tristitia
714 1213 933 1276 viderit,
987 1230 1114 1267 cum
1156 1219 1276 1267 tota
1314 1214 1624 1284 perniciosa
1665 1216 1871 1271 virtute

270 1316 374 1351 sua
401 1300 576 1364 venit,
621 1306 677 1354 et
719 1318 893 1371 puero
923 1301 1274 1355 invisibiliter
1312 1305 1730 1374 comprehenso,
1774 1322 1870 1358 vo-

271 1387 378 1440 luit
409 1404 609 1458 rapere
639 1389 797 1442 illum
845 1390 913 1443 de
948 1407 1120 1444 manu
1152 1391 1365 1457 sancti;
1420 1399 1476 1445 et
1523 1393 1690 1463 caepit
1733 1411 1872 1465 puer

272 1476 526 1530 clamans
555 1477 756 1531 dicere:
793 1479 993 1532 Sancte
1016 1479 1136 1542 Dei,
1167 1480 1438 1533 auxiliare
1464 1481 1619 1546 mihi,
1648 1486 1705 1534 et
1731 1483 1870 1536 adeo

270 1572 470 1618 contra
515 1566 676 1619 illum
719 1567 1030 1638 impudenti
1073 1568 1342 1622 instantia
1379 1570 1549 1632 venit,
1592 1577 1654 1623 ut
1683 1571 1865 1641 ipsum

271 1655 565 1723 egregium
598 1655 867 1709 Basilium
883 1657 1047 1709 simul
1069 1674 1194 1710 cum
1217 1658 1312 1710 illo
1336 1659 1652 1728 impelleret
1668 1665 1725 1712 et
1744 1660 1869 1712 sub-

1952 499 2149 552 horam
2209 516 2414 553 nonam
2468 501 2600 553 tolle
2648 501 2999 556 thuribulum
3057 507 3113 557 et
3167 522 3358 560 cereos
3412 508 3540 574 (44),

1953 587 2170 641 obviam
2214 589 2351 642 vade
2408 595 2600 643 sancto
2645 591 2850 644 Basilio
2895 592 3310 665 archiepiscopo
3349 614 3360 661 ;
3393 597 3546 651 venit

1953 677 2103 730 enim
2122 678 2404 748 applicare
2433 679 2492 731 in
2513 678 2679 732 domo
2709 685 2918 734 nostra.
2936 682 3037 735 Illa
3059 689 3249 738 autem
3279 687 3545 740 tremefa-

1952 771 2043 819 cta
2061 783 2232 836 super
2259 772 2375 820 tam
2394 767 2700 836 gloriosum
2721 768 2948 834 dictum,
2983 771 3112 825 fecit
3129 778 3194 826 ut
3211 774 3406 828 edocta
3426 781 3512 829 est
3532 796 3546 844 ;

1953 861 2075 909 erat
2087 861 2276 910 autem
2290 856 2385 908 illa
2399 856 2558 925 virgo
2570 857 2767 926 pudice
2783 858 2971 912 vivens
2983 861 3355 932 quadraginta
3364 869 3546 919 trans-

1954 944 2075 998 iens
2107 961 2284 998 annos
2309 962 2436 998 cum
2465 947 2704 1016 conjuge
2743 963 2844 999 suo
2875 963 3210 1003 conservans
3241 959 3540 1019 secretum,

1951 1034 2198 1086 sterilem
2223 1051 2282 1086 se
2307 1035 2576 1088 simulans
2600 1035 2940 1089 hominibus.
2976 1037 3218 1092 Obvians
3240 1047 3429 1095 autem
3449 1059 3547 1096 no-

1950 1121 2035 1175 bis
2054 1139 2180 1175 cum
2203 1122 2391 1176 debita
2413 1123 2704 1187 modestia,
2729 1131 3130 1194 congruentem
3147 1129 3542 1186 salutationem

1951 1210 2204 1264 tribuens
2232 1212 2473 1281 primum
2498 1211 2725 1281 quidem
2749 1212 3148 1268 benedicitura
3165 1223 3356 1271 sancto
3378 1220 3545 1274 Patre

1953 1306 2146 1353 nostro
2181 1319 2193 1364 ;
2232 1300 2433 1353 deinde
2461 1301 2597 1354 dicit
2631 1301 2711 1354 illi
2737 1321 2747 1354 :
2785 1301 3073 1365 Quomodo
3103 1303 3292 1369 habes,
3317 1307 3547 1362 domina

1952 1388 2241 1456 Theognia
2285 1389 2436 1458 (45)?
2467 1389 2568 1443 llla
2618 1407 2764 1455 vero,
2803 1392 3113 1462 stupefacta
3143 1394 3213 1447 de
3260 1396 3546 1450 vocatione

1953 1477 2216 1541 nominis,
2250 1477 2384 1531 dicit
2415 1479 2482 1531 ei:
2503 1479 2668 1543 Bene,
2689 1485 2878 1532 sancte
2909 1481 3191 1535 Dei.Dicit
3212 1482 3292 1536 illi
3320 1491 3547 1539 sanctus

1954 1564 2339 1618 Paternoster:
2363 1566 2465 1619 Ubi
2489 1574 2576 1619 est
2595 1567 2854 1620 dominus
2874 1570 3202 1624 Anastasius
3234 1573 3544 1644 presbyter,

1952 1653 2127 1706 frater
2155 1659 2286 1708 tuus
2308 1655 2331 1706 7
2350 1655 2498 1707 Βὶιὶῐ
2524 1655 2592 1707 ei:
2627 1656 2860 1710 Maritus
2893 1673 3049 1711 meus
3079 1665 3180 1723 est,
3215 1661 3460 1728 domine,
3491 1669 3548 1717 et

271 1750 536 1796 verteret.
569 1745 879 1798 Conversus
901 1733 1038 1814 ergo
1060 1753 1286 1799 sanctus
1317 1747 1386 1799 ad
1429 1747 1712 1802 diabolum
1741 1749 1820 1803 ait
1854 1749 1936 1809 :B
1960 1741 2058 1794 iVit
2083 1743 2151 1795 ad
2183 1743 2469 1796 COlelldam
2496 1750 2705 1797 terram
2761 1745 2867 1808 QUi
2901 1747 3041 1800 diXit
3073 1766 3084 1799 ε
3138 1748 3201 1801 In
3240 1749 3404 1804 domo
3447 1757 3547 1806 tua

272 1832 785 1901 Impudentissime,
821 1840 877 1887 et
898 1834 1212 1888 animarum
1243 1836 1494 1901 violator,
1531 1844 1692 1906 pater
1719 1846 1870 1892 tene-

273 1919 500 1973 brarum
530 1927 584 1974 et
624 1923 971 1991 perditionis,
1002 1941 1112 1977 non
1135 1924 1236 1976 tibi
1257 1924 1463 1978 sufﬁcit
1480 1931 1577 1978 tua
1606 1927 1866 1996 perditio,

272 2025 442 2078 quam
462 2010 682 2064 tibimet
712 2011 816 2082 ipsi
847 2019 905 2064 et
938 1999 1024 2065 his
1056 2013 1150 2082 qui
1173 2013 1276 2066 sub
1306 2020 1360 2066 te
1391 2022 1524 2067 sunt
1554 2016 1860 2084 acquisisti,

270 2099 366 2152 sed
397 2099 584 2152 adhuc
604 2116 716 2152 non
743 2101 999 2170 quiescis,
1025 2108 1081 2156 et
1096 2102 1196 2155 Dei
1214 2103 1321 2155 mei
1340 2104 1555 2172 plasma
1572 2105 1866 2158 tentando?

270 2187 540 2241 Diabolus
554 2205 682 2242 vero
694 2189 834 2242 dixit
853 2190 922 2243 ad
943 2207 1074 2243 eum
1097 2207 1106 2241 :
1133 2191 1270 2260 Praej
1281 2192 1638 2257 udicasmihi,
1673 2194 1863 2259 Basili,

269 2277 347 2329 ita
391 2282 459 2329 ut
489 2278 654 2331 multi
693 2295 758 2331 ex
787 2278 947 2332 nobis
989 2279 1249 2333 audirent
1279 2297 1438 2334 voces
1465 2283 1604 2351 ejus.
1638 2285 1712 2336 At
1741 2300 1868 2336 vero

271 2371 497 2420 sanctus
524 2366 628 2419 Dei
649 2367 718 2420 ad
737 2367 895 2420 illum
920 2385 931 2418 :
955 2369 1230 2439 Increpat,
1249 2369 1453 2440 inquit,
1474 2371 1575 2424 tibi
1598 2372 1868 2425 Dominus

273 2457 440 2522 (Judz
477 2459 680 2523 epist),
714 2455 950 2510 diabole.
984 2460 1059 2511 At
1086 2458 1208 2510 ille:
1244 2459 1436 2524 Basili,
1481 2461 1867 2529 prazjudicium

272 2543 405 2596 mihi
425 2543 583 2596 facis.
615 2545 740 2598 Non
763 2545 834 2598 ivi
855 2561 957 2614 ego
980 2546 1051 2600 ad
1073 2563 1222 2611 eum,
1253 2548 1350 2600 sed
1371 2548 1463 2600 ille
1480 2549 1628 2601 venit
1653 2549 1723 2602 ad
1755 2566 1861 2614 me,

269 2631 721 2687 abrenuntiando
751 2634 1059 2701 Christum,
1094 2652 1425 2707 mecumque
1453 2643 1539 2691 est
1568 2638 1866 2707 sponsione

269 2729 586 2792 pactuatus,
618 2729 675 2776 et
703 2739 828 2776 ecce
860 2723 1130 2794 scriptum
1171 2725 1348 2778 habeo
1379 2731 1436 2779 et
1465 2725 1523 2779 in
1555 2726 1644 2779 die
1668 2727 1865 2795 judicii

270 2827 453 2863 coram
472 2811 760 2864 communi
773 2811 963 2880 judice
974 2812 1222 2866 deferam
1243 2814 1400 2866 illud.
1425 2815 1664 2868 Sanctus
1678 2821 1867 2870 autem

267 2899 489 2952 Domini
508 2900 677 2952 dixit:
699 2901 1030 2954 Benedictus
1052 2901 1322 2955 Dominus
1358 2902 1510 2956 Deus
1541 2920 1723 2969 meus,
1755 2921 1867 2958 non

269 2987 508 3058 deponet
539 2989 780 3059 populus
810 2990 914 3043 iste
956 3006 1154 3044 manus
1196 2990 1266 3043 ab
1315 2993 1530 3045 excelso
1581 2993 1724 3057 coeli,
1759 2993 1865 3047 nisi

1953 1836 2056 1895 est,
2079 1838 2134 1884 et
2163 1848 2232 1884 ne
2263 1832 2531 1900 fatigeris.
2565 1833 2890 1886 Verecunda
2921 1851 3052 1904 ergo
3084 1837 3287 1890 mulier
3313 1855 3424 1892 non
3461 1857 3547 1894 so-

1952 1919 2068 1972 lum
2098 1919 2168 1972 de
2200 1920 2363 1974 verbo
2375 1922 2496 1980 hoc,
2517 1929 2684 1990 atque
2703 1921 2966 1976 vocabulo
2983 1926 3544 1993 nominissui,verum

1955 2009 2124 2060 etiam
2148 2010 2294 2079 quod
2326 2010 2542 2062 dixerat
2562 2011 2611 2063 ei
2636 2007 2812 2064 deifer
2841 2012 3008 2064 Pater
3036 2021 3244 2079 noster,
3278 2017 3544 2086 quoniam

1951 2097 2175 2167 quidem
2205 2099 2410 2151 mulier
2427 2099 2690 2152 existeret
2719 2100 2963 2163 nomine,
2997 2119 3155 2155 soror
3175 2120 3305 2158 vero
3332 2122 3457 2172 usu,
3489 2113 3547 2161 et

1950 2187 2276 2256 stupefacta,
2311 2193 2666 2258 tremoreque
2698 2205 2985 2255 concussa,
3009 2191 3210 2246 cecidit
3232 2193 3290 2246 in
3310 2199 3541 2263 terram,

1951 2275 2199 2328 clamans
2229 2281 2286 2328 et
2316 2276 2506 2329 dicens
2531 2294 2542 2328 :
2576 2278 2778 2330 Sancte
2822 2278 2942 2342 Dei,
2971 2295 3070 2332 ora
3107 2297 3208 2351 pro
3237 2299 3328 2335 me
3357 2300 3546 2353 pecca-

1951 2363 2110 2429 trice,
2133 2365 2264 2433 quia
2287 2380 2489 2432 magna
2509 2369 2566 2417 et
2590 2365 3079 2420 mirandaintueor
3099 2385 3286 2439 opera.
3313 2371 3381 2424 Et
3401 2371 3546 2426 facta

1949 2467 2120 2521 super
2148 2452 2300 2504 illam
2327 2451 2730 2517 benedictione,
2766 2471 2954 2508 coram
2986 2457 3245 2512 omnibus
3274 2459 3414 2513 dixit
3442 2461 3492 2514 ei
3529 2479 3541 2514 :

1954 2539 2198 2593 Extende
2235 2557 2485 2611 pannum
2512 2541 2660 2595 inter
2695 2541 2924 2596 brachia
2951 2550 3069 2598 tua.
3104 2547 3173 2599 Et
3199 2562 3326 2601 cum
3356 2554 3545 2602 exten-

1949 2628 2140 2694 disset,
2169 2630 2340 2698 jussit
2368 2631 2578 2683 effundi
2607 2631 2876 2686 carbones
2899 2632 2968 2686 de
2997 2634 3283 2688 thuribulo
3321 2637 3380 2690 in
3408 2654 3542 2708 pan-

1951 2733 2107 2781 num,
2152 2735 2535 2788 superponens
2563 2719 2854 2774 incensum
2881 2740 2893 2787 ;
2924 2727 2981 2775 et
3006 2728 3137 2776 ante
3165 2740 3360 2778 omnes
3392 2725 3529 2792 ibat,

1952 2812 2009 2859 et
2036 2806 2385 2860 venientibus
2409 2805 2568 2860 nobis
2598 2808 2655 2862 in
2675 2808 2903 2863 domum
2920 2811 3256 2883 presbyteri,
3281 2813 3542 2870 obviavit:

1951 2901 2008 2948 et
2056 2895 2175 2965 ipse
2225 2895 2556 2948 deosculans
2594 2897 2950 2953 honorabiles
2989 2901 3112 2969 ejus
3148 2901 3336 2971 pedes,
3387 2903 3546 2958 dedit

1949 2982 2032 3035 illi
2057 2983 2113 3035 in
2144 2983 2386 3036 Domino
2413 2984 2829 3050 salutationem,
2872 2992 2928 3039 et
2956 2987 3093 3041 dicit
3121 2989 3172 3041 ei
3205 2989 3540 3062 presbyter:

269 3077 579 3130 reddideris
610 3079 900 3148 scriptum_
937 3079 1005 3132 Et
1031 3096 1329 3133 conversus
1359 3081 1498 3134 dixit
1523 3081 1700 3151 plebi;
1732 3082 1863 3135 Τοι-
1881 3059 1926 3120 C
1949 3071 2108 3124 Unde
2137 3071 2274 3124 mihi
2309 3073 2412 3126 hoc
2432 3078 2495 3126 ut
2516 3073 2702 3126 veniat
2729 3081 2954 3129 sanctus
2975 3077 3074 3129 Dei
3087 3077 3158 3130 ad
3179 3059 3387 3132 me?
3407 3080 3544 3134 dicit

268 3166 361 3219 lite
378 3183 584 3220 manus
599 3174 814 3221 vestras
834 3168 890 3222 in
912 3169 1134 3234 cmlum,
1156 3169 1400 3223 universi
1414 3170 1721 3223 clamantes
1735 3188 1863 3224 cum

267 3255 548 3326 lacrymis,
572 3257 746 3326 Kyrie
760 3257 987 3310 eleison.
1008 3259 1262 3328 Cumque
1277 3264 1452 3311 staret
1469 3259 1708 3329 populus
1725 3260 1864 3313 hora

269 3341 442 3392 multa
471 3346 734 3393 extensas
754 3341 1022 3395 habentes
1038 3359 1239 3395 manus
1259 3343 1317 3396 in
1334 3343 1554 3405 ccelum,
1579 3360 1703 3397 ecce
1729 3345 1862 3397 scri-

266 3435 420 3498 ptum
450 3430 614 3500 pueri
646 3430 704 3482 in
724 3446 909 3483 aerem
941 3431 1320 3501 deportatum,
1340 3437 1397 3485 et
1425 3431 1494 3484 ab
1511 3432 1770 3486 omnibus
1792 3435 1864 3487 vi-

264 3534 385 3570 sum
414 3519 586 3584 venit,
617 3525 675 3572 et
703 3520 948 3589 positum
1001 3525 1086 3572 est
1133 3519 1191 3572 in
1220 3537 1420 3573 manus
1448 3521 1657 3590 egregii
1689 3522 1862 3592 patris

263 3608 436 3660 nostri
467 3608 712 3678 pastoris
743 3608 952 3666 Basilii.
986 3608 1252 3679 Suscepto
1279 3614 1468 3662 autem
1501 3610 1614 3675 illo,
1649 3612 1863 3680 gratias

263 3697 374 3765 egit
398 3697 538 3759 Deo,
567 3697 904 3767 gavisusque
932 3697 1292 3752 vehementer
1309 3715 1420 3752 una
1450 3715 1576 3752 cum
1601 3699 1858 3754 universa

263 3785 438 3855 plebe,
472 3785 619 3839 dixit
643 3786 712 3838 ad
745 3803 982 3856 puerum
1008 3805 1019 3838 :
1053 3787 1712 3857 Recognoscislitterulas
1733 3789 1855 3851 has,

261 3874 474 3928 frater?
502 3877 578 3928 At
616 3875 708 3928 ille
733 3875 871 3928 dixit
917 3876 987 3928 ad
1037 3893 1204 3929 eum:
1249 3877 1450 3940 Etiam,
1494 3883 1684 3930 sancte
1732 3878 1852 3938 Dei,

263 3964 498 4034 propriae
528 3979 731 4017 manus
761 3981 896 4018 mea:
912 3964 1191 4034 scriptura
1221 3970 1324 4018 est.
1361 3966 1430 4018 Et
1455 3965 1682 4036 dirupta
1725 3967 1859 4019 scri-

263 4061 423 4122 ptura
442 4053 756 4107 introduxit
775 4070 904 4107 eum
928 4053 984 4106 in
1007 4055 1315 4116 ecclesiam,
1341 4055 1608 4124 etdignus
1630 4055 1856 4109 habitus

263 4148 342 4194 est
370 4143 547 4195 sacris
564 4143 836 4196 interesse
850 4143 1150 4196 missarum
1161 4143 1374 4205 ofﬁciis.
1405 4150 1460 4196 et
1481 4144 1858 4214 participatio-

263 4248 330 4284 ne
356 4248 646 4285 sacrorum
673 4238 1156 4302 mysteriorum,et
1187 4232 1510 4286 muneribus
1532 4233 1760 4286 Christi.
1791 4234 1859 4288 Et

263 4320 403 4373 facta
429 4321 784 4390 susceptione
821 4337 1028 4390 magna
1051 4321 1322 4374 recreavit
1345 4321 1665 4374 universum
1686 4339 1858 4392 popu-

1947 3160 1997 3212 ei
2027 3161 2194 3213 Pater
2236 3167 2450 3214 noster:
2488 3163 2637 3214 Bene
2666 3168 2722 3215 te
2752 3163 2956 3230 inveni,
2989 3165 3258 3237 discipule
3287 3168 3497 3222 Christi
3521 3189 3538 3234 ;

1949 3265 2144 3301 eamus
2175 3255 2230 3302 et
2257 3249 2528 3304 faciamus
2556 3259 2808 3306 sanctam
2831 3253 2934 3306 Dei
2955 3254 3206 3309 missam.
3230 3256 3363 3310 Erat
3389 3258 3543 3311 enim

1947 3337 2066 3407 ipse
2085 3338 2377 3408 presbyter
2397 3340 2496 3392 Dei
2505 3341 2770 3410 jejunans
2791 3359 2893 3412 per
2913 3349 2954 3407 ι
2969 3349 3099 3408 59
3110 3343 3365 3413 singulos
3395 3346 3536 3406 dies.

1948 3425 2158 3496 absque
2173 3426 2419 3480 Sabbato
2431 3435 2488 3481 et
2513 3430 2822 3495 Dominica,
2851 3448 2962 3484 non
2974 3432 3302 3502 contingens
3327 3433 3541 3504 aliquid

1947 3515 2056 3568 nisi
2087 3532 2290 3586 panem
2322 3522 2379 3570 et
2414 3511 2636 3587 aquam.
2674 3519 2742 3572 Et
2771 3519 3135 3590 pergentibus
3164 3520 3322 3574 nobis
3349 3522 3418 3575 ad
3448 3539 3540 3576 ec-

1947 3605 2196 3669 clesiam,
2231 3606 2494 3676 praecepit
2506 3606 2848 3678 presbytero,
2884 3614 2946 3662 ut
2967 3609 3167 3662 missas
3186 3611 3540 3664 caneret.llle

1943 3701 2135 3746 autem
2167 3693 2247 3746 ait
2265 3694 2336 3746 ad
2365 3711 2526 3748 eum:
2558 3696 2759 3750 Sancte
2773 3697 2890 3760 Dei,
2924 3698 3069 3751 sicut
3097 3698 3280 3763 doces,
3301 3698 3397 3769 qui
3423 3715 3538 3752 ma-

1942 3781 2031 3834 lus
2066 3787 2151 3834 est
2180 3798 2214 3834 a
2239 3782 2470 3836 meliore
2498 3783 2864 3838 benedicitur.
2898 3785 3043 3839 Dicit
3059 3786 3110 3838 ei
3132 3792 3359 3840 sanctus
3380 3791 3541 3857 pater

1942 3876 2149 3923 noster:
2161 3871 2298 3924 Cum
2313 3871 2573 3926 omnibus
2589 3873 2790 3927 studiis
2800 3874 2912 3927 tuis
2925 3873 3127 3928 habeto
3138 3873 3536 3929 obedientiam.

1943 3958 2310 4012 Consentiens
2331 3966 2519 4014 autem
2530 3961 3014 4032 presbyterastitit
3039 3962 3108 4016 ad
3127 3968 3378 4017 sanctam
3403 3963 3539 4017 mis-

1940 4061 2082 4106 sam,
2117 4052 2174 4099 et
2200 4053 2451 4118 tempore
2490 4049 2841 4103 exaltationis
2881 4049 3106 4104 viviﬂcm
3149 4051 3396 4121 corporis
3425 4051 3540 4106 Do-

1943 4136 2080 4189 mini
2103 4139 2279 4193 nostri
2304 4141 2330 4192 J
2337 4155 2435 4192 esu
2451 4138 2659 4192 Christi
2689 4138 2828 4191 vidit
2846 4144 3070 4192 sanctus
3098 4139 3220 4203 Dei,
3236 4146 3291 4192 et
3309 4139 3537 4210 quidam

1943 4230 2011 4282 de
2028 4229 2232 4299 dignis,
2251 4233 2507 4281 sanctum
2537 4227 2804 4296 Spiritum
2829 4227 3261 4280 descendentem
3276 4227 3335 4281 in
3356 4228 3538 4298 specie

1942 4317 2550 4388 ignis,circumdantem
2565 4313 2974 4384 presbyterum,
2997 4320 3054 4368 et
3072 4322 3326 4368 sanctum
3338 4316 3536 4369 altare.

265 4408 394 4472 lum,
425 4415 482 4462 et
505 4409 674 4462 ducto
703 4426 877 4480 puero
907 4416 966 4462 et
992 4409 1287 4472 instructo,
1316 4416 1483 4480 atque
1517 4411 1652 4464 data
1675 4411 1727 4464 ei
1762 4411 1853 4464 de-
1872 4402 1924 4462 D
1943 4406 2432 4460 Communicantes
2464 4409 2670 4467 autem,
2708 4408 2765 4456 et
2791 4403 3004 4473 gratias
3031 4410 3261 4473 agentes
3274 4403 3534 4470 Domino,

261 4499 403 4552 centi
432 4499 650 4568 regula,
676 4498 911 4551 tradidit
940 4515 1068 4551 eum
1102 4499 1261 4552 uxori
1294 4500 1435 4568 ejus,
1469 4499 1854 4554 indesinenter

259 4587 664 4655 glorificantem
686 4593 744 4640 et
770 4587 1093 4641 laudantem
1123 4588 1320 4644 Deum.
1353 4589 1552 4641 Amen.

327 4676 459 4729 CAP.
496 4690 570 4728 Ix.
615 4707 679 4716 -
724 4676 1017 4729 Enarravit
1070 4682 1258 4730 autem
1305 4681 1362 4729 et
1408 4677 1512 4730 hoc
1554 4678 1852 4748 praedictus

258 4763 455 4818 nobilis
487 4766 571 4818 vir
602 4765 908 4826 Helladius,
925 4765 1189 4835 quoniam
1216 4781 1330 4818 una
1358 4765 1576 4820 dierum
1601 4767 1852 4836 resplen-

256 4853 438 4919 dente,
461 4859 692 4908 sanctus
713 4859 872 4924 pater
883 4860 940 4907 et
951 4871 1189 4923 magnus
1208 4854 1446 4908 Basilius
1465 4854 1744 4925 profectus
1769 4862 1855 4909 est

255 4939 322 4992 de
351 4940 579 4993 civitate
609 4943 823 5004 nostra,
857 4939 1068 4992 nemini
1109 4939 1299 4992 dicens
1328 4955 1438 5008 quo
1471 4946 1618 4993 esset
1643 4940 1852 4994 iturus.

259 5028 325 5082 Et
350 5029 646 5098 ingressus
670 5044 862 5081 coram
883 5027 1043 5082 nobis
1065 5027 1220 5081 dixit:
1244 5027 1369 5080 Filii
1397 5028 1528 5089 mei,
1551 5028 1855 5098 sequimini

256 5134 364 5181 me,
399 5125 463 5171 ut
489 5117 730 5170 videatis
759 5133 979 5170 mecum
1007 5115 1246 5186 gloriam
1278 5115 1400 5180 Dei,
1423 5121 1478 5169 et
1509 5116 1856 5171 admiremur

251 5205 510 5276 discipuli
531 5206 889 5276 magistrum.
904 5206 1028 5258 Mox
1048 5221 1185 5274 ergo
1210 5210 1274 5259 ut
1308 5205 1581 5275 proﬁcisci
1603 5206 1770 5276 cmpit
1785 5206 1855 5260 de

249 5295 476 5348 civitate
497 5300 696 5348 nostra
723 5294 1032 5348 communis
1063 5299 1225 5365 pater
1242 5297 1451 5360 noster,
1471 5294 1698 5364 agnovit
1721 5311 1851 5348 eum

251 5400 354 5453 per
385 5384 651 5437 virtutem
677 5383 918 5454 Spiritus
929 5383 1105 5440 sancti
1134 5382 1464 5436 Anastasius
1491 5381 1600 5451 (142)
1628 5383 1852 5454 presby-

251 5479 420 5531 ter.et
441 5471 584 5526 dicit
601 5473 935 5526 nominatim
955 5473 1181 5543 quidem
1192 5471 1350 5526 uxori
1375 5487 1508 5536 suae,
1533 5488 1639 5526 usu
1661 5477 1851 5526 autem

253 5562 432 5614 sorori
461 5560 615 5633 (43):
652 5563 767 5632 Ego
796 5563 996 5616 vadam
1024 5562 1094 5615 ad
1125 5562 1408 5616 culturam
1447 5560 1590 5628 agri.
1623 5561 1857 5614 domina

1939 4494 2138 4548 ivimus
2159 4494 2216 4546 in
2229 4493 2456 4546 domum
2470 4491 2864 4563 presbyteri,et
2884 4499 3169 4547 sumentes
3186 4492 3536 4558 escam,dixit

1939 4583 2020 4636 illi
2052 4587 2278 4636 sanctus
2308 4581 2424 4635 Dei:
2446 4580 2611 4635 Refer
2639 4581 2777 4633 mihi
2792 4580 2941 4634 unde
2963 4580 3064 4633 tibi
3083 4581 3384 4634 thesaurus
3404 4581 3530 4646 iste,

1939 4678 1996 4726 et
2024 4688 2146 4742 quae
2169 4676 2255 4724 est
2283 4670 2397 4723 vita
2423 4670 2548 4723 tua?
2570 4670 2721 4724 Dixit
2745 4670 2796 4722 ei
2823 4668 3116 4740 presbyter
3139 4687 3151 4721 :
3187 4669 3322 4738 Ego,
3344 4674 3536 4723 sancte

1938 4761 2060 4825 Dei,
2093 4766 2352 4831 peccator
2379 4776 2532 4820 sum,
2563 4757 2858 4828 subjacens
2882 4756 3119 4828 publicis
3142 4756 3391 4810 tributis.
3424 4758 3536 4812 Ha-

1936 4849 2040 4903 beo
2065 4851 2205 4919 juga
2228 4849 2398 4902 boum
2439 4848 2570 4912 duo,
2623 4863 2798 4900 unum
2841 4845 3066 4915 quidem
3101 4862 3204 4916 ego
3224 4845 3368 4900 duco
3403 4844 3530 4913 £46),

1938 4939 2179 4992 alterum
2209 4943 2400 4990 autem
2433 4934 2813 4989 mercenarius
2843 4949 3022 4999 meus,
3040 4938 3096 4988 et
3115 4950 3292 4988 unum
3306 4934 3534 5005 quidem

1939 5033 2026 5081 est
2051 5027 2110 5079 in
2139 5025 2624 5078 administratione
2653 5023 3099 5093 peregrinorum,
3135 5039 3314 5077 unum
3343 5029 3535 5077 autem

1937 5115 1997 5169 in
2008 5112 2494 5168 administratione
2507 5111 2859 5181 vectigalium
2869 5116 2946 5177 ,et
2965 5117 3052 5165 est
3077 5111 3396 5166 confamula
3406 5127 3534 5165 mea

1937 5205 2072 5267 haec,
2097 5202 2424 5256 ministrans
2456 5200 2772 5270 hospitibus
2793 5206 2851 5254 et
2880 5200 3037 5254 mihi.
3071 5201 3217 5254 Dicit
3236 5200 3346 5254 illi:
3381 5199 3532 5254 Voca

1937 5292 2092 5346 illam
2120 5305 2389 5352 sororem,
2412 5289 2576 5358 juxta
2600 5289 2748 5360 quod
2780 5294 2837 5342 et
2865 5295 2968 5354 est,
3002 5294 3061 5342 et
3087 5289 3176 5343 dic
3205 5289 3345 5342 mihi
3371 5292 3530 5341 actus

1937 5386 2083 5434 tuos.
2117 5377 2265 5432 Dicit
2291 5377 2340 5431 ei
2369 5377 2696 5449 presbyter:
2729 5378 2853 5432 Non
2866 5377 3120 5448 possideo
3133 5377 3340 5431 bonum
3362 5391 3532 5447 super

1938 5475 2169 5531 terram,
2203 5473 2500 5520 extraneus
2521 5483 2646 5520 sum
2692 5466 2945 5520 omnium
2971 5467 3262 5520 virtutum.
3295 5463 3442 5518 Dicit
3477 5462 3530 5515 ei

1939 5555 2252 5610 communis
2274 5555 2442 5608 Pater
2469 5562 2660 5610 noster
2685 5575 2697 5610 :
2731 5571 2898 5624 surge
2929 5559 2986 5608 et
3013 5570 3208 5608 eamus
3235 5551 3402 5606 simul
3428 5568 3441 5615 ;
3474 5555 3532 5603 et
