3942 6200
254 304 364 360 309

744 302 911 356 VITA
948 300 1206 355 SANCTI
1248 298 1529 363 BASILII,
1573 296 1937 352 CESAREIE
1976 292 2463 349 CAPPADOCIzE
2501 294 3075 349 ARCHIEPISCOPI.

3438 290 3547 346 310

258 431 626 487 multitudine
649 429 875 497 illorum
901 426 1211 481 facinorum
1229 425 1413 497 potuit
1432 422 1684 478 obtinere
1714 422 1863 494 apud

1953 438 2385 510 pexitordinem,
2416 437 2605 491 dicens
2642 438 2702 491 in
2726 438 3027 509 semetipso
3053 456 3064 490 :
3098 438 3215 495 Non
3237 437 3331 509 qui
3347 444 3543 509 porta—

257 521 466 587 Deum,
500 526 559 573 et
584 519 654 572 de
684 520 789 572 hoc
819 534 929 571 uno
957 532 1070 573 non
1089 520 1275 587 potest
1301 513 1645 568 intercedere
1677 518 1734 565 et
1765 510 1863 565 ob-

256 609 472 664 tinere?
493 609 648 662 Vade
673 608 901 672 etenim,
934 622 1004 660 ne
1040 604 1370 670 tardaveris,
1394 608 1458 657 ut
1479 620 1607 657 eum
1622 604 1864 673 jungere

256 699 491 761 debeas,
506 699 836 769 priusquam
855 696 1044 750 anima
1062 696 1185 764 ejus
1201 694 1269 746 de
1286 709 1517 762 corpore
1546 692 1864 762 proficisca-

254 790 545 842 tur.Tunc
573 786 780 840 mulier
806 785 904 838 illa
931 783 1340 837 commendavit
1364 799 1423 835 se
1452 783 1644 835 sancto
1656 781 1867 835 confes-

254 877 379 932 sori
397 877 678 947 Ephrem,
701 890 927 929 reversa
954 878 1042 926 est
1062 873 1128 926 in
1145 872 1479 925 Caesaream.
1505 871 1645 925 Cum
1658 854 1864 923 ~autem

250 968 523 1036 ingressa
535 969 693 1019 esset
710 961 929 1028 urbem,
972 960 1213 1015 obviavit
1228 976 1435 1031 corpus
1459 959 1863 1014 deducentibns

251 1056 439 1111 sancti
469 1053 682 1120 Basilii,
716 1058 774 1106 et
798 1050 995 1105 videns
1026 1049 1328 1122 prostravit
1349 1065 1412 1102 se
1428 1049 1487 1102 in
1508 1056 1743 1112 terram,
1759 1064 1864 1101 cce-

248 1147 344 1217 pit
370 1145 615 1199 clamare
630 1143 904 1196 adversus
929 1144 1186 1194 sanctum
1217 1138 1337 1204 Dei,
1372 1138 1561 1192 dicens
1589 1156 1599 1189 :
1634 1137 1730 1189 Vae
1762 1137 1864 1191 mi-

249 1236 311 1289 hi
336 1232 655 1305 peccatrid,
688 1247 770 1293 vis
799 1229 940 1284 mihi
966 1235 1332 1299 consumptae,
1368 1245 1446 1282 vae
1472 1226 1630 1291 mihi,
1666 1232 1862 1281 sancte

250 1324 379 1387 Dei,
408 1338 513 1393 pro
544 1322 653 1375 hoc
679 1319 936 1374 direxisti
962 1333 1053 1372 me
1084 1318 1145 1371 in
1177 1333 1452 1383 eremum,
1485 1324 1551 1370 ut
1578 1317 1648 1369 de
1669 1332 1760 1369 me
1784 1315 1861 1369 si-

247 1430 326 1467 ne
353 1410 687 1483 fatigatione
721 1409 1140 1481 proﬁcisceres;
1180 1412 1238 1460 et
1286 1422 1412 1459 ecce
1452 1405 1571 1459 sine
1600 1403 1863 1476 operibus

1949 529 2127 582 vimus
2158 527 2376 598 pondus
2397 525 2509 581 diei
2532 533 2587 580 et
2614 533 2800 595 aestus,
2828 527 2970 581 nihil
2997 526 3352 598 proﬁcimus;
3379 534 3435 583 et
3454 528 3545 583 hic

1948 612 2005 666 in
2035 613 2134 667 tali
2180 611 2445 681 obsequio
2476 616 2533 664 et
2560 611 2771 664 honore
2806 611 3074 676 humano,
3106 612 3369 669 columna
3396 612 3546 683 ignis

1949 702 2180 755 exstitit!
2206 701 2397 756 miror.
2420 701 2547 755 Haec
2580 717 2644 753 eo
2676 700 2913 765 dicente,
2940 699 3114 754 mittit
3133 706 3358 754 sanctus
3370 701 3547 756 archi—
3604 727 3609 731 υ

1944 789 2247 844 diaconum
2264 807 2455 854 suum,
2489 790 2711 843 dicens:
2748 789 2902 842 Vade
2932 794 3128 842 contra
3156 796 3379 859 portam
3406 790 3546 844 occi-

1947 879 2251 945 dentalem,
2292 883 2351 931 et
2394 878 2458 932 in
2496 878 2702 947 angulo
2729 877 2979 931 ecclesia
3002 878 3254 931 invenies
3274 877 3547 933 abbatem

1945 983 2075 1021 cum
2097 968 2208 1021 alio
2226 967 2494 1037 quodam,
2508 966 2811 1021 habentem
2832 967 3127 1031 cucullam,
3146 966 3540 1034 raribarbium,

1944 1056 2233 1128 pusillum,
2268 1063 2323 1109 et
2360 1061 2561 1110 caetera
2585 1056 2770 1109 vultus
2800 1057 2940 1125 ejus,
2975 1058 3033 1108 et
3059 1053 3210 1109 dices
3230 1055 3313 1109 ei:
3356 1055 3545 1127 Ingre-

1946 1146 2077 1198 dere
2098 1146 2407 1200 sacrarium
2440 1144 2568 1215 (52),
2606 1145 2806 1199 invitat
2830 1150 2887 1198 te
2917 1148 3077 1215 pater
3103 1150 3236 1199 tuus
3262 1142 3544 1216 archiepi-

1940 1235 2467 1305 sc0pus.Etdiscens
2490 1252 2589 1305 per
2607 1234 2978 1303 interpretem
2999 1232 3229 1297 dictum,
3254 1234 3545 1303 respondit

1945 1323 2169 1377 dicens:
2199 1324 2432 1390 Errasti,
2470 1323 2665 1390 frater,
2688 1339 2790 1376 nos
2816 1323 3065 1392 hospites
3099 1336 3311 1375 sumus.
3336 1322 3407 1376 Et
3421 1336 3549 1392 per-

1944 1428 2084 1482 gens
2128 1413 2554 1467 archidiaconus
2582 1410 2925 1467 renuntiavit
2960 1411 3078 1466 haec
3104 1426 3310 1482 magno
3339 1408 3545 1471 Basilio

247 1517 487 1556 reversa
515 1516 663 1565 sum,
679 1499 737 1551 in
758 1514 965 1552 vanum
985 1497 1259 1551 devorans
1290 1500 1459 1549 tanta:
1486 1493 1864 1549 multitudinis
1946 1518 2133 1555 sacros
2162 1501 2335 1555 libros
2364 1501 2644 1556 recitanti.
2681 1500 2848 1556 Videt
2892 1506 3121 1556 sanctus
3147 1501 3409 1571 Ephraem
3435 1500 3545 1555 lin-

246 1590 445 1663 ι)ὼεί
459 1590 612 1643 viam
624 1587 873 1643 iteranti.
897 1587 1098 1640 Videat
1116 1584 1388 1639 Dominus
1404 1584 1573 1648 Deus,
1589 1589 1645 1637 et
1649 1585 1670 1653 j
1680 1583 1865 1637 udicet
1944 1607 2114 1659 suam
2128 1590 2353 1661 ignaua
2366 1592 2688 1660 loquentem
2705 1607 2806 1660 per
2828 1607 2891 1643 os
2908 1592 3117 1660 ejus,et
3133 1589 3270 1643 dicit
3285 1588 3540 1643 diacono:

247 1682 406 1733 inter
417 1696 512 1733 me
534 1684 593 1732 et
609 1683 687 1741 te,
708 1676 975 1747 quoniam
998 1674 1233 1745 potuisti
1264 1673 1608 1727 intercedere
1634 1679 1696 1725 et
1718 1672 1863 1726 obti-
1951 1679 2119 1745 Vade,
2150 1686 2208 1733 et
2234 1680 2385 1733 dices
2404 1680 2630 1733 domino
2653 1678 2929 1748 Ephraem,
2951 1678 3087 1748 jube
3108 1678 3323 1731 intrare
3343 1677 3403 1732 in
3418 1692 3547 1745 san-

248 1786 390 1823 nere
426 1768 580 1840 apud
600 1769 799 1831 Deum,
822 1765 933 1818 nisi
963 1764 1031 1817 ad
1046 1763 1219 1816 alium
1237 1779 1326 1815 me
1344 1761 1635 1831 dirigeres.
1658 1761 1727 1815 Et
1744 1761 1860 1815 hzec

1953 1779 2094 1828 :tum
2133 1773 2383 1829 tribunal
2427 1773 2531 1842 (53)
2557 1794 2569 1841 ;
2602 1782 2761 1828 vocat
2791 1779 2847 1827 te
2876 1772 3329 1846 archiepiscopus
3364 1777 3430 1833 ut
3454 1773 3547 1828 in-

248 1856 469 1922 dicens,
498 1857 734 1928 jactavit
779 1853 1070 1925 praefatam
1099 1852 1354 1905 chartam
1399 1868 1569 1921 supra
1597 1856 1856 1916 stratum,
1940 1864 2218 1933 gmdiaris
2247 1864 2307 1917 in
2335 1870 2593 1918 sanctum
2620 1864 2887 1918 tribunal,
2921 1863 3427 1933 δωμῑωωεθιεεο
3450 1874 3547 1921 ευ-

248 1948 311 2001 in
340 1964 459 2018 quo
488 1945 800 2000 ducebatur
822 1959 1025 2013 corpus
1052 1942 1233 1995 sancti
1262 1940 1474 1998 Basilii.
1496 1941 1566 1993 Et
1586 1940 1860 1993 minutius
1941 1969 2043 2023 Per
2068 1953 2156 2006 his
2182 1958 2429 2018 sanctus,
2459 1952 2780 2022 Sim-imam
2809 1954 3008 2017 Deum,
3034 1958 3095 2005 et,
3120 1951 3331 2006 faciens
3360 1957 3543 2006 mets-

244 2035 542 2091 ΐθτθΐθδειῐ
568 2035 649 2088 ι’θί
675 2038 908 2087 eventus
933 2046 1123 2085 00mm
1146 2029 1299 2083 οῐηηί
1320 2026 1544 2100 Ρ⁰Ρ¹λ¹οο
1570 2028 1726 2082 Unus
1739 2029 1861 2098 Ψιί-
1939 2057 2129 2095 nosam
2152 2040 2284 2110 (54),
2313 2040 2659 2113 respondens
2687 2040 2738 2096 ei
2769 2041 2909 2096 dixit
2933 2060 2947 2097 :
2991 2040 3281 2105 Veraciter
3308 2055 3547 2111 magnus

246 2126 381 2179 dem
417 2141 486 2178 εἰ
515 2124 665 2177 Clem
692 2123 883 2175 νοίοηδ
908 2135 1240 2191 cognoscere
1265 2118 1545 2189 qu°dnam
1565 2123 1712 2171 esset
1729 2133 1859 2188 Pec'
1945 2130 2207 2195 Basilius,
2241 2132 2514 2185 veraciter
2534 2131 2799 2186 columna
2826 2131 2974 2201 ignis
2990 2130 3252 2198 Basilius,
3274 2129 3548 2186 veraciter

248 2222 444 2269 catum
488 2212 653 2277 illud,
689 2211 912 2266 elevans
950 2208 1203 2263 chartam
1233 2208 1388 2261 illam
1420 2212 1476 2261 et
1503 2207 1739 2273 solvens,
1769 2223 1859 2259 re-

1953 2219 2189 2290 Spiritus
2203 2226 2431 2274 sanctus
2453 2219 2701 2290 loquitur
2718 2235 2821 2291 per
2840 2235 2905 2274 os
2923 2221 3063 2289 ejus.
3084 2219 3329 2289 Rogavit
3353 2224 3545 2275 autem

246 2305 399 2375 perit
418 2320 552 2357 eam
573 2307 751 2356 totum
782 2301 1046 2363 deletam,
1071 2303 1128 2352 et
1150 2297 1437 2363 munda-ma
1465 2297 1714 2350 οἶθωεηε
1729 2311 1859 2349 νοῧθ
1944 2309 2399 2363 archidiaconum
2411 2315 2475 2363 ut
2494 2310 2847 2362 renuntiaret
2862 2308 2935 2374 ei,
2952 2308 3408 2379 quoniammagis
3419 2313 3549 2379 post

249 2409 466 2463 magna
486 2392 570 2445 illi
590 2390 839 2444 femina:
862 2389 909 2443 0
931 2388 1151 2452 ωυίίθντ
1172 2387 1362 2440 Charta
1394 2386 1504 2438 ista
1523 2385 1730 2455 Scripta
1749 2400 1861 2438 ηοη
1946 2399 2148 2451 missas
2178 2399 2295 2466 (55)
2330 2399 2389 2453 in
2420 2399 2721 2452 secretario
2752 2397 3009 2451 salutabo
3040 2413 3189 2451 eum.
3218 2397 3547 2468 Ingrediens

250 2490 353 2549 est;
377 2481 519 2552 quid
544 2480 693 2533 enim
713 2480 773 2532 in
799 2478 904 2531 tali
932 2474 1121 2530 labore
1138 2481 1193 2530 et
1213 2474 1474 2544 angustia
1494 2473 1858 2540 consumeris,
1947 2504 2079 2556 ergo
2101 2495 2224 2558 post
2242 2486 2655 2542 absolutionem
2681 2488 2863 2541 missas,
2892 2487 2953 2540 in
2970 2486 3360 2554 secretarium,
3383 2504 3546 2542 νοω.

250 2570 513 2626 nesciens
544 2568 830 2638 magnalia
847 2566 947 2621 Dei
976 2566 1034 2621 in
1065 2565 1302 2629 tefacta,
1338 2568 1393 2617 et
1418 2563 1864 2633 investigabilem
1946 2576 2025 2630 vit
2053 2583 2310 2631 sanctum
2362 2578 2637 2648 Εριιιιειςιηι⁸
2688 2582 2751 2631 et
2796 2577 2856 2630 in
2886 2576 3123 2631 Domino
3155 2577 3409 2631 osculum
3436 2575 3547 2649 (56)

246 2663 373 2730 eius
404 2657 878 2713 misericordiam
902 2655 1203 2710 Multitudo
1216 2653 1443 2724 quidem
1463 2652 1655 2722 populi
1677 2652 1864 2705 viden-
1945 2664 2179 2719 tradidit
2206 2666 2278 2718 ei.
2310 2666 2459 2720 Dicit
2482 2666 2596 2719 illi:
2638 2666 2789 2720 Bene
2833 2665 3054 2732 venisti,
3087 2665 3224 2736 quia
3270 2665 3547 2737 multipli-

243 2750 464 2804 testale
492 2747 806 2817 gloriosum
834 2744 1171 2798 miraculum
1201 2748 1260 2796 et
1279 2742 1863 2811 magnum,gioriﬁoa-
1946 2755 2085 2808 casti
2104 2754 2409 2825 discipulos
2445 2755 2655 2809 Christi
2680 2756 2740 2809 in
2760 2754 3027 2821 Ecclesia,
3050 2760 3107 2807 et
3126 2754 3408 2809 daemones
3452 2768 3549 2809 ex-

247 2849 387 2903 bant
413 2847 626 2911 Deum,
643 2845 736 2915 qui
764 2848 1100 2915 potestatem
1126 2841 1297 2895 talem
1319 2839 1504 2905 habet,
1532 2846 1594 2894 ut
1622 2839 1679 2892 in
1698 2839 1863 2893 terris
1947 2843 2139 2914 pulisti
2168 2861 2267 2914 per
2295 2837 2600 2905 Christum,
2634 2844 2693 2898 in
2722 2861 2833 2915 quo
2864 2849 2952 2897 est
2987 2841 3147 2899 labor
3174 2848 3325 2899 tuus.
3356 2843 3546 2911 Pater,

250 2938 515 2991 remittat
545 2934 798 2988 omnium
828 2937 1057 3003 peccata
1085 2950 1102 2999 ;
1134 2937 1190 2984 et
1217 2931 1380 3005 daret
1405 2930 1650 2999 gratiam
1689 2929 1862 2983 servis
1943 2932 2146 2986 venisti
2176 2933 2364 2986 videre
2396 2938 2745 3002 peccatorem
2790 2932 3094 2986 hominem.
3136 2933 3245 2986 Det
3266 2931 3369 2985 tibi
3398 2933 3550 2987 Deus

248 3027 387 3089 suis,
422 3030 495 3078 ut
524 3029 655 3094 post
679 3023 986 3076 discessum
1031 3036 1227 3074 eorum
1255 3025 1460 3073 sanent
1486 3035 1711 3071 omnem
1738 3019 1861 3072 lan-
1885 3072 1923 3094 η
1945 3021 2258 3075 mercedem
2287 3023 2595 3076 secundum
2630 3022 2875 3075 laborem
2906 3016 3088 3076 tuum.
3116 3020 3184 3074 Et
3201 3020 3551 3091 respondens

249 3119 583 3185 guorem,et
611 3128 833 3165 omnem
859 3111 1268 3176 inﬁrmitatem,
1292 3108 1729 3179 remittendique
1750 3125 1865 3161 om-
1882 3108 1925 3132 υ
1946 3110 1997 3164 ei
2014 3109 2356 3163 honorabilis
2368 3111 2645 3181 Ephrtem,
2665 3116 2723 3164 et
2742 3110 2933 3164 dicens
2948 3111 3139 3164 omnia
3163 3127 3285 3181 quae
3304 3110 3364 3163 in
3383 3109 3550 3167 corde

249 3205 415 3258 nium
451 3201 791 3256 delictorum
828 3200 1077 3253 facinora.
1106 3203 1442 3270 potestatem
1474 3196 1748 3251 concessit
1775 3197 1864 3249 his
1946 3216 2047 3254 suo
2074 3198 2457 3265 versabantur,
2491 3216 2606 3253 una
2629 3216 2755 3253 cum
2784 3198 2989 3253 abbate
3022 3199 3121 3270 qui
3142 3215 3273 3253 cum
3301 3198 3397 3253 illo
3422 3204 3552 3254 erat

254 3294 349 3365 qui
378 3298 600 3346 rectam
643 3290 809 3344 ﬁdem
838 3288 1075 3344 Domino
1105 3294 1455 3351 conservant,
1497 3291 1775 3341 certantes
1805 3286 1864 3340 in
1948 3288 2380 3342 communicavit
2406 3288 2465 3341 in
2493 3294 2715 3342 sanctas
2746 3303 2947 3342 manus
2968 3289 3110 3359 ejus,
3142 3293 3199 3340 et
3224 3286 3463 3341 faciente
3482 3301 3549 3342 eo

256 3383 422 3437 bonis
455 3380 746 3451 operibus,
778 3384 838 3432 et
857 3378 1234 3447 gloriﬁcantes
1264 3378 1445 3430 Deum
1476 3381 1534 3429 et
1562 3376 1863 3430 Dominum
1948 3378 2279 3430 charitatem
2296 3377 2438 3430 dixit
2457 3382 2684 3430 sanctus
2706 3376 2993 3448 Epliraem:
3014 3375 3182 3430 Pater
3199 3372 3546 3444 honorande,

256 3478 521 3525 nostrum
554 3470 745 3523 Iesum
766 3468 1070 3520 Christum.
1947 3482 2119 3519 unam
2152 3472 2280 3536 peto
2310 3467 2555 3536 gratiam
2601 3464 2699 3519 abs
2736 3470 2812 3532 te,
2861 3471 2919 3518 et
2957 3465 3101 3519 hanc
3142 3462 3387 3521 concede
3428 3460 3550 3523 dari
3591 3487 3594 3490 ’

322 3562 470 3614 CAP.
506 3557 680 3610 XI.—
700 3556 925 3609 Fratres
954 3555 1080 3623 (50),
1119 3552 1500 3607 narrationem
1532 3553 1654 3606 volo
1684 3553 1865 3608 facere
1950 3554 2222 3619 mihi.Qui
2241 3554 2382 3609 dixit
2398 3555 2469 3609 ad
2485 3572 2615 3609 eum
2640 3573 2651 3608 :
2689 3553 2852 3618 Jube,
2877 3555 2966 3608 die
2988 3570 3111 3624 quae
3131 3554 3392 3609 videntur
3423 3553 3544 3620 tibi.

256 3649 323 3702 de
362 3646 600 3709 Basilio,
620 3645 792 3699 nobili
822 3644 1050 3709 scilicet,
1080 3648 1139 3696 et
1162 3642 1421 3713 prraem
1446 3642 1691 3713 SyroEt
1721 3659 1867 3713 quae-
1950 3644 2291 3698 multaenim
2311 3644 2415 3698 tibi
2430 3643 2605 3699 debeo
2629 3663 2641 3710 ;
2685 3649 2743 3697 et
2763 3643 3005 3697 maxime
3034 3648 3266 3714 propter
3298 3643 3549 3697 laborem

250 3738 382 3792 dam
406 3734 645 3807 quidem
675 3751 740 3787 ex
768 3733 952 3791 Patris
966 3731 1166 3800 nostri,
1183 3731 1436 3801 quaedam
1458 3736 1648 3785 autem
1664 3748 1730 3785 ex
1752 3747 1865 3785 non
1949 3738 2128 3799 tuum,
2163 3738 2222 3786 et
2247 3733 2333 3786 tui
2364 3733 2657 3786 adventus.
2697 3731 2845 3785 Dicit
2871 3732 2924 3784 ei
2951 3730 3206 3801 Ephrzem
3235 3748 3246 3783 :
3288 3730 3411 3785 Scio
3442 3728 3551 3785 Pa-

250 3824 591 3881 mentientis
619 3839 717 3877 ore
746 3821 923 3876 sancti
952 3826 1011 3874 et
1047 3819 1321 3874 mirabilis
1350 3820 1609 3889 Ephraam
1659 3820 1863 3873 audivi.

252 3917 351 3969 Est
378 3930 519 3967 vero
535 3912 618 3965 ita
645 3930 657 3963 :

325 4003 598 4073 Ephraam
630 3998 829 4052 nobilis
861 3998 1111 4051 existens
1140 3998 1200 4050 in
1231 4012 1441 4063 eremo,
1466 3998 1721 4067 quzedam
1754 3997 1872 4068 qui-

253 4093 383 4146 dem
412 4088 798 4151 illustratione
829 4085 1008 4140 sancti
1022 4086 1265 4157 Spiritus
1279 4085 1491 4152 videns,
1513 4085 1765 4156 quaedam
1786 4102 1873 4140 ve-

256 4198 319 4234 ro
354 4198 431 4234 ex
456 4177 743 4233 desiderio
770 4184 829 4230 et
859 4176 1301 4246 interrogatione
1335 4174 1588 4229 ediscens
1616 4175 1875 4231 miranda

254 4269 418 4323 nobis
444 4266 632 4321 nostri
671 4266 855 4319 Patris
878 4264 1086 4327 Basilii,
1119 4265 1239 4318 sine
1260 4263 1675 4317 intermissione
1706 4280 1871 4333 roga-

256 4359 356 4412 bat
386 4354 631 4411 revelari
662 4354 768 4408 sibi
803 4353 926 4418 (51),
959 4353 1142 4424 qualis
1170 4358 1318 4407 esset
1340 4351 1581 4423 Magnus
1608 4352 1869 4407 Basilius.

1954 3827 2043 3875 ter
2069 3828 2280 3888 sancte,
2328 3822 2459 3892 quia
2490 3836 2837 3892 quacunque
2867 3819 3012 3892 petis
3043 3837 3077 3874 a
3116 3818 3253 3888 Deo,
3288 3814 3556 3875 concedet

1952 3908 2075 3977 tibi;
2100 3910 2222 3963 volo
2243 3914 2307 3965 ut
2334 3910 2651 3981 depreceris
2681 3910 2883 3976 Deum,
2905 3914 2971 3964 ut
2992 3910 3192 3980 loquar
3211 3909 3402 3964 Graece
3425 3907 3551 3978 (57).

1954 3998 2060 4062 Qui
2089 3999 2229 4053 dixit
2249 4000 2332 4053 ei:
2370 4000 2553 4070 Super
2600 3999 2910 4070 potentiam
2956 4014 3143 4052 meam
3184 3992 3555 4069 petiistlgsed

1955 4087 2089 4157 quia
2110 4087 2352 4140 fideliter
2368 4087 2597 4157 petiisti,
2625 4088 2746 4140 veni
2764 4087 3015 4153 Pater,et
3033 4086 3207 4141 eremi
3221 4091 3550 4159 praeceptor,

1956 4175 2322 4245 deprecemur
2353 4176 2675 4241 Dominum,
2707 4181 2905 4245 potens
2937 4180 3024 4229 est
3051 4172 3199 4231 enim
3233 4174 3415 4229 facere
3456 4188 3554 4231 vo-

1956 4265 2231 4319 luntatem
2265 4270 2441 4318 tuam.
2478 4264 2761 4334 Scriptum
2785 4269 2874 4317 est
2900 4263 3051 4317 enim
3075 4282 3093 4316 :
3128 4262 3459 4317 Voluntates
3488 4263 3557 4317 ti-

1960 4353 2235 4407 mentium
2266 4369 2323 4407 se
2353 4352 2535 4417 faciet,
2570 4359 2627 4406 et
2655 4351 2940 4405 orationes
2963 4366 3159 4404 eorum
3186 4350 3469 4416 exaudiet,
3496 4356 3555 4404 et

259 4448 325 4502 In
354 4444 567 4501 exstasi
595 4460 729 4513 ergo
766 4442 964 4507 factus,
998 4441 1136 4499 vidit
1161 4442 1479 4495 columnam
1512 4442 1677 4511 ignis,
1710 4442 1868 4512 cujus
1893 4436 2139 4494 Dsalvos
2176 4440 2343 4494 faciet
2361 4457 2455 4494 eos
2483 4443 2652 4512 (Psal.
2681 4444 2847 4505 XLIV).
2889 4439 2959 4495 Et
2979 4437 3310 4495 facientibus
3340 4438 3552 4493 oratio-

258 4542 434 4607 caput
448 4532 808 4606 pertingebat
827 4532 895 4586 ad
922 4533 1207 4596 cwlum,et
1217 4547 1318 4585 vox
1338 4531 1633 4585 desursum
1653 4531 1864 4585 dicens:

260 4626 549 4696 Ephrem,
610 4622 884 4692 Ephrem,
934 4619 1406 4690 quemadmodum
1440 4620 1625 4673 vidisti
1663 4622 1871 4674 colum-

259 4732 396 4767 nam
429 4714 577 4765 hanc
596 4711 764 4781 ignis,
790 4709 919 4763 talis
949 4713 1034 4762 est
1049 4714 1106 4762 et
1124 4724 1362 4777 magnus
1392 4709 1646 4762 Basilius.
1666 4709 1734 4762 Et
1753 4714 1868 4763 sta—

256 4804 368 4856 tim
397 4801 608 4855 tollens
637 4800 1023 4869 interpretem,
1046 4814 1111 4850 eo
1141 4797 1290 4869 quod
1328 4798 1571 4851 nesciret
1599 4798 1753 4870 loqui
1766 4799 1872 4852 lin-

255 4908 439 4963 gnam
471 4891 746 4957 Graecam,
795 4887 947 4943 venit
982 4887 1039 4941 in
1069 4903 1333 4957 magnam
1363 4887 1655 4942 ecclesiam
1686 4889 1876 4959 magni

258 4980 514 5036 nominis
546 4979 831 5042 Casareae,
860 4981 917 5030 et
954 4976 1209 5046 pervenit
1244 4976 1302 5029 in
1331 4982 1585 5030 sanctam
1611 4976 1877 5032 festivita-

260 5077 383 5125 tem
426 5072 603 5133 ιοι
640 5066 1033 5136 Theophanize,
1052 5071 1110 5118 et
1145 5065 1465 5137 ingrediens
1492 5067 1705 5119 occulte
1742 5066 1881 5119 vidit

271 5157 676 5230 procedentem
706 5155 765 5208 in
795 5155 1026 5208 ecclesia
1055 5170 1322 5225 magnum
1350 5153 1641 5219 Basilium,
1660 5162 1716 5209 et
1743 5154 1883 5209 dixit

269 5244 646 5318 sequentibus
674 5261 765 5298 se:
818 5243 1097 5308 Quoniam
1142 5242 1201 5296 in
1231 5260 1435 5297 vanum
1474 5243 1873 5313 laboravimus;

273 5344 417 5408 puto
446 5334 619 5399 enim,
661 5333 835 5386 frater
861 5333 986 5398 iste,
1032 5333 1092 5387 in
1119 5332 1222 5386 tali
1252 5332 1448 5387 ordine
1470 5333 1733 5394 existens,
1765 5351 1877 5389 non

267 5437 363 5482 est
371 5427 543 5496 juxta
553 5423 703 5494 quod
722 5423 851 5475 vidi.
878 5423 1010 5477 Erat
1019 5422 1170 5476 enim
1190 5422 1569 5477 circumdatus
1581 5423 1725 5477 stola
1743 5439 1875 5477 can-

267 5517 429 5575 dida,
461 5521 524 5568 et
549 5513 696 5567 circa
718 5528 847 5565 eum
873 5512 1224 5567 venerandus
1251 5512 1435 5566 clerus
1466 5513 1792 5566 candidatus
1823 5519 1879 5566 et

269 5606 596 5676 obsequens
616 5602 762 5657 ei.Et
788 5608 945 5655 stans
974 5602 1033 5655 in
1074 5603 1193 5657 loco
1234 5601 1502 5656 absconso
1522 5601 1764 5657 ecclesiae
1796 5617 1880 5656 as-

1951 4546 2051 4583 nes
2085 4546 2186 4601 per
2213 4529 2484 4600 plurimas
2514 4530 2700 4594 horas,
2735 4545 2970 4600 surgens
2995 4528 3134 4583 dixit
3161 4544 3399 4598 magnus
3445 4525 3552 4582 Ba-

1950 4619 2138 4673 silius:
2175 4619 2381 4688 Quarv,
2407 4619 2632 4673 domine
2662 4620 2939 4690 Ephraam,
2971 4635 3084 4677 non
3120 4614 3326 4688 accipis
3353 4630 3558 4671 conca-

1953 4709 2261 4763 orationem
2284 4708 2640 4780 presbyterii,
2671 4708 2937 4778 quoniam
2962 4707 3223 4777 congruit
3237 4706 3342 4760 tibi
3357 4705 3388 4758 Ἰ
3411 4705 3558 4762 Dicit

1957 4798 2009 4850 ei
2038 4815 2139 4868 per
2178 4798 2583 4869 interpretem:
2618 4796 2897 4861 Quoniam
2940 4802 3198 4869 peccator
3241 4810 3388 4849 sum.
3438 4792 3557 4851 Re-

1960 4886 2188 4957 spondit
2208 4887 2318 4940 illi:
2352 4887 2578 4941 Utinam
2620 4891 2847 4957 peccata
2874 4891 2975 4941 tua
3022 4902 3124 4956 ego
3153 4878 3420 4940 haberem
3452 4884 3561 4947 lEt

1961 4975 2097 5030 dicit
2115 4976 2164 5031 ei
2189 4996 2200 5030 :
2231 4975 2518 5031 Mittamus
2545 4975 3014 5046 genuﬂexionem,
3044 4981 3102 5029 et
3119 4974 3438 5045 jacentibus
3460 4990 3558 5029 su-

1960 5082 2062 5136 per
2105 5066 2508 5137 pavimentum,
2559 5065 2750 5135 posuit
2795 5080 3027 5119 manum
3075 5080 3247 5136 super
3301 5067 3561 5118 sanctum

1964 5158 2222 5228 Ephrzem
2270 5171 2510 5225 magnus
2540 5154 2817 5217 sacerdos,
2848 5160 2905 5209 et
2931 5155 3073 5211 dixit
3099 5155 3413 5209 orationem
3445 5151 3563 5210 dia-

1960 5245 2126 5311 conii,
2154 5252 2211 5299 et
2246 5245 2382 5299 dicit
2410 5243 2519 5298 illi:
2555 5243 2716 5311 Jube,
2749 5243 2977 5299 subleva
3001 5262 3123 5299 nos.
3157 5240 3395 5316 Repleta
3426 5259 3562 5314 ergo

1958 5336 2155 5406 lingua
2202 5336 2342 5404 ejus,
2388 5334 2526 5388 dicit
2565 5318 2791 5389 sanctus
2825 5335 3082 5404 Ephraem
3114 5334 3309 5389 Graec
3337 5334 3557 5403 lingua:

1962 5424 2142 5487 Salva,
2194 5422 2483 5488 miserere,
2518 5423 2759 5493 suscipe,
2792 5427 2849 5476 et
2873 5439 3139 5477 conserva
3166 5438 3269 5477 nos
3312 5422 3463 5477 Deus
3503 5420 3562 5474 in

1958 5519 2058 5566 tua
2076 5513 2281 5582 gratia;
2300 5518 2817 5567 etconsummatum
2850 5519 2936 5567 est
2968 5512 3115 5587 quod
3136 5512 3407 5584 scriptum
3438 5515 3558 5564 est»:

1959 5603 2113 5655 Tunc
2126 5601 2290 5661 saliet
2309 5602 2455 5658 sicut
2476 5620 2671 5663 cervus
2691 5602 2942 5670 claudus,
2959 5607 3017 5657 et
3031 5607 3231 5672 aperta
3246 5600 3354 5657 erit
3369 5598 3565 5668 lingua
