3946 6192
229 475 3513 532 M

1660 636 1989 682 FEBRUABII
2032 637 2077 682 l.

494 818 505 831 ’
572 805 996 959 VITA
1083 806 1703 964 SANCTI
1778 812 2526 965 EPHR/EM
2601 882 2694 973 (ι)
2779 813 3177 967 SYRI

1328 1071 1770 1146 DIACONI
1817 1073 2254 1149 EDESSIE
2305 1105 2413 1177 (2,,

521 1222 892 1283 AUCTORE
934 1222 1212 1286 GRJECO
1252 1224 1594 1286 INCERTO
1638 1224 1746 1305 (3),
1795 1226 2305 1287 INTERPRETE
2349 1228 2733 1291 GERARDO
2778 1229 3057 1292 VOSSIO
3104 1228 3207 1307 (4).

277 1518 474 1571 Carm
491 1519 1046 1574 Falsum—Sanctus
1060 1520 1150 1574 hic
1158 1520 1327 1575 Pater
1338 1527 1530 1576 noster
1544 1523 1822 1594 Ephrem,
1841 1523 1894 1581 Α
1908 1520 2084 1574 dienti
2100 1522 2220 1590 jam
2246 1521 2298 1575 ei
2327 1521 2387 1575 in
2406 1522 2610 1587 locum,
2636 1526 2694 1575 et
2711 1523 3132 1592 pertranseunti
3144 1530 3363 1595 portam
3382 1526 3510 1580 civi-

224 1623 281 1659 ex
312 1606 554 1661 Oriente
584 1606 875 1675 oriundus,
907 1609 1083 1680 Syrus
1108 1626 1334 1680 genere,
1365 1611 1474 1681 piis
1496 1613 1827 1682 parentibus

222 1701 389 1749 natus
416 1696 481 1749 in
511 1695 719 1749 Edessa
745 1698 847 1765 (5).
888 1697 1043 1752 Vixit
1095 1698 1445 1770 temporibus
1472 1701 1827 1756 Constantini

222 1783 413 1854 Magni
440 1783 615 1854 regis,
650 1789 707 1838 et
732 1785 972 1840 aliorum
1002 1786 1099 1857 qui
1127 1794 1253 1857 post
1280 1787 1465 1858 ipsum
1494 1796 1825 1859 regnarunt.

222 1870 529 1926 Abstineas
555 1889 592 1925 a
611 1890 785 1943 puero
805 1873 875 1927 ab
891 1876 1045 1929 omni
1084 1892 1145 1930 re
1177 1877 1344 1930 mala.
1370 1877 1546 1947 Cujus
1566 1884 1828 1949 parentes

224 1977 286 2014 eo
304 1960 500 2014 adhuc
516 1978 710 2033 puero,
726 1979 827 2033 per
840 1963 1121 2018 somnium
1141 1964 1399 2019 videlicet
1412 1966 1680 2021 visionem
1702 1984 1828 2022 con-

224 2055 553 2119 spexerunt,
588 2050 735 2120 quod
760 2067 827 2104 ex
850 2068 947 2105 ore
975 2052 1151 2123 ipsius
1176 2053 1435 2124 Ephrem
1454 2055 1583 2109 vitis
1602 2056 1828 2111 adscen-

224 2138 383 2191 deret
400 2138 481 2206 (6)
509 2138 670 2192 valde
694 2139 978 2210 frugifera,
1013 2158 1136 2212 que
1160 2143 1532 2209 excrescebat,
1558 2150 1615 2198 et
1642 2146 1826 2217 reple-

224 2224 319 2279 bat
336 2243 575 2280 omnem
592 2226 696 2281 sub
706 2229 849 2283 ccelo
870 2230 1183 2300 regionem:
1203 2231 1612 2303 veniebantque
1626 2240 1828 2288 cuncta

226 2315 472 2369 volatilia
497 2316 641 2380 celi,
683 2323 741 2370 et
769 2318 1136 2373 comedebant
1158 2320 1227 2373 de
1249 2320 1435 2375 fructu
1452 2321 1594 2386 Vitis,
1613 2327 1672 2376 et
1694 2340 1829 2394 pre-

226 2408 311 2457 ter
328 2421 457 2475 que
485 2405 873 2472 comedebant,
906 2407 1091 2461 adhuc
1123 2409 1427 2480 superabat
1459 2410 1693 2465 fructus.
1727 2412 1830 2465 Hic

228 2492 295 2545 ab
319 2499 494 2547 etate
516 2494 755 2564 juvenili
798 2511 1051 2550 eremum
1097 2497 1348 2567 incoluit,
1383 2500 1830 2570 cumpunctionis

229 2580 328 2635 sibi
358 2580 632 2653 abyssum
660 2583 964 2650 vindicans,
996 2602 1099 2657 per
1144 2603 1314 2657 quam
1343 2592 1400 2641 et
1436 2588 1677 2642 divinam
1712 2589 1832 2659 Spi-

230 2669 370 2724 ritus
398 2672 585 2725 sancti
612 2672 856 2742 gratiam
886 2674 1148 2745 suscepit.

1909 1609 2060 1675 tatis,
2080 1609 2324 1664 occurrit
2348 1609 2551 1665 mulier
2580 1609 2671 1679 (9),
2696 1627 2818 1681 que
2847 1611 2905 1663 in
2935 1611 3158 1666 civitate
3174 1618 3297 1667 erat
3324 1630 3508 1668 mere-

1909 1697 2046 1752 trix:
2073 1715 2245 1769 quam
2276 1699 2551 1769 aspiciens
2578 1716 2770 1754 servus
2802 1699 2903 1753 Dei
2935 1700 3211 1770 Ephrem,
3244 1702 3503 1769 indoluit,

1908 1786 1989 1840 sic
2044 1804 2234 1841 secum
2284 1787 2519 1857 loquens
2565 1807 2575 1841 :
2630 1788 2867 1842 Domine
2922 1790 3055 1843 Jesu
3115 1790 3355 1857 Christe,
3408 1790 3507 1845 de-

1910 1875 2139 1945 spexisti
2174 1892 2365 1946 preces
2395 1876 2539 1930 servi
2568 1876 2652 1930 tui
2682 1877 2937 1947 Ephrem
2963 1896 2975 1944 ;
3028 1894 3136 1948 quo
3166 1884 3328 1949 pacto
3357 1879 3508 1932 enim

1909 1963 2026 2017 hec
2050 1964 2120 2017 de
2141 1964 2431 2034 Scriptura
2461 1981 2681 2019 mecum
2710 1965 2993 2019 disserat?
3029 1966 3293 2020 Substitit
3316 1973 3504 2021 autem

1907 2052 2193 2117 meretrix,
2251 2052 2475 2107 intuens
2514 2053 2695 2107 illum.
2754 2054 2840 2107 Ad
2890 2070 3059 2125 quam
3104 2063 3330 2110 sanctus
3364 2074 3375 2108 :
3409 2056 3510 2110 Dic

1907 2141 2067 2206 mihi,
2084 2142 2290 2212 puella,
2315 2142 2447 2212 quid
2470 2141 2747 2208 subsistis,
2777 2148 2833 2196 et
2870 2142 2950 2196 ita
2979 2143 3212 2198 intentis
3233 2145 3292 2198 in
3314 2162 3403 2200 me
3428 2145 3510 2200 in-

1908 2230 2084 2284 tueris
2108 2230 2318 2283 oculis?
2339 2230 2440 2283 Cui
2462 2230 2807 2301 respondens
2838 2232 3122 2297 meretrix,
3138 2232 3218 2286 ait
3245 2234 3317 2287 ad
3332 2250 3461 2288 eum
3491 2254 3503 2288 :

1909 2320 2142 2373 Intueor
2170 2324 2244 2384 te,
2266 2318 2397 2388 quia
2418 2335 2521 2389 ego
2551 2318 2756 2373 mulier
2783 2336 2848 2373 ex
2877 2324 2935 2373 te
2963 2320 3079 2375 viro
3107 2328 3335 2392 sumpta
3355 2339 3504 2378 sum.

1909 2408 1993 2461 Tu
2018 2413 2208 2462 autem
2228 2424 2299 2461 ne
2319 2424 2409 2461 me
2438 2407 2730 2465 intuearis.
2745 2409 2843 2463 sed
2868 2413 3081 2463 terram
3110 2426 3180 2464 ex
3209 2427 3320 2481 qua
3340 2417 3402 2465 tu
3424 2411 3509 2464 vir

1913 2502 2171 2568 sumptus
2201 2514 2279 2552 es.
2314 2496 2449 2560 Que
2478 2513 2606 2550 cum
2632 2497 2856 2551 audiret
2873 2514 3066 2551 servus
3094 2498 3195 2552 Dei
3226 2499 3503 2569 Ephrem,

1914 2585 2180 2656 suspexit,
2206 2591 2263 2639 et
2290 2585 2624 2656 gloriﬁcavit
2656 2586 2856 2649 Deum,
2890 2586 2987 2657 qui
3014 2586 3186 2641 talem
3215 2587 3266 2640 ei
3291 2588 3509 2659 sapien-

1910 2674 2049 2728 tiam
2062 2675 2384 2741 dederat,ut
2402 2675 2680 2745 ejusmodi
2699 2674 2769 2728 ab
2796 2675 2920 2746 ipsa
2946 2689 3277 2747 responsum
3298 2675 3509 2747 accipe-

297 2760 426 2813 er.
455 2761 531 2815 II.
553 2788 613 2798 —
635 2761 716 2815 De
732 2778 863 2832 quo,
886 2763 1115 2833 quidam
1134 2764 1321 2818 divino
1348 2766 1573 2820 afﬂatus
1602 2767 1823 2838 spiritu,
1845 2833 1882 2838 _
1909 2768 2015 2816 ret.
2034 2764 2103 2817 Et
2128 2763 2388 2833 cognovit
2410 2779 2573 2817 suam
2593 2780 2627 2817 a
2646 2764 2761 2818 Deo
2785 2780 3142 2835 nequaquam
3157 2764 3327 2818 fuisse
3349 2782 3507 2836 spre-

234 2848 626 2918 persomnium
644 2849 786 2904 vidit
797 2850 977 2904 virum
993 2851 1614 2919 terribilem,tenentem
1624 2833 1829 2910 charta
1845 2833 1892 2893 Β
1909 2856 2029 2905 tam
2046 2852 2379 2906 orationem.
2398 2852 2754 2923 Veniensque
2773 2852 2833 2907 in
2850 2852 3067 2920 urbem,
3088 2853 3401 2908 diversatus
3421 2858 3508 2908 est

234 2938 509 3005 volumen,
544 2944 603 2992 et
628 2938 1014 3010 interrogabat
1046 2959 1058 2994 :
1085 2942 1240 3007 Quis,
1274 2947 1459 3013 putas,
1494 2945 1743 3015 accipere
1773 2950 1831 2999 et

234 3027 508 3081 custodire
538 3027 680 3081 illud
708 3028 958 3099 poterit?
994 3029 1252 3101 factaque
1280 3038 1368 3086 est
1396 3049 1505 3087 vox
1546 3033 1618 3087 ad
1647 3050 1779 3088 eum
1810 3054 1822 3090 :

234 3113 425 3169 Nullus
445 3115 614 3183 alius,
639 3117 749 3170 nisi
769 3118 1024 3188 Ephrem
1046 3135 1239 3174 servus
1256 3137 1433 3175 meus.
1453 3122 1575 3185 Quo
1598 3122 1826 3193 quidem

234 3210 465 3270 astante,
506 3210 564 3259 et
593 3222 656 3259 os
683 3206 991 3276 aperiente,
1035 3207 1284 3279 illudque
1321 3208 1641 3277 devorante,
1678 3212 1825 3267 illico

232 3293 344 3347 fons
362 3310 694 3348 sermonum
707 3311 741 3348 a
758 3295 872 3350 Deo
892 3297 1363 3367 proﬁciscentium
1380 3300 1654 3366 scaturiit,
1678 3317 1826 3355 com-

234 3382 529 3452 punctione
549 3389 610 3437 et
620 3384 945 3455 paenitentia
968 3386 1184 3457 plenus,
1209 3387 1469 3442 timorem
1491 3406 1827 3445 commemo-

235 3487 354 3526 rans
366 3471 657 3541 judicii,et
672 3473 900 3527 secundi
928 3491 1055 3528 cum
1087 3476 1382 3546 majestate
1402 3476 1675 3533 adventus
1694 3479 1824 3534 uni-

235 3576 513 3614 versorum
567 3561 737 3632 Regis
772 3568 829 3617 et
872 3564 1096 3617 Domini
1150 3566 1284 3619 Jesu
1322 3566 1551 3632 Christi,
1581 3568 1698 3621 veri
1724 3568 1825 3622 Dei

236 3650 419 3714 nostri,
476 3656 543 3704 ut
587 3651 787 3706 reddat
812 3652 1115 3724 unicuique
1143 3654 1451 3709 secundum
1497 3672 1668 3726 opera
1722 3672 1827 3710 sua

237 3740 438 3800 (Matth.
462 3754 555 3793 xv1
579 3758 594 3807 ;
618 3742 864 3802 Rom.n).
884 3742 1343 3797 Pretereaetiam
1369 3744 1681 3799 divinorum
1694 3745 1827 3816 dog-

235 3834 438 3882 matum
498 3829 899 3885 rectitudinem
950 3848 1015 3885 ac
1051 3832 1345 3887 veritatem
1382 3832 1541 3887 libris
1594 3834 1825 3888 manda-

240 3915 325 3970 vit.

299 4006 425 4061 CAP.
448 4007 551 4062 III.
565 4007 788 4063 —Alius
806 4014 997 4063 autem
1018 4009 1247 4081 quidam
1258 4015 1581 4065 sanctorum
1600 4027 1821 4079 senum,

238 4109 420 4149 rursus
431 4096 493 4150 in
516 4095 728 4151 visione
742 4097 879 4152 vidit
887 4099 1215 4169 angelorum
1242 4100 1472 4170 agmina
1485 4100 1561 4171 (7)
1586 4117 1652 4154 ex
1672 4100 1826 4155 caelis

237 4181 409 4238 divino
432 4186 602 4255 jussu
626 4185 1041 4252 descendentia,
1075 4192 1133 4242 et
1168 4187 1227 4242 in
1262 4187 1522 4242 manibus
1549 4194 1735 4260 caput,
1767 4189 1825 4243 id

1909 2939 2010 2994 ibi.

1981 3029 2112 3083 CAP.
2134 3029 2201 3082 V.
2233 3059 2297 3069 —
2331 3031 2478 3085 Casu
2506 3035 2697 3085 autem
2720 3031 2887 3101 juxta
2915 3032 3039 3101 ejus
3060 3031 3366 3102 hospitium
3393 3032 3507 3087 alia

1908 3118 2175 3171 meretrix
2205 3118 2310 3187 (lO)
2341 3118 2666 3173 habitabat:
2692 3136 2836 3189 que,
2859 3135 2987 3173 cum
3020 3120 3114 3174 ille
3141 3137 3243 3191 per
3260 3121 3505 3192 complu-

1906 3222 1997 3260 res
2026 3207 2145 3260 dies
2173 3207 2231 3260 in
2260 3206 2398 3261 urbe
2414 3213 2875 3273 commoraretur,
2890 3207 3031 3261 dixit
3044 3209 3115 3262 ad
3132 3225 3261 3263 eum
3285 3228 3297 3262 :
3330 3210 3505 3264 Bene-

1906 3296 2013 3361 dic,
2044 3295 2269 3349 domine
2298 3295 2488 3350 abbas.
2515 3297 2585 3350 Et
2601 3296 2722 3350 ﬁxis
2735 3296 2909 3350 oculis
2928 3296 3234 3351 fenestram
3254 3296 3501 3365 intuens,

1908 3384 2044 3438 vidit
2090 3385 2244 3438 illam
2293 3385 2746 3457 prospicientem,
2788 3384 2979 3455 aitque
3021 3386 3092 3439 ad
3148 3402 3272 3439 eam
3306 3404 3318 3438 :
3354 3387 3504 3442 Deus

1908 3472 2197 3527 benedicat
2227 3472 2348 3527 tibi.
2380 3474 2466 3527 Ad
2493 3490 2661 3544 quem
2687 3472 2820 3526 illa:
2850 3473 2997 3536 Quid
3022 3478 3120 3528 tuo
3160 3474 3316 3529 deest
3344 3481 3503 3546 septo

1908 3567 2077 3633 atque
2097 3561 2412 3616 domicilio?
2432 3563 2537 3617 Cui
2557 3566 2783 3616 sanctus
2805 3579 2816 3613 :
2840 3562 2977 3615 Tres
2997 3561 3212 3632 lapides
3230 3569 3289 3617 et
3304 3564 3504 3634 argilla

1908 3651 2149 3718 modica,
2176 3656 2239 3704 ut
2271 3651 2518 3705 fenestra
2538 3650 2882 3717 obstruatur,
2901 3667 3002 3721 per
3026 3667 3196 3722 quam
3210 3652 3498 3723 prospicis.

1909 3740 2013 3794 Cui
2031 3740 2154 3811 ipsa
2171 3739 2675 3812 respondit,dicens
2699 3758 2711 3793 :
2731 3740 2873 3795 Cum
2893 3740 3206 3810 primumte
3226 3739 3502 3812 alloquor,

1907 3829 2096 3899 rejicis
2117 3846 2226 3896 me,
2246 3846 2352 3899 ego
2378 3829 2623 3883 dormire
2651 3834 2837 3883 tecum
2862 3828 3044 3899 cupio,
3069 3834 3125 3882 et
3145 3835 3210 3883 tu
3234 3830 3371 3884 vela
3387 3831 3502 3885 col-

1906 3917 2184 3972 locutione
2201 3935 2290 3973 me
2312 3918 2584 3972 excludis?
2596 3918 2961 3989 Respondens
2981 3923 3170 3971 autem
3198 3918 3281 3972 illi
3311 3935 3503 3974 servus

1907 4006 2008 4061 Dei
2040 4006 2447 4077 Ephrem,ait:
2479 4005 2540 4061 Si
2566 4022 2784 4061 mecum
2816 4005 3062 4061 dormire
3077 4007 3371 4074 velis,veni
3393 4024 3503 4079 quo

1907 4095 2097 4150 dixero
2116 4094 2238 4161 tibi,
2269 4101 2335 4149 ut
2355 4094 2433 4148 ibi
2455 4094 2622 4149 simul
2651 4095 3115 4150 dormiamus.Ad
3136 4113 3300 4166 quem
3328 4114 3506 4151 mere-

1906 4184 2016 4238 trix
2049 4202 2061 4237 :
2094 4184 2194 4239 Dic
2212 4184 2372 4251 mihi,
2392 4184 2595 4254 inquit,
2611 4184 2815 4251 locum,
2849 4190 2907 4238 et
2935 4184 3261 4240 veniam.Et
3277 4192 3503 4241 sanctus

238 4276 315 4324 est
331 4273 593 4327 volumen
620 4273 773 4327 intus
801 4280 857 4329 et
876 4279 1034 4329 extra
1051 4275 1429 4347 conscriptum
1459 4276 1731 4331 tenentia.
1758 4278 1827 4331 Et
1844 4263 1887 4326 (ἶ
1908 4274 1979 4327 ad
1997 4274 2180 4327 illam:
2203 4272 2261 4327 Si
2282 4271 2634 4326 condormire
2649 4271 2788 4324 mihi
2808 4272 3019 4342 cupias,
3037 4288 3148 4326 non
3160 4274 3371 4343 poteris
3391 4274 3502 4328 alio

238 4358 484 4415 dicebant
502 4361 653 4417 inter
669 4380 761 4417 se:
791 4363 893 4417 Cui
922 4363 1089 4440 debet
1116 4364 1259 4419 liber
1282 4364 1389 4419 iste
1412 4365 1727 4419 committi?
1758 4366 1827 4420 Et

238 4448 367 4503 alius
381 4450 613 4521 quidem
632 4451 799 4518 hunc,
825 4457 883 4507 et
906 4453 1005 4507 alii
1020 4453 1160 4508 alios
1188 4454 1575 4509 nominabant.
1597 4455 1709 4509 Alii
1730 4472 1826 4509 au-

237 4542 340 4591 tem
360 4540 777 4611 responderunt
795 4542 1044 4597 dicentes
1064 4560 1077 4595 :
1101 4543 1243 4597 Vere
1258 4543 1437 4598 sancti
1458 4549 1517 4597 et
1530 4544 1671 4615 justi
1693 4549 1827 4598 sunt

237 4624 321 4679 isti
343 4646 355 4679 :
378 4636 771 4684 verumtamen
791 4630 1004 4685 nemini
1024 4631 1129 4685 hoc
1142 4632 1400 4686 volumen
1423 4632 1575 4686 credi
1594 4634 1819 4704 poterit,

236 4714 336 4769 nisi
365 4716 626 4788 Ephrem
656 4718 781 4773 miti
811 4724 867 4773 et
889 4719 1090 4774 humili
1119 4720 1303 4774 corde.
1352 4721 1618 4792 Viditque
1656 4738 1823 4776 senex

236 4804 371 4873 quod
422 4812 621 4860 sancto
661 4808 919 4879 Ephrem
966 4808 1287 4864 tradidisset
1323 4815 1504 4876 [69
1534 4815 1720 4881 caput.
1755 4811 1825 4865 Et

233 4908 459 4963 surgens
490 4911 676 4962 mane,
710 4897 922 4951 audivit
948 4915 1014 4952 ex
1044 4915 1141 4952 ore
1169 4898 1347 4970 ipsius
1368 4898 1691 4969 aptissimos
1720 4916 1823 4971 pro

234 4980 463 5037 aliorum
485 4983 855 5041 instrnctione
869 4987 1363 5055 sermones,omnis
1379 4987 1824 5059 compunctionis
1852 4982 1859 4989 ’

231 5071 523 5127 ettimoris
546 5073 746 5143 divini,
778 5076 928 5130 velut
957 5092 1023 5130 ex
1050 5072 1203 5131 fonte
1237 5076 1425 5147 aliquo
1460 5076 1819 5145 scaturiente,

230 5162 591 5227 proﬂuentes.
619 5161 689 5217 Et
716 5165 942 5234 agnovit
968 5182 1155 5233 senex,
1186 5182 1222 5219 a
1250 5164 1465 5236 Spiritu
1503 5172 1696 5220 sancto
1726 5166 1824 5220 illa

229 5251 468 5319 suggeri,
504 5267 631 5322 que
661 5268 729 5306 ex
755 5252 905 5307 illius
932 5270 1029 5309 ore
1057 5253 1380 5309 manabant.

295 5337 425 5392 CAP.
450 5339 836 5413 IV.—Captus
854 5348 941 5397 est
958 5348 1149 5398 autem
1169 5343 1449 5399 desiderio
1480 5348 1708 5398 sanctus
1736 5344 1827 5399 hic

1907 4363 1966 4417 in
1995 4362 2135 4429 loco,
2169 4360 2279 4415 nisi
2307 4360 2366 4414 in
2392 4359 2530 4415 urbe
2560 4359 2762 4413 media.
2793 4360 3155 4431 Respondens
3171 4367 3361 4415 autem
3381 4362 3497 4428 illa,

1906 4451 2048 4505 dixit
2065 4450 2136 4504 ad
2166 4450 2325 4504 illum
2348 4468 2360 4503 :
2387 4449 2459 4503 Et
2479 4465 2591 4502 non
2618 4447 3000 4503 erubescimus
3018 4454 3377 4519 conspectum
3396 4451 3502 4504 ho-

1907 4540 2160 4595 minum?
2190 4539 2259 4592 Et
2285 4537 2631 4608 respondens
2660 4554 2898 4607 magnus
2929 4538 3208 4609 Ephrem,
3232 4538 3373 4593 dixit
3397 4538 3451 4593 ei
3483 4556 3496 4592 :

1908 4629 1968 4684 Si
1996 4627 2252 4683 homines
2281 4626 2682 4693 erubescimus,
2701 4627 2877 4681 multo
2893 4626 3073 4696 magis
3096 4627 3276 4681 Deum
3308 4626 3503 4682 erube-

1907 4734 2060 4771 scere
2089 4715 2256 4770 simul
2278 4720 2336 4769 et
2359 4715 2559 4769 timere
2588 4712 2886 4785 oportebit,
2920 4714 3015 4785 qui
3045 4714 3200 4769 novit
3220 4715 3390 4770 etiam
3408 4732 3501 4771 oc-

1906 4807 2055 4861 culta
2078 4804 2391 4869 hominum,
2414 4802 2681 4874 quoniam
2696 4802 2815 4873 ipse
2843 4807 2947 4864 est,
2963 4802 3059 4873 qui
3080 4803 3267 4858 veniet
3287 4803 3502 4875 judica-

1903 4900 2067 4949 turus
2094 4894 2387 4958 mundum,
2418 4898 2476 4946 et
2503 4891 2824 4945 redditurus
2852 4890 3152 4963 unicuique
3196 4894 3502 4949 secundum

1905 5000 2079 5056 opera
2089 5000 2193 5037 sua
2217 4984 2389 5053 (Rom.
2415 4983 2498 5050 II).
2516 4981 2647 5034 Hec
2666 4979 2900 5034 audiens
2920 4982 3205 5049 meretrix,
3228 5000 3502 5056 compun-

1904 5078 1997 5127 cta
2018 5078 2102 5126 est
2136 5087 2203 5125 ex
2246 5069 2429 5124 verbis
2458 5068 2643 5135 illius;
2684 5073 2741 5121 et
2789 5069 3057 5124 accedens
3092 5071 3333 5142 procidit
3370 5080 3502 5128 ante

1905 5162 2076 5233 pedes
2099 5161 2241 5231 ejus,
2275 5158 2519 5229 plorans,
2555 5156 2857 5228 dicensque
2888 5175 2901 5212 :
2952 5159 3123 5214 Serve
3167 5162 3286 5229 Dei,
3323 5162 3503 5217 deduc

1909 5267 2000 5305 me
2027 5250 2086 5304 in
2115 5248 2261 5302 viam
2282 5245 2571 5312 salutis,ut
2590 5262 2625 5298 a
2651 5246 2843 5300 multis
2868 5247 3008 5302 meis
3034 5250 3197 5304 malis
3208 5251 3501 5322 operibus-

1909 5357 2017 5411 que
2046 5335 2316 5409 improbis
2340 5333 2565 5389 liberer.
2609 5334 2849 5389 Sanctus
2896 5343 3087 5392 autem
3116 5356 3283 5394 senex
3306 5340 3501 5393 multis

228 5424 392 5480 Pater
420 5433 617 5483 noster
646 5430 903 5502 Ephrem
938 5432 1178 5488 visende
1224 5432 1633 5487 Edessenorum
1673 5432 1827 5488 urbis
1909 5445 2035 5483 eam
2070 5427 2377 5481 admonens
2415 5440 2479 5478 ex
2518 5440 2680 5478 sacra
2706 5424 3015 5496 Scriptura,
3052 5430 3502 5499 conﬁrmansque

228 5516 317 5583 (8),
347 5516 643 5589 oravitque
671 5518 852 5574 Deum
896 5520 1085 5576 dicens
1113 5540 1124 5575 :
1157 5520 1393 5576 Domine
1422 5522 1555 5578 Jesu
1578 5522 1821 5591 Christe,
1906 5517 2056 5573 illius
2077 5514 2491 5588 penitentiam,
2518 5512 2676 5569 misit
2703 5513 2883 5585 ipsam
2914 5515 2973 5569 in
2998 5515 3420 5581 monasterium,
3446 5522 3503 5569 et

226 5601 457 5674 dignare
475 5623 568 5661 me
588 5607 777 5663 videre
796 5608 1079 5666 civitatem
1098 5610 1274 5676 illam,
1295 5617 1355 5665 et
1372 5628 1501 5666 cum
1515 5611 1821 5683 ingrediar,
1839 5622 1890 5683 D
1907 5606 2140 5662 salvavit
2168 5606 2291 5677 ejus
2317 5604 2568 5659 animam
2590 5620 2657 5657 ex
2683 5619 2840 5658 ceno
2866 5604 3228 5675 ﬂagitiorum.

226 5690 441 5750 obviam
462 5695 829 5754 mihihabere
855 5713 1076 5755 merear
1097 5699 1383 5756 hominem
1414 5701 1710 5772 ejusmodi,
1728 5701 1824 5774 qui
1977 5698 2090 5753 CAP
2135 5695 2230 5751 VI.
2254 5724 2295 5737 ο
2336 5695 2407 5750 Et
2430 5692 2721 5749 discedens
2751 5709 2787 5747 a
2814 5691 3038 5748 civitate
3057 5693 3172 5761 illa,
3201 5692 3350 5747 venit
3378 5693 3499 5749 Ca-

226 5796 445 5844 mecum
470 5802 510 5845 a
526 5786 820 5861 Scriptura
834 5804 1158 5849 sermonem
1175 5789 1520 5851 exordiatur.
1543 5788 1617 5851 Et
1639 5789 1827 5864 ingre-
1905 5803 2128 5846 saream
2156 5782 2541 5859 Cappadociae,
2562 5780 2662 5841 ubi
2674 5781 2965 5855 ingressus
2982 5781 3505 5856 templum,rsperit
