3942 6200
236 301 348 362 325

1269 302 1438 360 VITA.
1475 303 1735 361 SANC'PI
1777 305 2128 364 S‘IMEONIS‘
2157 306 2494 364 STYLITIE.

3415 314 3526 377 3‘26

233 430 373 484 dum
399 430 483 484 ait
512 447 524 482 :
583 449 606 480 ι
649 430 729 484 Ex
757 429 1041 500 impudica
1070 429 1349 499 pudicam,
1385 445 1449 483 ex
1481 430 1684 484 lasciva
1717 430 1984 499 gra-A-in
2028 431 2398 486 similitudine
2427 431 2698 487 columbae
2725 437 3022 490 tractantis
3063 438 3518 500 frequentissime

231 517 380 578 vein,
401 518 468 554 ex
488 501 782 578 inquinata
811 517 1010 571 puram
1035 501 1678 578 castamquereddidit.»
1702 503 1844 557 Tota
1924 502 2313 578 perspexisset.
2340 523 2406 578 _»__
2437 503 2506 556 Et
2552 505 2808 578 sequenti
2835 508 3017 578 capite
3057 501 3248 564 subdit
3273 512 3518 567 Joannes

232 577 320 624 est
356 573 516 641 apud
539 569 996 642 Metaphrastem,
1031 569 1123 624 ubi
1153 569 1300 641 quod
1323 572 1413 625 hic
1441 577 1526 626 est
1557 579 1647 625 tuo
1673 578 1832 642 septo.

230 641 308 695 ibi
339 647 432 696 est
462 650 556 696 tuo
582 641 715 696 cibo.

307 713 421 781 (11)
456 716 883 767 Imma-calatum
908 714 1264 782 cotumbam.j
1295 713 1450 768 Idem
1477 720 1676 768 narrat
1701 715 1836 768 Gre-

227 784 428 853 gorius
484 785 772 854 Nyssenus
809 784 869 838 in
917 784 1169 838 encomio
1226 785 1502 854 Ephraam,
1553 792 1610 839 et
1665 786 1837 840 habes

231 855 409 908 etiam
439 855 584 926 apud
617 855 1071 926 Metaphrastem.

301 923 502 979 Simile
541 927 710 980 habes
739 923 797 980 in
827 925 958 979 Vita
993 925 1170 980 sancti
1201 923 1457 996 Gregorii
1488 927 1635 996 apud
1665 925 1836 982 Joan-

230 1012 366 1049 nem
397 997 730 1061 Diaconum,
762 997 904 1050 libro
931 1011 1008 1058 Iv,
1041 996 1374 1067 cap.69,ubi
1405 997 1604 1051 Petrus
1634 998 1834 1051 Diaco-

225 1083 357 1130 nue,
383 1069 682 1138 qui-sancti
707 1068 964 1139 Gregorii
984 1069 1452 1122 familiarissimus
1472 1067 1597 1133 fuit,
1619 1075 1831 1130 narrat,

226 1139 378 1208 quod
405 1157 434 1192 α
455 1157 623 1210 super
651 1147 821 1211 caput
837 1139 1128 1210 (Gregorii)
1153 1139 1272 1210 ipse
1289 1140 1562 1210 Spiritum
1581 1147 1836 1195 sanetum

1924 573 2232 627 Diaconus:
2278 594 2299 624 α
2340 573 2482 626 Hinc
2502 580 2587 627 est
2607 577 2754 645 quod
2783 573 3318 636 consuetudinaliter
3339 583 3520 645 Spiri-

1922 649 2014 698 tus
2028 651 2265 721 sanctus
2291 645 2350 721 i_n
2375 645 2558 721 specie
2577 645 2846 700 columbae
2874 667 3044 721 super
3063 653 3357 708 scribentis
3378 645 3514 709 Gre-

1919 715 2064 786 gorii
2089 722 2259 786 caput
2283 716 2625 785 depingitur.
2659 736 2684 768 »

1995 785 2109 854 (15)
2131 785 2440 856 Meretring
2468 787 2623 858 Idem
2654 787 2826 843 habes
2847 790 3010 858 intra,
3045 794 3185 849 libro
3215 810 3250 848 ν
3274 797 3355 851 De
3373 797 3520 853 Vitis

1920 858 2183 928 Patrum;
2206 858 2356 928 apud
2387 857 2694 928 Pelagium,
2721 860 2904 915 libello
2927 880 2981 928 x,
3005 881 3061 920 n.
3085 865 3173 920 2!.

1991 927 2099 996 (l3)
2138 931 2216 982 Vol
2320 927 2430 981 solo
2458 930 2722 1012 aspectu]
2747 927 3050 1012 Nyssenus,
3071 953 3242 1006 supra
3261 957 3324 1012 εᾉςί
3340 941 3517 1012 Aspe-

1991 949 2099 996 (ιο)
2139 949 2214 982 γιιι
2239 949 2302 1011 ex
2320 949 2430 981 SOIO
2458 949 2722 1010 aspectu]
2747 949 3050 1056 iVR'ssenus,
3071 953 3273 1006 supra:
3297 957 3324 990 (ί
3340 949 3517 1012 Aspe-

1919 1003 2162 1093 ct‘usque-
2187 1016 2324 1093 lejus
2358 1001 2652 1093 apgelicus
2691 1002 2787 1093 3qu
2821 1003 2971 1093 ciens
3020 1011 3168 1090 erat,
3197 1010 3290 1079 qui
3312 1028 3422 1093 per
3459 1032 3517 1066 se

1918 1068 2127 1139 absque
2147 1071 2264 1124 ulla
2293 1070 2546 1124 oratione
2566 1071 2850 1128 intuentes
2870 1075 2942 1128 ad
2970 1068 3516 1137 commisérationem

1919 1148 2291 1210 permoveret.
2329 1160 2354 1194 ))

1681 1417 1964 1461 JANUARI]
2013 1416 2072 1460 ν.

393 1565 982 1712 VITA
1075 1565 1916 1714 SANCTI
2009 1567 3133 1720 SIMEONIS
3217 1648 3348 1741 (ί),

1491 1799 2110 1874 s'er'r/E
2165 1823 2276 1902 (2).

1059 1954 1437 2016 AUCTORE
1481 1955 1830 2016 ANTONIO
1875 1955 1958 2034 (3)
2003 1955 2193 2018 EJUS
2236 1957 2674 2018 DlSCIPULO.

295 2195 488 2248 CAPUT
504 2209 734 2254 PRIMUM.
757 2202 801 2262 ι
821 2201 942 2262 αθ
952 2197 1191 2252 Sanctus
1211 2196 1438 2250 Simeon
1459 2213 1522 2249 ex
1533 2201 1695 2251 utero
1712 2211 1834 2250 ma—
1854 2189 1908 2256 Β
1921 2197 1990 2252 Et
2016 2196 2108 2250 die
2136 2196 2336 2266 quinta
2359 2196 2654 2266 egrediens
2677 2197 2850 2250 abbas
2891 2197 3220 2254 Timotheus
3280 2200 3519 2256 interro-

220 2283 326 2336 tris
355 2300 475 2337 suae
502 2284 714 2338 electus
735 2289 819 2339 est
839 2303 872 2338 a
892 2286 1149 2352 Domino,
1172 2291 1230 2340 et
1248 2285 1628 2340 meditabatur
1637 2301 1836 2356 parere

221 2376 280 2425 et
307 2373 638 2442 placereilli
662 2392 674 2425 :
702 2380 824 2428 erat
847 2381 1038 2430 autem
1058 2375 1153 2429 isti
1179 2381 1342 2446 pater
1358 2375 1624 2430 Susocion
1638 2373 1712 2444 (4)
1740 2391 1836 2428 no-

219 2461 398 2526 mine,
417 2467 474 2514 et
487 2461 844 2517 nutriebatur
861 2481 894 2518 a
909 2463 1236 2534 parentibus
1255 2463 1506 2528 suis.Qui
1518 2481 1645 2518 cum
1657 2463 1835 2517 factus

216 2549 428 2604 fuisset
454 2567 736 2605 annorum
756 2553 1045 2620 tredecim,
1083 2553 1345 2623 pascebat
1369 2570 1498 2608 oves
1526 2553 1706 2624 patris
1723 2551 1832 2622 sui;

219 2644 277 2691 et
305 2637 510 2692 videns
538 2640 828 2694 ecclesiam
847 2640 941 2711 (5),
963 2642 1174 2696 relictis
1216 2641 1529 2712 pecoribus,
1547 2641 1833 2711 ingressus

219 2735 323 2791 est,
357 2727 692 2798 audivitque
721 2728 1052 2800 Apostolum
1083 2730 1162 2784 ibi
1194 2731 1323 2800 legi.
1357 2732 1830 2800 Interrogansque

219 2833 411 2870 unum
443 2817 748 2883 seniorem,
773 2819 854 2872 ait
884 2838 895 2871 :
931 2819 1188 2884 Domine,
1223 2819 1358 2890 quid
1389 2825 1474 2873 est
1502 2819 1652 2873 istud
1681 2817 1830 2888 quod

217 2905 466 2976 legitur?
477 2923 648 2960 senex
662 2908 964 2978 respondet
982 2909 1034 2962 ei
1052 2927 1067 2961 :
1089 2909 1197 2963 Pro
1218 2907 1530 2963 substantia
1553 2909 1756 2962 animae
1771 2911 1835 2961 ut

220 2993 404 3048 discat
427 2995 599 3048 homo
627 2995 827 3050 timere
855 2998 1035 3051 Deum
1059 3013 1126 3051 ex
1158 3003 1276 3052 toto
1307 2998 1494 3060 corde,
1529 3003 1586 3051 et
1609 3013 1674 3050 ex
1715 3001 1836 3050 tota

225 3087 426 3137 mente
455 3099 560 3137 sua
584 3087 765 3148 (Duce?
789 3085 1018 3145 x).Dixit
1045 3085 1241 3140 beatus
1272 3087 1498 3141 Simeon
1529 3105 1540 3138 :
1579 3085 1725 3150 Quid
1749 3091 1836 3139 est

219 3173 432 3226 timere
462 3173 680 3227 Deum?
704 3174 857 3227 Dixit
884 3175 934 3228 ei
965 3175 1152 3230 senior
1177 3193 1188 3228 :
1223 3176 1408 3240 Quare
1456 3191 1547 3229 me
1589 3174 1828 3245 ﬂagitas,

221 3261 346 3314 ﬁli?
376 3259 450 3315 Et
473 3261 570 3315 ille
599 3278 612 3316 :
644 3262 812 3326 Quasi
843 3265 1043 3330 Deum,
1067 3265 1270 3335 inquit,
1303 3265 1585 3334 interrogo
1609 3269 1686 3317 te.
1719 3265 1834 3318 Ista

1915 2284 2069 2355 gavit
2096 2301 2247 2351 eum,
2279 2285 2506 2338 dicens:
2539 2285 2688 2339 unde
2709 2302 2788 2350 es,
2809 2285 2928 2339 ﬁli?
2957 2293 3057 2340 aut
3085 2304 3224 2358 quos
3253 2293 3518 2358 parentes

1919 2373 2088 2428 habes
2107 2374 2202 2445 qui
2223 2374 2304 2428 sic
2323 2373 2565 2428 afﬂictus
2595 2375 2691 2428 es?
2718 2380 2818 2428 aut
2833 2376 2980 2446 quod
3002 2380 3084 2430 est
3105 2392 3310 2430 nomen
3329 2383 3510 2444 tuum,

1919 2479 1989 2517 ne
2015 2461 2158 2516 forte
2177 2458 2390 2533 aliquid
2411 2463 2544 2518 mali
2558 2463 2819 2532 gesseris,
2842 2469 2941 2517 aut
2957 2464 3190 2518 forsitan
3207 2482 3398 2520 servus
3413 2466 3516 2531 sis,

1919 2557 1976 2604 et
2009 2551 2299 2605 dominum
2322 2557 2481 2605 tuum
2513 2551 2732 2622 fugias?
2751 2553 2907 2606 Tunc
2927 2552 3124 2608 beatus
3145 2554 3372 2609 Simeon
3385 2571 3516 2610 cum

1917 2639 2178 2710 lacrymis
2226 2640 2363 2693 dixit
2398 2658 2408 2692 :
2453 2641 2844 2712 Nequaquam,
2879 2642 3125 2708 domine,
3155 2643 3253 2698 sed
3291 2649 3422 2715 Opto
3450 2648 3520 2698 ut

1916 2728 2033 2788 sim,
2059 2745 2250 2783 servus
2284 2729 2397 2794 Dei,
2431 2729 2479 2782 si
2507 2729 2626 2799 ipse
2656 2731 2913 2795 voluerit,
2959 2731 3091 2802 quia
3121 2733 3244 2785 volo
3291 2749 3516 2788 servare

1914 2818 2162 2871 animam
2191 2835 2371 2872 meam
2401 2819 2703 2888 perditam.
2736 2819 2879 2872 Jube
2905 2837 3036 2890 ergo
3060 2837 3150 2875 me
3180 2821 3418 2875 introire
3454 2822 3515 2876 in

1915 2907 2342 2972 monasterium,
2375 2913 2434 2960 et
2461 2907 2719 2961 omnibus
2747 2908 3026 2962 deservire
3051 2927 3064 2976 ;
3098 2909 3212 2964 noli
3243 2927 3332 2965 me
3369 2911 3506 2965 foris

1915 2995 2127 3050 diutius
2167 2995 2470 3050 dimittere.
2502 2997 2655 3049 Tunc
2675 2997 3028 3066 apprehensa
3047 3013 3219 3052 manu
3249 2999 3390 3069 ejus,
3423 3000 3512 3053 in-

1914 3085 2162 3138 troduxit
2195 3101 2324 3138 eum
2359 3083 2536 3138 abbas
2566 3087 2624 3138 in
2655 3086 3077 3152 monasterium,
3111 3087 3300 3142 dicens
3330 3088 3521 3143 fratri-

1915 3173 2020 3226 bus
2051 3193 2067 3226 :
2113 3174 2294 3228 Filioli
2329 3173 2458 3240 mei,
2494 3191 2620 3228 ecce
2650 3174 2810 3228 trado
2841 3175 2996 3229 vobis
3043 3176 3217 3230 istum
3259 3176 3514 3238 fratrem,

1881 3243 1886 3252 ’
1915 3260 2108 3314 docete
2129 3279 2258 3316 eum
2285 3279 2526 3316 canones
2555 3263 3065 3317 monasterii.Fecit
3098 3270 3288 3318 autem
3319 3265 3379 3319 in
3399 3283 3516 3322 mo-

223 3350 379 3404 enim
403 3367 534 3421 quae
557 3368 593 3404 a
618 3357 675 3404 te
703 3352 890 3417 audio,
909 3353 1123 3406 discere
1147 3353 1432 3425 volo,quia
1456 3353 1686 3424 ignarus
1707 3369 1832 3408 sum
1913 3351 2160 3405 nasterio
2199 3351 2360 3422 quasi
2405 3367 2625 3404 menses
2663 3357 2924 3422 quatuor,
2968 3353 3218 3407 serviens
3255 3354 3516 3410 omnibus

224 3445 282 3493 et
310 3439 546 3494 stultus.
575 3437 884 3511 Respondit
904 3441 954 3494 ei
987 3442 1174 3496 senior
1206 3460 1216 3494 :
1253 3443 1459 3512 Siquis
1481 3442 1829 3512 jejunaverit
1847 3509 1884 3514 _
1913 3439 2035 3494 sine
2047 3443 2295 3512 querela,
2324 3443 2384 3495 in
2409 3439 2611 3511 quibus
2631 3441 2970 3496 Psalterium
2990 3459 3055 3496 ex
3076 3443 3296 3514 integro
3308 3459 3518 3500 memo-

218 3529 459 3598 jugiter,
497 3534 556 3581 et
583 3509 995 3583 obsecrationes
1014 3530 1208 3584 fecerit
1220 3509 1632 3602 permomenta,
1659 3537 1716 3584 et
1735 3509 1897 3586 hu-D
1919 3529 2014 3584 riae
2041 3509 2466 3594 commendavit,
2505 3529 2752 3600 quotidie
2785 3531 3097 3600 percipiens
3143 3509 3329 3586 cibum
3376 3533 3518 3587 divi-

225 3617 542 3670 miliaverit
558 3617 804 3688 seipsum
826 3618 980 3672 omni
997 3619 1230 3677 homini.
1253 3626 1310 3674 et
1329 3637 1440 3675 non
1457 3620 1714 3675 dilexerit
1731 3637 1834 3674 au-
1919 3635 2074 3674 num.
2109 3619 2312 3674 Cibum
2339 3636 2469 3673 vero
2519 3635 2687 3688 quem
2723 3619 2892 3674 simul
2921 3636 3051 3673 cum
3079 3620 3344 3675 fratribus
3367 3623 3518 3677 acci-

223 3723 374 3772 rum,
412 3723 598 3776 neque
630 3713 908 3777 parentes,
928 3725 1108 3778 neque
1135 3709 1484 3773 vestimenta,
1511 3727 1692 3780 neque
1713 3727 1836 3780 pos—
1918 3709 2125 3779 piebat,
2158 3709 2324 3762 tacite
2376 3706 2716 3779 pauperibus
2763 3707 3050 3778 erogabat,
3083 3725 3196 3762 non
3245 3709 3517 3766 sollicitus

222 3796 604 3858 sessiones,et
619 3795 855 3850 honorat
875 3803 1092 3867 patrem
1127 3805 1185 3851 et
1211 3805 1472 3865 matrem,
1496 3804 1552 3853 et
1575 3800 1836 3854 sacerdo-
1917 3798 1986 3852 de
2025 3798 2289 3852 crastino.
2339 3798 2562 3850 Fratres
2605 3812 2738 3865 ergo
2782 3797 2854 3850 ad
2905 3814 3215 3868 vesperam,
3246 3798 3342 3852 ille
3385 3815 3517 3854 vero

223 3891 307 3938 tes
318 3884 427 3938 Dei
439 3885 918 3955 prosequitur,hic
931 3886 1282 3941 haereditabit
1293 3905 1528 3958 regnum
1540 3895 1831 3955 aeternum;
1917 3887 2155 3958 septimo
2183 3887 2274 3940 die
2300 3885 2488 3940 cibum
2508 3884 2784 3938 sumebat.

225 3979 279 4026 et
306 3975 408 4045 qui
435 3972 756 4028 econtrario
787 3975 895 4028 ista
933 3991 1043 4029 non
1071 3977 1334 4042 custodit,
1353 3977 1442 4030 hic
1481 3977 1836 4032 haereditabit
1988 3977 2118 4031 CAP.
2139 3976 2441 4030 IlI.—Una
2455 3979 2647 4030 autem
2663 3973 2882 4028 dierum
2902 3974 3190 4045 ingressus
3202 3977 3272 4030 ad
3283 3983 3516 4048 puteum

223 4062 493 4116 tenebras
519 4062 991 4134 exteriores,quas
1012 4065 1230 4136 paravit
1245 4067 1392 4120 Deus
1416 4067 1638 4120 diabolo
1664 4073 1720 4120 et
1739 4083 1836 4120 an-
1916 4081 2120 4136 aquam
2151 4063 2396 4128 haurire,
2415 4063 2656 4133 sumpsit
2689 4063 2880 4117 funem
2907 4063 2976 4116 de
3005 4063 3192 4131 situla,
3218 4066 3366 4120 unde
3399 4066 3513 4120 fra-

227 4151 370 4220 gelis
405 4153 536 4221 ejus
559 4151 774 4223 (Matth.
805 4167 944 4218 xxn,
972 4153 1122 4224 xxv).
1145 4155 1259 4208 Ista
1273 4155 1479 4220 omnia,
1513 4155 1696 4221 ﬁli,.in
1712 4171 1835 4208 mo-
1915 4161 2030 4208 tres
2059 4170 2265 4225 aquam
2293 4152 2646 4210 hauriebant.
2673 4157 2729 4205 et
2747 4151 2976 4205 involvit
3003 4169 3134 4207 eum
3161 4154 3266 4208 toti
3295 4155 3516 4226 corpori

225 4239 482 4294 nasterio
505 4245 938 4311 exaggerantur.
957 4241 1206 4297 Audiens
1227 4244 1342 4299 haec
1358 4244 1558 4298 beatus
1583 4244 1834 4310 Simeon,
1917 4260 2018 4298 suo
2048 4243 2198 4297 nudo
2221 4261 2256 4298 a
2275 4241 2500 4296 renibus
2529 4257 2706 4310 usque
2736 4241 2808 4292 ad
2836 4241 3043 4294 collum
3068 4259 3081 4307 ;
3121 4247 3179 4294 et
3205 4241 3511 4312 ingressus,

225 4329 433 4384 cecidit
461 4328 536 4382 ad
565 4328 738 4399 pedes
768 4330 909 4399 ejus,
940 4329 1130 4384 dicens
1164 4351 1176 4384 :
1203 4334 1286 4386 Tu
1313 4349 1372 4386 es
1398 4341 1560 4404 pater
1593 4349 1754 4387 meus
1781 4337 1838 4385 et
1918 4331 2055 4386 dicit
2073 4331 2340 4387 fratribus
2364 4349 2374 4382 :
2408 4329 2562 4384 Exivi
2590 4327 2818 4381 haurire
2839 4344 3064 4398 aquam,
3090 4335 3148 4383 et
3183 4345 3296 4384 non
3325 4330 3516 4384 inveni

225 4423 411 4471 mater
440 4434 592 4483 mea,
627 4423 684 4470 et
711 4417 905 4470 doctor
929 4435 1162 4490 operum
1193 4420 1486 4488 bonorum,
1528 4427 1586 4475 et
1625 4423 1736 4476 dux
1765 4421 1836 4475 ad
1916 4420 2107 4476 funem
2147 4420 2207 4474 in
2235 4419 2423 4474 situla.
2457 4417 2526 4493 Et
2563 4415 2644 4470 illi
2675 4415 2938 4470 dixerunt
2971 4433 2982 4468 :
3015 4416 3177 4483 Tace,
3217 4417 3412 4484 frater,
3443 4433 3516 4472 ne

226 4522 405 4576 regna
434 4506 728 4560 calorum.
759 4507 843 4560 Tu
869 4507 1020 4560 enim
1042 4509 1330 4579 acquisisti
1348 4511 1597 4564 animam
1627 4528 1830 4576 meam,
1921 4510 2065 4564 forte
2092 4512 2362 4579 agnoscat
2387 4505 2580 4572 abbas,
2612 4521 2902 4576 quousque
2931 4509 3156 4576 tempus
3195 4511 3513 4578 praetereat.

227 4611 351 4664 quae
357 4596 487 4665 jam
510 4594 870 4665 mergebatur
886 4595 945 4648 in
962 4596 1628 4666 perditionem.Dominus
1641 4600 1842 4655 reddat
1921 4598 2302 4654 Putrefactum
2331 4601 2417 4650 est
2444 4601 2634 4650 autem
2653 4611 2853 4666 corpus
2875 4595 2998 4664 ejus
3017 4595 3086 4648 de
3107 4594 3446 4666 obligatione
3460 4602 3518 4652 et

228 4683 330 4738 tibi
383 4683 833 4738 vicissitudinem
868 4702 969 4756 pro
997 4687 1187 4740 anima
1209 4703 1356 4742 mea.
1391 4689 1507 4744 Ista
1533 4696 1666 4744 sunt
1686 4689 1837 4744 enim
1921 4688 2230 4760 asperitate
2263 4685 2430 4752 funis,
2466 4684 2600 4756 quia
2633 4691 2675 4749 ι
2694 4688 2804 4750 τι
2833 4681 3058 4737 secabat
3089 4699 3218 4738 eum
3248 4701 3424 4754 usque
3443 4685 3518 4741 ad

229 4791 352 4845 qua
393 4772 697 4828 aediﬁcant.
746 4771 862 4843 Ego
891 4779 1080 4828 autem
1112 4777 1233 4846 jam
1265 4793 1413 4831 nunc
1439 4779 1662 4844 vadam,
1695 4779 1838 4833 sicut
1920 4795 2074 4844 ossa;
2104 4777 2393 4848 ingressus
2422 4779 2508 4829 est
2537 4773 2689 4829 enim
2714 4772 2774 4827 in
2799 4789 3026 4827 carnem
3055 4772 3225 4840 ita,ut
3246 4773 3336 4828 vix
3351 4790 3520 4848 appa-

229 4861 497 4925 docuisti,
529 4862 586 4916 in
619 4863 1044 4930 monasterium,
1065 4863 1162 4918 ubi
1183 4866 1332 4920 Deus
1353 4867 1624 4922 voluerit:
1658 4873 1716 4921 et
1740 4862 1896 4922 ﬁatC
1915 4871 2082 4922 reret.
2115 4866 2370 4930 Quadam
2399 4869 2589 4918 autem
2621 4861 2712 4916 die
2741 4865 3006 4915 exeuntes
3026 4861 3200 4933 aliqui
3229 4862 3299 4917 de
3318 4862 3516 4918 fratri-

229 4953 494 5007 voluntas
515 4951 640 5021 ejus
652 4950 711 5003 in
726 4967 834 5004 me.
858 4951 1006 5006 Dixit
1031 4951 1111 5006 illi
1142 4954 1354 5010 senior:
1377 4956 1838 5028 Fili,priusquam
1920 4956 2042 5023 bus,
2075 4956 2412 5010 invenerunt
2435 4969 2566 5007 eum
2585 4950 2774 5004 cibum
2799 4966 2964 5005 suum
2993 4951 3222 5005 dantem
3251 4952 3518 5025 pauperi-

227 5038 572 5112 ingrediaris
589 5041 1012 5104 monasterium,
1035 5042 1168 5096 audi
1186 5061 1308 5114 quae
1328 5044 1471 5098 dico.
1493 5044 1838 5100 Tribulatio-

229 5147 362 5184 nem
407 5127 710 5182 habiturus
750 5145 850 5196 es;
891 5146 1114 5184 necesse
1151 5139 1237 5186 est
1266 5133 1416 5187 enim
1459 5141 1514 5188 te
1543 5134 1752 5189 servire
1783 5139 1841 5190 et

229 5219 466 5289 viligare
497 5217 556 5271 in
576 5213 851 5282 nuditate,
867 5223 924 5272 et
952 5218 1331 5276 indesinenter
1355 5223 1632 5278 sustinere
1654 5224 1834 5280 mala:

231 5313 289 5362 et
317 5308 536 5360 iterum
564 5306 966 5362 confortandus
996 5326 1072 5375 es,
1109 5326 1204 5363 vas
1225 5311 1531 5382 pretiosum
1551 5314 1688 5368 Deo.

303 5397 440 5449 CAP.
467 5391 692 5449 II.—Et
705 5395 896 5448 statim
927 5396 1113 5452 exiens
1143 5398 1341 5454 beatus
1363 5401 1554 5455 Simon
1574 5402 1642 5456 de
1672 5403 1843 5456 eccle-

231 5486 334 5550 sia,
352 5484 478 5539 ibat
498 5483 557 5538 in
584 5484 989 5538 monasterium
1018 5489 1196 5542 sancti
1225 5486 1504 5544 Timothei
1527 5487 1603 5560 (6)
1628 5491 1842 5563 magni-

235 5575 324 5628 ﬁci
354 5573 465 5628 viri
487 5572 583 5642 (7);
606 5577 662 5626 et
689 5572 986 5645 procidens
1007 5581 1136 5630 ante
1164 5577 1310 5633 fores
1330 5579 1678 5647 monasterii,
1686 5581 1844 5652 jace-

235 5664 335 5718 bat
363 5679 470 5734 per
498 5661 618 5716 dies
637 5663 883 5734 quinque
909 5675 1025 5720 non
1047 5665 1391 5724 manducans
1419 5686 1603 5741 neque
1621 5668 1837 5724 bibens.

1918 5044 2060 5111 bus;
2091 5049 2148 5098 et
2174 5041 2434 5114 regressi,
2475 5039 2739 5094 dixerunt
2784 5037 2974 5092 abbati
3007 5057 3018 5092 :
3055 5040 3204 5094 unde
3233 5041 3394 5096 nobis
3421 5041 3519 5098 ad-

1921 5133 2128 5188 duxisti
2163 5132 2450 5186 hominem
2493 5127 2708 5183 istum?
2737 5128 2862 5183 Non
2891 5144 3192 5198 possumus
3234 5129 3530 5188 abstinere

1921 5223 2066 5278 sicut
2084 5222 2207 5288 ille;
2241 5222 2314 5275 de
2331 5218 2623 5274 Dominica
2643 5217 2794 5272 enim
2821 5217 2880 5270 in
2900 5217 3256 5272 Dominicam‘
3271 5220 3519 5290 jejunat,

1922 5311 2074 5366 cibos
2102 5327 2242 5381 quos
2271 5308 2473 5380 accipit
2500 5306 2839 5378 pauperibus
2869 5312 3067 5377 erogat
3093 5326 3104 5360 :
3157 5305 3255 5361 sed
3283 5314 3341 5362 et
3379 5309 3524 5362 fetor

1922 5399 2287 5472 gravissimus
2317 5397 2606 5467 egreditur
2628 5397 2696 5451 de
2725 5412 2958 5467 corpore
2987 5397 3130 5466 ejus,
3145 5395 3226 5450 ita
3242 5402 3306 5450 ut
3331 5396 3528 5451 nullus

1920 5492 2084 5562 juxta
2107 5505 2238 5542 eum
2259 5493 2410 5542 stare
2431 5485 2633 5558 possit;
2663 5490 2718 5540 et.
2748 5501 2877 5539 cum
2911 5483 3180 5551 ambulat,
3205 5501 3423 5539 vermes
3454 5483 3526 5536 de

1925 5593 2159 5649 corpore
2187 5578 2309 5648 ejus
2337 5577 2565 5643 cadunt,
2589 5576 2876 5645 lectusque
2903 5575 3024 5643 ejus
3057 5573 3254 5644 plenus
3287 5577 3374 5626 est
3408 5585 3527 5624 ver-

1927 5667 2129 5723 mibus.
2147 5668 2304 5721 Tunc
2327 5667 2516 5722 exiens
2536 5664 2706 5720 abbas
2741 5663 2955 5716 invenit
2977 5661 3122 5715 sicut
3137 5661 3220 5715 illi
3243 5660 3525 5726 dixerunt;
