3942 6200
435 314 542 371 327

1457 313 1552 368 DE
1589 312 1778 368 VITIS
1817 311 2114 368 PATRUM
2151 312 2366 368 LIBER
2400 313 2692 369 PRIMUS.

3567 319 3658 379 328

437 445 529 499 cui
553 413 636 498 ait
666 463 679 499 :
708 439 1071 513 Fili,quidest
1084 438 1234 510 quod
1255 438 1451 493 dicunt
1474 437 1680 493 fratres
1704 439 1774 492 de
1803 438 2035 492 te?Non
2051 440 2102 499 Α
2191 439 2322 493 CAP.
2346 439 2413 492 V.
2435 468 2502 482 —
2533 439 2670 492 Post
2695 438 2814 492 haec
2838 453 3096 508 egressus
3125 439 3352 506 occulte,
3375 441 3542 512 pergit
3564 461 3659 501 non

437 533 542 588 tibi
569 531 774 587 sufficit
813 522 1074 600 jejunare
1122 527 1268 582 sicut
1299 527 1447 582 nos?
1488 529 1578 581 An
1613 543 1726 582 non
1771 527 2034 581 audivisti

441 620 825 692 Evangelium,
855 619 925 673 de
951 616 1271 673 doctoribus
1304 616 1495 671 dicens
1532 617 1743 685 (Matth.
1787 621 1869 682 x),
1903 616 2038 686 quia

441 728 555 766 non
572 716 657 764 est
674 708 979 779 discipulus
999 724 1168 778 super
1191 705 1526 776 magistrum
1551 723 1562 757 ε
1587 705 1696 759 erit
1709 711 1900 759 autem
1921 721 2038 758 om-

439 801 528 856 nis
570 798 866 870 perfectus,
901 797 950 850 si
997 797 1072 850 sit
1116 795 1261 850 sicut
1299 795 1495 849 doctor
1522 794 1694 866 ejus?
1737 795 1827 848 dic
1874 793 2032 860 mihi,

440 888 542 955 ﬁli,
570 887 715 942 fetor
743 887 850 940 iste
877 885 1026 939 unde
1052 883 1346 956 procedit?
1372 885 1539 939 Stans
1564 882 1768 944 beatus
1787 883 2032 948 Simeon,

441 977 584 1033 nihil
612 975 920 1048 respondit.
951 975 1022 1028 Et
1048 973 1227 1028 iratus
1247 972 1436 1038 abbas,
1445 972 1616 1044 jussit
1635 989 1765 1026 eum
1786 970 2035 1042 spoliari,

441 1072 502 1122 et
528 1067 864 1120 invenerunt
882 1063 1072 1118 funem
1098 1063 1248 1116 circa
1275 1079 1479 1132 corpus
1507 1063 1648 1132 ejus,
1689 1061 1770 1114 ita
1797 1067 1863 1114 ut
1896 1058 2038 1113 nihil

440 1160 668 1229 pareret
685 1155 754 1208 de
783 1170 848 1207 eo
869 1152 977 1206 nisi
995 1152 1292 1206 summitas
1318 1157 1561 1205 tantum.
1589 1150 1916 1204 Exclamans
1935 1165 2050 1215 au-_

441 1251 557 1300 tem
577 1243 752 1298 abbas
767 1259 899 1297 voce
919 1258 1142 1312 magna,
1165 1240 1336 1295 dixit:
1365 1240 1514 1294 unde
1524 1238 1686 1294 nobis
1697 1238 2040 1292 advenitiste

444 1336 634 1401 homo,
665 1333 957 1388 destruere
983 1331 1174 1385 volens
1199 1330 1454 1400 regulam
1489 1327 1860 1383 monasterii?
1885 1327 2040 1397 Rogo

445 1441 579 1496 ergo
601 1429 680 1490 te,
711 1421 933 1477 discede
962 1421 1110 1486 hinc,
1130 1426 1188 1474 et
1216 1436 1385 1491 perge
1415 1435 1526 1489 quo
1559 1417 1638 1472 vis
1667 1435 1678 1470 :
1711 1433 1840 1471 cum
1861 1415 2040 1470 multo

447 1519 639 1568 tamen
669 1512 860 1567 dolore
888 1516 946 1564 et
973 1509 1160 1564 labore
1194 1509 1448 1563 tulerunt
1475 1525 1510 1561 a
1536 1522 1768 1578 corpore
1800 1506 1923 1575 ejus
1950 1503 2040 1559 fu-

445 1620 594 1667 nem,
635 1603 704 1656 de
745 1617 855 1672 quo
893 1606 1016 1654 erat
1058 1597 1358 1660 involutus,
1393 1613 1509 1651 una
1546 1613 1674 1651 cum
1721 1611 1888 1648 carne
1919 1595 2042 1664 ejus

445 1691 690 1764 putrida.
739 1689 1028 1744 Facientes
1061 1693 1251 1742 autem
1293 1686 1375 1740 illi
1412 1685 1664 1740 studium
1704 1701 1806 1756 per
1834 1683 2043 1737 multos

445 1781 584 1847 dies,
618 1784 962 1834 sanaverunt
988 1794 1138 1832 eum.

517 1869 1074 1926 CAP.IV.—Sanatus
1101 1857 1294 1922 autem
1324 1870 1451 1935 post
1477 1864 1614 1929 haec,
1639 1862 1806 1917 exivit
1829 1861 1899 1916 de
1922 1861 2045 1914 mo-

447 1960 714 2026 nasterio,
734 1959 888 2013 nullo
907 1956 1119 2010 sciente
1143 1974 1156 2023 ;
1181 1962 1238 2010 et
1265 1955 1553 2024 ingressus
1581 1957 1667 2006 est
1691 1956 1924 2022 puteum
1953 1949 2046 2003 de-

450 2055 684 2114 sertum,
709 2047 806 2102 ubi
833 2064 947 2102 non
975 2051 1096 2104 erat
1115 2061 1280 2115 aqua,
1314 2060 1428 2097 non
1447 2043 1611 2112 longe
1625 2058 1660 2095 a
1679 2038 2042 2104 monasterio,

446 2139 544 2194 ubi
573 2136 849 2192 immundi
867 2135 1099 2207 spiritus
1127 2131 1536 2188 inhabitabant.
1553 2131 1622 2185 Et
1639 2130 1762 2200 ipsa
1781 2134 1942 2184 nocte
1960 2144 2046 2181 re-

445 2229 691 2282 velatum
704 2231 788 2280 est
801 2225 988 2280 abbati
1003 2223 1150 2295 quod
1161 2221 1464 2277 multitudo
1476 2220 1810 2292 populorum
1821 2218 2046 2272 circum-

446 2318 648 2372 darent
669 2313 1072 2370 monasterium
1101 2328 1267 2366 suum
1296 2327 1424 2365 cum
1452 2308 1692 2363 fustibus
1735 2313 1793 2362 et
1817 2306 2040 2377 gladiis,

445 2406 696 2460 dicentes
717 2423 729 2458 :
748 2406 833 2460 Da
845 2403 1006 2459 nobis
1025 2417 1247 2457 servum
1271 2399 1372 2454 Dei
1386 2396 2041 2464 Simeonem,Timothee.

449 2495 550 2550 Sin
571 2500 782 2561 autem,
803 2492 1165 2547 incendemus
1193 2496 1250 2544 te
1271 2506 1397 2544 cum
1413 2485 1753 2542 monasterio
1776 2491 1894 2550 tuo,
1913 2501 2048 2555 quo-

450 2585 604 2638 niam
637 2581 978 2654 exasperasti
1030 2579 1316 2634 hominem
1354 2579 1592 2648 justum.
1617 2575 1726 2638 Qui
1756 2573 2043 2643 evigilans,

451 2672 534 2727 ait
551 2671 852 2726 fratribus:
901 2669 1086 2724 Filioli
1114 2667 1244 2733 mei,
1269 2665 1536 2720 visionem
1561 2663 1693 2729 vidi,
1727 2667 1785 2717 et
1804 2663 2048 2716 multum

451 2761 716 2816 turbatus
734 2777 859 2814 sum
885 2759 944 2812 in
973 2775 1058 2812 ea.
1085 2758 1154 2812 Et
1171 2757 1229 2810 in
1258 2755 1370 2810 alia
1397 2759 1560 2810 nocte
1574 2753 1710 2807 vidit
1731 2751 2048 2807 multitudi—

453 2867 584 2906 nem
610 2849 858 2904 virorum
878 2847 1105 2902 fortium
1126 2844 1431 2900 astantium
1461 2849 1518 2898 et
1535 2841 1844 2898 dicentium
1859 2841 1938 2896 ei:
1963 2841 2049 2895 Da

455 2939 618 2995 nobis
638 2955 862 2993 servum
883 2937 984 2992 Dei
1003 2936 1321 2991 Simeonem
1343 2953 1357 3000 ;
1379 2933 1616 2988 dilectus
1639 2937 1726 2986 est
1752 2931 1902 2985 enim
1933 2929 2048 2984 Deo

457 3035 516 3084 et
538 3027 786 3099 angelis;
816 3041 990 3098 quare
1019 3025 1180 3078 illum
1208 3022 1462 3078 vexasti?
1490 3022 1673 3092 major
1699 3025 1756 3074 te
1784 3026 1870 3074 est
1899 3018 2048 3090 apud

2115 527 2280 598 longe
2303 545 2338 580 a
2355 527 2717 594 monasterio,
2745 526 2933 598 ibique
2961 528 3138 581 multo
3153 531 3397 598 tempore
3421 530 3533 596 fuit,
3553 533 3661 587 edi-

2117 615 2413 686 ﬁcavitque
2435 615 2541 670 sibi
2563 617 2878 670 clausuram
2903 633 2967 670 ex
2998 615 3180 687 lapide
3210 615 3348 670 sicco
3377 617 3464 686 (8),
3500 619 3661 692 ibique

2117 703 2226 758 fuit
2243 721 2422 758 annos
2449 710 2648 760 tres.et
2668 704 2967 758 veniebant
2991 704 3064 758 ad
3084 720 3212 758 eum
3228 703 3385 759 multi
3407 706 3474 760 ad
3493 707 3664 762 oratio-

2118 809 2268 846 nem.
2293 793 2506 848 Deinde
2532 793 2664 848 fecit
2691 793 3082 848 columnellam
3102 793 3410 848 cubitorum
3437 802 3664 865 quatuor,

2119 882 2388 952 stetitque
2408 882 2466 936 in
2496 899 2564 937 ea
2594 899 2772 937 annos
2797 888 3055 954 quatuor.
3091 881 3384 937 Crescebat
3407 890 3576 938 autem
3610 885 3670 940 de

2120 987 2186 1024 eo
2199 971 2350 1025 fama
2361 977 2555 1026 sancta
2572 989 2674 1042 per
2693 971 2882 1027 orbem
2896 977 3078 1038 terrm,
3095 977 3154 1026 et
3172 972 3380 1026 faciunt
3407 973 3456 1027 ei
3485 972 3669 1028 colum-

2119 1076 2252 1114 nam
2275 1059 2576 1115 habentem
2603 1060 2818 1116 cubitos
2846 1061 3159 1125 duodecim,
3192 1066 3251 1115 et
3267 1061 3417 1116 stetit
3437 1061 3491 1116 in
3509 1079 3570 1116 ea
3593 1079 3674 1117 an-

2119 1165 2222 1203 nos
2247 1149 2560 1204 duodecim.
2589 1150 2948 1221 Rursumque
2987 1150 3240 1204 fecerunt
3267 1150 3566 1204 columnam
3589 1168 3672 1206 cu-

2119 1237 2864 1310 bitorumviginti,stetitque
2881 1239 2938 1293 in
2959 1255 3028 1293 ea
3045 1256 3222 1294 annos
3243 1239 3674 1294 duodecim.'l‘unc

2121 1327 2448 1397 congregati
2469 1332 2601 1382 sunt
2615 1344 2811 1382 omnes
2826 1327 3169 1382 habitatores
3192 1328 3299 1382 loci
3328 1328 3488 1394 illius,
3505 1335 3558 1384 et
3567 1329 3678 1384 aedi-

2123 1417 2430 1470 ficaverunt
2451 1417 2614 1486 juxta
2643 1417 2822 1487 ipsam
2851 1417 3171 1471 columnam
3198 1416 3449 1472 basilicas
3467 1418 3609 1484 duas,
3629 1426 3676 1472 et

2121 1505 2440 1559 columnam
2461 1504 2776 1560 cubitorum
2805 1505 3058 1576 triginta,
3092 1512 3150 1560 et
3167 1523 3334 1578 super
3359 1505 3526 1578 ipsam
3545 1506 3680 1561 stetit

2123 1610 2300 1649 annos
2320 1600 2581 1666 quatuor,
2605 1600 2662 1649 et
2689 1596 2858 1666 caepit
2884 1595 3119 1650 virtutes
3153 1595 3354 1649 facere.
3395 1595 3548 1649 Multi
3574 1596 3678 1649 lan-

2121 1683 2278 1754 guidi
2305 1683 2604 1738 veniebant
2633 1684 2703 1738 ad
2727 1701 2876 1750 eum,
2909 1691 2966 1739 et
3009 1685 3288 1739 daemonia
3324 1684 3594 1751 habentes,
3632 1691 3680 1738 et

2066 1792 2114 1853 B
2124 1772 2359 1826 curabat
2369 1790 2465 1827 eos
2487 1791 2498 1826 :
2515 1774 2642 1827 caeci
2652 1773 2832 1827 visum
2850 1773 3216 1845 recipiebant,
3231 1773 3490 1828 debilium
3509 1789 3678 1827 manus

2124 1861 2586 1928 restituebantur,
2622 1863 2778 1917 surdi
2809 1862 3066 1918 auditum
3111 1863 3466 1934 recipiebant,
3504 1861 3680 1933 leprosi

2126 1951 2562 2006 mundabantur.
2594 1952 2800 2006 Multas
2820 1953 2908 2006 hic
2926 1959 3124 2022 gentes
3140 1952 3425 2007 inclinavit
3449 1953 3513 2006 ad
3540 1952 3680 2006 ﬁdem

2128 2040 2524 2107 Christianam,
2563 2041 2620 2094 id
2659 2047 2760 2106 est,
2817 2043 3178 2108 Sarracenos,
3204 2043 3422 2107 Persas,
3449 2042 3682 2096 Armace-

2125 2145 2226 2184 nos
2252 2128 2329 2201 (9)
2363 2135 2420 2184 et
2451 2131 2654 2185 Laotos
2689 2131 2818 2200 (lO),
2850 2131 3109 2185 similiter
3137 2136 3196 2186 et
3224 2131 3556 2203 Allophylos.
3586 2132 3683 2184 Au-

2125 2218 2452 2290 dientesque
2471 2220 2541 2274 de
2571 2236 2636 2273 eo
2658 2225 2715 2274 et
2741 2220 2811 2275 de
2830 2220 3128 2275 virtutibus
3157 2222 3300 2291 ejus,
3324 2219 3687 2275 conveniebant
3783 2211 3790 2216 ’

2127 2313 2184 2361 et
2220 2308 2534 2363 adorabant
2561 2325 2710 2363 eum.

2197 2398 2328 2452 Cxp.
2351 2398 2677 2452 VI.—Tunc
2697 2397 2918 2454 invidus
2948 2398 3206 2454 diabolus
3233 2398 3686 2454 transformavitse

2127 2485 2184 2540 in
2214 2486 2454 2558 speciem
2483 2487 2690 2558 angeli,
2730 2487 2952 2558 fulgens
2979 2488 3038 2543 in
3075 2489 3375 2560 splendore
3401 2505 3522 2544 cum
3555 2486 3688 2558 equis

2127 2574 2329 2644 igneis.
2359 2575 2427 2630 Et
2450 2592 2648 2630 currus
2678 2575 2876 2646 igneus
2906 2578 3170 2648 apparuit
3192 2579 3358 2648 juxta
3383 2577 3683 2640 columnam,

2127 2662 2224 2717 ubi
2253 2663 2440 2718 stabat
2483 2663 2684 2720 beatus
2731 2665 2960 2722 Simeon
3025 2671 3206 2733 leg
3261 2667 3541 2738 illuxitquc
3581 2681 3688 2719 cum

2129 2753 2346 2822 fulgore
2376 2760 2433 2808 et
2451 2755 2744 2825 splendore
2774 2756 2934 2826 quasi
2959 2756 3142 2827 specie
3170 2756 3371 2828 Angeli
3397 2757 3612 2825 fulgens.
3634 2754 3690 2808 Et

2131 2841 2273 2896 dixit
2311 2842 2566 2897 diabolus
2611 2843 2833 2897 blandis
2879 2844 3270 2898 sermonibus:
3316 2845 3550 2908 Simeon,
3577 2842 3688 2897 audi

2130 2930 2299 2985 verba
2327 2949 2472 2994 mea,
2523 2949 2646 3003 quae
2673 2932 2776 2987 tibi
2809 2933 3081 2988 Dominus
3118 2934 3423 2988 mandavit.
3453 2933 3590 2988 Misit
3614 2949 3687 2985 me

2130 3021 2394 3090 angelum
2423 3037 2588 3076 suum
2619 3038 2743 3076 cum
2765 3039 2932 3076 curru
2963 3022 3126 3093 igneo
3157 3029 3215 3077 et
3248 3023 3404 3094 equis
3439 3022 3618 3093 igneis,
3636 3025 3689 3073 ut

457 3119 636 3173 Deum
665 3135 678 3184 ;
723 3132 915 3171 omnes
959 3114 1110 3169 enim
1150 3111 1335 3184 angeli
1383 3110 1789 3166 contristantur
1828 3108 2111 3180 propterC
2131 3109 2349 3180 rapiam
2374 3114 2448 3176 te,
2480 3112 2760 3182 quomodo
2782 3112 2944 3183 rapui
2971 3112 3147 3166 Eliam
3185 3114 3230 3182 (Ι
3245 3114 3418 3180 VReg.
3441 3120 3518 3176 ιι).
3548 3111 3688 3165 Tem-

454 3205 834 3277 illum.Ipsum
846 3209 1032 3259 autem
1051 3218 1374 3274 praeponere
1389 3199 1560 3254 habet
1578 3199 1797 3254 Deusin
1816 3197 2047 3262 mundo,

451 3295 534 3350 ita
558 3300 624 3350 ut
655 3311 756 3366 per
781 3294 942 3349 illum
969 3292 1149 3346 multa
1173 3291 1335 3361 signa
1363 3291 1520 3357 flant,
1557 3287 1747 3359 qualia
1777 3303 1942 3341 nemo
1970 3285 2052 3340 fe-

451 3383 544 3440 cit.
577 3385 732 3439 Tunc
761 3399 1064 3453 exsurgens
1084 3380 1276 3446 abbas,
1308 3396 1436 3434 cum
1457 3394 1662 3449 magno
1687 3376 1890 3431 timore
1915 3374 2055 3429 dixit

448 3473 718 3528 fratribus
739 3493 752 3527 :
776 3471 1066 3544 Requirite
1081 3470 1220 3524 mihi
1236 3469 1522 3523 hominem
1539 3467 1784 3530 illum,et
1794 3464 2054 3520 adducite

451 3563 513 3618 in
539 3563 689 3616 hunc
717 3563 921 3627 locum,
954 3576 1025 3613 ne
1071 3559 1214 3613 forte
1242 3574 1436 3612 omnes
1480 3556 1797 3610 moriamur
1827 3558 2056 3624 propter

454 3652 634 3706 illum.
667 3651 813 3705 Vere
847 3649 999 3704 enim
1037 3652 1264 3702 sanctus
1305 3645 1407 3700 Dei
1448 3650 1566 3710 est;
1597 3642 1879 3697 mirabilia
1902 3641 2053 3696 enim

457 3757 666 3810 magna
692 3739 805 3792 vidi
825 3743 884 3793 et
909 3736 1097 3791 audivi
1125 3735 1194 3790 de
1243 3735 1359 3789 illo.
1387 3735 1544 3788 Tunc
1569 3748 1765 3787 omnes
1793 3729 2050 3785 monachi

459 3828 716 3882 exierunt
752 3843 884 3880 eum
931 3841 1199 3896 quaerere,
1242 3829 1300 3877 et
1344 3821 1536 3876 omnia
1564 3821 1970 3892 perlustrantes
1994 3825 2050 3873 et

457 3931 572 3970 non
601 3913 966 3978 invenientes,
1002 3911 1469 3965 renuntiaverunt
1506 3907 1693 3963 abbati
1744 3908 1992 3962 dicentes
2031 3925 2043 3961 :

459 4003 689 4060 Nullum
701 4002 885 4056 locum
905 3998 1356 4071 reliquimus,ubi
1369 4015 1497 4053 eum
1509 4015 1621 4052 non
1636 3997 2046 4068 quaesissemus,

458 4091 569 4149 nisi
613 4097 835 4147 tantum
877 4091 936 4144 in
967 4090 1188 4144 deserto
1231 4094 1422 4160 puteo.
1473 4086 1784 4158 Respondit
1830 4085 2048 4140 abbas:

459 4183 616 4253 Rogo
633 4197 750 4247 vos,
769 4180 992 4245 fratres,
1015 4178 1093 4233 ite
1121 4178 1193 4232 ad
1218 4176 1659 4249 perquirendum
1688 4192 1839 4243 eum,
1868 4175 1966 4230 sed
1997 4180 2054 4229 et

459 4288 563 4342 ego
606 4270 807 4324 vadam
849 4267 1152 4324 vobiscum.
1194 4267 1340 4322 Vere
1375 4271 1604 4321 sanctus
1647 4271 1706 4320 et
1735 4281 1927 4319 servus
1955 4263 2058 4318 Dei

2133 3215 2239 3268 pus
2264 3204 2426 3254 tuum
2449 3201 2572 3270 jam
2603 3206 2706 3254 est.
2732 3201 2799 3255 Et
2817 3207 2881 3256 tu
2910 3201 3171 3255 similiter
3200 3201 3438 3256 ascende
3464 3202 3574 3271 jam
3599 3215 3690 3252 me-

2134 3303 2262 3342 cum
2283 3289 2341 3342 in
2363 3305 2610 3349 currum.
2644 3289 2778 3360 quia
2803 3291 3076 3344 Dominus
3096 3291 3220 3344 coeli
3252 3298 3310 3346 et
3338 3299 3498 3345 terra:
3533 3297 3693 3343 trans-

2135 3377 2292 3431 misit
2309 3378 2864 3434 hunc.Ascendamus
2891 3380 3102 3451 pariter
3128 3380 3186 3434 in
3215 3381 3402 3444 caelos,
3424 3386 3488 3434 ut
3503 3379 3693 3432 videant

2135 3473 2192 3520 te
2213 3467 2399 3537 angeli
2429 3473 2486 3521 et
2520 3468 2842 3538 archangeli
2886 3485 3010 3523 cum
3042 3469 3220 3524 Maria
3265 3476 3443 3525 matre
3479 3465 3688 3530 Domini,

2136 3572 2264 3610 cum
2290 3557 2558 3626 apostolis
2597 3563 2654 3610 et
2673 3557 3034 3630 martyribus,
3068 3559 3476 3614 confessoribus
3515 3563 3567 3610 et
3591 3571 3694 3626 pro-

2138 3644 2340 3715 phetis,
2376 3645 2508 3716 quia
2538 3646 2785 3716 gaudent
2816 3646 3001 3702 videre
3039 3653 3115 3714 te,
3148 3654 3213 3703 ut
3260 3665 3385 3703 ores
3426 3645 3694 3702 Dominum

2138 3734 2234 3804 qui
2255 3739 2310 3788 te
2343 3733 2474 3788 fecit
2491 3734 2562 3788 ad
2596 3735 2900 3806 imaginem
2929 3753 3112 3791 suam.
3147 3737 3335 3792 Etiam
3365 3738 3571 3792 locutus
3589 3748 3696 3788 sum

2129 3821 2252 3888 tibi,
2279 3839 2349 3876 ne
2366 3823 2556 3878 tardes
2583 3825 2903 3880 ascendere.
2929 3827 3156 3881 Simeon
3176 3828 3456 3898 completa
3476 3823 3694 3880 oratione

2130 3910 2272 3965 dixit
2302 3928 2316 3966 :
2349 3912 2603 3979 Domine,
2652 3914 2734 3968 vis
2781 3931 2978 3986 rapere
3010 3933 3100 3969 me
3139 3924 3486 3986 peccatorem
3521 3915 3574 3968 in
3610 3927 3696 3966 cae-

2133 3999 2251 4054 lum
2270 4001 2295 4052 ?
2323 4001 2394 4055 Et
2420 4001 2641 4056 elevans
2683 4003 2975 4058 dexterum
3003 4005 3200 4076 pedem
3234 4013 3302 4060 ut
3323 4005 3629 4059 ascenderet
3648 3999 3696 4054 in

2133 4105 2383 4157 currum,
2406 4090 2612 4145 levavit
2640 4092 2926 4147 dexteram
2954 4110 3206 4160 manum,
3241 4101 3301 4149 et
3331 4095 3459 4149 fecit
3479 4093 3697 4163 signacu-

2134 4177 2252 4232 lum
2275 4179 2506 4234 Christi.
2544 4181 2686 4235 Cum
2719 4181 2944 4251 signum
2973 4182 3152 4238 crucis
3191 4184 3432 4250 fecisset,
3464 4179 3696 4237 continuo

2139 4266 2394 4322 diabolus
2431 4285 2711 4340 nusquam
2741 4271 3072 4342 comparuit,
3106 4289 3234 4327 cum
3266 4276 3585 4345 argumento
3614 4283 3697 4322 suo

459 4365 564 4416 est.
580 4360 651 4415 Et
669 4375 898 4414 sumens
919 4374 1112 4412 secum
1141 4356 1388 4428 quinque
1417 4373 1484 4410 ex
1513 4355 1645 4420 illis,
1678 4353 1831 4409 venit.
1859 4353 1928 4407 ad
1951 4370 2115 4430 pu-_‘
2141 4357 2369 4412 evanuit
2395 4358 2540 4413 sicut
2568 4359 2748 4430 pulvis
2772 4365 2903 4414 ante
2924 4361 3122 4416 faciem
3151 4363 3490 4418 venti.Tunc
3516 4357 3699 4414 intelle-

457 4455 634 4505 teum.
655 4449 726 4504 Et
753 4447 961 4502 faciens
979 4419 1618 4510 orationem,descendit
1634 4419 1764 4498 cum
1793 4419 2124 4496 fratri—busD
2137 4444 2218 4498 xit
2236 4445 2464 4501 Simeon
2492 4419 2672 4502 artem
2699 4465 2821 4503 esse
2848 4449 3074 4516 diaboli,

459 4539 520 4594 in
543 4543 794 4611 puteum.
825 4536 1149 4606 Vidensque
1176 4533 1338 4588 illum
1365 4532 1563 4587 beatus
1615 4531 1862 4598 Simeon,
1895 4529 2064 4602 ccepit

2206 4533 2462 4590 CAP.VII.
2476 4536 2818 4592 -—Reversus
2830 4555 2964 4608 ergo
2977 4539 3037 4593 in
3052 4556 3130 4607 se,
3149 4539 3290 4596 dixit
3309 4541 3436 4613 pedi
3455 4556 3550 4594 suo
3572 4557 3582 4592 :
3597 4536 3699 4591 Non

459 4643 680 4698 rogare,
713 4626 938 4680 dicens:
989 4624 1147 4693 Rogo
1174 4638 1290 4688 vos,
1323 4621 1468 4676 servi
1508 4621 1630 4688 Dei,
1681 4619 1947 4674 dimittite
1972 4635 2063 4673 me
2121 4623 2434 4678 reverteris
2477 4631 2789 4698 retrorsum
2820 4627 2971 4696 hinc,
3003 4629 3102 4683 sed
3133 4629 3310 4684 stabis
3341 4630 3433 4684 hic
3461 4643 3623 4699 usque
3643 4623 3700 4678 ad

460 4731 576 4769 una
595 4715 753 4780 hora,
785 4719 849 4768 ut
868 4712 1102 4768 reddam
1131 4710 1392 4782 spiritum
1440 4724 1658 4780 meum;
1691 4709 1875 4762 adhuc
1911 4707 2063 4762 enim
2144 4710 2359 4766 obitum
2389 4729 2598 4781 meum,
2637 4715 2812 4770 donec
2837 4717 3106 4772 accersiat
3127 4719 3404 4774 Dominus
3427 4735 3512 4772 me
3541 4730 3702 4788 pecca-

461 4803 764 4870 modicum,
784 4803 1048 4857 deﬁciens
1076 4805 1180 4855 est.
1196 4798 1372 4853 Valde
1387 4803 1576 4852 autem
1587 4797 1856 4867 fatigatur
1873 4797 2065 4850 anima
2145 4806 2351 4856 torem.
2390 4803 2614 4858 Interea
2649 4804 2903 4860 diabolus
2931 4805 2987 4860 in
3012 4807 3216 4878 frigore
3246 4806 3506 4880 apposuit
3531 4805 3703 4860 vulnus

462 4891 881 4962 mea,quoniam
909 4889 1229 4962 exasperavi
1266 4887 1592 4944 Dominum.
1609 4886 1868 4956 Dixitque
1897 4885 1969 4940 ad
1997 4885 2062 4939 il-
2145 4905 2314 4960 super
2342 4889 2524 4946 femur
2552 4894 2694 4964 ejus,
2722 4901 2779 4948 et
2807 4894 3179 4966 putrefactum
3208 4904 3297 4952 est
3333 4897 3415 4952 ita
3447 4903 3510 4952 ut
3537 4891 3702 4949 multi-

465 4980 582 5034 lum
621 4977 830 5032 abbas:
887 4980 1048 5045 Veni,
1085 4995 1241 5033 serve
1265 4977 1386 5044 Dei,
1420 4981 1486 5032 ut
1511 4976 1854 5031 deducamus
1895 4980 1954 5030 te
2000 4974 2060 5028 in
2141 4979 2278 5033 tudo
2300 4981 2576 5035 vermium
2605 4989 2919 5038 scatescens
2937 4985 3007 5040 de
3037 5003 3120 5052 eo,
3154 4987 3517 5042 descenderet
3529 4983 3592 5039 de
3607 4996 3704 5036 cor-

466 5066 890 5133 monasterium;
913 5067 1143 5138 cognovi
1164 5067 1314 5122 enim
1335 5067 1404 5120 de
1425 5071 1482 5120 te
1497 5065 1628 5138 quia
1648 5081 1840 5119 servus
1855 5063 1955 5118 Dei
1978 5079 2056 5118 es.
2140 5084 2276 5137 pore
2295 5069 2344 5138 ej
2354 5085 2437 5136 us,
2469 5069 2912 5144 decurrebatque
2941 5074 3009 5128 de
3039 5073 3272 5146 pedibus
3303 5077 3427 5146 ejus
3449 5074 3506 5128 in
3526 5071 3704 5128 colum-

467 5155 571 5214 Illo
598 5172 730 5210 vero
750 5156 994 5235 nolente,
1014 5155 1302 5211 adducunt
1313 5154 1512 5210 eumvi
1531 5155 1603 5209 ad
1628 5153 2054 5218 monasterium,
2142 5172 2292 5222 nam,
2325 5163 2382 5212 et
2408 5158 2477 5212 de
2505 5160 2767 5216 columna
2792 5161 2850 5216 in
2874 5164 3280 5218 terram.Anno
3296 5171 3487 5218 autem
3514 5162 3703 5230 integro

469 5251 528 5302 et
550 5261 747 5300 omnes
761 5250 1127 5316 prosternunt
1145 5261 1203 5297 se
1224 5245 1291 5298 ad
1314 5244 1484 5315 pedes
1514 5245 1655 5314 ejus,
1671 5245 1870 5298 ﬂentes
1891 5248 1947 5296 et
1975 5241 2062 5296 di-
2142 5245 2300 5299 stetit
2317 5245 2376 5300 in
2388 5247 2650 5304 columna
2667 5265 2835 5322 super
2848 5266 3024 5306 unum
3051 5253 3269 5322 pedem.
3286 5251 3521 5317 Quidam
3541 5255 3704 5304 autem

469 5339 688 5392 centes:
715 5333 1071 5390 Peccavimus
1089 5331 1150 5386 in
1175 5333 1463 5399 te,famule
1493 5333 1614 5400 Dei,
1629 5331 1858 5402 indulge
1879 5329 2060 5386 nobis.
2138 5333 2361 5404 juvenis
2385 5337 2564 5392 astitit
2594 5338 2666 5404 ei,
2690 5338 2966 5395 Antonius
2993 5341 3238 5409 nomine,
3255 5342 3353 5412 qui
3366 5341 3500 5396 vidit
3515 5343 3570 5394 et
3593 5333 3705 5390 scri-

469 5425 677 5481 Beatus
697 5428 888 5478 autem
909 5421 1135 5476 Simeon
1147 5420 1624 5491 gemebat,dicens
1644 5422 1855 5486 :Quare
1868 5436 2064 5490 grava-
2145 5422 2260 5493 psit
2285 5421 2418 5479 haec.
2449 5421 2623 5482 Juxta
2648 5435 2990 5501 praeceptum
3009 5429 3160 5485 illius
3179 5429 3477 5502 colligebat
3495 5440 3702 5489 vermes,

471 5513 545 5572 tis
573 5512 852 5568 infelicem
881 5517 940 5566 et
971 5510 1366 5582 peccatorem?
1394 5509 1506 5564 Vos
1533 5515 1723 5564 autem
1753 5507 1888 5564 estis
1917 5508 2065 5564 servi
2147 5511 2244 5582 qui
2265 5511 2539 5570 cadebant
2566 5515 2638 5570 ad
2678 5517 3355 5591 terram,porrigebatque
3381 5518 3461 5573 illi
3487 5527 3708 5572 sursum.

471 5603 576 5661 Dei
601 5607 658 5660 et
675 5603 894 5660 Patres.
928 5599 1098 5683 Stetit
1122 5603 1314 5656 autem
1334 5598 1415 5654 ibi
1444 5599 1602 5669 quasi
1623 5615 1834 5656 annum
1863 5614 2061 5654 unum.
2147 5601 2222 5656 At
2244 5600 2340 5657 ille
2362 5602 2606 5674 ponebat
2637 5622 2733 5663 eos
2763 5606 2870 5664 sibi
2897 5607 2957 5663 in
2984 5608 3110 5680 ipso
3136 5607 3460 5677 vulnere,ad
3480 5603 3708 5662 similitu-
