3942 6200
242 268 347 326 329

1263 259 1433 314 VITA
1471 254 1729 312 SANC’I‘I
1768 223 2111 313 SIMEONIS
2150 230 2485 313 suum.

3408 258 3513 317 330

244 392 431 445 dinem
455 390 596 461 justi
617 387 740 455 .Iob,
765 387 985 442 dicens:
1016 384 1349 440 Manducate
1378 382 1527 454 quod
1557 380 1706 435 vobis
1728 380 2058 447 Do-Arum,
2074 387 2130 436 et
2145 382 2677 454 animasimpiorum
2692 383 2968 456 mergisin
2992 384 3387 457 perditionem,
3413 387 3515 459 qui

245 481 433 535 minus
463 480 638 532 dedit.

316 569 445 623 Car.
482 569 630 623 VIII.
664 598 727 608 —
756 567 1007 622 Audiens
1037 570 1225 619 autem
1253 561 1523 617 Basilicus
1552 576 1649 614 rex
1678 559 1841 613 Sara-

243 676 512 714 cenorum
546 656 651 726 (ll)
674 658 879 711 famam
903 656 1044 726 ejus,
1073 653 1224 708 venit
1242 652 1312 706 ad
1341 667 1490 705 eum.
1518 649 1726 702 Videns
1746 664 1841 700 au-

246 754 358 801 tem
383 749 541 801 illum
563 752 805 801 stantem
826 762 1050 799 sursum
1067 748 1123 797 et
1143 748 1417 806 orantem,
1441 737 1625 793 subito
1646 735 1844 790 cecidit

245 836 451 890 vermis
480 836 550 900 de
579 851 809 905 corpore
835 835 975 905 ejus.
994 836 1069 887 At
1095 832 1187 886 ille
1215 846 1446 885 currens
1475 825 1845 898 apprehendit

249 941 375 978 eum
409 924 466 978 in
493 925 623 991 ﬁde,
646 928 703 976 et
720 923 908 994 posuit
926 939 1097 993 super
1115 920 1303 975 oculos
1331 935 1461 973 suos
1501 915 1630 984 (1‘2).
1664 914 1735 969 Et
1761 913 1843 967 vi-

249 1014 388 1067 dens
418 1013 663 1078 Simeon,
696 1012 806 1066 ait:
840 1012 1026 1075 Quare
1056 1010 1159 1064 hoc
1188 1007 1383 1073 fecisti,
1408 1006 1492 1060 vir
1510 1001 1762 1070 illustris,
1789 1006 1845 1056 et

252 1119 339 1155 me
367 1102 654 1173 gravasti;
687 1100 893 1155 vermis
919 1106 1003 1154 est
1031 1098 1178 1153 enim
1209 1099 1277 1152 de
1323 1111 1553 1167 corpore
1582 1109 1707 1147 meo
1738 1108 1843 1163 pu-

250 1191 421 1245 trido.
447 1191 516 1244 Et
544 1191 816 1254 cumhtec
857 1188 1106 1243 audisset
1134 1204 1229 1240 rex
1265 1184 1554 1248 Basilicus,
1591 1180 1847 1253 aperiens

252 1295 485 1333 manum
516 1296 694 1343 suam,
728 1278 940 1333 invenit
969 1275 1331 1346 margaritam
1364 1270 1843 1344 pretiosissimam.

252 1370 323 1423 Et
363 1369 506 1423 dixit
551 1368 618 1422 ad
662 1368 891 1422 beatum
932 1366 1282 1421 Simeonem:
1336 1363 1462 1417 Non
1509 1366 1595 1415 est
1642 1357 1848 1412 vermis

252 1457 533 1530 putridus,
592 1456 687 1511 scd
737 1455 1045 1526 margarita
1098 1450 1537 1525 pretiosissima;
1600 1447 1689 1502 cui
1754 1448 1847 1501 ille

254 1547 593 1617 respondit:
666 1545 864 1610 Homo,
920 1542 1227 1597 secundum
1283 1541 1451 1595 ﬁdem
1508 1545 1665 1594 tuam
1716 1535 1849 1590 data

255 1641 338 1689 est
367 1634 489 1699 tibi,
512 1639 568 1687 et
595 1632 945 1687 benedicitur
963 1631 1018 1685 in
1036 1629 1293 1685 manibus
1319 1629 1433 1683 tuis
1459 1625 1718 1682 omnibus
1735 1624 1848 1678 die-

1921 471 2060 525 duos
2073 472 2261 526 leones
2272 471 2666 539 humiliasti,et
2676 474 3239 531 fortiaChaldaeorum
3256 477 3514 532 incendia

1922 559 2193 630 mitigasti
2212 561 2385 616 servis
2414 561 2528 616 tuis
2550 564 2711 630 (Dan.
2740 567 2835 631 v1),
2853 565 2948 636 qui
2970 564 3148 621 Eliam
3171 566 3347 622 corvis
3358 565 3513 622 defe-

1923 648 2176 704 rentibus
2186 667 2369 704 escam
2382 650 2580 722 pavisti
2605 653 2715 721 (III
2721 654 2841 722 Reg.
2863 659 3015 725 xvu),
3030 656 3249 728 suscipe
3264 656 3515 711 animam

1926 738 2044 807 ejus
2065 738 2121 792 in
2139 756 2293 810 pace,
2321 745 2377 794 et
2395 740 2601 795 colloca
2622 757 2746 795 eam
2767 742 2822 796 in
2841 743 3025 797 locum
3051 750 3275 815 patrum
3291 749 3514 800 sancto-

1925 841 2070 892 rum,
2096 828 2228 898 quia
2255 827 2356 882 tibi
2386 834 2472 884 est
2497 834 2744 901 potestas
2770 830 2827 885 in
2858 833 3062 887 saecula
3089 835 3441 889 saeculorum.

1998 916 2127 971 CAP.
2158 918 2226 971 Χ.
2260 947 2321 958 --
2350 918 2485 973 Post
2511 919 2613 974 hos
2638 936 2769 974 vero
2798 920 2917 980 dies
2948 938 3172 977 rursum
3193 923 3446 979 fecerunt
3464 922 3518 978 ei

1926 1005 2245 1061 columnam
2257 1006 2554 1062 habentem
2580 1008 2796 1063 cubitos
2826 1009 3218 1082 quadraginta,
3242 1017 3298 1067 et
3337 1018 3378 1079 ι
3396 1016 3518 1077 αθ

1926 1095 2083 1149 stetit
2110 1112 2279 1168 super
2306 1097 2490 1168 ipsam
2516 1114 2692 1152 annos
2720 1098 2965 1153 sedecim
2992 1116 3170 1171 usque
3200 1100 3270 1155 ad
3302 1099 3519 1154 obitum

1929 1200 2112 1238 suum.
2132 1186 2192 1240 In
2208 1202 2316 1257 quo
2336 1191 2590 1257 tempore
2615 1187 2781 1242 draco
2805 1188 3037 1259 grandis
3048 1188 3217 1243 nimis
3229 1187 3522 1243 habitabat

1923 1274 2085 1343 juxta
2116 1291 2244 1328 eum
2270 1274 2329 1328 in
2358 1274 2612 1347 partibus
2638 1277 2951 1348 Aquilonis,
2979 1278 3145 1333 ’unde
3189 1294 3293 1332 nec
3347 1276 3523 1333 herba

1931 1361 2139 1417 ibidem
2167 1363 2517 1433 nascebatur,
2551 1365 2642 1420 cui
2689 1366 2860 1421 etiam
2902 1366 3134 1421 intravit
3186 1366 3406 1438 lignum
3462 1365 3523 1421 in

1930 1451 2089 1505 oculo
2119 1451 2366 1508 dextero.
2402 1453 2470 1507 Et
2498 1470 2622 1509 ecce
2651 1454 2893 1525 quadam
2921 1455 3013 1510 die
3056 1454 3318 1510 veniebat
3345 1470 3521 1511 caecus

1930 1539 2024 1593 ille
2052 1540 2239 1605 draco,
2266 1552 2322 1596 et
2343 1542 2571 1596 trahens
2587 1559 2646 1597 se
2667 1542 2937 1614 applicuit
2955 1543 3026 1597 ad
3048 1543 3435 1599 habitaculum
3464 1543 3524 1597 in

1900 1704 1905 1713 ι
1931 1643 2041 1699 quo
2071 1628 2156 1682 vir
2182 1629 2282 1683 Dei
2314 1629 2656 1697 morabatur,
2685 1635 2839 1686 totus
2879 1632 2938 1686 in
2965 1649 3168 1705 gyrum
3198 1649 3258 1687 se
3287 1631 3525 1703 compli-

255 1722 356 1776 bus
374 1722 502 1776 vitae
528 1728 657 1777 tuae.
700 1722 769 1776 Et
796 1721 876 1776 ita
903 1720 1189 1791 ingressus
1220 1724 1304 1774 est
1332 1718 1499 1772 homo
1527 1716 1623 1771 ille
1651 1715 1848 1787 plenus
1867 1710 2079 1779 Bcans,
2112 1718 2272 1789 quasi
2294 1718 2514 1773 veniam
2536 1737 2788 1791 poscens,
2808 1720 3212 1793 humiliatoque
3241 1721 3422 1792 capite
3432 1723 3526 1792 ja-

256 1812 383 1866 fide.

324 1901 462 1955 CAP.
493 1900 589 1954 IX.
614 1930 679 1939 —
711 1900 842 1954 Post
870 1900 1112 1953 multum
1136 1914 1265 1951 vero
1296 1895 1586 1968 temporis,
1616 1892 1849 1948 audiens

260 1987 572 2055 mater(l3)
606 1989 728 2057 ejus
756 1987 961 2042 famam
1003 1987 1073 2041 de
1120 2003 1205 2053 eo,
1246 1985 1400 2039 venit
1443 1984 1630 2038 videre
1676 1997 1846 2049 eum;

257 2079 351 2133 sed
396 2076 680 2149 prohibita
728 2081 814 2130 est
858 2076 1047 2130 videre
1092 2091 1241 2139 eum,
1287 2072 1418 2143 quia
1456 2072 1641 2126 locum
1690 2070 1850 2124 illum

257 2168 463 2222 mulier
488 2182 601 2220 non
633 2164 1051 2237 ingrediebatur
1077 2162 1197 2228 illi).
1223 2164 1365 2217 Cum
1385 2167 1573 2215 autem
1605 2159 1855 2214 audisset

258 2256 456 2311 beatus
485 2246 718 2311 Simeon
746 2271 933 2309 vocem
954 2253 1150 2307 matris
1171 2269 1303 2316 suae,
1336 2249 1537 2304 dixitei
1567 2268 1578 2303 :
1605 2248 1849 2315 Sustine,

258 2352 462 2411 mater,
523 2344 802 2399 modicum
860 2349 1101 2413 tempus,
1152 2347 1209 2395 et
1263 2340 1431 2394 simul
1487 2355 1590 2392 nos
1642 2337 1854 2393 videbi-

260 2452 403 2498 mus,
440 2434 488 2488 si
519 2435 668 2489 Deus
692 2432 948 2488 voluerit.
985 2433 1061 2485 At
1104 2431 1203 2483 illa
1248 2430 1366 2483 haec
1415 2426 1666 2493 audiens,
1720 2428 1854 2479 flere

256 2524 446 2595 coapit,
472 2529 532 2577 et
551 2538 753 2592 rogare
780 2528 844 2576 ut
872 2537 998 2575 eum
1032 2519 1260 2580 videret,
1287 2523 1344 2571 et
1372 2515 1569 2571 solutis
1589 2514 1851 2580 crinibus,

257 2611 590 2682 increpabat
619 2627 768 2674 eum,
813 2609 1032 2663 dicens:
1083 2606 1208 2671 Fili,
1260 2621 1435 2676 quare
1482 2605 1588 2658 hoc
1634 2601 1856 2656 fecisti?

259 2718 358 2771 pro
381 2707 552 2753 utero
581 2714 691 2769 quo
718 2704 776 2751 te
805 2697 1038 2768 portavi,
1061 2695 1279 2749 satiasti
1309 2710 1399 2747 me
1418 2694 1598 2747 luctu:
1623 2706 1723 2763 pro
1773 2691 1857 2743 la-

258 2788 507 2843 ctatione
541 2803 652 2857 qua
668 2792 726 2840 te
755 2784 970 2850 lactavi,
1005 2784 1206 2838 dedisti
1239 2783 1377 2836 mihi
1407 2782 1714 2852 lacrymas;
1756 2794 1857 2849 pro

1929 1807 2107 1862 cebat.
2136 1807 2314 1872 Quem
2353 1808 2519 1864 beato
2559 1804 2819 1865 Simeone
2838 1810 3114 1877 intuente,
3146 1809 3337 1865 statim
3359 1809 3529 1864 exivit

1931 1896 2000 1951 de
2017 1896 2175 1952 oculo
2190 1897 2537 1969 ejuslignum
2552 1898 2765 1953 habens
2780 1897 3033 1955 cubitum
3042 1915 3242 1955 unum.
3256 1898 3526 1953 Videntes

1932 1991 2122 2040 autem
2142 2003 2356 2054 omnes,
2373 1986 2828 2057 gloriﬁcaverunt
2844 1987 3043 2054 Deum,
3065 1992 3257 2042 tamen
3272 1985 3342 2041 ab
3363 2002 3429 2041 eo
3446 1986 3531 2042 fu-

1931 2080 2134 2145 gerunt
2154 2081 2383 2147 prOpter
2402 2081 2635 2131 metum.
2661 2075 2769 2131 Sed
2788 2075 2967 2131 bestia
2992 2076 3116 2147 ipsa
3129 2075 3358 2130 involvit
3372 2091 3457 2141 se,
3472 2078 3532 2129 et

1936 2164 2143 2219 mansit
2154 2165 2211 2219 in
2224 2181 2336 2220 uno
2351 2166 2472 2219 loco
2485 2164 2807 2229 immobilis,
2825 2163 3073 2235 quandiu
3088 2165 3270 2220 omnis
3290 2163 3530 2236 populus

1936 2252 2321 2325 pertransiret.
2337 2253 2550 2307 Deinde
2566 2269 2821 2324 surgens,
2836 2253 3087 2308 adoravit
3106 2253 3310 2308 ostium
3330 2267 3532 2307 mona-

1936 2341 2094 2395 sterii
2120 2340 2236 2395 fere
2256 2357 2356 2411 per
2375 2341 2516 2395 duas
2534 2341 2720 2409 horas,
2752 2346 2811 2398 et
2828 2341 2909 2397 sic
2926 2358 3152 2398 reversa
3172 2346 3258 2398 est
3277 2339 3533 2397 incubile

1937 2445 2122 2493 suum,
2155 2434 2213 2482 et
2239 2428 2523 2483 neminem
2555 2429 2715 2485 laesit.

2009 2517 2137 2571 CAP.
2162 2518 2258 2572 XI.
2290 2549 2355 2559 —
2378 2518 2575 2573 Mulier
2594 2517 2851 2589 quaedam
2871 2517 3068 2574 sitiens
3083 2524 3264 2586 nocte,
3285 2519 3442 2575 venit
3459 2516 3532 2574 ad

1936 2605 2195 2676 hydriam
2211 2623 2417 2678 aquam
2436 2605 2644 2671 bibere,
2658 2607 2718 2661 in
2738 2623 2851 2678 qua
2862 2614 2982 2663 erat
2996 2607 3259 2679 parvulus
3278 2621 3531 2680 serpens;

1940 2699 1997 2747 et
2022 2693 2237 2761 bibens,
2269 2694 2566 2765 deglutivit
2592 2695 2770 2761 illum,
2804 2701 2862 2751 et
2884 2697 3058 2752 crevit
3084 2697 3141 2751 in
3170 2701 3333 2752 utero
3376 2697 3527 2767 ejus.

1941 2782 2048 2837 Sed
2069 2782 2231 2836 multi
2253 2782 2472 2848 medici,
2505 2788 2562 2838 et
2581 2783 2976 2849 incantatores,
2997 2791 3054 2839 et
3071 2785 3245 2856 magi,
3270 2783 3540 2840 adhiben-

259 2877 452 2932 osculo
474 2891 587 2948 quo
616 2881 672 2929 te
692 2874 941 2928 osculata
956 2871 1324 2937 sum,dedisti
1344 2870 1484 2924 mihi
1502 2880 1722 2923 amaras
1743 2882 1861 2921 cor-
1938 2876 2024 2924 tes
2053 2870 2320 2937 studium,
2356 2870 2496 2925 nihil
2526 2872 2900 2943 profecerunt.
2947 2870 3082 2928 Post
3126 2873 3353 2945 aliquod
3404 2864 3541 2929 vero

260 2966 347 3019 dis
361 2964 660 3035 angustias
682 2981 695 3029 ;
719 2978 818 3033 pro
841 2961 1032 3015 dolore
1052 2964 1110 3013 et
1126 2959 1319 3013 labore
1338 2973 1505 3029 quem
1523 2971 1689 3027 passa
1709 2970 1853 3019 sum,
1883 3010 1918 3035 Δ
1940 2964 2161 3029 tempus
2173 2958 2469 3013 adducitur
2480 2959 2550 3014 ad
2562 2965 2816 3016 sanctum
2835 2960 3172 3016 Simeonem:
3188 2966 3249 3017 at
3263 2962 3357 3017 ille
3367 2962 3539 3033 jussit

260 3052 585 3125 imposuisti
610 3051 748 3104 mihi
768 3049 1102 3104 saevissimas
1115 3038 1332 3120 plagas.
1354 3047 1525 3101 Ettan
1534 3050 1652 3098 tum
1671 3044 1861 3097 locuta
1876 3038 2066 3100 U’eam
2087 3046 2218 3118 poni
2242 3046 2301 3101 in
2320 3051 2550 3113 terram,
2571 3052 2635 3102 et
2651 3048 2720 3103 de
2741 3065 2890 3120 aqua
2907 3049 3234 3105 monasterii
3254 3050 3314 3105 in
3335 3066 3396 3105 os
3412 3052 3538 3122 ejus

261 3149 364 3205 est,
398 3146 467 3195 ut
494 3156 598 3194 nos
623 3155 818 3193 omnes
837 3138 1046 3192 faceret
1073 3138 1228 3191 ﬂere.
1264 3135 1513 3190 Audiens
1534 3133 1733 3187 beatus
1773 3130 1860 3186 Si-
1944 3134 2280 3189 mitti.Tunc
2293 3135 2866 3202 exclamavitfortiter,
2882 3138 3141 3193 etstatim
3161 3138 3331 3194 exivit
3348 3138 3420 3194 de
3440 3154 3538 3194 ore

263 3246 434 3285 meon
460 3245 655 3283 vocem
684 3226 969 3300 genitricis
997 3244 1131 3292 suae,
1174 3223 1369 3296 posuit
1387 3223 1585 3277 faciem
1614 3235 1774 3275 suam
1803 3218 1862 3272 in
1944 3223 2067 3292 ejus
2085 3239 2335 3294 serpens,
2365 3224 2527 3295 cujus
2545 3224 2838 3295 longitudo
2859 3232 2981 3281 erat
3000 3226 3316 3282 cubitorum
3337 3226 3535 3285 trium.

264 3335 470 3373 manus
495 3334 648 3382 suas,
676 3323 733 3371 et
770 3316 1008 3387 ploravit
1052 3328 1262 3379 amare,
1312 3310 1708 3380 mandavitque
1757 3308 1859 3374 illi,
1946 3311 2151 3365 Eadem
2174 3311 2314 3367 hora
2332 3312 2547 3384 crepuit
2560 3328 2809 3385 serpens,
2841 3314 2939 3386 qui
2963 3313 3217 3371 etiamad
3231 3315 3541 3371 multorum

265 3408 497 3462 dicens:
543 3405 781 3460 Domina
810 3408 1008 3468 mater,
1043 3402 1267 3474 quiesce
1300 3400 1582 3455 modicum
1620 3403 1861 3468 tempus,
1944 3399 2332 3456 testimonium
2382 3418 2686 3474 suspensus
2726 3408 2812 3459 est
2846 3402 2924 3459 ibi
2964 3410 3182 3477 septem
3218 3404 3434 3462 diebus.
3467 3404 3541 3461 Et

266 3503 322 3552 et
348 3494 671 3550 videbimus
707 3509 809 3547 nos
855 3492 914 3546 in
942 3496 1151 3546 aeterna
1193 3489 1402 3561 requie.
1448 3489 1523 3542 At
1570 3487 1679 3541 illa
1699 3486 1869 3556 coepit
1944 3504 2082 3544 sana
2110 3488 2259 3545 facta
2280 3494 2367 3546 est
2387 3491 2590 3547 mulier
2617 3508 2684 3547 ex
2718 3492 2817 3547 illa
2842 3493 2999 3548 hora.

266 3585 457 3639 dicere
480 3602 495 3637 :
520 3582 628 3637 Per
647 3582 932 3636 Christum
962 3580 1059 3651 qui
1077 3585 1135 3634 te
1166 3576 1474 3650 plasmavit,
1508 3576 1555 3630 si
1581 3581 1669 3630 est
1693 3574 1866 3646 possi-
2018 3579 2149 3634 CAP.
2173 3579 2296 3635 XII.
2318 3606 2377 3620 --
2398 3578 2650 3636 Virtutes
2663 3580 2786 3651 ejus
2805 3582 3064 3653 quamvis
3081 3582 3322 3655 alicujus
3340 3568 3543 3638 facun-

266 3673 460 3728 bilitas
495 3669 724 3725 videndi
752 3675 829 3735 te,
861 3669 920 3723 in
946 3673 1105 3723 tanto
1132 3674 1385 3738 tempore
1414 3665 1661 3719 alienum
1691 3678 1735 3718 a'
1753 3677 1863 3729 me,
1947 3667 2042 3722 dia
2067 3684 2399 3723 enumerare
2425 3668 2514 3723 vix
2537 3668 2739 3736 valeat,
2778 3674 2969 3725 tamen
2998 3675 3166 3743 prout
3210 3676 3344 3727 sunt
3370 3672 3538 3740 vires,

264 3761 540 3835 permitte
569 3770 661 3813 me
690 3758 878 3813 videre
904 3762 981 3823 te,
1002 3762 1101 3812 aut
1127 3757 1175 3811 si
1200 3771 1333 3819 ῐιοης
1376 3754 1465 3809 vel
1490 3764 1681 3807 vocem
1708 3756 1865 3806 tuam
1947 3756 2176 3812 omnino
2201 3756 2424 3812 silentio
2454 3773 2548 3812 eas
2569 3758 2685 3828 tegi
2712 3758 2943 3813 minime
2971 3758 3173 3831 patiar.
3204 3760 3435 3816 Factum
3462 3763 3551 3818 est

266 3850 521 3913 audiam,
558 3853 615 3902 et
642 3847 830 3901 statim
852 3846 1077 3910 moriar,
1093 3845 1228 3916 quia
1244 3850 1406 3915 pater
1424 3842 1624 3897 tuusin
1637 3838 1869 3895 tristitia
1948 3848 2138 3900 autem
2155 3851 2222 3901 ut
2245 3862 2393 3917 aqua
2420 3846 2481 3901 in
2506 3847 2628 3901 loco
2656 3862 2770 3902 non
2793 3847 3158 3914 inveniretur,
3189 3855 3247 3905 et
3266 3855 3422 3906 totus
3449 3837 3553 3923 po?

268 3942 840 4010 proptertemortuus
852 3940 955 3990 est.
974 3936 1041 3990 Et
1054 3950 1200 3989 nunc
1213 3950 1283 3987 ne
1297 3933 1356 3987 in
1372 3932 1591 4003 meipsa
1603 3929 1869 3985 amaritu-
1949 3933 2116 4004 pulus
2144 3933 2580 4006 periclitabatur,
2623 3940 2681 3990 et
2709 3936 2901 3991 omnia
2930 3936 3196 3993 animalia
3239 3954 3355 4010 pne
3383 3950 3546 4011 aqum

267 4027 401 4081 dine
429 4025 657 4097 perdas,
681 4025 778 4079 ﬁli.
803 4023 1281 4094 Haecdicens.prae
1310 4019 1543 4076 tristitia
1563 4026 1625 4074 et
1639 4019 1889 4090 planctu:
1949 4021 2202 4093 penuria.
2233 4022 2457 4078 Videns
2477 4039 2608 4078 vero
2632 4030 2859 4079 sanctus
2885 4024 3110 4081 Simeon
3147 4027 3547 4084 contritionem

268 4116 329 4169 in
359 4130 632 4169 somnum
661 4129 927 4168 conversa
965 4117 1051 4167 est
1077 4130 1088 4166 :
1122 4110 1367 4165 habebat
1394 4114 1729 4166 autem'tres
1748 4108 1868 4161 dies
1951 4111 3216 4177 eorum,stetitadorationem.Circadecimam
3229 4116 3548 4173 autemdiei

268 4210 326 4258 et
349 4210 473 4259 tres
504 4207 718 4267 noctes,
769 4218 883 4256 non
929 4215 1152 4255 cessans
1191 4199 1479 4269 deprecari
1523 4210 1672 4252 eum.
1715 4196 1872 4250 Tunc
1950 4199 2147 4253 horam
2174 4198 2357 4253 subito
2378 4197 2605 4271 dirupta
2628 4206 2713 4255 est
2739 4206 2911 4265 terra,
2945 4208 3003 4257 et
3029 4202 3238 4259 factum
3269 4210 3355 4260 est
3375 4205 3547 4260 chaos

267 4292 473 4347 beatus
520 4291 749 4346 Simeon
796 4288 974 4344 oravit
1017 4280 1103 4342 ad
1140 4288 1441 4342 Dominum
1483 4300 1583 4359 pro
1644 4284 1760 4350 illa,
1815 4287 1874 4337 et
1922 4301 2219 4360 A_magnum
2240 4284 2310 4341 ab
2330 4285 2605 4341 Orientali
2630 4294 2789 4357 parte
2808 4288 2983 4360 ipsius
2998 4290 3325 4346 monasterii
3348 4309 3362 4351 :
3387 4296 3445 4347 et
3462 4292 3546 4347 in-

266 4381 465 4435 statim
504 4378 756 4434 reddidit
792 4376 1078 4449 spiritum.
1118 4374 1455 4447 Colligentes
1481 4352 1612 4430 vero
1663 4384 1870 4443 corpus
1887 4352 2113 4429 Manta
2127 4379 2215 4429 est
2233 4374 2390 4446 quasi
2408 4352 2695 4445 spelunca,
2714 4352 3187 4434 inaestimabiliter
3198 4379 3438 4435 multam
3448 4378 3547 4436 hac

267 4469 492 4524 sculum
525 4469 668 4539 ejus,
703 4465 1061 4522 adduxerunt
1085 4464 1144 4520 in
1182 4471 1484 4537 conspectu
1515 4458 1656 4535 ejus.
1689 4462 1763 4518 Et
1776 4460 1871 4515 ille

269 4558 432 4622 ﬂens,
457 4556 568 4611 ait'
593 4555 865 4611 Dominus
887 4555 1161 4626 suscipiat
1172 4554 1298 4609 tein
1309 4553 1535 4626 gaudio,
1553 4552 1685 4624 quia
1694 4550 1767 4607 tri
1776 4545 1871 4605 bu.

268 4646 386 4700 lata
404 4661 468 4700 es
488 4650 724 4717 propter
741 4660 850 4714 me,
869 4649 927 4699 et
940 4644 1176 4716 portasti
1195 4658 1286 4698 me
1318 4643 1377 4697 in
1396 4648 1558 4697 utero
1585 4639 1872 4696 mensibus

270 4750 496 4801 novem,
520 4738 693 4805 atque
708 4733 928 4788 lactasti
946 4733 1113 4788 simul
1125 4732 1295 4789 etiam
1310 4737 1367 4786 et
1382 4730 1613 4786 nutristi
1628 4746 1755 4785 cum
1784 4728 1871 4783 la—

268 4821 425 4879 bore.
462 4823 601 4879 nec
646 4836 713 4877 eo
744 4821 985 4889 dicente,
1028 4821 1228 4877 matris
1278 4821 1467 4875 vultus
1512 4817 1771 4885 sudabat,
1815 4821 1873 4871 et

270 4928 477 4985 corpus
488 4913 617 4984 ejus
631 4915 973 4966 commotum
992 4915 1096 4976 esti,
1115 4908 1277 4965 nobis
1289 4907 1548 4964 omnibus
1567 4906 1873 4979 inspicien-

268 5002 442 5057 tibus.
470 5001 578 5056 Ille
596 5004 786 5055 autem
807 4999 1034 5054 elevans
1053 4999 1243 5053 oculos
1254 4996 1327 5052 ad
1332 4992 1557 5062 malum,
1576 4996 1744 5051 dixit:
1767 4994 1875 5050 Do-

270 5090 424 5144 mine
451 5088 609 5143 Deus
638 5088 930 5155 virtutum,
964 5087 1061 5159 qui
1080 5086 1242 5141 sedes
1280 5100 1449 5158 super
1468 5083 1791 5150 Cherubim,
1814 5084 1874 5136 et

271 5174 1254 5247 scrutm'isfundamenta‘abyssi,qui
1270 5173 1577 5244 cognovisti
1590 5172 1766 5227 Adam
1781 5184 1880 5225 an-

271 5268 509 5335 tequam
541 5269 707 5328 esset,
739 5263 837 5334 qui
855 5261 1161 5335 promisisti
1185 5261 1344 5331 regni
1364 5260 1631 5315 calorum
1652 5258 1897 5315 divitias

278 5350 656 5423 diligentibus
679 5356 755 5418 te,
790 5352 889 5423 qui
919 5353 1136 5406 locutus
1171 5366 1232 5405 es
1268 5348 1447 5420 Moysi
1474 5348 1532 5402 in
1559 5347 1701 5403 rubo
1729 5346 1877 5418 ignis

281 5441 475 5507 (Exod.
490 5444 603 5507 III),
626 5434 1062 5511 quibenedixisti
1086 5438 1372 5494 Abraham
1381 5441 1599 5508 patrem
1620 5436 1877 5491 nostrum

282 5528 433 5595 (Gen.
454 5534 619 5598 xxii),
634 5527 730 5599 qui
740 5527 1118 5583 intmducisin
1136 5523 1687 5600 paradisumanimas
1700 5525 1881 5596 justo.

537 5626 800 5689 ΡΑτιιοι..
845 5626 1121 5688 LXXIII.

1949 4461 2086 4518 hens
2109 4470 2335 4534 aquam.
2347 4462 2504 4518 Tune
2518 4463 2688 4535 jussit
2712 4463 2825 4520 fodi
2853 4472 3067 4539 septem
3086 4466 3307 4537 cubitis,
3329 4474 3387 4525 et
3400 4484 3468 4525 ex
3477 4483 3545 4526 eo

1952 4557 2206 4623 tempore
2233 4550 2709 4625 superabundavit
2734 4568 2881 4627 aqua
2906 4554 2967 4610 in
3002 4555 3100 4612 illo
3127 4556 3249 4613 loco
3276 4556 3456 4631 usque
3483 4557 3546 4615 in

1951 4645 2283 4713 praesentem
2310 4640 2480 4697 diem.

2022 4730 2144 4796 Quo
2172 4730 2233 4785 in
2258 4734 2513 4802 tempore
2536 4733 2858 4803 expetentes
2881 4730 3111 4804 quidam
3136 4733 3209 4788 de
3234 4732 3402 4807 longe
3425 4751 3551 4792 ora-

1952 4819 2165 4875 tionem
2190 4820 2367 4891 ipsius
2399 4823 2663 4893 et‘opera,
2695 4819 3010 4875 meridiana
3027 4819 3170 4877 hora
3196 4821 3547 4882 divert'erunt

1954 4906 2244 4980 paululum
2263 4908 2349 4963 ad'
2361 4907 2753 4964 umbrac‘ulum
2773 4907 2989 4964 arboris
3013 4915 3246 4983 propter
3262 4915 3461 4969 aestum
3474 4913 3551 4971 ad

1953 4994 2388 5067 repausandum.‘
2422 4995 2675 5068 Cumque
2694 4995 2973 5064 sederent,
3008 5012 3134 5053 ecce
3170 4997 3352 5055 subito
3399 5016 3549 5074 prm-

1958 5088 2138 5155 gna‘ns
2158 5083 2666 5155 cerva'p'raeteribat'
2683 5100 2841 5140 secus
2859 5085 3004 5155 illos,
3028 5086 3086 5141 et
3108 5085 3370 5144 dixerunt
3391 5088 3467 5146 ad
3476 5090 3551 5148 il-

1957 5172 2100 5228 lam:
2126 5173 2236 5228 Per
2250 5172 2563 5228 orationem
2574 5173 2760 5229 sancti
2779 5174 3057 5231 Simeonis
3070 5181 3130 5232 te
3149 5180 3510 5251 conjuramus
3529 5198 3545 5237 :

1958 5260 2374 5327 modicum‘sta,
2406 5266 2471 5316 ut
2498 5266 2573 5316 te
2608 5263 3165 5334 comprehendamus.
3216 5268 3353 5334 Qum
3393 5269 3557 5325 stetit

1959 5344 2153 5403 eadem
2171 5348 2329 5402 hora.
2352 5348 2958 5421 Apprehendentesque
2971 5368 3116 5421 eam,
3128 5354 3469 5423 occiderunt,
3493 5360 3553 5411 et

1958 5436 2322 5491 comederunt
2337 5441 2555 5507 partem
2566 5436 2821 5508 aliquam
2838 5455 2904 5494 ex
2921 5455 3007 5496 ea.
3026 5441 3342 5513 Statimque
3357 5441 3551 5497 obmu-

1952 5530 2209 5596 tuerunt,
2232 5528 2290 5579 et
2314 5521 2723 5592 sieveniebant,
2750 5524 2895 5581 sicut
2922 5534 2981 5583 et
2997 5542 3160 5583 cerva
3174 5527 3289 5584 illa.
3313 5530 3551 5585 Curren-

3234 5621 3305 5685 11
