3946 6192
423 216 527 274 33l

1453 214 1548 271 DE
1583 213 1773 272 VITIS
1810 210 2107 270 PATRUM
2143 213 2359 271 LIBER
2394 215 2685 273 PRIMUS.

3557 226 3644 289 332

425 345 512 395 tes
523 335 1097 406 autem,veneruntad
1113 339 1369 391 sanctum
1381 336 1716 402 Simeonem,
1737 338 2093 410 portantesA
2109 343 2352 392 vestram
2377 354 2511 393 cum
2557 337 2944 394 habitantibus
2972 339 3031 393 in
3061 353 3147 405 ea,
3194 340 3284 411 qui
3322 343 3478 399 etiam
3516 347 3646 404 hunc

427 430 640 486 corium
672 430 810 500 ejus,
847 433 904 483 et
926 427 1179 482 fecerunt
1204 425 1279 480 ibi
1302 427 1443 482 duos
1471 444 1665 494 annos,
1711 433 1766 483 et
1797 427 1880 482 vix
1911 427 2016 481 ali-

428 521 650 592 quando
680 519 980 574 sanitatem
1011 517 1258 589 recipere
1283 523 1607 590 potuerunt.
1640 518 1902 589 Iniquum
1933 522 2019 572 est

429 610 575 666 enim
592 615 881 681 peccatum
903 624 1095 662 eorum
1119 607 1374 662 recitare.
1399 607 1625 662 Corium
1640 614 1830 662 autem
1846 624 2018 661 cervae

427 698 838 770 suspenderunt
865 696 943 751 ibi
973 696 1043 750 ad
1070 696 1456 751 testimonium
1487 696 1810 750 multorum.

498 785 627 842 CAP.
656 787 808 842 XIII.
842 817 911 828 —
940 785 1048 840 Sed
1066 793 1123 840 et
1148 785 1357 856 pardus
1377 786 1641 840 immanis
1657 791 1779 839 erat
1805 785 1862 838 in
1884 784 2019 839 locis

423 877 553 942 illis,
589 876 684 948 qui
719 883 774 930 et
799 876 1054 929 homines
1085 881 1142 930 et
1169 875 1436 929 animalia
1466 874 1852 940 interﬁciebat,
1889 875 2020 929 etin

421 983 562 1038 gyro
592 966 783 1020 omnia
804 964 1059 1019 vastabat
1099 964 1402 1019 Venientes
1433 969 1623 1018 autem
1643 963 1900 1018 homines
1915 965 2020 1018 loci

326 1109 343 1125 ,
423 1055 572 1109 illius
605 1056 674 1109 ad
704 1059 957 1110 sanctum
988 1054 1326 1119 Simeonem,
1357 1054 1757 1109 nuntiaverunt
1791 1053 1842 1107 ei
1873 1053 2020 1125 quod

418 1150 582 1200 tanta
610 1162 676 1199 ac
702 1145 838 1199 talia
859 1145 1008 1198 mala
1036 1144 1244 1214 pardus
1267 1144 1782 1214 operaretur.Tunc
1796 1149 2020 1197 sanctus

421 1235 649 1290 Simeon
662 1233 909 1304 jussitde
925 1239 1079 1288 terra
1100 1232 1186 1286 vel
1207 1232 1274 1286 de
1287 1250 1437 1303 aqua
1456 1233 1782 1286 monasterii
1798 1232 2018 1304 aspergi

421 1325 480 1378 in
500 1325 596 1378 illa
619 1324 758 1378 loca.
784 1324 853 1378 Et
872 1323 1080 1376 factum
1107 1331 1209 1376 est.
1237 1322 1604 1392 Exquirentes
1622 1338 1751 1376 vero
1777 1327 2020 1392 postmo-

421 1414 575 1480 dum,
598 1411 1126 1482 inveneruntipsum
1149 1411 1387 1482 pardum
1403 1412 1688 1481 jacentem
1709 1416 2012 1476 mortuum,

421 1508 480 1558 et
506 1519 700 1557 omnes
724 1502 1178 1572 gloriﬁcaverunt
1205 1501 1381 1554 Deum
1414 1500 1711 1554 Simeonis.

2098 428 2478 482 reconciliavit
2507 427 2612 482 sibi
2637 443 2651 482 :
2686 434 2744 482 et
2772 445 2874 499 ego
2899 428 3064 482 timui
3105 445 3174 482 ne
3197 429 3371 485 subito
3400 435 3647 493 occideret

2099 533 2221 585 me;
2257 533 2327 571 ne
2357 534 2490 587 ergo
2517 517 2758 587 amplius
2787 517 3032 587 fatigatis
3057 534 3146 571 me
3176 517 3428 575 humilem
3450 528 3500 577 et
3526 543 3647 596 pau-

2100 623 2311 676 perem.
2348 607 2417 660 Et
2444 607 2524 660 ita
2552 623 2678 660 cum
2700 606 2903 660 timore
2922 606 3161 676 regressi
3189 615 3332 675 sunt,
3360 612 3648 670 nuntiantes

2101 695 2291 749 omnia
2320 712 2442 766 quae
2469 695 2728 749 viderant
2755 700 2812 749 et
2841 695 3159 750 audierant.

2174 785 2303 838 CAP.
2339 785 2485 838 XVI.
2521 815 2584 826 —
2609 785 2742 839 Post
2769 800 2974 855 paucos
2995 802 3125 840 vero
3150 802 3340 850 annos,
3362 787 3551 844 factum
3582 799 3654 847 est

2101 888 2214 926 una
2240 872 2348 936 die,
2382 873 2487 927 hoc
2503 878 2605 937 est,
2643 878 2800 927 sexta
2829 873 3076 940 Sabbati,
3112 880 3170 928 et
3213 875 3483 932 inclinavit
3515 896 3567 934 se
3593 882 3653 935 ad

2103 961 2434 1027 orationem,
2447 963 2729 1017 sustinens
2743 967 2858 1016 tres
2878 963 3015 1029 dies,
3031 963 3085 1017 id
3103 969 3204 1029 est,
3227 970 3393 1031 sexta,
3417 967 3653 1036 Sabbato,

2102 1056 2160 1104 et
2185 1051 2492 1105 Dominico.
2524 1053 2678 1106 Tunc
2698 1069 2799 1123 ego
2823 1052 3141 1123 pavefactus
3159 1053 3375 1108 ascendi
3395 1055 3460 1109 ad
3475 1056 3654 1126 ipsum,

2103 1145 2159 1193 et
2186 1139 2316 1193 steti
2338 1140 2396 1194 in
2425 1147 2724 1212 conspectu
2749 1142 2888 1211 ejus,
2920 1141 3145 1212 dixique
3182 1143 3250 1196 ad
3279 1159 3402 1196 eum
3427 1163 3437 1197 :
3479 1145 3653 1216 Surge,

2100 1229 2345 1295 domine,
2377 1228 2610 1284 benedic
2638 1247 2758 1297 nos,
2792 1229 3056 1301 quoniam
3084 1233 3318 1302 populus
3344 1238 3452 1286 tres
3475 1233 3587 1289 dies
3610 1241 3659 1290 et

2099 1323 2215 1372 tres
2245 1324 2436 1373 noctes
2458 1315 2644 1383 habet,
2665 1325 2991 1390 exspectans
3017 1319 3452 1376 benedictionem
3467 1328 3583 1388 ate;
3611 1330 3661 1378 et

2102 1424 2213 1461 non
2251 1409 2540 1479 respondit
2569 1409 2725 1462 mihi.
2761 1410 2832 1463 Et
2857 1426 3052 1464 rursus
3081 1410 3170 1464 aio
3201 1411 3271 1464 ad
3300 1428 3451 1466 eum:
3495 1413 3660 1476 Quare

2100 1512 2191 1550 me
2218 1498 2536 1564 contristas,
2568 1498 2811 1565 domine,
2848 1504 2946 1553 aut
2974 1499 3108 1570 quid
3135 1500 3376 1554 oll‘endi?
3402 1502 3657 1573 Supplico,

495 1593 624 1647 CAP.
655 1592 800 1645 XIV.
833 1619 892 1630 —
913 1590 1314 1660 Quemcunque
1344 1596 1532 1643 tamen
1558 1589 1811 1655 sanabat,
1830 1588 2019 1660 prmei-
2040 1650 2082 1662 Ἀ
2099 1586 2260 1641 mitte
2287 1587 2426 1642 mihi
2455 1604 2705 1651 manum,
2735 1592 2833 1643 aut
2851 1588 3081 1643 forsitan
3107 1590 3225 1659 jam
3244 1606 3277 1643 a
3299 1589 3453 1644 nobis
3476 1591 3662 1662 migra-

419 1680 609 1753 piebat
621 1680 720 1746 illi,
748 1650 964 1734 dicens:
998 1679 1152 1733 Vade
1197 1650 1256 1734 in
1277 1679 1693 1742 domumtuam,
1722 1685 1778 1733 et
1794 1650 2016 1732 hbnori-
2040 1650 2213 1730 Bsti?
2244 1677 2312 1730 Et
2337 1677 2584 1732 sentiens
2614 1677 2760 1749 quod
2787 1695 2900 1732 non
2924 1650 3257 1749 loquebatur
3271 1680 3422 1743 mihi,
3450 1650 3662 1751 cogitavi

419 1771 527 1824 ﬁca
545 1770 722 1824 Deum
737 1769 833 1841 qui
861 1775 917 1823 te
946 1768 1182 1832 sanavit,
1197 1773 1254 1822 et
1268 1785 1338 1822 ne
1366 1768 1573 1822 audeas
1585 1768 1771 1821 dicere
1793 1767 1939 1837 quod
1958 1772 2015 1820 te

421 1860 649 1914 Simeon
679 1858 974 1924 curaverit,
993 1876 1063 1913 ne
1089 1858 1190 1912 tibi
1211 1857 1395 1912 subito
1414 1857 1662 1911 deterius
1691 1857 2012 1926 contingat:

420 1954 477 2003 et
491 1965 562 2003 ne
576 1943 1086 2020 praesumasjurare
1105 1963 1205 2018 per
1220 1963 1424 2000 nomen
1441 1945 1682 2010 Domini,
1699 1945 1830 2015 quia
1845 1961 2014 2016 grave

416 2044 706 2109 peccatum
720 2044 831 2092 est:
863 2037 957 2092 sed
980 2037 1036 2090 in
1055 2052 1146 2092 me
1168 2035 1366 2090 humili
1386 2041 1443 2089 et
1457 2040 1741 2105 peccatore
1757 2035 1888 2104 jura
1901 2033 2015 2087 sive

415 2128 569 2197 juste
610 2127 722 2181 sive
758 2127 968 2197 injuste
1015 2125 1145 2194 (15).
1195 2125 1376 2189 Quam
1422 2123 1492 2178 ob
1539 2139 1762 2178 causam
1820 2140 2013 2176 omnes

420 2216 734 2271 Orientales
759 2222 815 2271 et
840 2215 1088 2269 barbarae
1107 2221 1324 2285 gentes,
1340 2230 1461 2284 quae
1481 2212 1688 2267 suntin
1715 2212 1826 2266 illis
1838 2211 2017 2282 regio-

420 2306 605 2371 nibus,
640 2323 745 2377 per
773 2322 900 2360 eum
924 2307 1139 2375 jurant.

491 2396 624 2450 CAP.
655 2395 772 2449 XV.
807 2426 870 2437 —-
902 2395 1070 2449 Latro
1101 2393 1330 2464 quidam
1354 2392 1423 2446 de
1446 2391 1762 2455 Antiochia,
1793 2389 1886 2461 qui
1916 2405 2013 2443 no-

419 2483 742 2538 minabatur
766 2484 1035 2538 Jonathas
1065 2483 1193 2553 (‘16),
1226 2482 1406 2535 multa
1423 2481 1573 2535 mala
1589 2479 1814 2543 faciens,
1830 2495 1962 2532 cum
1979 2493 2013 2531 a

420 2573 616 2628 multis
645 2578 1092 2644 persequeretur,
1125 2588 1228 2625 nec
1251 2575 1438 2641 posset
1461 2586 1520 2624 se
1536 2572 1655 2640 jam
1678 2568 1747 2622 ab
1769 2567 1879 2622 illis
1899 2566 2020 2621 abs-

421 2663 680 2725 condere,
715 2662 874 2733 quasi
894 2661 982 2715 leo
1002 2677 1036 2714 a
1054 2659 1194 2714 facie
1220 2660 1526 2714 multorum
1556 2657 2015 2729 persequentium

418 2750 659 2823 fugiens,
691 2751 874 2805 subito
904 2750 1187 2820 ingressus
1218 2753 1303 2803 est
1331 2747 1733 2802 monasterium
1763 2765 1776 2814 ;
1809 2750 1866 2800 et
1893 2761 2015 2799 am-

419 2840 614 2912 plexus
634 2840 951 2893 columnam
968 2838 1145 2892 sancti
1163 2837 1458 2903 Simeonis,
1483 2836 1650 2907 coepit
1665 2833 2014 2889 amarissime

420 2929 577 2984 flere.
609 2931 680 2983 At
701 2929 793 2983 ille
815 2928 956 2982 dixit
980 2928 1061 2981 ei:
1099 2928 1236 2991 Quis
1259 2928 1361 2981 es?
1391 2932 1490 2980 aut
1513 2925 1662 2984 unde
1691 2922 1890 2978 venisti
1911 2921 2014 2975 ho-

2097 1771 2162 1820 ut
2185 1766 2324 1820 nulli
2354 1766 2614 1831 dicerem,
2652 1767 2782 1838 quia
2826 1767 3093 1822 timebam
3130 1769 3291 1823 illum
3323 1775 3560 1839 tangere.
3607 1771 3666 1824 Et

2098 1861 2254 1909 stans
2271 1856 2430 1927 quasi
2456 1857 2593 1910 hora
2609 1856 2813 1923 media,
2831 1857 3092 1911 inclinavi
3105 1874 3214 1922 me,
3242 1863 3298 1912 et
3321 1858 3472 1929 posui
3490 1875 3663 1913 aurem

2096 1961 2278 1999 meam
2307 1946 2379 1999 ad
2406 1946 2856 2011 auscultandum,
2881 1951 3062 2001 etnon
3080 1953 3206 2002 erat
3233 1947 3415 2013 ﬂatus,
3438 1948 3540 2001 nisi
3559 1953 3665 2002 tan-

2094 2038 2216 2088 tum
2246 2035 2407 2105 quasi
2437 2036 2574 2089 odor
2596 2036 2900 2090 multorum
2932 2043 3250 2092 aromatum
3274 2035 3664 2090 ascendebatde

2096 2138 2192 2176 cor
2201 2139 2332 2193 pore
2353 2125 2494 2194 ejus,
2512 2129 2568 2178 et
2585 2123 2663 2178 sic
2676 2125 2920 2179 intellexi
2932 2125 3064 2196 quia
3074 2125 3412 2196 requievitin
3426 2126 3664 2180 Domino.

2096 2209 2167 2264 Et
2191 2211 2532 2276 hebefactus,
2566 2213 2755 2284 planxi
2786 2214 3165 2282 amarissime;
3193 2220 3250 2269 et
3278 2214 3544 2268 inclinans
3566 2230 3660 2279 me,

2098 2300 2378 2355 osculatus
2398 2318 2522 2355 sum
2544 2303 2732 2356 oculos
2755 2304 2877 2373 ejus
2895 2301 3023 2370 (l8),
3039 2308 3096 2357 et
3114 2302 3348 2358 barbam
3373 2303 3667 2374 complexus

2094 2387 2385 2460 crinesque
2407 2391 2604 2461 capitis
2635 2393 2776 2461 ejus.
2809 2392 2878 2446 Et
2906 2392 3202 2463 increpans
3241 2393 3389 2448 dixi:
3431 2392 3529 2447 Cui
3568 2407 3663 2454 me,

2095 2475 2338 2544 domine,
2362 2480 2704 2552 derelinquis
2724 2482 2748 2534 ?
2767 2483 2853 2536 vel
2873 2481 2966 2536 ubi
2989 2483 3272 2554 requiram
3300 2487 3456 2538 tuam
3479 2479 3668 2552 angeli-

2101 2582 2222 2621 cam
2249 2569 2599 2624 doctrinam?
2629 2571 2804 2635 Quale
2831 2588 3162 2643 responsum
3197 2573 3430 2627 reddam
3458 2586 3552 2642 pro
3577 2566 3668 2623 te?

2099 2669 2200 2718 aut
2219 2666 2380 2734 cujus
2405 2664 2594 2718 anima
2620 2664 2883 2736 respiciat
2910 2663 3230 2719 columnam
3246 2663 3366 2718 sine
3392 2668 3466 2727 te,
3491 2667 3544 2715 et
3569 2675 3668 2714 non

2097 2752 2329 2823 lugeat?
2359 2753 2534 2817 Quale
2554 2771 2884 2824 responsum
2914 2753 3144 2808 reddam
3177 2751 3434 2816 inﬁrmis,
3468 2748 3672 2822 quando

2096 2843 2327 2897 veniunt
2352 2848 2409 2897 et
2434 2843 2732 2914 requirunt
2767 2849 2819 2897 te
2840 2842 2951 2908 hic,
2983 2848 3041 2897 et
3062 2859 3173 2897 non
3204 2836 3666 2902 inveniunt?Quid

2097 2931 2298 2993 dicam,
2324 2938 2425 2986 aut
2451 2932 2584 3002 quid
2613 2933 2811 3003 loquar
2830 2949 2932 3002 ego
2958 2931 3192 2987 humilis
3207 2933 3231 2984 ?
3245 2930 3422 2986 Hodie
3434 2928 3583 2982 video
3600 2932 3667 2992 te,

418 3034 534 3085 mo,
569 3024 669 3072 aut
687 3034 787 3072 cur
809 3016 1186 3072 hicintroisti?
1208 3018 1282 3070 At
1297 3015 1424 3069 ille:
1461 3015 1576 3085 Ego
1599 3030 1723 3068 sum
1741 3011 2012 3067 Jonathas
2030 2999 2076 3062 Ο
2096 3022 2343 3076 crastina
2368 2999 2498 3076 νει-ξ)
2520 2999 2809 3076 considero
2841 2999 2913 3076 ελ
2951 3021 3242 3075 dexteram
3286 3021 3400 3074 sive
3441 3017 3510 3071 ad
3545 3013 3670 3070 sini-

416 3107 581 3172 latro,
609 3107 704 3178 qui
734 3107 924 3162 omnia
950 3107 1098 3160 mala
1126 3105 1249 3169 feci,
1284 3105 1406 3158 veni
1453 3104 1542 3158 hic
1587 3104 1877 3176 poenitere.
1921 3102 2014 3157 Ait

415 3196 607 3267 itaque
620 3204 846 3251 sanctus
863 3195 1090 3251 Simeon
1109 3214 1120 3248 :
1143 3195 1368 3250 Talium
1385 3198 1471 3248 est
1488 3209 1723 3264 regnum
1743 3193 2011 3247 caelorum

419 3285 632 3352 (Matth.
665 3294 799 3351 XIX).
829 3285 938 3340 Sed
968 3302 1039 3339 ne
1066 3284 1208 3338 velis
1237 3300 1326 3337 me
1348 3288 1584 3342 tentare.
1611 3299 1683 3337 ne
1703 3283 1909 3336 iterum
1930 3281 2012 3334 in-

416 3373 657 3428 veniaris
685 3373 742 3428 in
763 3372 1065 3428 sceleribus
1100 3372 1237 3444 ipsis
1261 3389 1384 3444 quae
1419 3371 1715 3443 reliquisti.
1750 3371 1879 3425 Haec
1913 3369 2010 3423 illo

414 3462 697 3533 loquente,
716 3479 840 3517 ecce
869 3463 1135 3517 officiales
1159 3461 1268 3531 (l7)
1292 3461 1586 3516 veniebant
1607 3459 1676 3513 ab
1691 3458 2006 3523 Antiochia,

417 3552 700 3608 dicentes:
733 3552 914 3608 Trade
944 3552 1102 3606 nobis
1125 3551 1417 3605 inimicum
1439 3555 1496 3605 et
1508 3551 1826 3604 maleficum
1849 3551 2012 3603 Jona-

414 3642 573 3712 than,
605 3657 676 3695 ne
701 3641 886 3695 subito
915 3646 1335 3694 commoveatur
1353 3639 1546 3694 civitas
1565 3640 1624 3692 in
1655 3638 2004 3692 seditionem.

414 3730 616 3784 Bestiae
646 3729 794 3783 enim
825 3735 1033 3800 paratae
1060 3734 1192 3783 sunt
1221 3728 1294 3783 ad
1320 3728 1700 3782 devorandum
1733 3743 1881 3781 eum.
1901 3727 2012 3780 Re-

416 3816 644 3888 spondit
662 3817 741 3871 eis
769 3816 968 3871 beatus
987 3817 1213 3872 Simeon
1241 3835 1253 3870 :
1285 3817 1465 3872 Filioli
1495 3817 1624 3882 mei,
1649 3833 1751 3887 ego
1787 3831 1900 3870 non
1917 3814 2012 3869 ad-

416 3905 548 3959 duxi
576 3921 704 3960 eum
734 3905 876 3960 huc:
913 3907 1174 3977 quoniam
1215 3905 1311 3976 qui
1343 3905 1573 3960 adduxit
1629 3922 1778 3970 eum,
1831 3906 2014 3976 major

413 3992 575 4048 nobis
589 4000 694 4060 est,
721 4001 780 4049 et
805 3994 928 4050 istis
943 3995 1149 4050 talibus
1178 3993 1454 4061 subvenit,
1481 3995 1688 4050 etenim
1709 3994 1908 4049 talium
1925 3998 2011 4049 est

413 4099 653 4154 regnum
683 4084 969 4138 coelorum.
997 4084 1065 4138 Et
1083 4085 1131 4138 si
1160 4085 1392 4156 potestis
1413 4084 1642 4148 intrare,
1679 4085 1860 4156 rapite
1880 4101 2009 4139 eum

413 4171 561 4228 hinc.
595 4174 709 4245 Ego
738 4178 929 4227 autem
957 4190 1070 4228 non
1099 4190 1345 4245 possum,
1389 4175 1523 4244 quia
1558 4173 1729 4229 timeo
1755 4191 1882 4228 eum
1913 4174 2008 4245 qui

411 4259 573 4316 illum
602 4250 856 4317 misit‘ad
887 4279 996 4317 me.
1026 4263 1335 4317 Audientes
1372 4269 1561 4317 autem
1607 4263 1724 4318 haec
1759 4264 1863 4318 viri
1904 4263 2004 4328 illi,

2094 3117 2288 3172 stram,
2324 3115 2380 3165 et
2409 3127 2521 3165 non
2551 3111 2772 3166 invenio
2802 3115 2877 3165 te.
2909 3111 3024 3164 Aut
3052 3126 3163 3180 quo
3197 3109 3407 3164 amictu
3439 3103 3672 3177 aperiam

2093 3199 2410 3253 columnam
2425 3205 2581 3254 tuam
2602 3199 2627 3252 ’ἲ
2654 3199 2775 3254 Heu
2793 3215 2902 3264 me,
2939 3198 3162 3270 quando
3179 3197 3413 3253 veniunt
3430 3191 3594 3264 aliqui
3612 3190 3672 3244 de

2093 3287 2259 3357 longe
2289 3294 2602 3359 quaerentes
2628 3292 2703 3350 te,
2723 3293 2781 3343 et
2799 3304 2912 3342 non
2930 3286 3255 3342 inveniunt!
3292 3286 3361 3340 Et
3375 3300 3486 3356 prae
3513 3279 3675 3335 multa

2092 3376 2323 3432 tristitia
2335 3376 2664 3432 obdormivi.
2689 3377 3003 3447 Statimque
3027 3376 3295 3447 apparuit
3307 3373 3464 3438 mihi,
3477 3370 3671 3426 dicens:

2094 3466 2616 3536 Nonderelinquam
2628 3466 2944 3520 columnam
2958 3465 3120 3528 hanc,
3136 3481 3245 3519 nec
3265 3465 3449 3518 locum
3466 3465 3522 3516 et
3533 3471 3676 3513 mou-

2092 3561 2207 3610 tem
2238 3555 2388 3610 hunc
2415 3554 2790 3620 benedictum,
2818 3555 2877 3609 in
2899 3570 3008 3626 quo
3036 3554 3396 3608 illuminatus
3415 3566 3563 3614 sum;
3585 3544 3674 3601 sed

2094 3643 2454 3710 descendens,
2479 3644 2703 3698 satisfac
2731 3644 2956 3715 populo.
2989 3648 3046 3697 et
3073 3642 3358 3697 annuntia
3373 3640 3443 3695 de
3471 3653 3558 3693 me
3576 3637 3677 3690 An-

2093 3731 2311 3788 tiochiae
2332 3738 2544 3787 secrete
2562 3749 2632 3788 ne
2650 3733 2929 3788 tumultus
2950 3731 3048 3786 ﬁat
3068 3731 3126 3785 in
3146 3730 3378 3803 populo.
3403 3728 3517 3798 Ego
3537 3723 3676 3780 enim

2093 3820 2360 3891 requievi.
2387 3821 2532 3876 sicut
2546 3821 2817 3876 Dominus
2844 3819 3051 3886 voluit;
3097 3825 3162 3874 tu
3191 3825 3386 3874 autem
3414 3832 3485 3870 ne
3511 3824 3676 3868 cesses

2092 3909 2412 3966 ministrare
2442 3910 2502 3965 in
2527 3910 2633 3965 hoc
2662 3910 2801 3975 loco,
2829 3916 2887 3964 et
2918 3907 3232 3964 reddettibi
3253 3906 3527 3963 Dominus
3546 3915 3679 3956 mer-

2093 3999 2283 4055 cedem
2313 4000 2372 4056 in
2401 4000 2574 4056 caelis.
2599 3999 2916 4070 Exsurgens
2935 4002 3124 4053 autem
3149 4013 3185 4051 a
3214 4011 3438 4060 somno,
3473 3987 3677 4064 pavefa-

2092 4093 2213 4143 ctus
2242 4088 2356 4144 dixi
2381 4108 2394 4143 :
2428 4089 2681 4155 Domine,
2711 4093 2996 4144 memento
3024 4086 3134 4141 mei
3184 4086 3246 4140 in
3277 4083 3474 4156 requie
3501 4083 3678 4136 sancta

2090 4181 2191 4232 tua
2243 4177 2311 4232 Et
2338 4177 2632 4233 sublevans
2657 4177 2990 4232 vestimenta
3014 4177 3156 4246 ejus,
3181 4172 3401 4246 procidi
3426 4168 3496 4225 ad
3524 4165 3679 4240 pedes

2092 4266 2141 4336 ej
2149 4283 2232 4332 us,
2255 4277 2311 4321 et
2326 4267 2607 4322 osculatus
2620 4283 2744 4321 sum
2757 4263 3154 4336 vestigiaillius
3169 4282 3182 4331 ;
3208 4266 3482 4318 ettenens
3496 4269 3682 4312 manus

411 4351 653 4424 regressi
680 4358 813 4406 sunt
833 4368 962 4406 cum
980 4351 1182 4406 timore
1212 4358 1254 4418 ι
1272 4358 1388 4418 $4
1402 4368 1626 4424 magno,
1652 4359 1709 4408 et
1723 4355 2000 4408 renuntia-
2020 4346 2075 4412 Β
2095 4355 2229 4425 ejus,
2256 4355 2418 4426 posui
2435 4371 2605 4428 super
2627 4355 2816 4411 oculos
2841 4369 3016 4420 meos,
3045 4352 3239 4407 dicens
3266 4370 3278 4406 :
3306 4346 3566 4406 Benedic,
3589 4341 3681 4398 ob-

411 4446 615 4496 verunt
637 4440 827 4495 omnia
846 4439 1176 4508 Antiochiae;
1197 4441 1294 4494 sed
1311 4441 1580 4496 Jonathas
1609 4442 1753 4496 latro
1780 4457 2012 4514 persep-
2091 4459 2266 4508 secro,
2299 4444 2379 4499 mi
2407 4444 2654 4500 domine.
2681 4443 2750 4499 Et
2775 4442 2984 4499 iterum
3014 4440 3140 4497 flevi
3170 4446 3229 4496 et
3259 4439 3379 4496 dixi
3410 4456 3422 4492 :
3493 4430 3685 4500 Quales

412 4532 527 4583 tem
557 4528 678 4584 dies
708 4529 1030 4601 amplexans
1059 4534 1117 4583 et
1139 4534 1339 4584 tenens
1377 4530 1715 4596 columnam,
1766 4530 1902 4586 dicit
1937 4531 2008 4586 ad
2089 4532 2358 4604 reliquias
2385 4533 2581 4589 tollam
2610 4549 2645 4604 a
2671 4538 2728 4589 te
2752 4532 2812 4587 in
2834 4530 3200 4587 memoriam?
3231 4530 3307 4585 Et
3334 4529 3456 4583 haec
3482 4524 3678 4584 dicens,

410 4614 638 4673 beatum
651 4619 1001 4674 Simeonem:
1025 4617 1535 4688 Domine,sijubes,
1560 4617 2002 4674 ambularevolo.
2088 4602 2306 4677 motum
2337 4627 2423 4679 est
2448 4602 2650 4695 corpus
2676 4621 2857 4680 illius.
2894 4620 3011 4693 Ego
3041 4623 3234 4675 autem
3263 4615 3438 4674 timui
3462 4619 3685 4683 tangere

410 4703 719 4776 Respondit
737 4706 818 4760 illi
838 4707 1026 4778 justus
1049 4724 1061 4759 :
1095 4707 1308 4761 Iterum
1327 4705 1387 4761 in
1413 4706 1537 4778 ipsa
1553 4707 1702 4762 mala
1728 4707 2006 4763 festinas?
2089 4726 2237 4766 eum.

411 4791 566 4847 Dixit
591 4794 675 4847 illi
701 4795 970 4850 Jonathas
996 4813 1008 4849 :
1031 4795 1176 4862 Non,
1200 4794 1443 4862 domine,
1469 4795 1566 4851 sed
1582 4801 1804 4868 tempus
1816 4813 2005 4852 meum
2162 4799 2295 4856 CAP.
2325 4800 2500 4856 XVII.
2532 4831 2595 4845 —
2625 4801 2694 4856 Et
2712 4804 2779 4855 ut
2799 4814 2966 4854 nemo
2986 4796 3172 4863 sciret,
3206 4792 3483 4850 descendi
3507 4784 3688 4846 celeri-

410 4877 706 4951 impletum
737 4889 840 4937 est.
861 4884 930 4938 Et
946 4883 1026 4940 sic
1052 4884 1286 4955 loquens
1316 4900 1442 4939 cum
1473 4901 1558 4952 eo,
1589 4885 2007 4958 reddiditspiri-
2086 4893 2194 4957 ter,
2223 4894 2282 4944 et
2310 4888 2532 4944 ﬁdelem
2559 4887 2793 4943 fratrem
2823 4886 2952 4942 misi
2979 4884 3344 4941 Antiochiam
3375 4882 3445 4937 ad
3480 4879 3686 4950 episco-

410 4971 553 5022 tum.
579 4969 648 5023 Et
669 4970 981 5026 volentibus
997 4987 1125 5026 eum
1151 4972 1387 5044 sepelire
1395 4974 1559 5045 juxta
1575 4974 2000 5040 monasterium,
2087 4993 2222 5050 pum
2260 4976 2388 5042 (19".
2421 4976 2530 5043 Qui
2558 4977 2750 5032 statim
2763 4975 2992 5031 veniens
3019 4990 3148 5030 cum
3167 4972 3360 5028 tribus
3393 4963 3680 5042 episcopis.

411 5070 536 5109 ecce
566 5055 661 5110 alii
691 5056 956 5112 ofﬁciales
981 5059 1281 5116 veniebant
1323 5061 1392 5116 ab
1430 5062 1728 5118 Antiochia
1773 5069 2004 5136 prapter
2089 5072 2148 5121 et
2173 5083 2301 5122 cum
2326 5066 2436 5122 illis
2462 5064 2804 5120 Ardaborius
2842 5064 3111 5135 magister
3138 5061 3396 5116 militum
3428 5058 3540 5128 ('20)
3568 5068 3688 5110 cum

409 5141 590 5211 illum,
625 5150 682 5199 et
711 5152 1000 5216 coeperunt
1025 5147 1268 5204 clamare
1293 5154 1352 5205 et
1369 5149 1580 5206 dicere:
1615 5153 1698 5207 Da
1713 5150 1873 5207 nobis
1904 5152 2006 5206 ini—
2087 5154 2222 5219 suis,
2247 5153 2542 5209 tendentes
2563 5154 2809 5208 cortinas
2820 5152 3302 5208 circacolumnam
3317 5150 3466 5219 ejus,
3489 5142 3688 5199 defixe-

407 5231 619 5288 micum
663 5241 940 5299 nostrum,
991 5235 1171 5291 omnis
1223 5238 1373 5292 enim
1406 5239 1598 5295 civitas
1647 5239 1877 5296 turbata
1917 5245 2004 5296 est

406 5328 638 5394 propter
690 5322 866 5377 illum.
917 5323 1226 5396 Respondit
1253 5325 1305 5380 ei
1333 5325 1534 5383 beatus
1581 5327 1841 5386 Simeon:
1892 5330 2000 5395 Qui

403 5407 566 5465 illum
591 5409 843 5478 adduxit,
873 5411 1026 5467 venit
1047 5429 1175 5467 cum
1206 5413 1565 5472 multitudine
1593 5418 1833 5474 caelestis
1847 5417 1998 5474 mili-

2085 5247 2220 5297 runt
2247 5243 2581 5297 vestimenta
2616 5258 2735 5297 sua.
2767 5242 2941 5297 Erant
2967 5247 3159 5296 autem
3175 5239 3427 5293 conﬁcta
3447 5234 3520 5289 ab
3535 5245 3683 5288 auro.

2084 5331 2155 5386 Et
2181 5330 2589 5402 deponentibus
2618 5346 2746 5386 eum
2769 5331 2934 5401 juxta
2960 5329 3139 5384 altare
3177 5333 3317 5381 ante
3347 5324 3686 5382 columnam,

2084 5420 2586 5493 colligentibusque
2610 5435 2690 5487 se,
2713 5434 2843 5474 aves
2863 5417 3123 5474 volabant
3143 5431 3323 5487 super
3346 5414 3684 5472 columnam,

404 5495 518 5566 tie,
551 5496 646 5570 qui
675 5504 874 5570 potens
913 5505 998 5556 est
1035 5498 1097 5556 in
1123 5505 1402 5558 tartarum
1439 5503 1666 5561 mittere
1711 5506 1997 5564 civitatem
2032 5581 2039 5586 _
2081 5508 2390 5566 clamantes
2414 5514 2473 5564 et
2499 5506 2661 5580 quasi
2680 5506 2957 5579 lugentes,
2986 5504 3070 5563 ita
3088 5508 3154 5562 ut
3177 5516 3387 5559 omnes
3415 5499 3687 5556 viderent.
