3942 6200
343 297 448 355 339
1357 302 1450 358 DE
1487 303 1676 361 VITIS
1715 305 2013 362 PATRUM
2049 304 2266 361 LIBER
2300 303 2590 360 PRIMUS.
3502 303 3612 362 340

343 430 553 498 sufﬁcit
577 431 696 494 tibi,
729 443 796 482 ne
822 429 963 496 forte
991 429 1227 482 satiatus
1251 443 1462 483 evomas
1485 430 1633 484 illud
1662 428 1838 497 (Prov.
1862 429 2016 500 xxv).
2060 431 2129 485 Et
2166 430 2298 486 alibi
2331 449 2344 486 :
2377 432 2596 486 Altiora
2621 435 2668 484 te
2691 443 2758 484 ne
2783 429 3084 498 quaesieris,
3117 432 3168 483 et
3197 429 3438 497 fortiora
3467 435 3518 484 te
3547 445 3616 486 ne

342 522 624 573 scrutatus
643 519 819 584 fueris
847 515 1038 588 (Eccll.
1069 519 1188 585 III);
1212 533 1337 572 ecce
1363 517 1550 572 subito
1579 518 1807 589 quidam
1833 520 2049 575 strenui
2080 536 2144 574 ac
2174 519 2412 575 studiosi
2441 519 2542 574 vini
2576 535 2667 573 me
2687 519 2966 573 cohortari
2993 519 3308 580 voluerunt,
3332 523 3398 573 ut
3423 519 3484 574 in
3513 521 3618 575 La-

344 605 527 661 tinum
557 621 871 660 sermonem
900 609 1178 660 verterem
1205 605 1499 661 Leontium
1543 607 1614 662 de
1657 609 1798 663 Vita:
1825 609 2064 664 residuis
2103 611 2173 676 (5)
2211 609 2444 664 Joannis
2492 608 2859 664 Alexandrini
2900 607 3188 668 antistitis.
3229 625 3395 679 quem
3439 607 3616 664 Graeci

345 700 575 766 propter
603 693 967 766 multiplicem
997 696 1460 767 compassionem,
1493 713 1660 768 quam
1689 714 1824 770 erga
1849 715 2044 754 omnes
2082 698 2420 770 possidebat,
2454 698 2654 752 merito
2676 703 2734 752 et
2779 696 3034 752 absolute
3066 698 3388 764 Eleemona,
3421 698 3476 752 id
3505 704 3614 765 est,

345 783 760 838 misericordem
793 784 1096 856 appellant,
1129 790 1409 855 quatenus
1436 791 1628 841 tantus
1655 787 1742 841 vir
1769 803 1882 842 non
1918 793 2142 844 tantum
2171 804 2429 843 sermone
2461 787 2676 855 Graeco,
2702 803 2898 842 verum
2939 786 3112 842 etiam
3159 787 3360 841 Latino
3397 787 3619 859 eloquio

346 870 684 944 pollentibus
713 873 943 927 utilitati
971 878 1121 928 esset
1147 878 1204 928 et
1229 875 1539 930 commodo.

423 961 777 1032 Quapropter
807 963 939 1033 quia
966 979 1058 1017 me
1087 962 1320 1034 dignum
1377 965 1445 1019 ad
1496 969 1723 1021 tantum
1761 982 1902 1038 opus
1950 969 2124 1038 atque
2177 965 2444 1021 idoneum
2483 965 2714 1020 minime
2759 965 3037 1038 perspexi,
3071 967 3246 1020 levavi
3272 969 3452 1019 oculos
3481 979 3624 1019 meos

342 1054 409 1105 in
435 1055 642 1105 montes
673 1054 817 1105 unde
844 1055 1055 1106 veniret
1082 1055 1368 1108 auxilium
1400 1055 1546 1109 mihi
1567 1058 1731 1122 (Psal.
1764 1059 1908 1122 cxx);
1942 1055 2133 1127 sicque
2161 1056 2362 1110 solatia
2389 1060 2617 1127 patrum
2643 1060 2702 1110 et
2727 1055 3018 1108 orationes
3039 1053 3326 1120 adhibens,
3353 1059 3468 1108 tam
3495 1072 3624 1126 pro-

343 1140 552 1196 ﬁcuum
577 1139 759 1194 virum
790 1157 902 1195 non
931 1158 1129 1212 passus
1159 1159 1285 1196 sum
1315 1143 1496 1198 celare
1531 1143 1764 1200 Latinis.
1797 1143 1906 1199 Sed
1936 1143 2066 1198 licet
2093 1143 2449 1199 membranas
2493 1144 2811 1209 inciderim,
2871 1144 3127 1199 scedulas
3167 1145 3620 1216 praeparaverim.

344 1245 458 1284 non
483 1236 672 1284 tamen
702 1230 851 1284 hunc
878 1229 936 1284 in
963 1230 1224 1286 Codicem
1253 1232 1526 1288 conficere
1555 1249 1726 1288 ausus
1772 1250 1918 1300 sum,
1951 1237 2260 1304 antequam
2289 1251 2323 1288 a
2367 1233 2753 1288 dominatione
2783 1239 2986 1294 vestra,
3025 1249 3057 1286 ο
3089 1233 3295 1288 millies
3334 1233 3515 1300 beate,
3553 1233 3623 1286 li-

346 1318 587 1374 centiam
617 1319 848 1390 adipisci
879 1321 1184 1390 promerui.
1217 1321 1412 1392 Neque
1437 1321 1589 1376 enim
1618 1322 1700 1376 fas
1725 1327 1812 1376 est
1831 1327 1895 1376 ut
1921 1322 2132 1393 absque
2175 1323 2382 1377 vicario
2433 1323 2531 1376 Dei
2567 1320 2660 1393 (6),
2699 1322 2911 1393 absque
2939 1322 3213 1394 clavigero
3240 1323 3383 1385 coeli,
3412 1323 3626 1394 absque

349 1423 519 1462 curru
548 1413 605 1462 et
635 1409 832 1478 auriga
859 1409 1169 1479 spiritualis
1194 1410 1436 1476 Israelis,
1467 1410 1677 1482 absque
1721 1410 2108 1465 universitatis
2142 1412 2422 1482 pontiﬁce,
2457 1411 2666 1482 absque
2697 1411 2862 1465 unico
2894 1427 3062 1482 papa,
3105 1411 3317 1482 absque
3347 1411 3624 1482 singulari

350 1502 608 1570 pastore,
665 1497 876 1567 absque
919 1498 1146 1568 speciali
1195 1499 1382 1566 Patre,
1435 1499 1644 1572 absque
1687 1506 1742 1554 te
1782 1499 2034 1555 omnium
2082 1499 2293 1554 arbitro
2357 1500 2570 1570 aliquid
2623 1505 3048 1554 consummetur
3108 1505 3209 1553 aut
3277 1499 3621 1570 divulgetur.

351 1586 436 1642 Tu
469 1586 619 1650 enim
646 1591 803 1640 tenes
828 1586 1006 1640 claves
1036 1587 1207 1640 David
1248 1589 1416 1656 (Luca
1443 1589 1542 1656 χι),
1575 1593 1638 1643 tu
1668 1589 1931 1660 accepisti
1949 1589 2128 1644 claves
2157 1589 2422 1644 scientiae.
2446 1589 2510 1644 In
2540 1605 2670 1644 arca
2697 1589 2904 1661 quippe
2935 1589 3178 1661 pectoris
3205 1589 3288 1644 tui
3311 1589 3518 1643 tabulae
3537 1595 3627 1643 te—

352 1674 618 1729 stamenti
635 1680 692 1728 et
705 1690 912 1728 manna
931 1675 1172 1728 scelestis
1193 1676 1412 1746 saporis
1431 1676 1814 1748 requiescunt.
1843 1677 1924 1732 Tu
1949 1679 2098 1733 enim
2115 1678 2264 1750 quod
2284 1678 2444 1749 ligas,
2477 1695 2644 1733 nemo
2664 1679 2830 1732 solvit
2851 1697 2864 1744 ;
2902 1695 2974 1749 qu
2983 1679 3051 1732 od
3074 1678 3261 1732 solvis.
3281 1695 3444 1733 nemo
3458 1679 3620 1749 ligat;

353 1764 449 1834 qui
476 1763 680 1834 aperis,
711 1768 770 1817 et
798 1779 962 1817 nemo
987 1763 1228 1830 claudit;
1261 1765 1494 1832 claudis,
1527 1770 1586 1820 et
1613 1781 1779 1820 nemo
1808 1767 1991 1838 aperit
2017 1769 2230 1834 (Matth.
2265 1772 2392 1835 va).
2427 1767 2622 1821 Vicem
2654 1784 2895 1838 namque
2925 1767 2983 1822 in
3012 1767 3179 1822 terris
3206 1767 3455 1839 possides
3484 1767 3614 1824 Dei.

437 1859 470 1917 |
493 1859 617 1919 τι)
645 1853 785 1908 Cum
812 1846 1002 1908 autem
1028 1854 1176 1908 hunc
1199 1853 1428 1908 beatum
1455 1855 1514 1909 in
1535 1855 1798 1910 Latinum
1827 1861 2101 1910 verterem
2125 1857 2430 1927 eloquium,
2476 1873 2580 1910 nec
2610 1857 2930 1912 Graecorum
2974 1857 3264 1923 idiomata,
3299 1874 3403 1911 nec
3425 1873 3626 1912 eorum

353 1941 607 1996 ordinem
638 1942 931 1997 verborum
961 1944 1120 2014 sequi
1146 1943 1304 2014 potui
1331 1943 1418 1997 vel
1447 1942 1632 1998 debui.
1657 1945 1782 1999 Non
1813 1945 1962 2000 enim
1995 1943 2226 2000 verbum
2255 1962 2288 1999 e
2318 1944 2502 2008 verbo,
2545 1946 2642 2000 sed
2667 1962 2896 2001 sensum
2930 1963 2961 2000 e
3007 1963 3174 2000 sensu
3213 1946 3481 2018 excerpsi.
3517 1947 3630 2000 Sed

348 2047 454 2086 nec
481 2031 709 2086 Latinas
737 2032 958 2102 regulas
987 2048 1392 2103 usquequaque
1419 2048 1642 2086 servare
1671 2033 1880 2099 curavi,
1911 2034 2046 2088 dum
2075 2037 2299 2088 tantum
2326 2034 2567 2088 intentio
2597 2051 2723 2089 mea
2743 2035 2838 2088 illo
2862 2035 3144 2101 tenderet,
3179 2051 3243 2088 ex
3272 2051 3382 2106 quo
3409 2034 3631 2089 utilitas

351 2125 681 2176 nasceretur
706 2120 1041 2190 legentibus.
1072 2122 1194 2184 Qua
1223 2122 1293 2174 de
1321 2137 1400 2185 re,
1433 2121 1748 2190 coangelice
1777 2122 1999 2188 domne,
2033 2139 2145 2177 non
2176 2139 2471 2194 personam
2501 2122 2846 2177 tantillitatis
2877 2140 3014 2177 mea:
3046 2123 3292 2187 intuens,
3326 2141 3438 2178 non
3467 2135 3634 2178 astu-

350 2209 491 2264 tiam
516 2209 876 2280 investigans,
902 2225 1014 2263 non
1039 2209 1332 2263 verborum
1363 2209 1620 2280 phaleras
1647 2210 1958 2281 requirens,
1989 2211 2086 2266 sed
2109 2211 2295 2282 potius
2317 2211 2406 2282 pio
2427 2211 2609 2266 cordis
2629 2212 2788 2265 oculo
2819 2212 3126 2282 profectum
3153 2212 3458 2282 legentium
3480 2230 3630 2284 prae—

349 2313 605 2363 noscens,
639 2304 704 2352 ut
729 2303 922 2352 tantus
950 2298 1036 2351 vir
1061 2304 1332 2369 tanquam
1363 2299 1648 2369 exemplar
1675 2305 1732 2352 et
1750 2301 2049 2370 speculum
2074 2301 2149 2355 sit
2173 2300 2450 2366 omnibus,
2481 2306 2667 2355 vestra
2691 2301 2995 2372 apostolica
3026 2301 3361 2356 auctoritate
3389 2301 3633 2355 transla-

347 2387 562 2442 tionem
585 2387 748 2454 hanc,
783 2388 831 2441 si
863 2393 1043 2441 vestro
1073 2387 1305 2442 arbitrio
1327 2389 1528 2460 placet,
1565 2391 1818 2456 ﬁrmate;
1851 2390 1900 2444 si
1929 2387 2204 2460 displicet,
2235 2390 2562 2457 emendate;
2602 2390 2908 2444 dummodo
2939 2389 3214 2444 Latinitas
3243 2407 3302 2444 se
3325 2397 3483 2444 tant)
3513 2407 3632 2444 non

353 2475 542 2531 doleat
562 2491 683 2531 esse
712 2476 827 2531 sale
858 2475 1152 2548 privatam,
1187 2493 1297 2548 quo
1329 2478 1546 2532 Graecia
1575 2495 1636 2533 se
1665 2478 1878 2549 gaudet
1905 2477 2115 2549 optime
2144 2478 2452 2533 conditam.

423 2565 655 2637 Suscipe
677 2582 814 2636 ergo
843 2571 1100 2620 sanctum
1131 2583 1166 2620 a
1209 2571 1498 2638 peccatore
1547 2567 2012 2638 interpretatum;
2049 2571 2106 2621 et
2130 2568 2245 2622 noli
2275 2567 2565 2622 attendere
2594 2585 2694 2638 per
2713 2583 2882 2638 quem
2913 2567 3224 2621 translatus
3248 2566 3341 2632 sit,
3374 2567 3470 2621 sed
3502 2567 3637 2638 quis

354 2655 664 2710 translatus
693 2654 783 2710 sit.
811 2657 1007 2727 Neque
1037 2655 1184 2710 enim
1215 2661 1445 2728 propter
1463 2656 1709 2710 ﬁstulam
1739 2655 2058 2728 plumbeam
2082 2656 2153 2724 (7)
2187 2672 2391 2728 aquam
2421 2656 2870 2728 limpidissimam
2900 2655 3158 2727 despicis,
3191 2671 3372 2727 neque
3399 2662 3640 2726 propter

357 2744 550 2817 spinas
579 2760 702 2815 quae
752 2745 1084 2816 producunt,
1115 2761 1299 2800 rosam
1325 2761 1448 2816 qua
1497 2745 1824 2817 producitur
1857 2745 2096 2823 spernis.
2133 2745 2334 2800 Custos
2374 2745 2616 2818 denique
2665 2751 2724 2800 et
2751 2750 2972 2800 amator
2993 2749 3143 2809 tuus,
3181 2744 3404 2816 quando
3429 2744 3632 2805 voluit,

357 2832 638 2888 Pharaoni
666 2833 812 2902 (Gen.
846 2836 951 2902 XLI)
983 2840 1042 2889 et
1069 2834 1586 2890 Nabuchodonosor
1606 2835 1771 2902 (Dan.
1805 2837 1878 2903 Iv)
1909 2833 2118 2906 iniquis
2146 2833 2371 2905 regibus
2401 2834 2638 2902 somnia,
2670 2833 2873 2906 quibus
2903 2833 3094 2889 futura
3123 2839 3634 2906 praenoscerentur,

359 2921 634 2990 ostendit;
668 2927 726 2977 et
753 2923 1024 2994 Caipham
1046 2923 1284 2995 impium
1316 2923 1466 2995 quod
1492 2922 1822 2996 expediebat
1843 2923 2078 2994 protulit
2104 2926 2279 2989 (Joan.
2311 2927 2408 2991 XI):
2443 2924 2696 2995 quinimo
2717 2928 2776 2978 et
2803 2923 3026 2994 quando
3048 2921 3241 2989 voluit,
3275 2921 3445 2977 asina:
3475 2922 3639 2993 loqui

359 3010 662 3067 articulate
685 3028 818 3068 voce
847 3011 1106 3084 permisit
1139 3013 1324 3079 (Num.
1359 3014 1512 3079 xm).
1581 3027 1586 3032 δ

1407 3120 1562 3182 Salve,
1585 3116 1774 3182 Presul
1803 3119 2092 3182 amateADoo,
2121 3132 2204 3182 per
2225 3118 2398 3168 secula
2420 3118 2571 3179 salve,

1508 3179 1678 3231 Totius
1707 3185 1850 3244 atque
1876 3179 2006 3230 orbis
2032 3179 2151 3244 papa
2182 3182 2316 3230 beate
2336 3182 2456 3229 vale.

1259 3389 2062 3562 mrooemium
2138 3392 2756 3529 auctoris.

434 3641 681 3699 Intentio
697 3641 926 3714 quidem
938 3657 1055 3698 una
1068 3647 1360 3698 estnostra
1377 3658 1600 3715 quoque
1615 3648 1672 3698 et
1691 3658 1886 3698 eorum
1903 3641 2001 3714 qui
2021 3646 2151 3696 ante
2171 3657 2273 3696 nos
2287 3640 2520 3695 fuerunt
2535 3639 2938 3706 studiosorum,
2955 3643 3012 3694 et
3029 3642 3353 3694 sanctorum
3367 3637 3622 3692 virorum
3633 3681 3647 3704 ,

361 3747 534 3804 super
555 3731 821 3803 praesenti
853 3731 1233 3786 memorabilis
1262 3732 1368 3786 viri
1389 3732 1529 3788 Vitae
1547 3732 1899 3800 narratione;
1922 3731 1979 3786 id
1997 3735 2100 3798 est,
2133 3735 2196 3786 ut
2216 3747 2283 3786 ex
2307 3729 2413 3784 hoc
2427 3729 2686 3784 omnibus
2714 3728 2941 3802 quidem
2970 3727 3213 3782 imitatio
3233 3727 3328 3799 pia
3347 3733 3404 3780 et
3424 3727 3653 3782 utilitas

367 3822 489 3888 ﬁat,
509 3821 692 3891 gloria
719 3825 909 3875 autem
933 3825 989 3874 et
1004 3821 1422 3892 magniﬁcentia
1439 3827 1645 3877 sanctae
1673 3826 1732 3876 et
1758 3820 2055 3876 adorandae
2084 3819 2349 3875 Trinitati
2371 3819 2678 3886 referatur;
2708 3825 2766 3873 et
2793 3819 2850 3872 in
2871 3817 2993 3882 hoc,
3025 3817 3172 3872 sicut
3196 3821 3254 3870 et
3281 3816 3338 3870 in
3363 3815 3651 3881 omnibus,

371 3927 498 3982 quae
523 3926 754 3981 semper
777 3910 836 3964 in
855 3911 1277 3981 generationem
1300 3916 1357 3965 et
1381 3910 1806 3983 generationem
1835 3910 2065 3983 propria
2084 3907 2396 3964 luminaria
2411 3907 2675 3974 ostendit,
2700 3907 2770 3962 ad
2790 3905 3190 3961 illuminandos
3210 3904 3375 3977 quiin
3397 3904 3658 3959 tenebris

355 4005 436 4056 .et
455 3998 748 4055 in’umbra
777 3999 978 4054 mortis
1007 4000 1205 4055 sedent
1234 4002 1382 4060 (Luc.
1414 3999 1460 4071 ι)
1487 4006 1545 4056 et
1573 4001 1802 4074 peccati.
1836 3999 2110 4065 Quoniam
2144 4014 2270 4052 vero
2300 3996 2467 4052 amici
2493 3996 2700 4052 Christi
2727 4012 2841 4050 non
2870 3994 3030 4050 valde
3059 3993 3351 4058 miramur,
3385 3993 3479 4064 qui
3509 3999 3654 4048 ante

381 4088 804 4162 generationem
835 4092 1087 4143 nostram
1116 4089 1346 4144 fuerunt
1371 4088 1492 4155 viri,
1517 4089 1613 4161 qui
1644 4089 1761 4144 Deo
1791 4089 1996 4161 placita
2022 4087 2444 4144 conversatione
2473 4085 2760 4153 vixerunt;
2781 4085 2878 4139 sed
2913 4085 2982 4138 de
3019 4082 3292 4138 diabolica
3320 4082 3658 4154 Operatione

379 4179 508 4234 illos
532 4193 822 4234 sermones
852 4193 1076 4250 semper
1095 4177 1331 4233 dicimus
1359 4179 1428 4233 ad
1455 4179 1815 4246 alterutrum,
1844 4178 1977 4250 quia
2017 4176 2122 4233 sub
2147 4176 2280 4231 viris
2311 4175 2405 4248 qui
2431 4180 2562 4230 ante
2586 4192 2688 4230 nos
2713 4174 2958 4240 fuerunt,
2982 4190 3095 4228 non
3123 4177 3248 4227 erat
3271 4171 3353 4226 ita
3379 4171 3660 4243 iniquitas

376 4267 675 4324 hominum
729 4266 1102 4338 multiplicata
1157 4268 1302 4322 sicut
1357 4269 1562 4336 modo,
1619 4272 1686 4324 ut
1738 4267 1997 4340 praedixit
2045 4266 2234 4322 divina
2287 4265 2578 4337 Scriptura
2605 4306 2618 4329 ,
2671 4281 2736 4319 eo
2787 4263 2938 4334 quod
2996 4261 3300 4317 abundavit
3352 4260 3653 4331 iniquitas,

375 4358 689 4432 refrigescit
715 4357 962 4412 charitas
1002 4359 1308 4412 multorum
1336 4359 1556 4429 (Matth.
1589 4360 1736 4428 xxtv)
1765 4375 1779 4426 ;
1812 4357 1937 4412 ideo
1958 4373 2080 4428 non
2113 4356 2362 4410 valemus
2399 4355 2469 4409 ad
2503 4370 2699 4409 eorum
2739 4368 3077 4423 consurgere
3121 4351 3387 4405 meritum
3415 4369 3426 4403 :
3471 4349 3655 4420 hujus

377 4450 462 4506 rei
479 4448 668 4520 gratia
695 4447 764 4502 ad
796 4451 1131 4519 praesentem
1153 4450 1358 4502 sanctae
1385 4447 1556 4518 hujus
1579 4446 1722 4502 Vitae
1751 4446 2136 4502 narrationem
2168 4461 2232 4499 ex
2253 4449 2412 4516 parte
2431 4443 2688 4498 venimus
2715 4441 2788 4496 ad
2815 4440 3222 4496 ostendendum
3254 4438 3424 4494 etiam
3455 4437 3666 4492 diebus

377 4538 588 4596 nostris
601 4537 869 4602 volentes,
885 4542 942 4591 et
959 4535 1309 4608 propositum
1323 4552 1490 4590 suum
1503 4541 1783 4608 cogentes,
1799 4535 2223 4590 excellentiores
2233 4532 2394 4588 nobis
2410 4532 2806 4596 demonstrari,
2825 4535 2882 4585 et
2890 4535 3186 4600 angustam
3209 4533 3268 4584 et
3276 4532 3487 4583 arctam
3502 4527 3663 4583 viam

382 4645 546 4702 posse
572 4627 832 4683 incedere
855 4626 1078 4692 (Matth.
1115 4628 1213 4694 vn)
1241 4630 1299 4680 et
1326 4624 1616 4680 obstruere
1645 4642 1708 4680 os
1732 4624 2084 4697 loquentium
2115 4623 2311 4695 iniqua
2336 4625 2496 4692 (Psat.
2532 4624 2691 4692 an),
2717 4625 2774 4676 et
2793 4620 2994 4675 anima:
3022 4635 3230 4674 nocuos
3255 4617 3593 4672 intellectus.

450 4719 480 4774 J
485 4734 577 4774 am
609 4715 836 4790 quidem
866 4721 923 4770 et
953 4713 1050 4769 alii
1075 4719 1208 4769 ante
1235 4730 1340 4768 nos
1368 4714 1583 4786 optima
1603 4719 1771 4785 atque
1800 4713 2268 4768 excellentissima
2292 4711 2361 4766 de
2389 4711 2494 4766 hoc
2521 4707 2840 4764 admirabili
2871 4708 2988 4762 viro
3022 4713 3080 4762 et
3113 4723 3334 4762 summo
3362 4705 3664 4760 sacerdote

378 4808 596 4864 Joanne
624 4804 1005 4879 philosophati
1025 4809 1173 4870 sunt,
1189 4807 1446 4876 potentes
1474 4802 1774 4859 existentes
1796 4803 1857 4857 in
1879 4817 2047 4874 opere
2073 4807 2127 4857 et
2144 4802 2202 4856 in
2222 4817 2500 4856 sermone.
2524 4799 2662 4855 Dico
2694 4799 2846 4853 enim
2875 4797 3150 4852 Joannem
3181 4800 3237 4850 et
3267 4793 3655 4866 Sophronium

384 4897 466 4968 (8)
489 4897 593 4952 Dei
621 4897 881 4962 cultores,
913 4901 971 4952 et
993 4900 1277 4951 amatores
1300 4895 1592 4961 virtutum,
1624 4899 1684 4949 et
1709 4893 1936 4966 pietatis
1963 4896 2408 4964 propugnatores
2432 4908 2445 4957 ;
2469 4894 2723 4944 attamen
2750 4886 3002 4958 quamvis
3029 4885 3170 4940 tales
3217 4888 3424 4946 essent,
3458 4882 3528 4937 de
3567 4882 3668 4936 di-

385 4985 604 5057 gnitate
631 4991 688 5041 et
709 4985 912 5042 merito
940 4985 1114 5041 studii
1141 4985 1250 5040 viri
1287 4984 1451 5040 istius
1491 4989 1549 5038 et
1575 4981 1684 5056 ipsi
1711 4982 2043 5048 omiserunt,
2071 4986 2128 5036 et
2169 4980 2412 5052 idipsum
2440 4977 2688 5050 perpessi
2715 4980 2864 5038 sunt,
2918 4973 3068 5046 quod
3115 4972 3373 5028 nonnulli
3419 4971 3671 5026 studiosi

383 5075 662 5148 agricolae,
695 5076 918 5131 vineam
944 5075 1177 5132 uberem
1207 5079 1266 5131 et
1293 5074 1636 5130 fructuosam
1655 5071 2092 5139 vindemiantes;
2125 5086 2257 5124 nam
2286 5067 2613 5138 relinquunt
2638 5065 2834 5136 utique
2853 5080 2921 5118 ex
2963 5063 3148 5117 fructu
3179 5060 3659 5126 benedictionem,

389 5166 562 5223 etiam
591 5165 866 5233 nolentes,
900 5170 1054 5222 retro
1077 5181 1138 5222 se
1166 5163 1532 5238 sequentibus
1561 5161 1751 5234 egenis
1781 5159 2119 5232 eligentibus
2146 5158 2384 5222 vineam,
2416 5172 2483 5211 ex
2503 5153 2706 5226 quibus
2730 5169 2926 5208 sumus
2950 5156 3008 5206 et
3034 5167 3136 5206 nos
3162 5149 3403 5204 minimi.
3433 5149 3578 5238 Nam
3609 5156 3677 5205 et

388 5272 585 5313 omnes
613 5255 793 5311 sancti
820 5255 934 5322 isti,
969 5255 1223 5327 quamvis
1250 5254 1404 5311 omni
1422 5252 1750 5310 fortitudine
1779 5267 1881 5308 sua
1909 5248 2253 5306 fructiferam
2277 5246 2422 5300 hanc
2445 5244 2666 5310 olivam,
2699 5259 2821 5315 quae
2850 5241 2908 5296 in
2938 5241 3106 5295 domo
3135 5238 3258 5306 Dei,
3292 5243 3356 5293 ut
3385 5237 3467 5292 ait
3493 5237 3678 5292 Psal-

381 5346 556 5402 mista
581 5345 742 5415 (Psat.
777 5349 871 5411 ιιι),
899 5345 1151 5415 plantata
1180 5349 1284 5411 est,
1313 5350 1542 5416 propter
1565 5341 1903 5414 multiplices
1925 5355 2122 5396 revera
2149 5337 2342 5403 olivas,
2377 5351 2500 5408 quae
2528 5334 2587 5390 in
2614 5351 2682 5390 ea
2703 5335 2856 5398 sunt,
2888 5331 3004 5386 zelo
3033 5329 3137 5384 Dei
3170 5327 3522 5416 vindemiare
3546 5333 3675 5383 stu-

387 5435 634 5503 duerint,
668 5439 919 5490 attamen
943 5433 1112 5489 latuit
1141 5450 1237 5488 eos
1265 5415 1477 5488 multus
1501 5432 1661 5487 olivae
1697 5430 1931 5496 fructus,
1962 5428 2200 5484 Domino
2229 5427 2614 5498 dispensante.
2642 5425 2907 5479 Nostram
2939 5435 3072 5490 ergo
3099 5418 3266 5473 vilem
3309 5421 3367 5472 et
3394 5415 3672 5487 frigidam

386 5525 738 5582 alacritatem
766 5522 1052 5596 suscipite,
1083 5527 1149 5577 ut
1175 5521 1286 5576 duo
1305 5521 1484 5578 viduae
1513 5521 1735 5576 minuta
1761 5520 1934 5588 (Lucae
1960 5519 2108 5590 xxx);
2139 5533 2253 5572 non
2283 5514 2432 5571 enim
2462 5513 2575 5569 illis
2603 5511 2984 5576 detrahentes,
3017 5524 3201 5582 neque
3230 5505 3326 5580 qui
3372 5505 3668 5596 possimus

387 5632 584 5674 eorum
607 5631 642 5671 a
665 5615 781 5672 Deo
809 5595 1078 5670 donatam
1099 5611 1438 5687 sapientiam
1461 5611 1696 5678 imitari,
1721 5609 1863 5683 justi
1889 5611 2050 5681 gesta
2073 5607 2367 5680 scripturas
2390 5604 2615 5662 tradere
2643 5599 3032 5658 festinavimus
3055 5617 3069 5668 ;
3101 5597 3198 5655 sed
3219 5597 3400 5670 primo
3431 5595 3674 5687 quidem

383 5712 454 5766 ut
481 5705 632 5780 quod
647 5703 1020 5778 intelligimus
1045 5685 1405 5776 nonvjustum
1435 5716 1574 5771 esse,
1621 5716 1690 5759 ea
1714 5715 1836 5775 quae
1864 5703 2100 5774 possunt
2120 5697 2426 5756 utilitatem
2453 5691 2812 5753 audientibus
2842 5690 3048 5758 facere,
3083 5687 3306 5746 silentio
3343 5685 3673 5751 occultare;
