3942 6200
371 300 476 360 341
1282 299 1454 358 VITA
1491 297 1750 358 SANCTI
1787 297 2092 357 JOANNIS
2131 296 2732 360 ELEEHOSYNARII.
3545 304 3654 362 342

375 444 447 483 ne
468 434 526 485 et
551 445 654 485 nos
674 428 987 485 incidamus
1015 427 1073 484 in
1101 427 1375 500 judicium
1404 427 1549 482 servi
1579 425 1729 482 illius
1757 426 1966 488 (Matth.
1989 431 2134 489 xxv).
2167 425 2262 497 qui
2283 426 2560 480 talentum
2586 427 2645 481 in
2669 431 2823 482 terra
2853 431 2891 492 1
2910 431 3036 492 80
3059 425 3367 483 abscondit.
3391 429 3646 486 Secundo

375 523 589 578 autem,
623 525 687 574 ut
715 520 771 573 in
803 520 907 574 hac
937 518 1257 573 narratione
1286 521 1480 571 nostra
1507 517 1870 571 correctiores
1900 521 1957 571 et
1993 515 2348 570 delectabiles
2381 515 2628 570 historiae
2657 515 3098 580 conscribentur,
3132 533 3255 587 quae
3283 519 3503 590 scriptae
3534 537 3643 576 non

373 615 506 662 sunt
536 608 608 662 ab
637 608 864 679 optimis
891 608 1045 670 viris,
1072 607 1129 661 in
1159 605 1418 661 laudibus
1443 606 1777 660 sanctissimi
1806 621 2000 660 revera
2028 610 2196 676 atque
2225 604 2534 659 beatissimi
2565 605 2814 660 Joannis.
2848 606 3060 660 Deinde
3089 623 3236 673 vero,
3269 608 3399 678 quia
3422 611 3649 682 sapien-

370 701 459 750 tes
490 703 549 752 et
568 704 824 768 potentes
854 697 912 751 in
932 713 1210 760 sermone,
1235 702 1516 750 amatores
1547 696 1792 751 historiae
1813 701 1992 759 erant,
2017 695 2302 766 sapienter
2327 700 2384 748 et
2408 695 2723 750 sublimiter
2749 695 3044 748 materiam
3065 695 3470 766 depinxerunt:
3497 701 3646 771 quod

371 785 618 840 maxime
647 791 703 840 et
733 787 1075 858 peramplius
1106 785 1287 840 erexit
1318 801 1420 839 nos
1445 785 1515 840 ad
1545 795 1877 858 praisentem
1907 784 2360 849 sollicitudinem,
2389 789 2454 837 ut
2481 801 2546 838 eo
2571 783 2669 853 qui
2699 783 2846 838 inest
2874 782 3053 845 nobis,
3090 785 3356 856 pedestri,
3387 786 3642 853 deformi,

369 873 684 946 humilique
712 881 1034 930 charactere
1062 891 1472 936 enarraremus,
1501 881 1564 928 ut
1595 881 1783 946 posset
1811 880 1868 930 et
1897 875 2069 929 idiota
2099 880 2155 929 et
2182 874 2303 928 sine
2333 873 2536 928 litteris
2567 874 2636 928 de
2666 873 2754 927 his
2787 889 2912 944 quae
2942 873 3204 928 dicuntur
3243 877 3532 947 proﬁcere.

1731 1110 2309 1246 VITA.

446 1313 633 1366 CAPUT
663 1323 897 1363 PRIMUM.
925 1307 1144 1362 -—Cum
1167 1304 1540 1377 pervenissem
1572 1303 1964 1359 Alexandriam
1983 1302 2412 1373 AEvangelium
2441 1301 2763 1356 audientem
2793 1317 2872 1366 se,
2906 1301 3042 1356 dicit
3063 1301 3201 1356 mihi
3229 1317 3356 1357 cum
3385 1293 3648 1375 compun-

371 1417 476 1471 ego
527 1399 791 1469 indignus
840 1398 910 1451 ad
943 1395 1362 1466 amplectandos
1389 1399 1610 1448 sanctos
1639 1399 1696 1448 et
1732 1393 1967 1447 victores
2048 1395 2232 1446 ctione
2264 1411 2275 1444 :
2311 1394 2374 1447 In
2402 1392 2506 1446 hoc
2534 1391 2776 1454 miraris,
2811 1391 3084 1446 Domine?
3113 1392 3237 1446 Jam
3259 1391 3307 1445 si
3343 1392 3648 1448 invenisses

373 1495 654 1560 martyres
671 1489 878 1559 Cyrum
907 1487 1246 1540 etJoannem
1273 1483 1375 1554 (9),
1409 1488 1467 1538 et
1494 1499 1686 1537 eorum
1705 1483 1967 1553 jucundis
2049 1487 2306 1536 sanctum
2349 1481 2746 1552 patriarcham,
2783 1480 2953 1550 quid?
2981 1480 3084 1534 Aio
3103 1481 3184 1535 ei:
3239 1481 3384 1545 Quid
3406 1482 3648 1553 amplius

383 1000 3647 1027 ﬂ

370 1579 554 1650 epulis
575 1584 631 1631 et
658 1577 959 1631 refectione
980 1571 1776 1636 frueremur,convenientibus
1793 1579 1849 1625 et
1861 1572 1968 1625 col-

368 1666 731 1738 loquentibus
763 1666 968 1718 ibidem
1019 1664 1351 1735 quibusdam
1385 1663 1514 1716 viris
1558 1661 1966 1716 venerabilibus

370 1763 540 1827 atque
563 1755 939 1826 philochristis
971 1754 1059 1820 (lO
1091 1759 1168 1817 ,et
1187 1753 1604 1823 disputaremus
1623 1751 1692 1804 de
1714 1751 1964 1821 Scriptu-

369 1847 448 1899 ris
481 1852 536 1899 et
568 1845 636 1898 de
665 1845 866 1898 animae
894 1843 1267 1906 institutione,
1324 1841 1475 1895 venit
1503 1840 1572 1894 ad
1603 1857 1704 1893 nos
1733 1839 1964 1910 quidam

369 1934 701 2006 peregrinus
757 1939 951 2002 petens
1007 1932 1440 2001 eleemosynam.
1466 1929 1696 1984 Dicebat
1725 1928 1872 1982 enim
1904 1944 1964 1981 se

368 2041 552 2094 nuper
578 2023 646 2076 de
676 2021 996 2092 captivitate
1029 2021 1327 2074 Persarum
1349 2018 1845 2090 ereptum.Accidit
1865 2017 1963 2087 igi-

366 2118 464 2166 tur
501 2119 566 2165 ut
609 2112 795 2165 nullus
818 2111 887 2164 de
917 2109 1334 2164 considentibus
1376 2108 1722 2162 inveniretur
1751 2107 1962 2161 habens

370 2199 614 2270 pretium
656 2205 754 2252 aut
782 2215 1094 2252 nummum.
1117 2198 1272 2251 Unus
1293 2213 1425 2266 ergo
1449 2196 1518 2250 de
1545 2195 1963 2250 considentibus

367 2288 612 2342 habebat
623 2288 734 2341 illic
747 2292 1025 2342 astantem
1041 2286 1446 2339 mercenarium
1457 2285 1674 2349 ,callide
1689 2285 1938 2338 datorem
1949 2325 1962 2350 ,

365 2378 733 2448 accipientem
749 2382 863 2430 tres
877 2381 1098 2430 tantum
1117 2387 1375 2428 nummos
1389 2390 1488 2444 per
1499 2374 1748 2444 singulos
1763 2389 1956 2436 annos,

366 2471 422 2520 et
450 2466 750 2520 habentem
780 2481 1012 2519 uxorem
1043 2470 1099 2518 et
1136 2465 1277 2518 duos
1306 2463 1466 2516 ﬁlios.
1502 2464 1754 2533 Cumque
1786 2479 1963 2515 reces-

363 2554 531 2608 sisset
557 2555 652 2624 qui
693 2553 934 2624 petebat,
969 2557 1296 2623 prosecutus
1309 2556 1394 2605 est
1413 2567 1540 2605 eum
1561 2550 1866 2620 ingeniose,
1906 2553 1964 2602 et

2048 1573 2336 1628 viderem?
2359 1575 2514 1628 Tunc
2529 1573 2671 1627 dixit
2699 1573 2835 1626 mihi
2859 1591 2870 1625 ε
2908 1573 3086 1627 Crede
3107 1591 3208 1644 per
3235 1574 3646 1645 indulgentiam

2048 1663 2169 1718 Dei.
2205 1665 2327 1734 Ipse
2349 1679 2437 1716 me
2453 1662 2583 1716 fecit
2598 1661 3009 1733 presbyterum,
3041 1663 3650 1734 etvicedominum(‘15)

2048 1752 2410 1806 sanctissimae
2433 1751 2695 1816 ecclesiae,
2729 1758 2786 1805 et
2813 1751 2925 1804 vidi
2951 1751 3008 1804 in
3039 1767 3103 1805 eo
3126 1752 3642 1822 opera,universam

2047 1858 2189 1912 pene
2233 1848 2494 1895 naturam
2519 1840 2861 1894 excedentia.
2898 1841 2966 1894 Et
3002 1840 3049 1893 si
3079 1840 3342 1910 dignatus
3378 1841 3549 1896 fueris
3584 1843 3644 1896 in

2047 1931 2271 1984 servilia
2289 1935 2387 1984 tua
2417 1931 2582 1984 hodie
2612 1930 2902 1994 veniendo,
2935 1930 3286 1984 sanctiﬁcare
3330 1947 3452 1990 nos,
3485 1947 3644 1985 enar-

2045 2019 2180 2074 rabo
2212 2019 2311 2073 tibi
2331 2025 2512 2089 gesta,
2535 2035 2658 2076 quas
2678 2019 2796 2089 ipse
2825 2019 3108 2088 inspector
3139 2035 3333 2072 eorum
3359 2019 3538 2074 factus
3558 2037 3644 2075 as-

2045 2109 2189 2180 pexi.
2225 2110 2476 2178 Cumque
2524 2109 2628 2161 hoc
2669 2107 2917 2173 dixisset,
2968 2107 3126 2161 tenui
3156 2124 3385 2162 manum
3413 2113 3470 2163 et
3497 2110 3647 2164 erexi

2047 2214 2176 2251 eum
2207 2216 2219 2264 ;
2271 2197 2827 2268 apprehendensque,
2862 2195 3022 2250 duxit
3045 2213 3135 2250 me
3167 2196 3224 2249 in
3252 2213 3286 2250 a
3314 2197 3431 2252 Deo
3459 2214 3642 2253 serva-

2046 2291 2163 2340 tam
2193 2286 2422 2340 domum
2451 2302 2630 2340 suam.
2665 2286 2688 2339 I
2718 2301 2862 2354 aque
2888 2301 3014 2339 cum
3029 2285 3294 2340 voluisset
3311 2286 3470 2341 nobis
3490 2303 3642 2342 men-

2045 2392 2164 2429 sam
2185 2375 2448 2442 dignatus
2477 2390 2778 2446 apponere,
2806 2373 2918 2428 dixi
2953 2374 3023 2428 ad
3061 2390 3189 2428 eum
3221 2394 3234 2428 :
3266 2376 3392 2430 Non
3421 2376 3641 2446 justum

2045 2469 2146 2527 est,
2173 2481 2204 2518 ο
2236 2463 2489 2530 Domine,
2523 2463 2728 2517 animae
2771 2463 2958 2516 cibum
2988 2463 3386 2533 relinquentes,
3438 2481 3642 2536 corpus

2044 2559 2175 2607 ante
2202 2553 2450 2624 animam
2470 2554 2719 2616 reﬁcere,
2742 2552 2841 2606 sed
2863 2552 3042 2622 magis
3070 2552 3255 2606 cibum
3286 2553 3382 2622 qui
3405 2569 3517 2607 non
3547 2571 3640 2624 pe-

362 2642 598 2697 abstulit
619 2659 722 2696 asc
737 2659 903 2712 quam
921 2641 1134 2694 ferebat
1151 2640 1484 2694 cruciculam
1505 2645 1828 2709 argenteam
1851 2639 1891 2705 (‘l
1913 2624 2024 2706 I)B
2043 2642 2136 2707 rit,
2165 2659 2474 2706 sumamus,
2505 2647 2562 2696 et
2590 2641 2947 2712 postmodum
2986 2642 3204 2712 corpori
3243 2642 3638 2698 necessitatem

361 2739 418 2785 et
443 2733 543 2785 dat
569 2732 641 2796 ei,
679 2732 870 2784 dicens
899 2747 958 2784 se
980 2747 1089 2784 non
1122 2729 1329 2783 habere
1371 2728 1520 2782 aliud
1546 2727 1756 2798 aliquid
1780 2744 1957 2798 usque

361 2821 432 2874 ad
455 2821 719 2890 siliquam
769 2837 938 2872 unam
973 2820 1080 2886 (12)
1136 2818 1192 2871 in
1242 2819 1355 2871 vita
1383 2835 1503 2870 sua.
1537 2818 1651 2886 Ego
1686 2817 1859 2886 igitur
1887 2817 1956 2869 de

360 2909 467 2963 hoc
491 2909 643 2980 quod
662 2909 960 2970 acciderat,
1007 2908 1120 2960 imo
1139 2907 1283 2978 quod
1296 2913 1516 2976 gestum
1555 2905 1822 2970 videram,
1858 2921 1957 2974 per

358 2999 607 3067 gratiam
620 2997 721 3052 Dei
739 2997 1097 3052 considerans
1109 2996 1254 3066 quod
1268 2995 1553 3061 fecerat,et
1565 2999 1952 3064 compunctus,

357 3087 620 3141 enarravi
646 3087 833 3140 statim
855 3102 1026 3157 prope
1053 3084 1288 3148 sedenti,
1313 3085 1530 3137 Mennie
1551 3082 1795 3147 nomine,
1838 3083 1954 3136 viro

352 3175 638 3229 industrio
667 3185 724 3229 et
745 3175 963 3229 timenti
995 3175 1192 3237 Deum,
1227 3173 1322 3243 qui
1343 3179 1400 3226 et
1421 3178 1542 3226 erat
1575 3172 1840 3225 ordinans
1865 3172 1951 3225 di-

349 3265 771 3335 spensationem
823 3263 1189 3318 sanctissimae
1233 3263 1476 3316 ecclesia)
1523 3259 1625 3315 sub
1678 3261 1851 3314 nobili
1897 3265 1954 3315 et

351 3353 680 3408 beatissimo
715 3356 928 3408 Joanne
960 3352 1296 3424 patriarcha.
1319 3351 1425 3415 Qui
1454 3368 1578 3404 cum
1603 3367 1691 3402 me
1715 3349 1950 3404 intuitus

347 3449 500 3496 esset
521 3443 893 3497 admirantem
931 3448 987 3496 et
1009 3443 1332 3496 laudantem
1363 3457 1492 3494 eum
1517 3439 1613 3510 qui
1647 3439 1948 3510 eleemosy-

345 3548 483 3586 nam
499 3533 869 3596 fecerat,dixit
887 3531 1054 3585 mihi:
1079 3533 1161 3586 Ne
1186 3530 1424 3595 mireris,
1441 3546 1505 3582 eo
1525 3529 1672 3599 quod
1693 3545 1756 3582 ex
1769 3528 1946 3581 tradi-

344 3622 505 3674 tione
537 3628 593 3674 et
613 3621 868 3675 doctrina
891 3620 1214 3691 hujusmodi
1237 3619 1470 3673 actionis
1500 3622 1762 3689 operator
1776 3617 1945 3670 exsti-

343 3710 441 3764 tit.
467 3711 537 3764 Et
553 3711 770 3764 dicente
784 3727 871 3763 me
893 3711 962 3763 ad
983 3727 1131 3773 eum,
1154 3708 1444 3772 Quomodo
1468 3708 1492 3760 ’ἲ
1518 3713 1747 3778 propter
1767 3705 1946 3761 chari-

341 3805 526 3852 tatein
552 3798 814 3870 prodesto
836 3798 991 3852 mihi.
1018 3800 1141 3868 Ipse
1157 3797 1497 3868 respondens
1511 3796 1620 3850 ait:
1654 3794 1947 3850 Sanctissi-

341 3905 441 3941 mo
456 3895 544 3940 ter
559 3888 720 3941 lieato
737 3887 1066 3959 patriarchae
1081 3893 1270 3940 nostro
1287 3885 1613 3939 ministrans
1634 3884 1944 3954 permansit

2039 2737 2384 2802 praestemus.
2421 2732 2564 2785 Cum
2592 2747 2725 2800 ergo
2760 2729 3018 2800 cepisset
3063 2730 3235 2784 vitam
3291 2731 3468 2785 sancti
3516 2732 3637 2787 sine

2039 2820 2328 2874 mendacio
2348 2818 3158 2888 recitare,Primum,inquit,et
3176 2819 3518 2891 principuum
3542 2820 3636 2875 bo-

2038 2925 2173 2962 num
2205 2910 2326 2978 ejus
2348 2908 2742 2978 fuit,quoniam
2774 2907 3110 2962 omnimodis
3131 2924 3240 2962 non
3247 2909 3632 2977 juravit.Petii

2038 2997 2211 3068 igitur
2237 2998 2488 3051 chartam
2521 3003 2577 3050 et
2607 2996 3094 3062 atramentarium,
3133 3001 3188 3051 et
3225 3013 3346 3068 qua:
3376 2998 3635 3054 diceban-

2037 3092 2150 3152 tur,
2186 3103 2288 3157 per
2315 3086 2566 3140 ordinem
2599 3085 2960 3140 annotabam.

2109 3176 2239 3229 CAP.
2265 3176 2336 3229 II.
2372 3205 2437 3215 —
2460 3175 2757 3228 Promotus
2796 3191 2949 3244 ergo,
2983 3180 3040 3229 et
3067 3175 3126 3229 in
3147 3175 3351 3230 throno
3380 3176 3632 3232 residens

2035 3265 2094 3318 in
2124 3265 2305 3318 amica
2325 3263 2534 3318 Christi
2551 3279 2760 3334 magna
2779 3263 3001 3317 civitate
3021 3263 3376 3328 Alexandria,
3405 3265 3630 3320 decreto

2033 3353 2219 3407 divino
2277 3353 2568 3417 veraciter,
2603 3357 2661 3405 et
2687 3367 2800 3406 non
2830 3368 2892 3405 ex
2925 3352 3262 3416 hominibus,
3312 3370 3494 3424 neque
3528 3372 3630 3426 per

2031 3443 2306 3507 homines,
2334 3441 2696 3513 hocprimum
2715 3441 2859 3494 forte
2881 3440 3089 3494 factum
3111 3447 3168 3496 et
3185 3442 3483 3513 praemium
3511 3460 3628 3498 om-

2032 3530 2196 3585 nibus
2225 3530 2646 3585 demonstravit.
2684 3529 2906 3584 Mittens
2934 3529 3085 3583 enim
3118 3547 3243 3584 mox
3273 3531 3625 3602 dispensato-

2028 3638 2138 3686 res,
2160 3627 2217 3675 et
2241 3637 2368 3675 eum
2392 3619 2486 3691 qui
2507 3618 2796 3674 dicebatur
2821 3635 2991 3690 super
3013 3635 3207 3690 pacem
3232 3619 3272 3690 (l
3287 3619 3356 3688 6-,
3380 3621 3514 3676 dicit
3532 3638 3627 3676 co-

2026 3727 2149 3764 ram
2180 3709 2440 3764 omnibus
2460 3709 2526 3762 ad
2548 3724 2643 3762 eos
2665 3707 2724 3762 in
2750 3706 3062 3762 honorabili
3081 3715 3294 3764 secreto
3315 3709 3429 3781 (17)
3453 3726 3467 3766 :
3499 3712 3625 3766 Non

2021 3801 2242 3870 justum
2294 3803 2398 3862 est,
2431 3797 2652 3861 fratres,
2697 3813 2800 3851 nos
2826 3802 2957 3850 ante
3011 3797 3244 3852 alterius
3289 3799 3623 3871 cujusquam

2025 3904 2216 3942 curam
2246 3885 2452 3939 habere
2483 3901 2652 3956 quam
2673 3885 2898 3940 Christi.
2925 3886 3091 3940 Omni
3111 3903 3236 3940 vero
3264 3888 3627 3944 multitudine

338 3977 567 4041 Joanni,
586 3985 644 4030 et
672 3985 939 4047 tanquam
969 3977 1116 4029 ﬁlius
1149 3975 1408 4045 proprius
1420 3973 1943 4045 patrisindustriam
1971 3979 2148 4047 aqua;
2167 3980 2520 4039 convenerat,
2569 3974 2760 4029 audito
2815 3974 2982 4029 verbo
3007 3982 3343 4046 compuncta
3369 3994 3435 4031 ac
3457 3979 3625 4033 susti-

338 4067 611 4137 suscepit,
645 4067 865 4120 dicente
895 4071 1085 4119 sancto
1114 4065 1184 4118 ad
1211 4080 1338 4117 eum
1364 4081 1377 4114 :
1399 4062 1639 4116 Humilis
1654 4061 1935 4126 Zacharia,

337 4165 464 4208 esto
497 4155 840 4222 misericors;
871 4162 928 4209 et
956 4153 1182 4208 verbum
1201 4151 1372 4206 habes
1401 4169 1467 4205 ex
1493 4153 1607 4205 Deo
1641 4167 1741 4221 per
1764 4149 1942 4204 infeli-

336 4244 570 4297 citatem
599 4261 801 4310 meam,
839 4245 969 4315 quia
994 4260 1174 4316 neque
1213 4243 1270 4297 in
1298 4241 1412 4296 vita
1440 4257 1565 4294 mea
1593 4256 1773 4312 neque
1816 4243 1942 4310 post

338 4339 582 4386 mortem
604 4333 833 4388 deerita
861 4339 916 4387 te
943 4333 1116 4386 Deus:
1167 4331 1312 4402 quod
1343 4336 1528 4384 servat
1541 4344 1719 4401 usque
1751 4328 1935 4382 hodie.

337 4421 550 4474 Multas
575 4421 723 4476 enim
762 4421 1175 4476 benedictiones
1208 4420 1381 4474 mittit
1411 4420 1462 4473 ei
1505 4420 1674 4483 Deus,
1699 4417 1796 4471 sed
1827 4433 1939 4470 non

333 4509 579 4564 dimittit
607 4511 1085 4581 quidquam,quod
1103 4527 1213 4564 non
1235 4509 1424 4564 statim
1449 4509 1545 4562 det
1573 4505 1932 4578 pauperibus,

330 4599 744 4670 propemodum
775 4599 1161 4670 constringens
1183 4604 1239 4652 et
1273 4599 1332 4652 in
1379 4597 1616 4651 nihilum
1678 4595 1937 4666 redigens

331 4687 568 4740 domum
581 4704 760 4741 suam.
787 4689 1069 4742 Multoties
1091 4694 1281 4742 autem
1311 4687 1367 4741 in
1398 4685 1767 4740 exsultatione
1787 4684 1936 4738 inve-

329 4782 545 4830 nerunt
575 4793 704 4830 eum
736 4777 983 4848 quidam,
1018 4777 1454 4831 dicentemDeo:
1489 4775 1579 4830 Sic
1609 4774 1707 4838 sic,
1741 4778 1841 4827 aut
1869 4779 1932 4826 tu

329 4865 632 4929 mittendo,
663 4872 763 4919 aut
781 4883 884 4937 ego
898 4867 1267 4937 dispergendc-
1290 4885 1302 4932 ;
1329 4863 1638 4920 videbimus
1658 4879 1788 4916 vero
1807 4862 1930 4934 quis

328 4954 539 5007 vincat.
574 4955 772 5024 Liquet
818 4956 968 5009 enim
994 4955 1259 5027 quoniam
1288 4961 1351 5009 tu
1390 4954 1561 5019 dives,
1593 4953 1848 5016 Domine,
1873 4956 1930 5004 et

329 5041 460 5094 vita:
492 5049 694 5096 nostrae
733 5043 1083 5097 ministrator
1114 5061 1192 5097 es.
1219 5045 1392 5097 Porro
1415 5049 1499 5097 est
1521 5041 1744 5112 quando
1767 5041 1929 5110 juxta

325 5138 595 5185 eventum
621 5148 735 5186 non
764 5131 932 5186 habet
959 5132 1028 5186 ad
1054 5133 1248 5186 horam
1271 5132 1481 5202 aliquid
1503 5132 1651 5202 quod
1688 5131 1784 5184 det
1812 5146 1846 5182 a
1867 5145 1927 5182 se

323 5222 579 5291 petenti;
613 5227 671 5275 et
682 5221 938 5275 tristatus
965 5221 1102 5276 dicit
1123 5222 1191 5276 ad
1213 5221 1596 5277 tabernarium
1614 5225 1715 5276 aut
1740 5219 1810 5274 ad
1828 5235 1927 5273 ne-

2022 4064 2568 4130 nente,dicititerum
2591 4064 2684 4117 ille
2704 4063 2918 4119 beatus:
2941 4065 3148 4120 Euntes
3177 4081 3310 4135 ergo
3325 4083 3426 4137 per
3443 4072 3622 4123 totam

2023 4152 2324 4218 civitatem,
2381 4151 2712 4208 conscribite
2757 4160 2793 4219 Ι
2815 4159 2873 4220 8
2891 4160 2926 4218 ι
2971 4154 3109 4208 mihi
3139 4171 3316 4226 usque
3345 4156 3415 4210 ad
3443 4173 3619 4213 unum

2023 4257 2218 4295 omnes
2232 4241 2490 4296 dominos
2503 4258 2676 4296 meos.
2693 4241 2809 4296 Illis
2833 4247 3021 4296 autem
3043 4259 3155 4298 non
3172 4243 3619 4314 intelligentibus

2023 4331 2120 4401 qui
2144 4330 2202 4384 hi
2233 4335 2438 4396 essent,
2471 4331 2568 4384 sed
2599 4330 2925 4400 rogantibus
2953 4331 3158 4398 dicere,
3183 4338 3241 4386 et
3271 4332 3610 4390 mirantibus

2022 4420 2251 4490 quinam
2269 4419 2597 4491 patriarchae
2607 4419 2820 4474 domini
2836 4420 3156 4483 existerent,
3180 4422 3470 4494 respondit
3496 4439 3618 4479 rur-

2020 4525 2114 4563 sus
2145 4509 2458 4579 angelicum
2482 4508 2623 4564 illud
2654 4525 2734 4575 os,
2759 4515 2816 4564 et
2845 4509 2926 4564 ait
2953 4528 2964 4563 :
3017 4509 3177 4575 Quod
3209 4528 3302 4566 vos
3323 4528 3528 4582 egenos
3559 4519 3618 4568 et

2017 4599 2304 4652 mendicos
2329 4599 2556 4666 vocatis,
2593 4598 2720 4654 illos
2749 4616 2852 4672 ego
2883 4599 3140 4655 dominos
3163 4606 3220 4655 et
3255 4601 3612 4657 auxiliatores

2016 4687 2274 4759 praedico.
2303 4688 2418 4760 Ipsi
2445 4687 2596 4743 enim
2619 4688 2778 4744 nobis
2811 4706 2937 4745 vere
2957 4696 3014 4744 et
3040 4689 3318 4755 auxiliari,
3354 4695 3412 4744 et
3451 4691 3612 4746 coelo-

2016 4794 2140 4832 rum
2172 4795 2407 4850 regnum
2422 4778 2930 4850 donare’poterunt.
2964 4780 3032 4834 Et
3057 4797 3184 4834 cum
3200 4780 3305 4835 hoc
3318 4781 3497 4836 multa
3515 4799 3611 4837 ve-

2013 4867 2237 4921 locitate
2282 4867 2510 4923 vidisset
2551 4868 2760 4922 factum
2806 4867 3014 4922 Christi
3045 4868 3316 4935 imitator,
3348 4871 3613 4943 praecepit

2012 4955 2092 5010 eis
2131 4973 2232 5026 per
2282 4957 2531 5027 singulos
2579 4957 2699 5011 dies
2729 4957 3010 5028 stipendia
3045 4957 3238 5024 tribui,
3281 4963 3340 5013 et
3364 4977 3466 5031 per
3483 4977 3610 5032 pro-

2008 5044 2193 5115 prium
2246 5045 2689 5116 dispensatorem
2715 5045 2971 5117 praebens
3006 5046 3087 5102 eis
3114 5047 3487 5104 sufficientem
3505 5066 3608 5105 ne-

2009 5134 2328 5190 cessitatem
2353 5152 2363 5186 :
2407 5135 2532 5206 plus
2557 5141 2748 5190 autem
2785 5141 2948 5190 erant
2978 5153 3146 5208 quam
3179 5144 3395 5209 septem
3424 5139 3606 5194 millia

2009 5224 2324 5296 quingenti.
2355 5225 2512 5281 Tunc
2551 5225 2710 5297 quasi
2738 5232 2932 5299 pastor
2958 5243 3123 5283 verus
3153 5233 3213 5282 et
3240 5244 3352 5283 non
3390 5245 3605 5287 merce-

318 5308 664 5379 gotiatorem
696 5328 707 5363 :
747 5310 832 5364 Da
861 5310 997 5365 mihi
1013 5327 1191 5366 unum
1220 5311 1538 5366 tremissem
1563 5309 1700 5382 ‘13),
1729 5316 1785 5366 et
1806 5327 1924 5366 ser-
1942 5300 1991 5360 D
2009 5314 2220 5381 uarius,
2247 5331 2374 5369 cum
2395 5331 2553 5370 sacro
2584 5332 2686 5372 suo
2723 5316 2853 5371 ovili
2883 5321 2939 5372 et
2965 5333 3090 5372 cum
3121 5318 3598 5385 convenientibus,

320 5397 474 5450 viam
503 5398 606 5452 tibi
625 5415 738 5454 uno
781 5415 971 5455 mense
1021 5401 1107 5455 vel
1161 5400 1399 5467 duobus,
1423 5406 1487 5456 ut
1513 5400 1596 5456 vis
1615 5407 1672 5456 et
1697 5402 1794 5458 ubi
1823 5404 1924 5472 vis,

318 5487 596 5556 quoniam
627 5488 887 5544 esuriunt
917 5490 1073 5545 valde
1102 5490 1200 5560 qui
1234 5491 1293 5544 in
1322 5490 1489 5544 domo
1515 5507 1642 5544 mea
1670 5499 1818 5546 sunt.
1861 5494 1930 5548 Et

317 5592 556 5632 sumens
582 5577 680 5633 dat
697 5594 894 5650 egeno,
919 5595 1123 5650 rogans
1153 5583 1216 5636 ut
1242 5579 1453 5636 nemini
1468 5579 1784 5637 dicat.Cum
1797 5599 1929 5656 ergo

318 5667 597 5724 sensisset
623 5668 876 5726 meidem
907 5669 1008 5726 Dei
1034 5670 1214 5728 cultor
1233 5670 1465 5728 Mennas
1499 5669 1626 5742 (14),
1654 5676 1927 5744 tanquam

2009 5403 2217 5458 sanctis
2238 5403 2370 5460 viris
2391 5405 2663 5477 episcopis
2683 5406 2754 5460 ad
2771 5406 3062 5462 ecclesiam
3089 5413 3341 5463 sanctam
3364 5424 3602 5480 pergens

2009 5499 2367 5548 consecratus
2391 5500 2478 5550 est
2493 5493 2680 5550 divino
2704 5495 2916 5567 judicio
2948 5495 3074 5566 (18).

2083 5582 2213 5638 CAP.
2235 5583 2408 5640 III.-
2437 5585 2465 5640 J
2473 5589 2660 5641 ustum
2689 5601 2819 5640 vero
2849 5591 2935 5642 est
2955 5591 3013 5641 et
3033 5585 3139 5640 hoc
3161 5590 3449 5656 gestorum
3478 5585 3601 5654 ejus

2012 5687 2126 5729 non
2153 5677 2492 5747 postponere
2519 5673 2750 5734 bonum.
2789 5675 2854 5732 In
2873 5674 3182 5733 crastinum
3221 5675 3374 5732 enim
3400 5673 3608 5729 iterum
