3942 6200
363 278 470 338 343

1390 281 1484 334 DE
1523 279 2049 354 VITIS‘PATRUM
2086 274 2300 332 LIBER
2336 270 2628 328 PRIMUS.

3538 269 3644 329 344

368 407 598 463 mittens
632 422 733 476 per
777 408 957 459 totam
994 403 1278 459 civitatem
1316 406 1541 461 eosdem
1600 409 1702 463 Dei
1731 408 1960 474 amicos,
1981 408 2193 468 Aeum,
2218 418 2288 456 ne
2315 399 2520 463 tardet,
2549 396 2646 453 sed
2666 395 2804 451 illud
2828 396 3123 468 Prophetas
3155 396 3368 452 dictum
3389 396 3647 469 protinus

371 511 686 552 (economos
733 499 789 547 et
836 491 1195 547 cancellarios
1243 493 1368 562 (19),
1411 501 1465 550 et
1489 496 1735 568 reliquos
1761 496 1964 568 quibus

371 593 494 641 erat
518 584 804 656 dispositio
829 583 1068 637 civitatis
1090 584 1440 649 credita,non
1471 588 1729 657 permisit
1743 604 1965 641 mensu~

371 692 492 730 ram
511 674 974 744 qualemcunque,
997 673 1081 726 vel
1100 674 1317 742 pondus
1341 691 1573 744 parvum
1590 677 1674 730 vel
1694 693 1965 746 magnum

368 763 430 818 in
458 768 574 816 tota
604 761 824 814 civitate
853 779 866 826 ;
899 761 998 814 sed
1028 761 1219 815 omnia
1231 761 1302 815 .in
1326 778 1442 816 una
1471 765 1760 836 Campana
1789 770 1966 819 state-

370 868 435 906 ra
470 849 602 916 (20),
628 849 814 903 modio
828 855 885 903 et
902 849 1096 904 artabe
1116 849 1251 919 (‘21),
1276 851 1516 906 vendere
1543 858 1601 906 et
1629 869 1815 908 emere
1838 870 1965 908 con-

368 938 955 1004 testabatur,scribens
975 938 1032 992 in
1047 938 1456 1010 subscriptione
1474 957 1575 995 sua
1586 942 1968 997 conditionem

371 1043 474 1098 per
511 1043 736 1080 omnem
775 1027 1084 1096 regionem,
1139 1027 1440 1082 habentem
1481 1029 1721 1084 formam
1774 1031 1918 1084 hanc
1951 1049 1962 1083 :

379 1133 402 1165 α
428 1116 672 1170 Joannes
713 1115 940 1168 humilis
971 1121 1026 1169 et
1063 1116 1297 1187 exiguus
1328 1134 1520 1174 servus
1543 1135 1830 1174 servorum
1864 1120 1970 1174 Do-

374 1203 514 1257 mini
544 1204 720 1257 nostri
750 1205 882 1258 Jesu
930 1205 1158 1270 Christi,
1209 1206 1468 1260 omnibus
1507 1207 1608 1261 sub
1641 1213 1970 1279 paupertate

375 1298 568 1347 nostra
605 1293 954 1362 degentibus,
989 1293 1196 1364 quique
1216 1295 1284 1348 ab
1305 1295 1500 1349 eodem
1524 1297 1762 1350 Domino
1779 1303 1836 1351 et
1854 1299 1971 1351 Deo

373 1387 566 1436 nostro
586 1381 864 1451 regimini,
886 1383 1027 1435 hmc:
1053 1384 1286 1454 Egregio
1314 1383 1478 1438 beato
1504 1385 1696 1449 Paulo,
1723 1403 1822 1456 per
1842 1403 1969 1442 eum

377 1471 472 1542 qui
501 1471 557 1524 in
589 1487 652 1524 eo
687 1471 1329 1540 loquebatur,Christum
1354 1473 1607 1542 jubente,
1629 1480 1686 1527 et
1713 1476 1972 1530 omnibus

376 1561 561 1630 legem
581 1565 842 1631 ponente,
866 1560 1100 1614 Obeditc
1135 1562 1445 1632 praepositis
1465 1563 1661 1617 vestris
1691 1568 1747 1617 et
1780 1564 1971 1634 subja-

377 1654 496 1702 cete
523 1648 603 1702 eis
629 1667 640 1714 ;
667 1649 772 1718 ipsi
803 1649 951 1701 enim
982 1650 1336 1718 pervigilant,
1370 1651 1529 1720 quasi
1563 1652 1840 1706 rationem
1870 1670 1971 1724 pro

2047 493 2424 549 exclamamus
2456 488 2608 542 :Cito
2637 487 2907 556 anticipet
2950 503 3051 540 nos
3101 486 3485 540 misericordia
3512 492 3632 551 tua,

2046 582 2281 640 Dmnine
2315 582 2474 643 (Psal.
2501 577 2750 648 LXXVIII):
2771 577 3067 648 quomodo,
3092 583 3275 648 putas,
3296 593 3398 630 nos
3428 593 3650 630 conser-

2048 688 2243 726 vorum
2273 675 2592 724 nostrorum
2624 668 2920 738 petitiones
2950 684 3077 721 cum
3107 667 3258 721 omni
3292 667 3650 720 festinatione

2047 761 2316 816 debemus
2337 773 2914 830 peragere,memorcs
2930 756 3153 810 Dumini
3169 757 3432 810 dicentes:
3459 757 3520 810 In
3535 773 3649 827 qua

2049 867 2315 905 mensura
2334 848 2513 902 mensi
2527 846 3096 909 fueritis,remetietur
3108 846 3261 899 vobis
3275 847 3492 912 (Matth.
3526 846 3646 916 vn).

2052 940 2121 992 Et
2148 938 2440 1008 Prophetae
2483 936 2686 1008 iterum
2724 933 3067 1005 perhibentis
3104 953 3114 986 :
3157 934 3647 997 Quemadmodum

2049 1025 2466 1098 perfecisti,erit
2482 1023 2623 1077 tibi?
2650 1025 2773 1076 Una
2789 1023 3158 1093 ergodierum
3175 1023 3342 1076 simili
3367 1023 3532 1076 modo
3559 1022 3650 1074 hic

2053 1115 2326 1170 mirabilis
2339 1113 2728 1184 procedens,ct
2744 1113 2800 1165 in
2815 1113 2978 1165 solito
3008 1113 3128 1164 loco
3151 1112 3454 1182 praesidens
3467 1128 3649 1181 usque

2053 1206 2122 1259 ad
2155 1205 2353 1258 horam
2398 1203 2673 1273 quintam,
2709 1207 2766 1255 et
2807 1201 3030 1254 nemine
3062 1201 3379 1264 accedente,
3413 1207 3650 1254 maestus

2056 1300 2111 1348 et
2139 1295 2545 1364 collacrymans
2570 1291 2829 1356 recessit;
2855 1290 3008 1344 nullo
3040 1296 3231 1344 autem
3263 1289 3503 1342 audente
3517 1305 3648 1342 eum

2055 1384 2402 1452 interrogare
2415 1397 2640 1434 causam
2657 1379 2930 1442 maeroris,
2955 1385 3182 1432 sanctus
3203 1378 3547 1449 Sophronias
3569 1378 3652 1430 ait

2056 1473 2125 1526 ad
2159 1489 2287 1526 eum
2317 1477 2530 1525 secreto
2547 1469 2676 1539 (illic
2693 1469 2842 1523 cnim
2865 1474 3146 1526 erattunc)
3170 1488 3180 1521 :
3202 1469 3335 1531 Quae
3350 1484 3516 1521 causa
3540 1472 3644 1528 est,

2054 1561 2156 1616 Dei
2185 1558 2732 1622 curator-,retinentis
2748 1558 3000 1612 animum
3019 1564 3179 1610 tuum
3201 1563 3455 1611 sanctum
3478 1555 3652 1610 tristi-

2054 1649 2370 1703 tiae?omnes
2387 1648 2591 1718 quippe
2603 1663 2703 1700 nos
2721 1652 2952 1716 repente
2976 1645 3344 1699 conturbavit.
3373 1644 3479 1708 Qui
3509 1644 3654 1697 dixit

376 1737 672 1790 animabus
701 1738 900 1790 vestris
922 1738 1192 1792 reddituri
1229 1741 1408 1804 (Hebr.
1442 1743 1559 1806 xm)
1596 1760 1607 1794 :
1641 1741 1820 1795 credit
1849 1747 1974 1796 tan-
1989 1765 2035 1824 Β
2054 1739 2106 1793 ei
2136 1743 2430 1792 mansueta
2454 1754 2584 1791 voce
2618 1735 2830 1790 :Hodie
2850 1733 2957 1803 ('23)
2984 1734 3213 1788 humilis
3243 1735 3485 1788 Joannes
3517 1749 3654 1803 qua-

376 1825 576 1880 tillitas
596 1843 739 1891 mea,
775 1825 944 1879 verbo
965 1827 1152 1881 divino
1183 1827 1505 1882 obedientes
1538 1846 1652 1893 vos,
1687 1831 1972 1901 suscip’ere
1991 1823 2019 1824 ί
2056 1830 2389 1898 lemcunque
2412 1826 2726 1880 mercedem
2757 1841 2792 1878 a
2817 1825 3078 1895 quopiam
3103 1841 3214 1878 non
3246 1823 3650 1893 habuit,neque

376 1915 678 1986 petitiones
701 1921 920 1968 nostras
944 1921 1006 1969 ut
1027 1933 1092 1970 ex
1114 1917 1246 1980 Deo,
1269 1922 1447 1972 etnon
1469 1935 1535 1971 ex
1561 1919 1808 1986 homine,
1824 1921 1973 1974 unde

376 2003 484 2056 hoc
525 2003 723 2066 sciens,
757 2020 958 2057 moneo
1010 2005 1340 2058 charitatem
1365 2012 1624 2071 vestram,
1657 2013 1722 2060 ut
1759 2025 1975 2078 nequa-

379 2110 548 2164 quam
595 2093 653 2146 in
689 2093 953 2163 quopiam
999 2099 1245 2146 vestrum
1290 2102 1560 2164 appareat
1589 2096 1976 2165 hujuscemodi

379 2182 781 2253 praevaricatio.
817 2181 1088 2251 Denique,
1122 2188 1185 2234 ut
1215 2183 1294 2235 ait
1323 2183 1974 2253 divinaScriptura,Sta-

375 2274 558 2323 teram
584 2286 847 2339 magnam
860 2275 916 2322 et
933 2286 1162 2339 parvam
1186 2271 1313 2324 odio
1331 2271 1501 2325 habet
1524 2273 1670 2326 Deus
1688 2277 1861 2338 (Prov.
1881 2279 1972 2339 x1).

381 2359 439 2416 Si
467 2376 597 2414 vero
625 2359 751 2429 quis
795 2359 1123 2430 apparuerit
1159 2365 1285 2429 post
1315 2367 1648 2430 praesentem
1703 2362 1978 2433 subscrip-

377 2448 548 2503 tionis
596 2454 802 2502 nostraa
831 2447 1231 2512 conditionem,
1277 2449 1598 2503 istiusmodi
1648 2450 1862 2504 crimen
1895 2451 1977 2504 in-

379 2538 589 2600 cidens,
621 2537 911 2591 universas
941 2536 1234 2590 facultates
1255 2553 1386 2590 suas
1428 2537 1825 2608 indigentibus,
1865 2557 1976 2594 non

378 2627 591 2692 volens,
622 2625 744 2679 sine
782 2625 1059 2691 mercede,
1089 2631 1352 2696 apponet.
1393 2645 1414 2676 ι
1461 2628 1627 2697 Ergo,
1656 2633 1720 2682 ut
1743 2629 1977 2699 dignum

381 2715 674 2778 memoria,
706 2720 764 2768 et
781 2715 887 2767 hoc
941 2714 1126 2783 ipsum
1171 2714 1456 2784 publicum
1508 2723 1849 2788 praeceptum
1888 2719 1979 2772 hic

382 2819 591 2875 ponere
612 2803 1018 2857 festinavimus.
1417 2807 1429 2824 ‘

455 2893 585 2946 CAP.
615 2893 783 2946 IV.—
814 2893 1074 2946 Relatum
1101 2898 1186 2946 est
1209 2898 1400 2947 autem
1420 2893 1722 2964 aliquando
1751 2895 1880 2950 huic
1897 2897 1980 2950 di-

381 2981 590 3036 vinitus
616 2981 950 3053 sapientiam
982 2983 1454 3053 consecuto,quod
1484 2999 1586 3054 per
1606 2984 1771 3038 xenia
1799 2986 1977 3039 eccle-

2057 1918 2281 1972 Christo
2312 1933 2412 1987 pro
2442 1915 2755 1969 innumeris
2785 1918 3022 1985 peccatis
3051 1915 3172 1983 ejus
3193 1913 3403 1982 aliquid
3425 1912 3648 1975 obtulit,

2056 2007 2202 2061 sicut
2221 2023 2323 2059 nec
2341 2005 2670 2075 aliquando.
2708 2003 2808 2058 Cui
2823 2009 3049 2057 sanctus
3076 2002 3422 2072 Sophronius
3446 2001 3652 2054 divini-

2059 2102 2151 2150 tus
2180 2095 2503 2165 inspiratus,
2532 2093 2820 2163 respondit
2866 2094 3011 2161 (mox
3043 2091 3191 2144 enim
3223 2091 3495 2144 intellexit
3525 2106 3656 2143 cau-

2059 2201 2179 2238 sam
2211 2183 2280 2237 ob
2307 2199 2476 2252 quam
2508 2183 2654 2236 idem
2695 2181 3029 2235 tristabatur
3055 2180 3388 2250 patriarcha)
3420 2198 3432 2232 :
3470 2179 3652 2231 llodie

2061 2272 2284 2343 quidem
2312 2272 2558 2341 gaudere
2580 2277 2636 2324 et
2659 2270 2838 2324 lactari
2865 2275 2903 2334 ι
2920 2275 3042 2335 92
3057 2267 3653 2338 oportet,beatissime;

2058 2361 2493 2414 veraciterenim
2514 2359 2869 2413 beatissimus
2901 2375 2978 2423 es,
3003 2358 3082 2411 ita
3112 2357 3410 2428 paciﬁcans
3436 2372 3468 2408 a
3491 2354 3657 2409 Chri-

2059 2456 2146 2504 sto
2168 2449 2441 2502 creditum
2473 2449 2576 2502 tibi
2599 2465 2850 2518 gregem,
2883 2453 2947 2500 ut
2976 2446 3188 2500 nullam
3227 2444 3432 2498 habeat
3459 2451 3660 2498 contra

2061 2539 2375 2610 proximum
2398 2554 2559 2591 suum
2583 2537 2740 2590 litem
2754 2543 2852 2590 aut
2870 2535 3235 2600 dubietatem,
3268 2534 3363 2588 sed
3387 2534 3538 2586 vclut
3558 2550 3659 2586 an-

2057 2629 2216 2697 gelos
2233 2627 2354 2680 sine
2381 2627 2563 2696 litigio
2593 2631 2649 2680 et
2676 2625 2796 2679 sine
2837 2625 3046 2695 judicio
3088 2623 3344 2678 homines
3373 2639 3493 2676 esse
3525 2619 3656 2674 feci-

2062 2716 2154 2770 sti.
2189 2716 2286 2770 Ille
2318 2719 2507 2769 autem
2560 2732 2688 2768 vere
2726 2714 2879 2767 mitis
2904 2720 3115 2784 pastor,
3148 2712 3379 2766 credens
3401 2709 3547 2781 quod
3567 2709 3658 2761 di-

2059 2810 2209 2858 ctum
2243 2810 2366 2858 erat
2392 2820 2586 2858 verum
2605 2821 2747 2868 esse,
2782 2803 2972 2857 oculos
2992 2803 3049 2855 in
3079 2802 3280 2855 coelum
3325 2799 3656 2855 extendens.

2059 2893 2314 2947 dicebat:
2357 2893 2582 2946 Gratias
2598 2890 2833 2962 agotibi,
2860 2893 3025 2955 Deus,
3061 2891 3191 2960 quia
3238 2896 3295 2944 et
3313 2887 3663 2942 immeritam

2060 2983 2582 3054 pusillanimitatem
2615 2997 2798 3034 meam
2814 2980 3124 3034 sacerdotio
3152 2978 3389 3048 fungi,et
3419 2993 3508 3030 me
3539 2975 3663 3029 exi-

383 3069 480 3124 size
509 3075 753 3124 rectores
785 3069 957 3140 empti
987 3087 1256 3141 personas
1275 3071 1594 3142 acciperent
1612 3072 1760 3127 circa
1797 3073 1980 3145 diSpo-
1999 3080 2234 3143 Cguum
2273 3077 2330 3125 et
2379 3078 2749 3141 peccatorem,
2781 3069 3129 3123 sacerdotem
3170 3074 3328 3122 tuum
3357 3066 3558 3128 vocari,
3597 3071 3663 3118 et

385 3158 618 3213 sitiones
647 3159 1012 3230 captivorum.
1048 3159 1199 3222 Quos
1211 3159 1350 3213 nihil
1380 3159 1690 3230 negligens,
1716 3178 1980 3216 convoca-

381 3248 506 3314 vit;
559 3254 616 3302 et
642 3248 926 3302 neminem
982 3249 1205 3318 penitus
1253 3265 1611 3320 exasperans,
1653 3253 1981 3322 superauxit

383 3337 670 3392 mercedes
691 3354 813 3408 quae
851 3337 932 3391 eis
978 3338 1134 3409 prius
1161 3337 1460 3404 dabantur,
1479 3355 1692 3409 ponens
1720 3341 1972 3407 verbum,

381 3431 660 3499 quatenus
681 3443 919 3481 munera
938 3444 970 3480 a
991 3427 1241 3496 quolibet
1267 3427 1606 3483 omnimodis
1633 3445 1745 3483 non
1768 3431 1979 3502 accipe-

382 3521 545 3570 rent:
579 3515 876 3580 Quoniam,
908 3515 1112 3586 inquit,
1147 3516 1290 3585 ignis
1312 3521 1605 3570 consumet
1633 3517 1829 3572 domos
1855 3535 1980 3572 mu-

383 3621 523 3660 nera
552 3604 967 3675 accipientium.
1020 3605 1096 3657 Ex
1124 3609 1258 3656 tunc
1288 3605 1461 3674 igitur
1489 3621 1589 3676 per
1611 3606 1855 3676 gratiam
1880 3607 1982 3661 Dei

386 3694 812 3748 abundaverunt
857 3692 1057 3746 domus
1100 3709 1313 3759 eorum,
1336 3693 1417 3746 ita
1452 3699 1516 3748 ut
1544 3693 1778 3764 quidam
1807 3712 1873 3748 ex
1902 3696 1981 3750 eis

387 3783 590 3836 addita:
610 3782 715 3837 sibi
737 3781 1010 3835 mercedis
1032 3783 1406 3852 quantitatem
1429 3783 1799 3838 dimitterent.

459 3871 589 3925 CAP.
623 3871 758 3922 ν..-
791 3870 1020 3924 Discens
1048 3887 1180 3923 vero
1209 3871 1511 3942 aliquando
1551 3871 1758 3926 iterum
1783 3873 1876 3928 ille
1895 3879 1983 3929 ter

386 3960 558 4023 dives,
589 3959 736 4030 quod
752 3959 979 4030 quidam
1000 3959 1076 4028 inj
1086 3959 1265 4014 uriam
1283 3967 1614 4031 paterentur
1625 3961 1696 4015 ab
1719 3963 1981 4018 adversa-

385 4049 486 4103 riis
513 4048 650 4113 suis,
685 4053 741 4101 et
767 4048 1016 4102 volentes
1046 4049 1200 4103 adire
1237 4051 1598 4116 eum,timore
1627 4053 1984 4108 cancellario-

386 4155 514 4194 rum
540 4143 598 4192 et
616 4137 857 4192 ecclesiae
886 4137 1241 4192 defensorum
1266 4137 1380 4206 (‘2?)
1407 4145 1577 4210 atque
1602 4139 1652 4194 ei
1673 4142 1982 4197 astantium

385 4226 1218 4300 prohiberentur,consideravit
1243 4229 1356 4281 tale
1387 4229 1520 4299 quid
1539 4229 1652 4283 Deo
1691 4237 1982 4302 acceptum

2061 3178 2289 3232 pascere
2314 3159 2706 3214 rationabilem
2725 3175 2955 3229 gregem
2967 3164 3128 3212 tuum
3139 3158 3402 3227 dignatus
3415 3172 3493 3209 es.
3529 3155 3662 3208 Mox

2062 3267 2195 3320 ergo
2234 3249 2698 3320 pusillanimitate
2719 3248 2871 3301 omni
2892 3245 3437 3318 deposita,gaudium
3467 3244 3524 3297 in
3550 3244 3660 3296 hu-

2061 3339 2298 3394 militate
2344 3339 2588 3392 multum
2633 3337 2714 3390 illi
2743 3337 2939 3391 adfuit.
2963 3338 3124 3390 Hunc
3153 3351 3280 3389 vero
3309 3337 3392 3402 (ut
3419 3333 3655 3404 quidam

2063 3428 2249 3499 aiunt)
2274 3428 2332 3482 in
2360 3428 2464 3481 hoc
2491 3427 2744 3480 imitatus
2775 3432 2860 3481 est
2903 3425 3324 3490 Constantinus,
3385 3423 3478 3493 qui
3529 3427 3666 3492 post

2065 3519 2384 3572 Heraclium
2408 3517 2803 3588 imperatorem
2834 3516 3066 3580 exstitit,
3086 3516 3245 3585 cujus
3265 3519 3324 3568 et
3352 3513 3498 3566 ﬁlius
3512 3517 3661 3564 erat.

2137 3608 2267 3662 CAP.
2300 3607 2394 3661 VI.
2423 3637 2492 3646 —
2514 3607 2694 3676 Hujus
2723 3605 2899 3660 sancti
2932 3603 3262 3676 patriarcha:
3309 3600 3668 3672 temporibus

2065 3696 2428 3750 ascendentes
2448 3697 2637 3750 Persa).
2665 3694 2779 3766 ('24)
2806 3695 3224 3765 captivaverunt
3258 3697 3313 3747 et
3351 3689 3667 3761 depraedati

2065 3790 2200 3840 sunt
2249 3785 2489 3857 Syriam.
2541 3785 2736 3855 Itaque
2768 3801 2906 3855 pene
2963 3801 3156 3838 omnes
3189 3781 3283 3854 qui
3314 3778 3668 3851 effugiebant

2065 3890 2268 3928 manus
2289 3875 2682 3937 Persarum,ad
2703 3891 2907 3928 nomen
2918 3875 3088 3944 hujus
3107 3878 3194 3926 ter
3211 3871 3667 3939 beati,tanquam

2063 3964 2134 4016 ad
2165 3969 2390 4034 portum
2434 3963 2556 4017 sine
2587 3965 2759 4017 fluctu
2823 3961 3208 4027 accurrebant,
3266 3960 3336 4014 ab
3365 3976 3430 4013 eo
3462 3965 3519 4012 et
3547 3957 3665 4027 ipsi

2064 4053 2333 4123 suffragio
2359 4058 2416 4106 et
2445 4053 2796 4123 susceptione
2833 4051 3047 4122 perfrui
3093 4050 3458 4121 postulantes.
3504 4048 3665 4111 Quos

2065 4140 2262 4196 beatus
2277 4142 2382 4196 iste
2401 4141 2642 4212 hospitio
2672 4141 2994 4212 recipiebat,
3029 4148 3087 4195 et
3114 4139 3508 4195 consolabatur
3546 4155 3666 4191 non

2063 4235 2334 4302 tanquam
2354 4231 2723 4302 captivos,sed
2743 4231 2903 4301 quasi
2924 4237 3126 4284 natura
3143 4228 3413 4284 veraciter
3433 4229 3662 4281 fratres.

384 4317 677 4389 negotium
709 4336 721 4384 ;
755 4322 812 4371 et
839 4321 1041 4387 quarta
1074 4322 1130 4371 et
1158 4323 1314 4371 sexta
1343 4317 1482 4372 feria
1522 4318 1741 4389 publice
1768 4337 1982 4392 ponens
2064 4320 2343 4376 Continuo
2366 4337 2498 4389 ergo
2516 4321 2768 4390 plagatos
2785 4320 3012 4390 quidem
3043 4326 3100 4373 et
3126 4319 3378 4372 inﬁrmos
3397 4317 3457 4370 in
3483 4332 3665 4370 xeno-

384 4409 581 4464 sellam
603 4411 661 4461 et
687 4407 799 4461 duo
820 4423 1066 4470 scamna,
1095 4406 1326 4460 sedebat
1354 4413 1486 4461 ante
1519 4408 1828 4474 ecclesiam,
1863 4411 1976 4464 col-
1999 4439 2046 4497 Β
2065 4410 2279 4464 dochiis
2310 4415 2366 4462 et
2394 4409 2730 4463 nosocomiis
2765 4409 2898 4462 fecit
2926 4408 3271 4469 recumbere,
3329 4405 3666 4477 praecipiens

382 4495 966 4569 loquensquibusdam
986 4495 1231 4549 strenuis
1255 4496 1508 4557 viris,aut
1522 4503 1715 4552 sancta
1727 4499 1978 4570 Evange-
2000 4495 2034 4497 _
2065 4515 2259 4553 curam
2289 4499 2370 4552 eis
2395 4504 2452 4552 et
2501 4498 2834 4552 medicinam
2878 4498 3056 4569 gratis
3085 4497 3336 4568 impendi
3369 4515 3381 4561 ;
3428 4499 3486 4548 et
3521 4502 3666 4548 tunc

382 4587 463 4642 lia
489 4603 605 4658 prae
621 4584 879 4639 manibus
894 4584 1334 4642 tenens,nullum
1355 4585 1499 4640 tanti
1520 4585 1770 4657 obsequii
1781 4604 1980 4658 appro-
2065 4587 2577 4658 recedere,quando
2591 4587 2976 4658 unusquisque
2999 4603 3191 4641 eorum
3215 4585 3440 4657 pr0pria
3467 4583 3668 4638 volun-

384 4675 658 4748 pinquare
705 4674 809 4728 sibi
839 4673 1190 4746 permittens,
1253 4680 1482 4744 excepto
1532 4691 1642 4730 uno
1690 4676 1982 4730 defensore
2065 4682 2183 4732 tate
2211 4678 2391 4730 vellet.
2428 4677 2633 4730 Eorum
2648 4694 2798 4742 vero,
2833 4677 3064 4747 quicum
3091 4675 3210 4730 sani
3227 4678 3420 4729 essent
3444 4679 3501 4727 et
3531 4689 3668 4742 ege-

386 4763 942 4828 ecclesiae,licentiam
963 4770 1020 4817 et
1041 4763 1440 4817 confidentiam
1468 4764 1604 4818 dare
1627 4764 1900 4820 festinans
1918 4783 1980 4820 se
2064 4767 2140 4833 ni,
2171 4765 2472 4820 veniebant
2502 4766 2570 4819 ad
2601 4782 2796 4836 rogam
2817 4763 3215 4824 :25).masculis
3231 4763 3454 4834 quidem
3468 4762 3669 4831 singu-

387 4853 542 4910 adire
569 4853 916 4920 volentibus;
951 4852 1152 4924 quibus
1171 4857 1228 4908 et
1249 4853 1542 4908 confestim
1570 4854 1718 4925 quod
1748 4855 1980 4925 dignum
2063 4856 2146 4910 las
2175 4855 2409 4927 siliquas
2438 4853 2642 4921 dabat;
2674 4853 3204 4908 mulieribusautem
3235 4859 3291 4906 et
3311 4851 3668 4923 puellis,tan-

389 4946 636 5012 erat,per
653 4941 900 4998 ecclesiae
945 4943 1266 4998 defensores
1295 4942 1564 5009 faciebat;
1608 4948 1664 4998 et
1693 4944 1981 5016 praecipie—
2063 4962 2232 5016 quam
2288 4943 2691 4999 infirmioribus
2725 4943 3030 5007 'membris,
3077 4941 3258 4996 binas.
3291 4940 3667 4995 Venientibus

388 5030 486 5085 bat
510 5035 575 5086 ut
598 5047 761 5085 nemo
773 5048 964 5086 eorum
983 5037 1257 5103 gustaret,
1274 5033 1644 5104 quoadusque
1655 5034 1984 5088 ordinarent
2063 5040 2252 5089 autem
2282 5033 2618 5106 quibusdam
2649 5033 2860 5086 indutis
2874 5031 3220 5086 ornamentis
3244 5030 3428 5085 aureis
3451 5037 3506 5083 et
3520 5030 3665 5084 dex-

389 5120 800 5192 capitulum.Et
828 5121 1185 5178 audientibus
1213 5121 1436 5178 dicebat
1477 5141 1490 5176 :
1525 5123 1582 5178 Si
1600 5139 1701 5177 nos
1726 5123 1981 5178 homines

389 5209 708 5276 existentes,
742 5211 1166 5280 permissionem
1216 5229 1439 5284 semper
1469 5229 1569 5284 pro
1617 5212 1981 5283 petitionibus

387 5299 595 5355 nostris
624 5298 894 5353 habemus
918 5299 1269 5371 ingrediendi
1297 5303 1529 5357 domum
1548 5301 1735 5369 Dei,et
1760 5302 1982 5374 petitio-

388 5405 489 5446 nes
510 5394 732 5445 nostras
761 5395 923 5444 notas
959 5390 1139 5445 facere
1169 5391 1240 5456 ei,
1263 5391 1518 5446 videlicet
1543 5391 1886 5447 intractabili
1913 5409 1979 5448 ac

388 5480 542 5538 omni
569 5484 839 5537 creaturae
859 5481 1318 5554 supereminenti,
1337 5487 1507 5554 atque
1529 5499 1758 5555 operam
1778 5483 1978 5540 damus

389 5587 498 5645 quo
524 5586 716 5645 preces
742 5574 948 5628 nostrae
975 5570 1338 5643 impleantur,
1369 5587 1474 5628 nec
1486 5587 1599 5629 non
1628 5578 1687 5631 et
1713 5590 1976 5647 rogamus

2061 5124 2383 5189 tralibus,et
2403 5122 2780 5194 quaerentibus
2800 5122 3071 5192 eleemosy
3080 5137 3232 5182 nam,
3253 5119 3568 5174 referebant
3587 5121 3667 5176 de

2063 5214 2145 5268 eis
2175 5213 2505 5285 patriarcha;
2539 5211 2595 5266 hi
2633 5211 2837 5282 quibus
2858 5216 2982 5266 erat
3017 5227 3154 5281 roga
3181 5210 3500 5264 credita.Ad
3513 5226 3665 5280 quos

2057 5304 2260 5360 beatus
2289 5304 2382 5358 ille
2407 5309 2564 5358 torvo
2595 5303 2753 5357 oculo
2799 5318 2864 5356 ac
2891 5316 3087 5356 severa
3131 5317 3262 5355 voce
3293 5317 3448 5366 usus,
3479 5315 3665 5371 quan-

2062 5411 2231 5467 quam
2252 5393 2404 5449 mitis
2439 5398 2587 5448 esset
2615 5398 2672 5448 et
2698 5392 2849 5448 visus
2870 5392 3083 5456 hilaris,
3106 5391 3248 5446 dixit
3277 5409 3290 5444 :
3325 5390 3384 5446 Si
3423 5389 3662 5461 quidem

2059 5484 2290 5541 humilis
2319 5483 2567 5549 Joannis,
2603 5470 2718 5538 imo
2757 5481 2965 5538 Christi
3022 5481 3437 5554 dispensatores
3483 5479 3662 5535 vultis

2059 5591 2199 5644 esse,
2230 5574 2416 5630 divino
2451 5577 2728 5646 praecepto
2761 5571 2882 5628 sine
2935 5571 3239 5629 calliditate
3289 5569 3532 5636 obedite,
3564 5571 3661 5626 di-
