3942 6200
320 271 430 327 345
1231 271 1402 327 VITA
1438 271 1698 328 SANCTI
1735 273 2041 330 JOANNIS
2079 271 2685 329 ELEEMOSYNARII.
3495 264 3598 321 346

319 396 472 452 centi
503 412 516 448 :
552 395 720 450 Omni
750 395 963 468 petenti
1001 400 1058 452 te
1086 397 1159 452 da
1189 399 1361 461 (Lucas
1375 402 1471 462 vi).
1507 400 1564 455 Si
1605 405 1794 455 autem
1823 398 2164 462 ve-Adines
2195 400 2435 455 habente
2463 415 2528 453 ex
2557 400 2674 453 Deo
2702 395 2905 451 humili
2947 401 2983 461 1
3003 399 3126 461 83
3153 393 3345 450 anima
3371 377 3514 456 mea,
3539 391 3597 447 hi

323 487 549 540 nientes
585 486 801 540 curiose
847 487 1328 557 investigaveritis,
1379 490 1528 543 Deus
1574 491 1920 546 curiosorum
2004 491 2276 545 increduli
2302 490 2536 544 fortasse
2561 488 2724 542 hodie
2753 491 3042 552 venerunt,
3077 492 3134 540 et
3148 503 3236 540 me
3264 485 3594 540 indifﬁden-

323 575 715 630 ministrorum
739 592 851 648 non
865 576 1097 646 indiget,
1128 594 1309 648 neque
1331 579 1559 633 humilis
1575 581 1834 634 Joannes.
1863 580 1922 635 Si

247 732 268 738 _
326 665 478 720 enim
526 682 650 735 quae
689 667 896 720 dantur
923 683 1049 720 mea
1091 667 1409 733 existerent,
1445 675 1503 722 et
1530 685 1749 724 mecum
1791 676 1925 724 nata

327 761 536 819 essent,
583 755 819 809 fortasse
857 754 997 810 bene
1028 756 1088 810 in
1125 757 1264 810 meis
1307 763 1474 811 tenax
1509 759 1824 813 existerem.
1866 759 1924 813 Si

325 861 459 898 vero
482 861 605 914 quae
633 845 841 898 dantur
858 845 959 899 Dei
978 846 1331 916 sunt,utique
1350 846 1407 900 in
1431 848 1545 900 suis
1581 855 1922 920 praeceptum

326 951 497 988 suum
528 934 796 988 custodiri
823 935 960 988 vult.
1005 934 1062 988 Si
1091 941 1282 989 autem
1305 953 1370 989 ex
1407 937 1798 991 incredulitate
1826 943 1925 992 aut

328 1023 552 1077 modica
580 1023 688 1076 ﬁde
716 1023 853 1077 illud
880 1023 1108 1089 timetis,
1141 1040 1211 1078 ne
1239 1024 1381 1078 forte
1402 1025 1700 1080 multitudo
1729 1043 1923 1080 eorum

329 1111 536 1182 quibus
564 1113 788 1177 dantur,
824 1118 1053 1184 superet
1080 1113 1373 1167 introitum
1403 1114 1786 1185 pecuniarum;
1821 1133 1924 1186 ego

327 1206 529 1256 vestrae
544 1202 759 1272 pusillae
779 1203 910 1256 ﬁdei
926 1203 1326 1257 communicari
1349 1221 1459 1258 non
1477 1205 1684 1275 patior.
1701 1205 1921 1259 Etenim

326 1291 374 1343 si
406 1289 755 1361 beneplacito
783 1292 884 1345 Dei
914 1296 1100 1346 actum
1124 1299 1210 1346 est
1231 1298 1294 1347 ut
1321 1310 1500 1347 essem
1529 1310 1631 1363 ego
1662 1294 1922 1364 indignus

326 1379 684 1451 dispensator
704 1381 825 1450 ejus
845 1397 1164 1446 munerum,
1189 1383 1234 1436 si
1256 1388 1410 1436 totus
1434 1384 1675 1438 mundus
1697 1400 1925 1454 congre-

324 1475 560 1538 garetur
577 1469 925 1523 Alexandriae
945 1470 1312 1541 eleemosynae
1337 1471 1611 1541 indigens,
1623 1472 1923 1527 immensos

327 1558 626 1611 thesauros
645 1557 742 1612 Dei
753 1575 868 1612 non
885 1559 1474 1631 angustabunt,neque
1489 1567 1740 1615 sanctam
1755 1562 1925 1615 eccle-

327 1663 469 1700 81am
479 1687 491 1699 .

2003 582 2139 635 tiam
2174 597 2361 634 secum
2394 579 2594 632 cadere
2624 577 3012 631 hortabantur.

2077 671 2206 724 CAP.
2244 670 2391 723 VIII.
2429 699 2488 708 —-
2521 668 2717 721 Adhuc
2749 664 2853 733 (‘28)
2881 665 3152 720 existente
3183 664 3378 717 eadem
3404 662 3595 733 populi

2004 759 2365 814 multitudine
2379 757 2436 810 in
2457 757 2698 821 civitate,
2725 756 2951 826 quidam
2967 753 3391 825 peregrinorum
3405 752 3595 806 videns

2003 855 2219 902 tantam
2253 849 2373 918 ejus
2403 845 2864 917 compassionem,
2893 844 3068 898 voluit
3090 848 3308 896 tentare
3333 859 3462 895 eum
3498 860 3509 908 ;
3543 845 3601 894 et

2006 939 2237 992 indutus
2257 937 2592 991 vestimenta
2612 940 2818 998 vetera,
2839 934 2980 988 adiit
2994 950 3142 998 eum,
3178 937 3404 986 euntem
3424 931 3495 984 ad
3525 929 3601 983 vi-

2006 1027 2257 1080 sitandos
2287 1026 2381 1096 qui
2423 1026 2482 1079 in
2511 1023 2829 1078 nosocomio
2856 1022 3136 1093 jacebant.
3177 1022 3271 1076 Bis
3301 1021 3450 1075 enim
3500 1036 3600 1091 per

2005 1115 2410 1170 hebdomadam
2443 1115 2528 1168 vel
2557 1120 2644 1168 ter
2664 1113 2783 1167 ibat
2811 1113 2958 1166 illuc.
2989 1113 3058 1165 Et
3073 1111 3208 1164 dicit
3225 1111 3295 1164 ad
3316 1127 3464 1163 eum:
3500 1109 3599 1163 Mi-

2003 1221 2188 1258 serere
2215 1205 2346 1269 mei,
2381 1203 2643 1274 quoniam
2672 1202 2921 1273 captivus
2941 1218 3088 1256 sum.
3117 1199 3262 1253 Dicit
3290 1198 3600 1252 datorizDa

2004 1294 2055 1347 ei
2085 1311 2179 1349 sex
2205 1295 2562 1348 numismata.
2599 1292 2812 1346 Deinde
2837 1308 2963 1344 cum
2986 1292 3107 1344 haec
3123 1286 3604 1358 accepisset,vadit

2007 1389 2064 1437 et
2095 1389 2277 1437 mutat
2307 1383 2578 1441 habitum.
2611 1388 2668 1435 et
2708 1381 2895 1435 obviat
2916 1379 2967 1433 ei
2999 1379 3244 1444 aliunde,
3282 1382 3339 1430 et
3369 1375 3608 1446 procidit

2006 1473 2077 1536 ei,
2105 1473 2295 1527 dicens
2321 1490 2331 1525 :
2360 1472 2625 1526 Miserere
2655 1471 2784 1535 mei,
2805 1470 2937 1540 quia
2957 1472 3227 1522 coarctor.
3255 1466 3401 1520 Dicit
3419 1465 3602 1518 denuo

2006 1561 2325 1632 patriarcha
2353 1560 2535 1614 datori
2562 1579 2571 1612 :
2606 1561 2690 1613 Da
2717 1559 2767 1613 ei
2800 1576 2894 1612 sex
2920 1573 3182 1611 nummos
3211 1572 3430 1609 aureos.
3458 1554 3601 1608 Cum

2007 1668 2138 1721 ergo
2167 1651 2322 1716 isset,
2356 1651 2491 1704 dicnt
2529 1650 2623 1703 ille
2655 1649 2984 1702 distributor
3005 1647 3074 1699 ad
3105 1662 3300 1700 aurem
3334 1644 3481 1697 illius
3509 1659 3603 1712 pa-

399 1737 532 1789 Cxp.
563 1734 1024 1808 VII.-Cumque
1052 1736 1188 1791 istos
1217 1738 1571 1805 dimississet,
1603 1739 1918 1794 universam
1940 1722 1988 1783 B
2008 1742 2264 1794 triarchae
2289 1759 2300 1794 :
2346 1741 2455 1793 Per
2483 1740 2766 1792 orationes
2808 1743 2956 1800 tuas,
3004 1735 3246 1799 domine,
3300 1733 3448 1786 idem
3479 1732 3601 1801 ipse

327 1841 453 1894 quae
510 1825 954 1880 circumdederat
990 1826 1115 1880 illos
1155 1827 1519 1881 defectionem
1553 1835 1610 1883 et
1647 1829 1924 1883 modicam

326 1914 497 1967 ﬁdem
531 1914 809 1979 scindens,
845 1915 1176 1985 loquebatur
1204 1916 1291 1969 his
1318 1917 1414 1986 qui
1443 1917 1495 1971 ei
1525 1917 1919 1984 consedebant,

327 2008 385 2056 et
410 2003 842 2057 admirabantur
852 2004 920 2057 de
940 2021 970 2058 a
988 2005 1102 2058 Deo
1115 2005 1248 2058 data
1269 2006 1716 2076 eicompassione
1739 2025 1749 2059 :
1779 2008 1920 2061 Cum

327 2108 531 2156 essem,
547 2092 825 2162 inquiens,
841 2093 898 2145 in
930 2094 1112 2164 Cypro
1128 2094 1310 2148 adhuc
1330 2096 1552 2164 juvenis
1574 2097 1732 2167 quasi
1752 2112 1925 2150 anno-

327 2197 453 2234 rum
482 2181 824 2251 quindecim,
848 2182 1008 2235 video
1038 2199 1151 2236 una
1172 2184 1420 2238 noctium
1447 2185 1504 2238 in
1536 2185 1745 2239 somnis
1773 2187 1924 2256 puel-

327 2270 442 2322 lam
463 2271 952 2340 quamdam,cujus
971 2272 1179 2342 spccies
1195 2289 1367 2343 supra
1381 2273 1554 2326 solem
1574 2267 1918 2344 Splendebat,

326 2364 586 2412 ornatam
614 2375 786 2430 supra
808 2377 1032 2413 omnem
1053 2361 1362 2415 humanum
1382 2378 1757 2432 sensum,quae
1777 2362 1928 2416 venit

325 2453 384 2501 et
411 2448 568 2501 stetit
598 2455 730 2502 ante
754 2449 959 2502 lectum
978 2467 1185 2514 meum,
1209 2457 1265 2504 et
1281 2451 1519 2521 pulsavit
1539 2468 1627 2504 me
1647 2452 1705 2505 in
1726 2453 1854 2506 late:
1873 2468 1921 2506 e.

2006 1830 2218 1900 accepit
2243 1829 2505 1883 secundo.
2527 1828 2680 1881 Fecit
2706 1843 2835 1880 vero
2864 1825 3105 1895 seipsum
3129 1821 3447 1894 patriarcha
3471 1825 3596 1873 tan-

2007 1937 2174 1990 quam
2207 1918 2465 1972 nesciret.
2496 1917 2663 1970 Venit
2691 1916 2879 1987 itaque
2905 1914 3072 1968 tertio
3094 1914 3300 1966 iterum
3322 1910 3592 1980 accipere,

2007 2014 2065 2062 et
2081 2008 2269 2078 tetigit
2287 2008 2449 2061 dator
2458 2007 2836 2078 patriarcham
2856 2004 2950 2074 qui
2967 2019 3169 2057 aurum
3189 1997 3602 2067 ferebat,signi-

2006 2099 2178 2151 ﬁcans
2201 2098 2346 2167 quod
2364 2098 2482 2166 ipse
2504 2103 2669 2149 esset.
2693 2096 2848 2148 Tunc
2866 2091 3153 2162 respondit
3170 2090 3219 2144 ei
3243 2089 3341 2143 Dei
3363 2087 3598 2151 amicus,

2006 2186 2099 2240 ille
2129 2187 2402 2239 veraciter
2417 2185 2748 2239 misericors:
2776 2185 2859 2237 Da
2878 2182 2927 2235 ei
2955 2180 3246 2235 duodecim
3259 2177 3605 2232 numismata

2007 2292 2078 2329 ne
2107 2276 2251 2329 forte
2283 2275 2540 2329 Christus
2569 2290 2726 2326 meus
2755 2273 2846 2333 sit,
2881 2278 2937 2324 et
2963 2275 3142 2324 tentet
3170 2285 3279 2321 me.

2079 2366 2208 2418 CAP.
2237 2365 2331 2418 IX.
2360 2395 2422 2403 —
2446 2364 2755 2417 Nauclerus
2787 2361 3013 2431 quidam
3035 2358 3364 2430 peregrinus
3393 2355 3603 2410 damna

2006 2453 2273 2524 pertulit;
2316 2459 2373 2506 et
2399 2453 2671 2506 accedens
2690 2452 2838 2520 hunc
2866 2449 3091 2503 beatum
3125 2448 3324 2510 virum,
3367 2443 3604 2514 rogabat

327 2537 758 2607 Expergefactus
786 2555 933 2603 vero,
968 2539 1126 2593 video
1155 2556 1280 2592 eam
1313 2539 1370 2594 in
1399 2540 1631 2594 veritate
1656 2546 1920 2606 stantem,
2009 2560 2136 2596 eum
2166 2543 2356 2596 multis
2394 2541 2672 2612 lacrymis,
2724 2545 2788 2594 ut
2814 2543 3228 2609 compateretur
3266 2535 3338 2601 ei,
3371 2535 3517 2588 sicut
3544 2536 3602 2586 et

324 2633 384 2678 et
405 2626 677 2680 testimavi
706 2643 831 2680 eam
851 2644 972 2680 esse
999 2629 1294 2682 mulierem
1317 2648 1330 2694 ;
1350 2630 1531 2700 figura
1553 2630 1726 2699 igitur
1745 2630 1926 2684 crucis
2009 2631 2268 2686 omnibus
2298 2631 2444 2684 aliis.
2493 2629 2872 2701 Praecepitque
2902 2644 3031 2682 eum
3065 2626 3314 2696 accipere
3345 2623 3597 2694 quinque

326 2715 606 2784 signatus,
631 2715 744 2768 dixi
774 2715 857 2768 ei:
893 2717 1026 2779 Quae
1057 2733 1116 2770 es
1145 2723 1208 2771 tu
1238 2716 1262 2770 ?
1309 2723 1364 2771 et
1399 2719 1677 2788 quomodo
1706 2735 1844 2773 ausa
1867 2736 1926 2773 es
2010 2719 2180 2774 libras
2213 2721 2336 2775 auri
2383 2720 2635 2790 Cumque
2663 2717 3097 2788 accepissethas,
3124 2714 3316 2768 abiens
3336 2712 3472 2766 emit
3500 2728 3599 2766 en—

324 2803 545 2857 intrare
573 2821 744 2874 super
770 2822 861 2858 me
891 2807 1026 2859 dum
1057 2807 1387 2860 dormirem?
1409 2807 1664 2862 Habebat
1692 2815 1748 2862 et
1775 2825 1929 2862 coro-
2009 2811 2228 2864 thecam
2257 2809 2388 2876 (29),
2423 2816 2479 2863 et
2503 2808 2655 2862 misit
2674 2808 2730 2861 in
2760 2806 2967 2860 navim.
2993 2807 3118 2859 Mox
3143 2803 3347 2858 accidit
3363 2807 3428 2856 ut
3447 2806 3606 2856 extra

324 2909 462 2946 nam
475 2893 544 2946 de
573 2893 844 2947 olivarum
876 2894 1045 2948 ramis
1071 2911 1241 2966 super
1254 2902 1424 2966 caput
1456 2899 1810 2952 suum.Tunc
1831 2899 1928 2952 illa
2009 2899 2249 2969 pharum
2269 2897 2380 2966 (30)
2436 2897 2793 2967 naufragium
2835 2896 3193 2967 pertulisset;
3254 2894 3439 2947 navim
3473 2907 3604 2945 vero

325 2981 497 3034 hilari
525 2983 681 3035 vultu
703 2988 760 3036 et
778 2983 1118 3037 subridendo
1151 2984 1312 3038 labiis
1331 2985 1468 3039 dicit
1487 2986 1643 3039 mihi:
1664 2987 1778 3056 Ego
1801 3003 1926 3041 sum
1951 3042 1988 3058 η
2009 3004 2119 3041 non
2151 2987 2412 3058 perdidit.
2441 2987 2689 3040 Accessit
2717 2986 2922 3040 iterum
2946 2985 3015 3038 ad
3047 3001 3196 3046 eum,
3221 2983 3290 3036 de
3313 2981 3460 3035 bona
3480 2981 3603 3050 ejus

324 3070 768 3140 primafiliarum
790 3073 957 3141 regis.
982 3074 1236 3143 Cumque
1267 3074 1383 3127 haec
1405 3075 1704 3140 audissem,
1734 3077 1925 3129 statim
1949 3042 1990 3102 Ο
2009 3079 2295 3131 voluntate
2346 3091 2713 3147 praesumens,
2766 3080 2819 3128 et
2851 3074 3023 3127 dixit:
3069 3072 3332 3127 Miserere
3368 3069 3496 3135 mei,
3541 3073 3607 3122 ut

324 3159 560 3212 adoravi
607 3176 750 3213 eam.
799 3161 954 3214 Tunc
983 3162 1118 3215 dicit
1147 3162 1283 3216 mihi
1319 3181 1330 3215 :
1371 3163 1429 3217 Si
1480 3181 1569 3217 me
1615 3165 1928 3235 possederis
2009 3167 2158 3220 Deus
2188 3165 2383 3220 mundi
2413 3165 2675 3219 misertus
2707 3168 2808 3217 est.
2842 3163 2944 3216 Cui
2968 3162 3062 3215 ille
3092 3160 3411 3231 patriarcha
3439 3156 3599 3211 dixit:

324 3247 591 3314 amicam,
652 3265 756 3319 ego
811 3255 868 3303 te
921 3250 1121 3304 ducam
1177 3252 1235 3306 in
1284 3259 1585 3323 conspectu
1619 3255 1928 3324 imperato-
2011 3256 2207 3317 Crede,
2232 3255 2422 3319 frater,
2451 3253 2556 3306 nisi
2586 3252 2904 3307 miscuisses
2934 3250 3184 3322 pecuniae
3212 3248 3455 3302 ecclesiae
3476 3247 3602 3301 illas

324 3336 428 3389 ris.
485 3337 706 3391 Etenim
754 3354 919 3392 nemo
968 3340 1138 3394 habet
1183 3347 1517 3412 potestatem
1576 3345 1724 3413 apud
1776 3361 1924 3411 eum,

325 3424 483 3478 sicut
507 3442 629 3495 ego.
660 3426 774 3496 Ego
805 3428 1011 3498 quippe
1040 3428 1142 3482 feci
1173 3445 1301 3483 eum
1345 3430 1403 3482 in
1435 3430 1600 3484 terris
1644 3432 1928 3487 hominem

323 3513 458 3567 ﬁeri
488 3520 546 3567 et
577 3515 793 3569 salvare
825 3517 1097 3571 homines.
1141 3519 1211 3572 Et
1237 3519 1352 3572 haec
1380 3519 1587 3584 dicens,
1631 3521 1923 3591 disparuit.

327 3604 452 3673 Ego
485 3620 612 3656 vero
642 3605 700 3657 in
747 3606 1140 3676 memetipsum
1173 3625 1448 3675 reversus,
1481 3609 1730 3664 intellexi
1759 3611 1927 3665 visio-

324 3707 485 3754 nem,
516 3698 573 3746 et
595 3692 707 3746 dixi
731 3708 742 3742 :
776 3694 1306 3768 Credo,Compassio
1336 3714 1400 3751 ac
1429 3699 1794 3770 Eleemosyna
1823 3707 1928 3768 est,

327 3786 394 3836 et
414 3781 540 3835 ideo
571 3781 740 3835 habet
767 3783 827 3837 in
856 3784 1039 3854 capite
1070 3802 1134 3839 ex
1165 3787 1321 3840 olivae
1350 3787 1496 3841 foliis
1527 3804 1813 3843 coronam.
1834 3791 1929 3843 Et-

326 3870 487 3925 enim
521 3872 791 3925 veraciter
802 3874 1113 3944 compassio
1128 3874 1513 3945 etbenignitas
1528 3893 1662 3946 erga
1677 3879 1930 3933 homines

2011 3343 2276 3415 pecunias
2303 3359 2426 3413 quae
2455 3341 2555 3396 tibi
2584 3345 2991 3402 remanserant,
3025 3339 3345 3392 nullatenus
3372 3336 3602 3390 naufra-

2008 3434 2161 3504 gium
2203 3433 2547 3504 pertulisses.
2591 3432 2670 3485 De
2708 3429 2869 3483 malis
2910 3430 3062 3483 enim
3111 3426 3355 3481 habuisti
3401 3441 3516 3490 eas,
3547 3428 3603 3478 et

2010 3523 2241 3593 perdita:
2271 3527 2404 3576 sunt
2432 3537 2557 3574 cum
2585 3520 2664 3574 eis
2696 3527 2752 3574 et
2782 3536 2903 3589 quae
2932 3517 3161 3572 fuerunt
3185 3533 3250 3570 ex
3279 3515 3458 3570 bonis.
3490 3513 3602 3567 Ve-

2010 3629 2137 3665 rum
2170 3610 2434 3682 praecepit
2461 3610 2644 3663 denuo
2665 3608 2786 3661 dari
2819 3607 2869 3660 ei
2903 3608 3094 3661 decem
3125 3605 3295 3659 libras
3323 3604 3466 3668 auri,
3508 3603 3604 3656 de-

2011 3699 2354 3764 nuntians,ei
2374 3716 2443 3752 ne
2458 3697 2845 3752 commisceret
2856 3696 2934 3750 eis
2949 3696 3086 3749 alias
3108 3694 3600 3766 pecuniasEmens

2011 3796 2287 3862 pneterea
2315 3789 2626 3852 enthecam,
2652 3791 2711 3841 et
2739 3786 3006 3857 navigans
3045 3799 3157 3839 uno
3185 3785 3294 3848 die,
3325 3788 3488 3837 vento
3515 3798 3604 3835 va-

2012 3880 2125 3933 lido
2169 3881 2357 3940 flante,
2391 3879 2674 3948 projectus
2704 3881 2788 3931 est
2817 3877 2875 3930 in
2904 3881 3136 3938 terram;
3170 3880 3230 3929 et
3260 3873 3449 3928 omnia
3476 3888 3604 3943 per-

327 3960 518 4014 Deum
545 3976 712 4014 carne
743 3961 930 4015 vestiri
945 3962 1093 4016 fecit.
1129 3963 1330 4018 Statim
1359 3982 1491 4034 ergo
1513 3966 1706 4020 vestivi
1739 3985 1845 4032 me,
1877 3974 1933 4022 et
2013 3969 2172 4034 didit,
2218 3973 2275 4021 et
2309 3967 2488 4038 ipsam
2528 3983 2746 4032 navem,
2799 3971 2856 4020 et
2888 3982 3000 4019 non
3047 3970 3180 4018 sunt
3220 3965 3444 4017 salvatae
3492 3961 3602 4015 nisi

328 4049 558 4103 nullum
577 4049 925 4105 domusmea
945 4052 1276 4118 excitans,in
1305 4053 1593 4108 ecclesiam
1633 4055 1764 4112 abii.
1797 4058 1931 4112 Erat
2013 4057 2216 4111 animae
2241 4061 2486 4111 tantum.
2518 4057 2710 4110 Voluit
2745 4072 2878 4126 ergo
2909 4072 3020 4126 prae
3065 4053 3389 4109 confusione
3423 4057 3479 4106 et
3504 4067 3608 4104 an-

328 4136 489 4190 enim
515 4138 635 4205 jam
665 4154 887 4192 aurora.
912 4140 980 4193 Et
1008 4157 1136 4194 cum
1158 4141 1298 4195 irem
1312 4141 1530 4196 obviam
1552 4143 1710 4197 fratri
1725 4144 1929 4215 frigore
2009 4147 2359 4217 gustiaidem
2381 4147 2676 4200 nauclerus
2696 4162 2893 4199 necare
2929 4144 3175 4215 seipsum
3194 4161 3206 4210 ;
3224 4143 3322 4197 sed
3338 4143 3487 4197 Deus
3509 4139 3606 4210 qui

331 4226 564 4279 vexanti
607 4225 734 4294 (26),
780 4229 1050 4299 expoliavi
1088 4246 1178 4283 me
1216 4231 1544 4286 indumento
1584 4234 1832 4303 caprino,
1875 4241 1932 4289 et
2011 4253 2234 4307 semper
2251 4236 2418 4289 saluti
2440 4236 2730 4289 hominum
2753 4234 3024 4304 providet,
3047 4229 3604 4287 revelavithocbeato

331 4315 466 4368 dedi
493 4315 561 4378 ei,
587 4315 810 4386 dixique
851 4317 1001 4371 intra
1017 4335 1106 4372 me
1133 4320 1300 4374 :Ecce
1330 4320 1388 4374 in
1418 4322 1521 4375 hoc
1541 4323 1712 4376 sciam
1741 4324 1789 4376 si
1819 4326 1931 4378 uti-
2013 4325 2364 4396 patriarchae.
2400 4325 2469 4378 Et
2484 4341 2608 4378 cum
2623 4323 2872 4378 audisset
2892 4322 3038 4392 quod
3060 4321 3339 4374 acciderat
3354 4320 3424 4383 ei,
3459 4333 3605 4371 nun-

332 4419 448 4474 ίίυθ
473 4419 603 4457 Vera
633 4411 718 4458 δεῖ
743 4405 882 4459 νίδίο
913 4423 1082 4477 quam
1103 4408 1234 4472 Vidi,
1263 4426 1336 4462 an
1361 4410 1704 4465 daemoniaca
1748 4413 1817 4466 Et
1842 4430 1931 4468 ve-
1951 4400 2121 4470 I)tiat
2157 4416 2207 4468 ei
2261 4414 2451 4467 venire
2498 4413 2568 4466 ad
2615 4429 2674 4466 se
2705 4412 2846 4466 nihil
2871 4411 3098 4464 omnino
3138 4409 3421 4464 dubitans.
3448 4407 3606 4461 Tunc

330 4493 508 4546 ritate
526 4499 788 4559 testante,
805 4497 1052 4550 necdum
1071 4498 1356 4552 ecclesiam
1375 4502 1927 4570 comprehenderam,

331 4586 398 4636 et
421 4581 606 4636 subito
630 4582 858 4638 obvians
886 4585 1024 4638 mihi
1053 4586 1301 4656 quidam,
1333 4588 1474 4641 albis
1503 4589 1732 4645 indutus
1761 4593 1931 4648 vesti-

333 4669 462 4732 bus,
488 4671 588 4725 dat
608 4672 744 4725 mihi
775 4673 1076 4744 ligaturam
1103 4675 1216 4743 (27)
1247 4682 1471 4732 centum
1500 4679 1928 4750 numismatum,

333 4759 563 4814 dicens:
592 4761 793 4832 Accipe
825 4763 961 4829 hac,
993 4763 1188 4830 frater,
1225 4771 1282 4820 et
1307 4766 1571 4838 dispensa
1598 4774 1663 4823 ut
1693 4769 1791 4824 vis.
1819 4771 1932 4841 Ego

331 4854 532 4903 autem
564 4867 676 4920 prie
703 4851 909 4921 gaudio
936 4855 1128 4908 statim
1158 4856 1277 4910 hinc
1305 4857 1635 4928 suscipiens,
1678 4875 1933 4915 reversus

333 4954 491 5002 sum,
523 4940 713 4994 volens
736 4941 970 4996 reddere
989 4943 1041 4996 ei
1071 4944 1376 5014 ligaturam
1407 4946 1580 5011 illam,
1606 4949 1765 5018 quasi
1793 4949 1934 5004 nihil

335 5026 621 5097 indigens,
663 5035 721 5083 et
747 5031 988 5102 amplius
1030 5049 1141 5086 non
1181 5033 1292 5087 vidi
1335 5035 1599 5105 aliquem.
1639 5038 1796 5091 Tunc
1822 5038 1934 5092 dixi

332 5115 521 5169 mihi:
553 5117 842 5172 Veraciter
871 5136 985 5174 non
1033 5126 1156 5175 erat
1183 5121 1493 5192 phantasia.
1529 5124 1606 5180 Ex
1661 5125 1757 5179 illa
1802 5142 1934 5196 ergo

333 5205 482 5258 hora
509 5221 656 5277 saepe
707 5207 910 5262 dabam
961 5210 1172 5280 aliquid
1207 5211 1490 5279 fratribus,
1544 5217 1601 5268 et
1631 5213 1884 5270 dicebam
1918 5233 1930 5269 :

330 5292 555 5349 Videbo
579 5296 625 5350 si
655 5297 846 5352 mittat
879 5299 1028 5355 Deus
1058 5301 1217 5366 mihi,
1251 5307 1318 5356 ut
1344 5303 1502 5370 dixit,
1544 5305 1824 5376 centupla.
1867 5305 1937 5360 Et

327 5398 469 5439 cum
485 5389 792 5441 tentassem
808 5389 1127 5456 Dominum,
1153 5391 1526 5458 malefaciens,
1544 5399 1600 5448 et
1619 5394 1934 5450 satisfactus

329 5489 524 5530 essem
548 5475 780 5534 diversis
820 5480 1000 5536 modis
1033 5497 1134 5554 per
1161 5499 1254 5538 eas
1284 5499 1393 5550 res,
1426 5483 1574 5538 dixi:
1609 5485 1796 5552 Cessa,
1828 5485 1936 5541 mi-

328 5580 467 5620 sera
483 5566 966 5637 anima,tentando
982 5571 1392 5629 intentabilem.
1405 5575 1695 5646 Totigitur
1709 5575 1937 5630 certitu-

2013 4504 2254 4576 aspersit
2271 4520 2330 4558 se
2349 4503 2594 4574 pulvere,
2622 4506 2678 4555 et
2696 4501 2944 4555 tunicam
2973 4499 3249 4562 scindens,
3275 4497 3601 4552 indecenter

2015 4593 2230 4648 accedit
2257 4593 2327 4647 ad
2353 4609 2502 4647 eum.
2529 4593 2782 4662 Cumque
2794 4591 3022 4644 vidisset
3039 4606 3167 4644 eum
3191 4588 3249 4642 in
3276 4587 3375 4641 tali
3408 4585 3605 4639 habitu

1990 4683 2109 4744 ille
2139 4686 2384 4745 sanctus,
2416 4679 2705 4750 redarguit
2725 4695 2873 4743 eum,
2898 4683 2956 4731 et
2980 4677 3138 4731 dixit:
3167 4676 3500 4730 Misereatur
3517 4673 3604 4727 tui

2013 4771 2288 4827 Dominus
2307 4769 2632 4824 benedictus
2647 4767 3001 4822 Deus.Credo
3021 4766 3071 4820 ei
3088 4765 3236 4836 quod
3257 4763 3325 4818 ab
3336 4763 3609 4818 hodierna

2017 4862 2108 4915 die
2129 4875 2485 4931 nequaquam
2515 4857 2873 4927 naufragium
2903 4856 3137 4919 incidas,
3161 4870 3453 4925 usquequo
3485 4869 3606 4907 mo-

2016 4951 2323 5005 riaris.Hoc
2352 4965 2480 5002 vero
2505 4947 2607 5001 tibi
2627 4945 2919 5016 contingit,
2951 4961 3017 4999 eo
3049 4944 3196 5016 quod
3227 4949 3283 4998 et
3311 4943 3432 5015 ipsa
3448 4942 3607 4997 navis

2016 5046 2114 5095 tua
2133 5057 2198 5093 ex
2223 5037 2501 5108 injustitia
2521 5041 2669 5090 esset
2689 5051 2962 5107 possessa.
2978 5035 3103 5088 Mox
3117 5051 3251 5104 ergo
3268 5033 3440 5104 jussit
3457 5033 3606 5087 tradi

2018 5130 2069 5183 ei
2099 5145 2269 5183 unam
2311 5142 2573 5196 magnam
2603 5124 2809 5189 navim,
2842 5125 3065 5195 plenam
3097 5123 3378 5178 frumento
3407 5123 3605 5194 viginti

2016 5218 2254 5272 millium
2270 5215 2608 5278 modiorum,
2627 5214 2696 5268 de
2713 5213 2824 5268 illis
2851 5213 3085 5268 navibus
3109 5230 3232 5284 qua:
3243 5212 3606 5268 sanctissimae

2017 5306 2259 5362 ecclesiae
2304 5303 2566 5374 subjectae
2603 5303 3025 5361 ministrabant.
3081 5303 3262 5368 Quam
3309 5301 3603 5373 recipiens,

2019 5397 2154 5451 exiit
2185 5393 2538 5462 Alexandria;
2562 5399 2619 5448 et
2637 5392 3088 5466 affirmabatipse
3123 5395 3436 5457 nauclerus,
3462 5407 3609 5446 asse-

2017 5501 2251 5540 verans:
2283 5485 2496 5558 Viginti
2525 5484 2720 5540 diebus
2741 5501 2804 5540 ac
2824 5485 3079 5541 noctibus
3107 5481 3422 5539 vehementi
3442 5485 3607 5534 vento

2020 5574 2424 5647 navigavimus,
2433 5592 2546 5632 non
2558 5575 2806 5631 valentes
2818 5575 3045 5631 omnino
3066 5574 3210 5629 scire
3226 5588 3335 5644 quo
3347 5571 3604 5633 issemus,
