3942 6200
430 303 534 360 347
1445 303 1539 359 DE
1574 301 1764 358 VITIS
1800 297 2098 358 PATRUM
2131 295 2348 356 LIBER
2383 299 2674 357 PRIMUS.
3585 302 3690 364 348

430 449 615 504 neque
636 448 736 504 per
771 431 980 489 stellas.
1002 444 1184 500 neque
1198 444 1300 500 per
1327 427 1468 492 loca,
1501 431 1729 500 excepto
1750 425 1898 497 quod
1919 429 2087 497 gu-A
2103 430 2160 480 et
2183 424 2322 480 dixit
2348 425 2459 480 eis:
2487 425 2636 491 Quot
2657 423 2829 481 libras
2871 424 3102 482 dedistis
3132 424 3213 480 illi
3254 424 3350 498 qui
3372 425 3442 480 ad
3470 441 3560 482 me
3589 443 3682 483 ao-

433 522 699 578 bernator
717 520 938 575 videbat
959 518 1115 573 illum
1135 519 1508 589 patriarcham
1529 533 1716 572 secum
1737 521 2023 572 tenentem
2106 515 2306 570 cessit?
2341 515 2448 580 Qui
2472 515 2763 570 dixerunt:
2788 516 3043 580 Domine,
3061 523 3125 570 ut
3131 515 3302 586 jussit
3320 516 3695 573 sacratissima

433 618 732 675 temonem,
777 616 833 664 et
853 610 1128 663 dicentem
1154 607 1258 661 sibi
1282 625 1297 659 :
1339 609 1422 662 Ne
1449 609 1664 671 timeas,
1698 606 1840 659 bene
1868 605 2024 660 navi-
2105 606 2375 660 Sanctitas
2404 611 2605 667 vestra,
2639 605 2956 677 quindecim
2987 604 3174 659 libras.
3223 605 3364 660 Cum
3391 612 3577 661 autem
3597 622 3692 662 co-

435 717 555 771 gas.
581 701 758 770 Igitur
787 704 913 770 post
943 697 1266 767 vigesimam
1297 697 1445 751 diem
1475 696 1840 768 apparuimus
1867 695 1925 748 in
1944 695 2027 748 in-
2104 694 2387 765 gnovisset
2413 711 2513 766 per
2534 694 2940 749 inhabitantem
2965 695 3023 749 in
3050 711 3109 749 se
3135 695 3400 766 gratiam.
3421 694 3544 749 illos
3573 712 3694 751 esse

433 790 569 843 sulis
603 788 934 855 Britanniae;
963 793 1020 841 et
1039 786 1502 841 descendentibus
1525 785 1681 840 nobis
1709 785 1766 839 in
1792 791 2021 849 terram,
2107 783 2626 848 mentitos,adducit
2646 800 2774 837 eum
2796 785 2890 854 qui
2908 788 3215 855 acceperat,
3252 788 3310 838 et
3331 783 3698 855 interrogavit

432 876 1087 931 invenimusillicfamem
1103 877 1529 946 magnam.Cum
1547 875 2026 945 crgodixissemus
2109 888 2236 926 eum
2277 872 2407 942 quid
2457 871 2785 943 accepisset?
2819 873 2922 927 Illo
2946 888 3076 926 vero
3103 872 3323 926 dicente
3351 872 3596 943 quinque
3618 872 3697 926 li-

432 966 614 1036 primo
629 966 1044 1036 civitatis,quod
1057 965 1398 1019 frumentum
1421 966 1478 1019 in
1507 964 1632 1018 navi
1649 970 2020 1035 portaremus,
2109 959 2256 1028 bras,
2289 961 2575 1032 proferens
2597 961 2666 1016 de
2694 961 3024 1015 honoranda
3043 977 3215 1014 manu
3243 977 3346 1015 sua
3361 960 3454 1015 ille
3469 967 3696 1016 sanctu

432 1054 602 1108 dixit:
637 1055 786 1108 Bene
816 1055 964 1109 Deus
995 1055 1226 1109 adduxit
1252 1071 1367 1108 vos.
1393 1053 1674 1125 Quidquid
1704 1053 1889 1120 vultis,
1931 1055 2026 1108 eli-
2107 1049 2400 1120 pittacium
2423 1049 2554 1118 (37),
2589 1050 2738 1120 quod
2755 1049 2860 1104 sibi
2889 1050 3162 1104 traditum
3189 1049 3393 1116 fuerat,
3426 1048 3566 1104 dixit
3593 1049 3694 1104 eis:

429 1144 545 1214 gite
571 1163 582 1210 ;
609 1149 707 1198 aut
736 1160 836 1215 per
864 1144 1116 1214 singulos
1145 1145 1360 1198 modios
1392 1143 1672 1199 numisma
1700 1161 1894 1208 unum,
1929 1149 2028 1198 aut
2107 1139 2154 1192 A
2175 1138 2327 1192 vobis
2342 1139 2599 1210 exquirat
2623 1140 2772 1194 Deus
2802 1143 2858 1192 et
2885 1138 2980 1192 illa
3006 1139 3119 1192 alia
3136 1139 3326 1193 decem
3350 1139 3695 1206 centenaria,

433 1233 682 1303 ejusdem
706 1233 967 1304 ponderis
993 1233 1224 1304 accipite
1248 1233 1820 1303 stannum.Elegimus
1837 1232 2025 1303 itaque
2109 1228 2374 1298 quoniam
2405 1228 2451 1282 si
2480 1227 2775 1282 dedissetis
2793 1227 3110 1298 quindecim
3131 1227 3321 1293 libras,
3345 1235 3411 1282 ut
3422 1227 3564 1282 dixit
3585 1228 3696 1283 hu-

432 1322 724 1376 dimidium
749 1323 844 1389 sic,
881 1327 934 1376 et
959 1321 1253 1376 dimidium
1269 1323 1364 1376 sic.
1393 1322 1527 1376 Rem
1550 1327 1738 1375 autem
1769 1321 1922 1376 vadit
1939 1321 2025 1375 di-
2107 1317 2318 1371 militas
2352 1334 2496 1382 mea,
2515 1317 2610 1388 qui
2634 1316 2826 1370 attulit
2845 1317 3092 1388 quinque
3108 1317 3446 1382 centenaria,
3467 1317 3707 1389 quinde-

433 1429 558 1465 cere
587 1429 789 1475 sermo,
840 1412 1143 1482 inexpertis
1177 1428 1468 1465 munerum
1502 1411 1601 1465 Dei
1640 1411 2024 1465 incredibilem
2106 1407 2213 1460 cim
2236 1406 2399 1461 daret
2442 1407 2510 1460 Et
2523 1412 2586 1461 ut
2605 1411 2787 1460 certos
2812 1423 2908 1460 vos
2927 1405 3145 1472 faciam,
3169 1406 3398 1460 mittens
3423 1406 3702 1461 adducam

433 1500 660 1571 quidem
678 1506 734 1554 et
763 1500 882 1554 sine
913 1501 1040 1565 fide,
1066 1501 1153 1554 his
1171 1518 1297 1554 vero
1320 1501 1412 1570 qui
1434 1500 1833 1571 experientiam
1853 1500 2023 1553 mira-
2107 1512 2230 1567 quae
2261 1496 2363 1549 has
2389 1495 2598 1549 attulit.
2632 1496 2702 1550 Et
2724 1495 2955 1549 mittens
2985 1495 3126 1550 duos
3153 1494 3498 1550 venerabiles
3525 1495 3698 1562 viros,

432 1589 540 1644 culi
575 1589 695 1657 ejus
717 1588 942 1654 habent,
969 1589 1290 1644 credibilem
1331 1594 1502 1658 atque
1533 1593 1840 1659 acceptam.
1884 1587 2023 1642 Navi
2107 1591 2171 1638 ut
2199 1585 2537 1638 accersirent
2563 1584 2923 1638 reverendam
2953 1583 3240 1652 feminam,
3273 1601 3396 1656 qua:
3424 1585 3483 1638 in
3511 1583 3703 1656 bapti-

429 1684 700 1746 praeterea
729 1678 1122 1732 Alexandriam
1168 1695 1291 1734 cum
1324 1677 1530 1747 gaudio
1568 1693 1788 1731 reversa
1819 1677 2025 1748 quievi-
2106 1674 2277 1728 sterio
2317 1673 2606 1745 pittacium
2639 1673 2690 1727 ei
2729 1679 3071 1744 porrexerat.
3115 1674 3205 1728 cui
3245 1679 3302 1728 et
3345 1673 3572 1734 indicat,
3609 1673 3701 1727 di-

429 1781 554 1818 mus
583 1766 640 1819 in
671 1767 960 1837 Pentapoli
1005 1766 1145 1834 (3|);
1181 1773 1237 1820 et
1264 1767 1568 1837 asportavit
1613 1767 1909 1821 nauclerus
1953 1748 2236 1820 deBcens
2268 1781 2279 1816 :
2314 1763 2783 1825 Benedictionem,
2816 1779 2984 1832 quam
3015 1763 3164 1816 Deus
3211 1761 3318 1816 sibi
3355 1762 3701 1816 offerendam

428 1852 524 1907 illo
555 1860 778 1919 stanno,
811 1861 875 1909 ut
905 1856 1271 1910 venumdaret
1290 1856 1444 1910 illud.
1473 1855 1727 1910 Habebat
1746 1855 2020 1910 enimillic
2104 1851 2258 1906 misit
2286 1852 2343 1906 in
2372 1869 2467 1906 cor
2494 1858 2674 1916 tuum,
2706 1851 2888 1905 ferens
2916 1856 3122 1917 tecum,
3146 1852 3272 1905 veni
3303 1851 3372 1905 ad
3404 1850 3700 1905 humilita-

429 1943 722 2013 antiquum
763 1944 975 1998 socium
1015 1945 1072 1998 in
1116 1945 1354 2016 negotiis
1400 1950 1683 2016 petentem
1716 1959 1782 1998 ex
1826 1945 2020 1999 eodem
2103 1945 2215 1995 tem
2245 1957 2445 1994 meam.
2479 1940 2612 2003 Quae
2640 1939 2844 1994 cursim
2862 1956 3115 2010 surgens,
3136 1939 3507 2010 apprehendit
3531 1938 3703 1994 vesti-

427 2035 648 2084 stanno.
670 2031 777 2085 Dat
797 2032 847 2086 ei
870 2036 926 2086 in
947 2049 1104 2087 sacco
1127 2034 1284 2104 quasi
1308 2034 1716 2104 quinquaginta
1734 2032 1928 2087 libras.
1951 2036 2026 2088 At
2101 2029 2197 2100 gia
2226 2029 2404 2083 sancti
2431 2029 2531 2082 viri
2561 2045 2675 2082 una
2701 2045 2827 2082 cum
2859 2029 3175 2100 quantitate
3207 2029 3349 2082 auri.
3385 2029 3524 2084 Cum
3559 2044 3700 2100 ergo

427 2114 522 2169 ille
554 2115 742 2170 volens
774 2117 1008 2187 probare
1037 2118 1278 2188 speciem
1310 2119 1355 2171 si
1379 2118 1523 2172 bona
1553 2125 1744 2180 essset,
1771 2119 1936 2172 solvit
1964 2118 2025 2172 il-
2105 2121 2440 2191 suscepisset
2484 2119 2576 2172 ille
2607 2119 2925 2190 patriarcha
2976 2118 3333 2184 oblationem,
3375 2124 3432 2174 et
3481 2124 3704 2174 orasset

428 2203 525 2257 lud
555 2205 613 2258 in
641 2205 788 2275 igne,
809 2212 864 2260 et
883 2207 1094 2260 invenit
1123 2214 1417 2277 argentum
1447 2208 2023 2278 purum.Putavitque
2105 2225 2276 2280 super
2305 2224 2453 2274 eum,
2487 2214 2546 2261 et
2573 2225 2741 2279 super
2771 2208 2946 2262 filium
2979 2209 3101 2278 ejus
3130 2207 3490 2272 sufficienter,
3519 2207 3696 2262 dixit:

426 2309 486 2346 se
515 2309 636 2346 esse
667 2300 964 2360 tentatum,
1000 2302 1056 2349 et
1084 2296 1277 2349 retulit
1305 2296 1588 2349 eisaccum
1611 2297 1838 2350 dicens:
1873 2298 2022 2351 Deus
2105 2297 2346 2352 Obsecro
2376 2301 2450 2361 te,
2490 2312 2679 2350 nonna
2712 2293 2840 2362 (36),
2890 2295 3008 2350 haec
3026 2300 3244 2350 tantum
3290 2295 3514 2349 voluisti
3556 2296 3699 2348 dare

426 2381 718 2452 indulgeat
759 2383 877 2437 tibi.
921 2385 1188 2454 Nunquid
1234 2385 1494 2439 invenisti
1534 2402 1623 2439 me
1654 2386 2018 2456 impostorem
2104 2385 2342 2440 Christo.
2370 2401 2441 2438 an
2467 2384 2618 2438 aliud
2650 2384 2888 2455 aliquid?
2917 2401 3042 2438 cum
3074 2390 3263 2438 autem
3292 2383 3560 2438 sensisset
3581 2382 3702 2437 dei-

427 2486 560 2540 erga
585 2476 659 2534 te,
683 2472 814 2541 quia
843 2474 1113 2527 tentando
1141 2480 1437 2543 argentum
1472 2491 1570 2544 pro
1589 2479 1790 2528 stanno
1813 2474 2019 2528 dedisti
2101 2474 2302 2540 ferum,
2335 2473 2474 2528 illud
2499 2474 2646 2544 quod
2676 2473 2882 2528 fecerat
2901 2474 3240 2545 cognovisse,
3263 2478 3508 2527 tremore
3537 2489 3699 2526 com-

425 2559 595 2613 mihi?
618 2561 996 2632 Expavescens
1025 2579 1152 2616 vero
1194 2563 1264 2616 de
1289 2580 1546 2616 sermone
1572 2563 1667 2616 illo
1698 2563 2014 2628 nauclerus,
2100 2579 2309 2634 pressa,
2335 2562 2510 2616 dixit:
2545 2563 2652 2616 Per
2678 2567 2900 2616 sanctas
2929 2562 3141 2616 domini
3181 2562 3290 2616 mei
3317 2561 3702 2625 orationes,et

426 2647 592 2702 dicit:
635 2651 831 2716 Crede,
877 2667 980 2720 ego
1021 2668 1122 2722 pro
1153 2657 1354 2705 stanno
1385 2652 1521 2705 illud
1569 2651 1768 2706 habeo.
1804 2653 1860 2707 Si
1887 2669 2016 2706 vero
2099 2659 2354 2706 sanctum
2377 2667 2563 2704 meum
2594 2652 2856 2705 Mennam
2878 2650 3005 2718 (37),
3031 2651 3348 2721 quindecim
3369 2650 3702 2705 centenaria

421 2735 516 2790 ille
547 2739 641 2808 qui
665 2738 794 2792 fecit
813 2739 881 2793 de
911 2756 1058 2810 aqua
1102 2740 1290 2793 vinum
1312 2743 1490 2806 (Joan.
1519 2741 1604 2810 II),
1629 2740 1748 2811 ipse
1779 2757 1878 2811 per
1897 2758 2018 2795 ora-
2099 2741 2432 2811 scripseram
2473 2740 2530 2794 in
2566 2740 2830 2811 pittacio;
2863 2745 2921 2794 et
2949 2745 3080 2795 ante
3111 2757 3282 2795 unam
3328 2740 3527 2793 horam
3563 2756 3698 2794 cum

423 2826 604 2880 tiones
624 2828 956 2899 patriarcha:
986 2828 1118 2882 fecit
1137 2833 1194 2882 et
1224 2835 1485 2882 stannum
1519 2835 1839 2899 argentum,
1877 2829 2017 2883 nihil
2098 2833 2304 2882 starem
2339 2827 2396 2881 in
2426 2828 2641 2899 synaxi,
2673 2834 2736 2882 ut
2779 2829 2971 2883 darem
3003 2830 3107 2884 hoc
3126 2828 3228 2884 tibi
3266 2829 3506 2882 Domino
3537 2845 3697 2895 meo,

425 2914 653 2970 mirum.
689 2918 755 2971 Et
785 2923 848 2971 ut
886 2917 1148 2984 satisas,
1196 2917 1320 2971 veni
1351 2918 1420 2971 ad
1451 2918 1654 2982 navim,
1711 2923 1768 2972 et
1808 2917 2016 2972 videbis
2098 2919 2404 2972 dissolvens
2445 2918 2601 2984 illud,
2633 2919 2953 2989 importune
2974 2919 3102 2989 legi.
3133 2919 3248 2989 Ego
3272 2918 3420 2972 enim
3453 2917 3696 2988 indigna

425 3010 626 3058 caetera
663 3005 827 3060 istius
865 3007 1077 3060 metalli
1107 3006 1274 3072 socia,
1316 3007 1462 3076 quod
1492 3007 1772 3078 accepisti.
1805 3007 2015 3062 Ascen-
2099 3007 2301 3061 ancilla
2329 3013 2429 3060 tua
2459 3007 2657 3078 scripsi
2695 3008 2798 3061 hoc
2819 3007 3046 3079 propria
3070 3023 3261 3071 manu,
3297 3012 3354 3060 et
3377 3006 3567 3060 inveni
3593 3007 3698 3061 de-

412 3092 617 3164 dentes
643 3093 852 3164 itaque,
892 3095 1229 3150 invenerunt
1257 3067 1520 3150 stannum
1548 3067 1846 3166 argentum
1877 3097 2018 3167 opti-
2038 3067 2216 3150 Ccem
2249 3097 2431 3150 deleta
2467 3114 2501 3151 a
2528 3067 2730 3168 seipso.
2755 3067 3259 3166 Tuncstupefacta
3278 3095 3429 3149 intra
3456 3102 3701 3152 memet-

421 3197 575 3236 mum
602 3183 828 3238 factum.
861 3184 927 3238 Et
955 3200 1067 3238 non
1097 3190 1182 3239 est
1211 3185 1568 3255 peregrinum
1596 3185 1949 3250 miraculum,
2096 3185 2294 3256 ipsam,
2327 3185 2438 3239 dixi
2473 3203 2484 3238 :
2534 3185 2740 3255 Utique
2777 3202 2889 3239 non
2918 3190 3006 3239 est
3040 3185 3297 3239 voluntas
3324 3183 3425 3238 Dei
3459 3189 3526 3238 ut
3557 3185 3694 3240 dem

421 3272 786 3342 philochristi.
821 3274 926 3338 Qui
955 3275 1100 3328 enim
1141 3275 1387 3346 quinque
1417 3292 1590 3346 panes
1622 3275 2016 3346 multiplicavit

422 3363 600 3426 (Joan.
635 3367 730 3431 v1),
764 3369 821 3418 et
849 3381 1045 3419 rursus
1069 3381 1275 3436 aquam
1297 3364 1524 3435 Egypti
1545 3363 2011 3418 transmutavitin

419 3450 749 3521 sanguinem
761 3454 959 3516 (Exodi
981 3453 1095 3523 v11),
1124 3459 1181 3508 et
1197 3455 1414 3523 virgam
1427 3454 1483 3508 in
1504 3459 1820 3524 serpentem
1833 3458 2013 3506 trans-

417 3541 673 3603 mutavit,
701 3547 757 3596 et
781 3544 1070 3597 transtulit
1100 3544 1384 3596 flammam
1415 3543 1471 3597 in
1502 3559 1687 3596 rorem
1721 3544 1880 3611 (Dan.
1905 3543 2007 3611 III),

417 3629 634 3684 facilius
673 3637 730 3684 et
758 3631 862 3685 hoc
892 3636 1008 3685 tam
1045 3631 1349 3702 gloriosum
1391 3631 1722 3685 miraculum
1747 3637 2010 3700 operatus

417 3724 520 3782 est,
537 3725 814 3789 quatenus
835 3724 892 3774 et
907 3720 1179 3774 famulum
1193 3737 1355 3775 suum
1438 3725 1554 3785 .
1571 3720 1860 3785 ditaret,et
1873 3735 2010 3773 nau-

416 3807 564 3861 clero
595 3807 1032 3862 misericordiam
1064 3826 1221 3863 suam
1249 3813 1560 3880 priestaret.

489 3895 620 3948 .
655 3897 722 3950 .
758 3927 822 3936 -
854 3898 1234 3952 Descendente
1255 3897 1606 3951 sanctissimo
1627 3895 1735 3951 isto
1756 3897 1872 3950 viro
1902 3897 2007 3951 ali-

415 3983 639 4055 quando
659 3984 715 4038 in
743 3985 1032 4040 ecclesiam
1063 3986 1350 4041 Dominico
1380 3986 1489 4050 die,
1516 3987 1749 4040 accessit
1774 3987 1844 4041 ad
1875 4003 2005 4041 eum

413 4073 602 4139 homo,
634 4073 729 4145 qui
761 4075 966 4128 multas
985 4076 1307 4146 possederat
1322 4075 1644 4130 facultates:
1676 4081 1733 4129 et
1759 4075 1906 4130 fures
1923 4076 2006 4130 in-

410 4163 590 4233 gressi
624 4163 853 4218 domum
885 4165 1025 4234 ejus,
1060 4165 1511 4235 despoliaverunt
1539 4181 1667 4220 eum
1717 4181 1893 4236 usque
1937 4165 2007 4218 ad

414 4256 790 4307 stramentum
817 4272 828 4320 ;
855 4258 912 4307 et
927 4270 1052 4307 cum
1093 4255 1273 4308 multa
1297 4255 1533 4324 quaestio
1573 4259 1718 4308 esset
1755 4254 1920 4320 facta,
1953 4259 2010 4308 et

411 4357 524 4395 non
554 4341 858 4396 invenisset
891 4343 987 4413 qui
1017 4343 1133 4398 hac
1177 4348 1650 4414 perpetraverant,
1687 4343 2010 4414 compulsus

2095 3273 2200 3327 nisi
2232 3274 2496 3344 quinque.
2528 3273 2857 3328 Dimittente
2877 3279 3066 3328 autem
3088 3273 3408 3344 patriarcha
3435 3290 3698 3330 reveren-

2094 3362 2224 3416 dam
2256 3362 2408 3416 illam
2453 3362 2742 3427 feminam,
2769 3362 3091 3416 ceciderunt
3128 3363 3198 3416 ad
3227 3362 3396 3434 pedes
3442 3364 3568 3432 ejus
3606 3363 3698 3417 di-

2093 3457 2467 3522 spensatores,
2510 3451 2606 3522 qui
2647 3451 2958 3521 trangressi
2995 3455 3130 3505 sunt
3156 3451 3500 3506 voluntatem
3539 3453 3691 3523 ejus,

2092 3545 2346 3611 petentes
2375 3540 2802 3611 indulgentiam,
2834 3545 2890 3594 et
2918 3538 3267 3595 afrmantes
3309 3539 3447 3594 nihil
3479 3540 3596 3595 tale
3630 3557 3691 3595 se

2090 3629 2327 3684 ulterius
2349 3635 2575 3684 acturos
2613 3629 2750 3683 fore.

2163 3720 2292 3773 CAP.
2321 3720 2416 3774 XI.
2457 3750 2509 3760 -
2545 3720 2776 3774 Intuens
2819 3718 3018 3773 Niceta
3057 3718 3328 3791 patricius
3378 3717 3486 3787 (38)
3513 3719 3694 3792 hujus

2089 3809 2194 3862 viri
2223 3808 2522 3863 virtutibus
2541 3809 2690 3880 pleni
2721 3808 3266 3879 magnanimitatem,
3291 3813 3349 3862 et
3367 3808 3487 3862 sine
3509 3809 3693 3880 parci-

2088 3903 2207 3952 tate
2238 3915 2468 3952 manum
2498 3914 2821 3968 expansam,
2844 3904 2902 3953 et
2919 3904 3190 3969 tanquam
3213 3914 3278 3952 ex
3305 3897 3459 3952 fonte
3470 3898 3694 3968 jug'iter

2089 3987 2347 4042 omnibus
2358 3992 2714 4058 praestantem
2729 3987 2998 4042 instinctu
3011 3986 3380 4058 quorumdam
3395 3985 3690 4041 diabolum

2089 4075 2450 4142 imitantium,
2481 4076 2632 4130 subit
2659 4075 2729 4130 ad
2757 4082 3033 4142 sanctum,
3067 4082 3124 4130 et
3151 4075 3289 4130 dicit
3310 4075 3391 4130 ei:
3426 4075 3689 4146 Regnum

2091 4170 2359 4230 arctatur,
2393 4169 2450 4218 et
2469 4165 2705 4236 pecunia
2735 4170 2880 4235 eget.
2911 4166 3058 4229 Jam,
3091 4165 3226 4236 quia
3253 4165 3372 4220 sine
3411 4164 3690 4236 parcitate

2092 4259 2414 4325 erogantur.
2440 4269 2564 4323 quae
2589 4253 2918 4308 deferuntur
2942 4253 3040 4308 tibi
3062 4253 3330 4324 pecuniae,
3363 4253 3437 4307 da
3463 4269 3560 4307 eas
3583 4253 3687 4308 im-

2090 4343 2264 4413 perio,
2289 4343 2361 4396 da
2391 4359 2484 4396 eas
2505 4341 2561 4396 in
2583 4341 2868 4414 publicum
2898 4343 3214 4397 saccellum.
3231 4343 3330 4398 Ille
3345 4359 3475 4396 vero
3497 4341 3567 4396 de
3580 4342 3687 4396 hoc

411 4437 498 4485 est
525 4432 703 4486 multa
733 4432 902 4486 nimis
931 4439 1280 4504 paupertate,
1313 4433 1600 4503 deprecari
1640 4449 1768 4486 cum
1799 4423 2067 4503 magnaD
2084 4431 2232 4502 quod
2260 4431 2684 4497 dictumfuerat,
2708 4430 3149 4502 imperturbatus
3169 4447 3423 4495 manens,
3451 4430 3592 4486 dicit
3612 4431 3687 4486 ad

409 4520 724 4574 reverentia
750 4521 1168 4575 sanctissimum
1198 4522 1355 4575 illum
1381 4521 1779 4592 patriarcham,
1815 4521 2005 4576 dicens

2087 4536 2214 4575 eum
2237 4537 2247 4572 :
2270 4521 2395 4574 Non
2403 4521 2623 4590 justum
2648 4525 2734 4574 est
2754 4525 2819 4574 ut
2838 4519 3099 4585 arbitror,
3119 4519 3347 4574 domine
3368 4520 3585 4591 patrici,
3619 4535 3688 4574 ea

409 4609 461 4663 ei
490 4615 543 4664 et
565 4610 943 4664 calamitatem
969 4626 1150 4664 suam.
1175 4610 1426 4664 Misertus
1445 4627 1578 4680 ergo
1597 4611 1746 4665 illius
1763 4612 2002 4665 multum
2087 4626 2208 4680 quae
2237 4625 2406 4680 super
2433 4609 2643 4664 caelesti
2672 4609 2810 4680 Regi
2840 4608 3026 4664 oblata
3055 4614 3207 4672 sunt,
3240 4608 3496 4664 terrestri
3520 4609 3681 4664 dare.

413 4701 616 4765 (fuerat
645 4700 792 4753 enim
832 4717 897 4754 ex
934 4699 1259 4753 clarissimis
1301 4705 1358 4753 et
1378 4700 1594 4770 magnis
1639 4698 1998 4772 principibus)
2087 4697 2144 4753 Si
2171 4714 2301 4752 vero
2331 4704 2388 4751 et
2415 4697 2643 4752 omnino
2672 4699 2784 4752 tale
2806 4698 3017 4769 aliquid
3037 4697 3328 4768 judicasti,
3361 4699 3543 4763 crede,
3565 4697 3684 4752 hu-

411 4785 548 4841 dicit
577 4788 646 4842 ad
679 4805 874 4843 aurem
912 4788 1062 4843 illius
1091 4788 1181 4842 cui
1216 4805 1418 4842 aurum
1455 4789 1727 4843 creditum
1765 4795 1903 4855 erat,
1938 4794 2003 4844 ut
2082 4786 2232 4840 milis
2261 4788 2505 4841 Joannes
2536 4803 2601 4840 ex
2632 4787 2712 4842 eis
2741 4803 3036 4842 nummum
3067 4803 3180 4841 non
3209 4787 3368 4842 dabit
3392 4785 3496 4841 tibi
3531 4805 3543 4853 ;
3581 4786 3683 4841 sed

408 4874 570 4929 daret
597 4876 648 4929 ei
677 4876 994 4947 quindecim
1015 4877 1184 4932 libras
1211 4878 1356 4932 auri.
1387 4880 1526 4933 Cum
1555 4885 1743 4932 autem
1770 4878 1871 4932 has
1901 4878 2000 4931 da-

406 4967 568 5017 turus
599 4963 797 5030 abiret,
821 4968 1192 5038 apprehendit
1219 4968 1513 5022 consilium
1558 4968 1856 5038 logothetae
1887 4966 1993 5036 (3!)

407 5055 463 5104 et
493 5052 764 5106 (economi
797 5073 809 5119 ;
842 5060 896 5108 et
927 5072 991 5108 ex
1013 5055 1287 5111 diabolica
1314 5055 1638 5128 operatione
1663 5055 1994 5120 invidentes,

405 5155 520 5194 non
548 5140 828 5196 dederunt
848 5143 898 5196 ei
928 5143 1036 5197 nisi
1066 5145 1313 5216 quinque
1343 5145 1532 5200 libras.
1584 5145 1725 5199 Cum
1756 5161 1888 5215 ergo
1917 5160 2001 5197 re-

405 5233 718 5284 verteretur
763 5230 833 5284 de
880 5231 1110 5286 collecta
1134 5233 1247 5301 (33)
1287 5235 1436 5288 idem
1475 5232 1996 5288 honorabilissimus

406 5317 879 5390 archiepiscopus,
893 5319 992 5373 dat
1003 5320 1052 5374 ei
1070 5320 1126 5375 in
1139 5323 1359 5393 scriptis
1376 5323 1578 5380 mulier
1597 5323 1764 5376 vidua
1785 5320 1996 5376 habens

405 5407 632 5462 unicum
662 5408 860 5475 lium,
895 5408 1156 5464 notitiam
1193 5411 1341 5464 xenii
1372 5412 1482 5488 (34)
1519 5412 1765 5484 quinque
1803 5416 1993 5465 cente-

403 5495 691 5562 nariorum
715 5497 856 5552 auri.
888 5497 1026 5552 Cum
1057 5503 1244 5552 autem
1282 5499 1634 5572 suscepisset,
1667 5506 1724 5554 et
1751 5499 1995 5555 honora-

401 5583 512 5639 bile
541 5592 818 5642 secretum
839 5586 1191 5655 dimississet,
1219 5589 1541 5644 convocavit
1557 5589 1990 5661 dispensatores.

2083 4891 2208 4930 ecce
2236 4876 2339 4930 sub
2386 4876 2586 4930 humili
2631 4876 2834 4930 lectulo
2874 4892 2998 4930 meo
3027 4881 3115 4930 est
3151 4875 3425 4946 apotheca
3447 4875 3680 4941 Christi,

2081 4969 2147 5019 ut
2180 4964 2420 5019 volueris
2442 4964 2546 5019 fac.
2567 4963 2817 5035 Surgens
2845 4965 3035 5035 itaque
3047 4964 3240 5021 statim
3269 4963 3558 5036 patricius,
3580 4980 3684 5017 vo-

2078 5059 2170 5108 cat
2203 5054 2270 5108 de
2295 5054 2410 5109 suis
2438 5052 2758 5108 hominibus
2789 5053 2884 5124 qui
2915 5059 3140 5125 portare
3171 5053 3460 5119 deberent,
3485 5057 3544 5106 et
3566 5052 3674 5106 im-

2081 5143 2240 5214 ponit
2275 5159 2444 5214 super
2471 5157 2566 5197 eos
2595 5141 2860 5214 pecunias
2884 5147 3055 5209 totas,
3090 5159 3204 5198 non
3242 5142 3564 5213 relinquens
3612 5156 3682 5194 ex

2080 5232 2161 5286 eis
2183 5231 2290 5286 nisi
2311 5248 2486 5286 unum
2509 5232 2913 5299 centenarium,
2933 5232 3002 5286 Et
3011 5247 3139 5287 cum
3160 5230 3565 5286 descenderent
3579 5229 3679 5300 qui

2079 5320 2378 5392 portabant
2390 5320 2710 5392 hujusmodi
2725 5320 3038 5392 pecuniam.
3059 5318 3677 5390 ascendebantquidam

2078 5409 2174 5465 alii
2195 5415 2491 5482 portantes
2504 5409 2734 5482 pusillas
2751 5409 3098 5481 lagunculas,
3123 5409 3394 5464 habentes
3407 5406 3677 5479 pecunias

2077 5499 2277 5554 missas
2297 5499 2629 5571 patriarchae
2649 5498 2719 5552 de
2744 5498 2948 5565 Africa,
2971 5497 3376 5570 superscriptas
3393 5497 3532 5550 alias
3552 5495 3677 5566 qui-

2077 5589 2204 5644 dem
2234 5603 2344 5643 um.
2373 5603 2636 5654 aermna,
2671 5587 2810 5644 alias
2830 5594 3021 5644 autem
3049 5603 3158 5645 ,
3187 5604 3304 5643 sum
3332 5601 3500 5643 anno.
3531 5586 3678 5640 Cum
