  <div class='ocr_page' id='page_1' title='image "/cluster/home/n/w/nwhite01/storage/ocr_20150623/73/hvd.32044054758776/180.png"; bbox 0 0 3942 6200; ppageno 0'>
   <div class='ocr_carea' id='block_1_1' title="bbox 317 297 428 355">
    <p class='ocr_par' dir='ltr' id='par_1_1' title="bbox 317 297 428 355">
     <span class='ocr_line' id='line_1_1' title="bbox 317 297 428 355; baseline -0.009 -1"><span class='ocrx_word' id='word_1_1' title='bbox 317 297 428 355; x_wconf 75' lang='grc'>349</span> 
     </span>
    </p>
   </div>
   <div class='ocr_carea' id='block_1_2' title="bbox 1194 301 2637 367">
    <p class='ocr_par' dir='ltr' id='par_1_2' title="bbox 1194 301 2637 367">
     <span class='ocr_line' id='line_1_2' title="bbox 1194 301 2637 367; baseline 0.006 -10"><span class='ocrx_word' id='word_1_2' title='bbox 1194 303 1362 358; x_wconf 83' lang='lat' dir='ltr'>VITA</span> <span class='ocrx_word' id='word_1_3' title='bbox 1398 301 1656 360; x_wconf 84' lang='lat' dir='ltr'>SANCTI</span> <span class='ocrx_word' id='word_1_4' title='bbox 1691 305 1997 363; x_wconf 80' lang='lat' dir='ltr'>JOANNIS</span> <span class='ocrx_word' id='word_1_5' title='bbox 2037 308 2637 367; x_wconf 86' lang='lat' dir='ltr'>ELEEMOSYNARII.</span> 
     </span>
    </p>
   </div>
   <div class='ocr_carea' id='block_1_3' title="bbox 3498 313 3603 369">
    <p class='ocr_par' dir='ltr' id='par_1_3' title="bbox 3498 313 3603 369">
     <span class='ocr_line' id='line_1_3' title="bbox 3498 313 3603 369; baseline 0.01 -1"><span class='ocrx_word' id='word_1_6' title='bbox 3498 313 3603 369; x_wconf 73' lang='lat'>350</span> 
     </span>
    </p>
   </div>
   <div class='ocr_carea' id='block_1_4' title="bbox 318 424 3600 511">
    <p class='ocr_par' dir='ltr' id='par_1_4' title="bbox 318 424 3600 511">
     <span class='ocr_line' id='line_1_4' title="bbox 318 424 3600 511; baseline 0.004 -31"><span class='ocrx_word' id='word_1_7' title='bbox 318 443 457 496; x_wconf 91' lang='lat' dir='ltr'>ergo</span> <span class='ocrx_word' id='word_1_8' title='bbox 498 425 842 482; x_wconf 86' lang='lat' dir='ltr'>descendens</span> <span class='ocrx_word' id='word_1_9' title='bbox 868 427 1136 499; x_wconf 90' lang='lat' dir='ltr'>patricius</span> <span class='ocrx_word' id='word_1_10' title='bbox 1178 429 1391 499; x_wconf 85' lang='lat' dir='ltr'><strong>legeret</strong></span> <span class='ocrx_word' id='word_1_11' title='bbox 1419 424 1983 502; x_wconf 30' lang='lat' dir='ltr'>superscriptiones&#39;A</span> <span class='ocrx_word' id='word_1_12' title='bbox 2011 435 2177 490; x_wconf 83' lang='lat' dir='ltr'>sitate</span> <span class='ocrx_word' id='word_1_13' title='bbox 2226 453 2542 508; x_wconf 89' lang='lat' dir='ltr'>compresso</span> <span class='ocrx_word' id='word_1_14' title='bbox 2563 455 2755 493; x_wconf 90' lang='lat' dir='ltr'>eorum</span> <span class='ocrx_word' id='word_1_15' title='bbox 2788 440 2882 511; x_wconf 87' lang='lat' dir='ltr'>qui</span> <span class='ocrx_word' id='word_1_16' title='bbox 2911 439 2981 494; x_wconf 90' lang='lat' dir='ltr'>ab</span> <span class='ocrx_word' id='word_1_17' title='bbox 3013 456 3078 494; x_wconf 89' lang='lat' dir='ltr'>eo</span> <span class='ocrx_word' id='word_1_18' title='bbox 3115 438 3429 506; x_wconf 80' lang='lat' dir='ltr'>alebantur,</span> <span class='ocrx_word' id='word_1_19' title='bbox 3465 443 3522 492; x_wconf 91' lang='lat' dir='ltr'>et</span> <span class='ocrx_word' id='word_1_20' title='bbox 3541 438 3600 492; x_wconf 90' lang='lat' dir='ltr'>in</span> 
     </span>
    </p>
   </div>
   <div class='ocr_carea' id='block_1_5' title="bbox 320 525 1925 597">
    <p class='ocr_par' dir='ltr' id='par_1_5' title="bbox 320 525 1925 597">
     <span class='ocr_line' id='line_1_5' title="bbox 320 525 1925 597; baseline 0.004 -19"><span class='ocrx_word' id='word_1_21' title='bbox 320 525 678 595; x_wconf 87' lang='lat' dir='ltr'>lagenarum,</span> <span class='ocrx_word' id='word_1_22' title='bbox 713 526 962 580; x_wconf 85' lang='lat' dir='ltr'>insinuat</span> <span class='ocrx_word' id='word_1_23' title='bbox 981 527 1314 597; x_wconf 60' lang='lat' dir='ltr'>patriarcha;</span> <span class='ocrx_word' id='word_1_24' title='bbox 1338 533 1404 582; x_wconf 89' lang='lat' dir='ltr'>ut</span> <span class='ocrx_word' id='word_1_25' title='bbox 1447 529 1550 582; x_wconf 91' lang='lat' dir='ltr'>sibi</span> <span class='ocrx_word' id='word_1_26' title='bbox 1583 530 1833 584; x_wconf 84' lang='lat' dir='ltr'>mitteret</span> <span class='ocrx_word' id='word_1_27' title='bbox 1856 531 1925 585; x_wconf 93' lang='lat' dir='ltr'>de</span> 
     </span>
    </p>
   </div>
   <div class='ocr_carea' id='block_1_6' title="bbox 315 615 1921 686">
    <p class='ocr_par' dir='ltr' id='par_1_6' title="bbox 315 615 1921 686">
     <span class='ocr_line' id='line_1_6' title="bbox 315 615 1921 686; baseline 0.004 -19"><span class='ocrx_word' id='word_1_28' title='bbox 315 615 423 669; x_wconf 83' lang='lat' dir='ltr'>tali</span> <span class='ocrx_word' id='word_1_29' title='bbox 456 616 761 686; x_wconf 89' lang='lat' dir='ltr'>melle,quo</span> <span class='ocrx_word' id='word_1_30' title='bbox 783 616 1002 686; x_wconf 90' lang='lat' dir='ltr'>adopus</span> <span class='ocrx_word' id='word_1_31' title='bbox 1033 633 1197 670; x_wconf 92' lang='lat' dir='ltr'>suum</span> <span class='ocrx_word' id='word_1_32' title='bbox 1229 619 1921 673; x_wconf 88' lang='lat' dir='ltr'>uteretur.Noveratenim</span> 
     </span>
    </p>
   </div>
   <div class='ocr_carea' id='block_1_7' title="bbox 318 705 1923 780">
    <p class='ocr_par' dir='ltr' id='par_1_7' title="bbox 318 705 1923 780">
     <span class='ocr_line' id='line_1_7' title="bbox 318 705 1923 780; baseline 0.001 -20"><span class='ocrx_word' id='word_1_33' title='bbox 318 721 452 760; x_wconf 89' lang='lat' dir='ltr'>eum</span> <span class='ocrx_word' id='word_1_34' title='bbox 485 705 619 758; x_wconf 89' lang='lat' dir='ltr'>mali</span> <span class='ocrx_word' id='word_1_35' title='bbox 650 722 768 759; x_wconf 90' lang='lat' dir='ltr'>esse</span> <span class='ocrx_word' id='word_1_36' title='bbox 791 706 1200 760; x_wconf 86' lang='lat' dir='ltr'>immemorem.</span> <span class='ocrx_word' id='word_1_37' title='bbox 1254 707 1604 761; x_wconf 85' lang='lat' dir='ltr'>Ascendente</span> <span class='ocrx_word' id='word_1_38' title='bbox 1625 708 1800 778; x_wconf 79' lang='lat' dir='ltr'>igitur</span> <span class='ocrx_word' id='word_1_39' title='bbox 1828 709 1923 780; x_wconf 86' lang='lat' dir='ltr'>qui</span> 
     </span>
    </p>
   </div>
   <div class='ocr_carea' id='block_1_8' title="bbox 315 793 1917 867">
    <p class='ocr_par' dir='ltr' id='par_1_8' title="bbox 315 793 1917 867">
     <span class='ocr_line' id='line_1_8' title="bbox 315 793 1917 867; baseline 0.002 -19"><span class='ocrx_word' id='word_1_40' title='bbox 315 795 653 865; x_wconf 88' lang='lat' dir='ltr'>lagunculas</span> <span class='ocrx_word' id='word_1_41' title='bbox 673 793 914 848; x_wconf 86' lang='lat' dir='ltr'>habebat</span> <span class='ocrx_word' id='word_1_42' title='bbox 957 795 1221 861; x_wconf 90' lang='lat' dir='ltr'>creditas,</span> <span class='ocrx_word' id='word_1_43' title='bbox 1256 801 1312 849; x_wconf 91' lang='lat' dir='ltr'>et</span> <span class='ocrx_word' id='word_1_44' title='bbox 1340 813 1607 867; x_wconf 89' lang='lat' dir='ltr'>responsa</span> <span class='ocrx_word' id='word_1_45' title='bbox 1633 797 1917 863; x_wconf 86' lang='lat' dir='ltr'>reddente,</span> 
     </span>
    </p>
   </div>
   <div class='ocr_carea' id='block_1_9' title="bbox 319 883 1919 955">
    <p class='ocr_par' dir='ltr' id='par_1_9' title="bbox 319 883 1919 955">
     <span class='ocr_line' id='line_1_9' title="bbox 319 883 1919 955; baseline 0.003 -19"><span class='ocrx_word' id='word_1_46' title='bbox 319 889 380 937; x_wconf 88' lang='lat' dir='ltr'>et</span> <span class='ocrx_word' id='word_1_47' title='bbox 400 883 685 938; x_wconf 89' lang='lat' dir='ltr'>indicante</span> <span class='ocrx_word' id='word_1_48' title='bbox 713 885 977 954; x_wconf 89' lang='lat' dir='ltr'>pecunias</span> <span class='ocrx_word' id='word_1_49' title='bbox 997 901 1118 938; x_wconf 91' lang='lat' dir='ltr'>esse</span> <span class='ocrx_word' id='word_1_50' title='bbox 1149 901 1250 955; x_wconf 89' lang='lat' dir='ltr'>pro</span> <span class='ocrx_word' id='word_1_51' title='bbox 1275 886 1438 939; x_wconf 89' lang='lat' dir='ltr'><strong>melle</strong></span> <span class='ocrx_word' id='word_1_52' title='bbox 1456 886 1512 939; x_wconf 93' lang='lat' dir='ltr'>in</span> <span class='ocrx_word' id='word_1_53' title='bbox 1531 887 1696 952; x_wconf 85' lang='lat' dir='ltr'>vasis,</span> <span class='ocrx_word' id='word_1_54' title='bbox 1731 887 1919 940; x_wconf 88' lang='lat' dir='ltr'>statim</span> 
     </span>
    </p>
   </div>
   <div class='ocr_carea' id='block_1_10' title="bbox 317 973 1926 1046">
    <p class='ocr_par' dir='ltr' id='par_1_10' title="bbox 317 973 1926 1046">
     <span class='ocr_line' id='line_1_10' title="bbox 317 973 1926 1046; baseline 0.003 -22"><span class='ocrx_word' id='word_1_55' title='bbox 317 989 451 1026; x_wconf 83' lang='lat' dir='ltr'>vere</span> <span class='ocrx_word' id='word_1_56' title='bbox 481 973 636 1027; x_wconf 90' lang='lat' dir='ltr'>mitis</span> <span class='ocrx_word' id='word_1_57' title='bbox 665 979 858 1043; x_wconf 87' lang='lat' dir='ltr'>pastor</span> <span class='ocrx_word' id='word_1_58' title='bbox 883 974 1036 1026; x_wconf 84' lang='lat' dir='ltr'>misit</span> <span class='ocrx_word' id='word_1_59' title='bbox 1050 973 1100 1026; x_wconf 93' lang='lat' dir='ltr'>ei</span> <span class='ocrx_word' id='word_1_60' title='bbox 1133 990 1302 1028; x_wconf 88' lang='lat' dir='ltr'>unam</span> <span class='ocrx_word' id='word_1_61' title='bbox 1323 975 1700 1045; x_wconf 83' lang='lat' dir='ltr'>lagunculam,</span> <span class='ocrx_word' id='word_1_62' title='bbox 1736 992 1926 1046; x_wconf 89' lang='lat' dir='ltr'>super-</span> 
     </span>
    </p>
   </div>
   <div class='ocr_carea' id='block_1_11' title="bbox 319 1062 1927 1134">
    <p class='ocr_par' dir='ltr' id='par_1_11' title="bbox 319 1062 1927 1134">
     <span class='ocr_line' id='line_1_11' title="bbox 319 1062 1927 1134; baseline 0.002 -19"><span class='ocrx_word' id='word_1_63' title='bbox 319 1062 593 1132; x_wconf 86' lang='lat' dir='ltr'>scriptam</span> <span class='ocrx_word' id='word_1_64' title='bbox 625 1079 733 1115; x_wconf 71' lang='lat' dir='ltr'>nsi.</span> <span class='ocrx_word' id='word_1_65' title='bbox 764 1075 1032 1128; x_wconf 77' lang='lat' dir='ltr'>OP&#39;NMUM,</span> <span class='ocrx_word' id='word_1_66' title='bbox 1067 1063 1276 1117; x_wconf 85' lang='lat' dir='ltr'>faciens</span> <span class='ocrx_word' id='word_1_67' title='bbox 1300 1064 1350 1117; x_wconf 91' lang='lat' dir='ltr'>ei</span> <span class='ocrx_word' id='word_1_68' title='bbox 1385 1069 1441 1117; x_wconf 92' lang='lat' dir='ltr'>et</span> <span class='ocrx_word' id='word_1_69' title='bbox 1460 1065 1775 1134; x_wconf 82' lang='lat' dir='ltr'>pittacium,</span> <span class='ocrx_word' id='word_1_70' title='bbox 1800 1081 1927 1118; x_wconf 93' lang='lat' dir='ltr'>con-</span> 
     </span>
    </p>
   </div>
   <div class='ocr_carea' id='block_1_12' title="bbox 317 1151 1926 1222">
    <p class='ocr_par' dir='ltr' id='par_1_12' title="bbox 317 1151 1926 1222">
     <span class='ocr_line' id='line_1_12' title="bbox 317 1151 1926 1222; baseline 0.002 -19"><span class='ocrx_word' id='word_1_71' title='bbox 317 1151 511 1204; x_wconf 88' lang='lat' dir='ltr'>tinens</span> <span class='ocrx_word' id='word_1_72' title='bbox 537 1152 618 1204; x_wconf 90' lang='lat' dir='ltr'>ita</span> <span class='ocrx_word' id='word_1_73' title='bbox 643 1170 654 1204; x_wconf 92' lang='lat'><strong><em>:</em></strong></span> <span class='ocrx_word' id='word_1_74' title='bbox 695 1171 716 1201; x_wconf 78' lang='grc' dir='ltr'>ι</span> <span class='ocrx_word' id='word_1_75' title='bbox 740 1151 1010 1206; x_wconf 88' lang='lat' dir='ltr'>Dominus</span> <span class='ocrx_word' id='word_1_76' title='bbox 1029 1153 1122 1222; x_wconf 88' lang='lat' dir='ltr'>qui</span> <span class='ocrx_word' id='word_1_77' title='bbox 1139 1153 1312 1206; x_wconf 84' lang='lat' dir='ltr'>dixit:</span> <span class='ocrx_word' id='word_1_78' title='bbox 1339 1153 1464 1207; x_wconf 88' lang='lat' dir='ltr'>Non</span> <span class='ocrx_word' id='word_1_79' title='bbox 1482 1159 1538 1207; x_wconf 92' lang='lat' dir='ltr'>te</span> <span class='ocrx_word' id='word_1_80' title='bbox 1555 1154 1807 1208; x_wconf 88' lang='lat' dir='ltr'><strong>deseram</strong></span> <span class='ocrx_word' id='word_1_81' title='bbox 1831 1170 1926 1207; x_wconf 87' lang='lat' dir='ltr'>ne-</span> 
     </span>
    </p>
   </div>
   <div class='ocr_carea' id='block_1_13' title="bbox 321 1240 1926 1311">
    <p class='ocr_par' dir='ltr' id='par_1_13' title="bbox 321 1240 1926 1311">
     <span class='ocr_line' id='line_1_13' title="bbox 321 1240 1926 1311; baseline 0.002 -18"><span class='ocrx_word' id='word_1_82' title='bbox 321 1256 433 1310; x_wconf 89' lang='lat' dir='ltr'>que</span> <span class='ocrx_word' id='word_1_83' title='bbox 479 1240 865 1311; x_wconf 88' lang='lat' dir='ltr'>derelinquam</span> <span class='ocrx_word' id='word_1_84' title='bbox 897 1243 1352 1307; x_wconf 77' lang='lat' dir='ltr'>(Ilebr.xin;Jos.</span> <span class='ocrx_word' id='word_1_85' title='bbox 1389 1246 1451 1307; x_wconf 86' lang='lat'>1),</span> <span class='ocrx_word' id='word_1_86' title='bbox 1489 1243 1609 1296; x_wconf 91' lang='lat' dir='ltr'>sine</span> <span class='ocrx_word' id='word_1_87' title='bbox 1634 1243 1926 1296; x_wconf 86' lang='lat' dir='ltr'>mendacio</span> 
     </span>
    </p>
   </div>
   <div class='ocr_carea' id='block_1_14' title="bbox 321 1330 1927 1401">
    <p class='ocr_par' dir='ltr' id='par_1_14' title="bbox 321 1330 1927 1401">
     <span class='ocr_line' id='line_1_14' title="bbox 321 1330 1927 1401; baseline 0.002 -19"><span class='ocrx_word' id='word_1_88' title='bbox 321 1336 446 1395; x_wconf 85' lang='lat' dir='ltr'>est;</span> <span class='ocrx_word' id='word_1_89' title='bbox 488 1334 543 1382; x_wconf 91' lang='lat' dir='ltr'>et</span> <span class='ocrx_word' id='word_1_90' title='bbox 591 1330 738 1382; x_wconf 89' lang='lat' dir='ltr'>Deus</span> <span class='ocrx_word' id='word_1_91' title='bbox 769 1346 967 1396; x_wconf 85' lang='lat' dir='ltr'>verus;</span> <span class='ocrx_word' id='word_1_92' title='bbox 1011 1330 1218 1384; x_wconf 92' lang='lat' dir='ltr'>idcirco</span> <span class='ocrx_word' id='word_1_93' title='bbox 1274 1331 1473 1394; x_wconf 91' lang='lat' dir='ltr'>Deum,</span> <span class='ocrx_word' id='word_1_94' title='bbox 1517 1332 1612 1401; x_wconf 91' lang='lat' dir='ltr'>qui</span> <span class='ocrx_word' id='word_1_95' title='bbox 1669 1331 1927 1386; x_wconf 90' lang='lat' dir='ltr'>omnibus</span> 
     </span>
    </p>
   </div>
   <div class='ocr_carea' id='block_1_15' title="bbox 321 1418 1928 1491">
    <p class='ocr_par' dir='ltr' id='par_1_15' title="bbox 321 1418 1928 1491">
     <span class='ocr_line' id='line_1_15' title="bbox 321 1418 1928 1491; baseline 0.002 -19"><span class='ocrx_word' id='word_1_96' title='bbox 321 1435 510 1472; x_wconf 85' lang='lat' dir='ltr'>escam</span> <span class='ocrx_word' id='word_1_97' title='bbox 543 1424 599 1471; x_wconf 91' lang='lat' dir='ltr'>et</span> <span class='ocrx_word' id='word_1_98' title='bbox 620 1418 788 1472; x_wconf 91' lang='lat' dir='ltr'>vitam</span> <span class='ocrx_word' id='word_1_99' title='bbox 812 1419 1040 1489; x_wconf 70' lang='lat' dir='ltr'>praebet,</span> <span class='ocrx_word' id='word_1_100' title='bbox 1075 1420 1241 1473; x_wconf 92' lang='lat' dir='ltr'>homo</span> <span class='ocrx_word' id='word_1_101' title='bbox 1263 1420 1640 1491; x_wconf 83' lang='lat' dir='ltr'>corruptibilis</span> <span class='ocrx_word' id='word_1_102' title='bbox 1656 1421 1928 1475; x_wconf 88' lang='lat' dir='ltr'>constrin—</span> 
     </span>
    </p>
   </div>
   <div class='ocr_carea' id='block_1_16' title="bbox 319 1508 1926 1580">
    <p class='ocr_par' dir='ltr' id='par_1_16' title="bbox 319 1508 1926 1580">
     <span class='ocr_line' id='line_1_16' title="bbox 319 1508 1926 1580; baseline 0.003 -21"><span class='ocrx_word' id='word_1_103' title='bbox 319 1523 458 1576; x_wconf 85' lang='lat' dir='ltr'><strong>gere</strong></span> <span class='ocrx_word' id='word_1_104' title='bbox 485 1524 599 1561; x_wconf 92' lang='lat' dir='ltr'>non</span> <span class='ocrx_word' id='word_1_105' title='bbox 628 1513 834 1578; x_wconf 90' lang='lat' dir='ltr'>potest.</span> <span class='ocrx_word' id='word_1_106' title='bbox 860 1508 1015 1562; x_wconf 86' lang='lat' dir='ltr'>Vale.</span> <span class='ocrx_word' id='word_1_107' title='bbox 1050 1528 1076 1561; x_wconf 89' lang='lat'><strong><em>»</em></strong></span> <span class='ocrx_word' id='word_1_108' title='bbox 1120 1509 1390 1580; x_wconf 67' lang='lat' dir='ltr'>Prmcepit</span> <span class='ocrx_word' id='word_1_109' title='bbox 1434 1516 1622 1563; x_wconf 90' lang='lat' dir='ltr'>autem</span> <span class='ocrx_word' id='word_1_110' title='bbox 1668 1509 1926 1564; x_wconf 89' lang='lat' dir='ltr'>abeunti-</span> 
     </span>
    </p>
   </div>
   <div class='ocr_carea' id='block_1_17' title="bbox 321 1595 1926 1666">
    <p class='ocr_par' dir='ltr' id='par_1_17' title="bbox 321 1595 1926 1666">
     <span class='ocr_line' id='line_1_17' title="bbox 321 1595 1926 1666; baseline 0.002 -18"><span class='ocrx_word' id='word_1_111' title='bbox 321 1595 429 1649; x_wconf 90' lang='lat' dir='ltr'>bus</span> <span class='ocrx_word' id='word_1_112' title='bbox 458 1601 516 1648; x_wconf 93' lang='lat' dir='ltr'>et</span> <span class='ocrx_word' id='word_1_113' title='bbox 538 1596 889 1666; x_wconf 83' lang='lat' dir='ltr'>portantibus</span> <span class='ocrx_word' id='word_1_114' title='bbox 907 1598 1622 1666; x_wconf 82' lang='lat' dir='ltr'>lagunculam,utdicerent</span> <span class='ocrx_word' id='word_1_115' title='bbox 1635 1599 1684 1652; x_wconf 92' lang='lat' dir='ltr'>ei</span> <span class='ocrx_word' id='word_1_116' title='bbox 1704 1604 1768 1652; x_wconf 92' lang='lat' dir='ltr'>ut</span> <span class='ocrx_word' id='word_1_117' title='bbox 1795 1604 1926 1652; x_wconf 88' lang='lat' dir='ltr'>ante</span> 
     </span>
    </p>
   </div>
   <div class='ocr_carea' id='block_1_18' title="bbox 321 1684 1925 1757">
    <p class='ocr_par' dir='ltr' id='par_1_18' title="bbox 321 1684 1925 1757">
     <span class='ocr_line' id='line_1_18' title="bbox 321 1684 1925 1757; baseline 0.002 -21"><span class='ocrx_word' id='word_1_118' title='bbox 321 1701 386 1737; x_wconf 89' lang='lat' dir='ltr'>se</span> <span class='ocrx_word' id='word_1_119' title='bbox 422 1684 632 1737; x_wconf 86' lang='lat' dir='ltr'>faceret</span> <span class='ocrx_word' id='word_1_120' title='bbox 662 1701 784 1738; x_wconf 92' lang='lat' dir='ltr'>eam</span> <span class='ocrx_word' id='word_1_121' title='bbox 834 1686 1062 1756; x_wconf 91' lang='lat' dir='ltr'>aperiri,</span> <span class='ocrx_word' id='word_1_122' title='bbox 1096 1692 1152 1740; x_wconf 92' lang='lat' dir='ltr'><strong>et</strong></span> <span class='ocrx_word' id='word_1_123' title='bbox 1180 1687 1430 1740; x_wconf 82' lang='lat' dir='ltr'>dicerent</span> <span class='ocrx_word' id='word_1_124' title='bbox 1478 1687 1530 1740; x_wconf 92' lang='lat' dir='ltr'>ei</span> <span class='ocrx_word' id='word_1_125' title='bbox 1557 1687 1701 1757; x_wconf 91' lang='lat' dir='ltr'>quod</span> <span class='ocrx_word' id='word_1_126' title='bbox 1732 1703 1925 1741; x_wconf 90' lang='lat' dir='ltr'>omnes</span> 
     </span>
    </p>
   </div>
   <div class='ocr_carea' id='block_1_19' title="bbox 2007 527 3602 602">
    <p class='ocr_par' dir='ltr' id='par_1_19' title="bbox 2007 527 3602 602">
     <span class='ocr_line' id='line_1_19' title="bbox 2007 527 3602 602; baseline 0.001 -23"><span class='ocrx_word' id='word_1_127' title='bbox 2007 527 2185 580; x_wconf 88' lang='lat' dir='ltr'>multa</span> <span class='ocrx_word' id='word_1_128' title='bbox 2233 543 2367 581; x_wconf 90' lang='lat' dir='ltr'>cura</span> <span class='ocrx_word' id='word_1_129' title='bbox 2413 532 2470 580; x_wconf 90' lang='lat' dir='ltr'>et</span> <span class='ocrx_word' id='word_1_130' title='bbox 2499 529 2751 582; x_wconf 88' lang='lat' dir='ltr'>oratione</span> <span class='ocrx_word' id='word_1_131' title='bbox 2779 529 2942 584; x_wconf 90' lang='lat' dir='ltr'>beato</span> <span class='ocrx_word' id='word_1_132' title='bbox 2974 534 3385 602; x_wconf 85' lang='lat' dir='ltr'>perseverante.</span> <span class='ocrx_word' id='word_1_133' title='bbox 3427 528 3602 582; x_wconf 90' lang='lat' dir='ltr'>sensit</span> 
     </span>
    </p>
   </div>
   <div class='ocr_carea' id='block_1_20' title="bbox 2009 614 3596 689">
    <p class='ocr_par' dir='ltr' id='par_1_20' title="bbox 2009 614 3596 689">
     <span class='ocr_line' id='line_1_20' title="bbox 2009 614 3596 689; baseline 0.001 -21"><span class='ocrx_word' id='word_1_134' title='bbox 2009 614 2236 684; x_wconf 89' lang='lat' dir='ltr'>quidam</span> <span class='ocrx_word' id='word_1_135' title='bbox 2268 616 2506 669; x_wconf 85' lang='lat' dir='ltr'>civitatis</span> <span class='ocrx_word' id='word_1_136' title='bbox 2527 617 2810 671; x_wconf 85' lang='lat' dir='ltr'>habitator</span> <span class='ocrx_word' id='word_1_137' title='bbox 2833 635 2957 672; x_wconf 91' lang='lat' dir='ltr'><strong>eam</strong></span> <span class='ocrx_word' id='word_1_138' title='bbox 2985 635 3107 689; x_wconf 73' lang='lat' dir='ltr'>quae</span> <span class='ocrx_word' id='word_1_139' title='bbox 3152 617 3596 672; x_wconf 87' lang='lat' dir='ltr'>circumdederat</span> 
     </span>
    </p>
   </div>
   <div class='ocr_carea' id='block_1_21' title="bbox 2007 705 3602 776">
    <p class='ocr_par' dir='ltr' id='par_1_21' title="bbox 2007 705 3602 776">
     <span class='ocr_line' id='line_1_21' title="bbox 2007 705 3602 776; baseline 0.002 -20"><span class='ocrx_word' id='word_1_140' title='bbox 2007 705 2422 758; x_wconf 89' lang='lat' dir='ltr'>sanctissimum</span> <span class='ocrx_word' id='word_1_141' title='bbox 2453 706 2610 758; x_wconf 91' lang='lat' dir='ltr'>illum</span> <span class='ocrx_word' id='word_1_142' title='bbox 2640 707 2958 761; x_wconf 90' lang='lat' dir='ltr'>ariditatem</span> <span class='ocrx_word' id='word_1_143' title='bbox 2982 715 3038 761; x_wconf 90' lang='lat' dir='ltr'>et</span> <span class='ocrx_word' id='word_1_144' title='bbox 3067 707 3442 761; x_wconf 89' lang='lat' dir='ltr'>omnimodam</span> <span class='ocrx_word' id='word_1_145' title='bbox 3476 721 3602 776; x_wconf 90' lang='lat' dir='ltr'><strong>ege-</strong></span> 
     </span>
    </p>
   </div>
   <div class='ocr_carea' id='block_1_22' title="bbox 2007 794 3595 864">
    <p class='ocr_par' dir='ltr' id='par_1_22' title="bbox 2007 794 3595 864">
     <span class='ocr_line' id='line_1_22' title="bbox 2007 794 3595 864; baseline 0.002 -19"><span class='ocrx_word' id='word_1_146' title='bbox 2007 798 2210 846; x_wconf 87' lang='lat' dir='ltr'>statem</span> <span class='ocrx_word' id='word_1_147' title='bbox 2236 813 2246 846; x_wconf 94' lang='lat'>:</span> <span class='ocrx_word' id='word_1_148' title='bbox 2291 794 2549 864; x_wconf 91' lang='lat' dir='ltr'>bigamus</span> <span class='ocrx_word' id='word_1_149' title='bbox 2579 796 2840 862; x_wconf 85' lang='lat' dir='ltr'>existens,</span> <span class='ocrx_word' id='word_1_150' title='bbox 2873 797 3152 850; x_wconf 85' lang='lat' dir='ltr'>desiderat</span> <span class='ocrx_word' id='word_1_151' title='bbox 3171 797 3438 850; x_wconf 77' lang='lat' dir='ltr'>diaconus</span> <span class='ocrx_word' id='word_1_152' title='bbox 3465 811 3595 849; x_wconf 92' lang='lat' dir='ltr'>san-</span> 
     </span>
    </p>
   </div>
   <div class='ocr_carea' id='block_1_23' title="bbox 2006 884 3598 956">
    <p class='ocr_par' dir='ltr' id='par_1_23' title="bbox 2006 884 3598 956">
     <span class='ocr_line' id='line_1_23' title="bbox 2006 884 3598 956; baseline 0.001 -20"><span class='ocrx_word' id='word_1_153' title='bbox 2006 888 2106 937; x_wconf 61' lang='lat' dir='ltr'>cta</span> <span class='ocrx_word' id='word_1_154' title='bbox 2137 884 2380 937; x_wconf 62' lang='lat' dir='ltr'>ecclesiae</span> <span class='ocrx_word' id='word_1_155' title='bbox 2421 885 2561 938; x_wconf 83' lang='lat' dir='ltr'>fieri.</span> <span class='ocrx_word' id='word_1_156' title='bbox 2591 886 2659 938; x_wconf 90' lang='lat' dir='ltr'>Et</span> <span class='ocrx_word' id='word_1_157' title='bbox 2687 902 2788 956; x_wconf 89' lang='lat' dir='ltr'>per</span> <span class='ocrx_word' id='word_1_158' title='bbox 2811 886 3196 939; x_wconf 82' lang='lat' dir='ltr'>necessitatem</span> <span class='ocrx_word' id='word_1_159' title='bbox 3212 903 3331 956; x_wconf 70' lang='lat' dir='ltr'>qua:</span> <span class='ocrx_word' id='word_1_160' title='bbox 3343 890 3598 939; x_wconf 89' lang='lat' dir='ltr'>sanctum</span> 
     </span>
    </p>
   </div>
   <div class='ocr_carea' id='block_1_24' title="bbox 2008 973 3598 1042">
    <p class='ocr_par' dir='ltr' id='par_1_24' title="bbox 2008 973 3598 1042">
     <span class='ocr_line' id='line_1_24' title="bbox 2008 973 3598 1042; baseline 0.001 -16"><span class='ocrx_word' id='word_1_161' title='bbox 2008 973 2256 1042; x_wconf 83' lang='lat' dir='ltr'>undique</span> <span class='ocrx_word' id='word_1_162' title='bbox 2286 973 2748 1041; x_wconf 87' lang='lat' dir='ltr'>circumdederat,</span> <span class='ocrx_word' id='word_1_163' title='bbox 2788 974 3007 1028; x_wconf 89' lang='lat' dir='ltr'>volebat</span> <span class='ocrx_word' id='word_1_164' title='bbox 3036 975 3271 1028; x_wconf 88' lang='lat' dir='ltr'>suadere</span> <span class='ocrx_word' id='word_1_165' title='bbox 3295 975 3346 1028; x_wconf 93' lang='lat' dir='ltr'><strong>ei</strong></span> <span class='ocrx_word' id='word_1_166' title='bbox 3375 979 3440 1028; x_wconf 90' lang='lat' dir='ltr'>ut</span> <span class='ocrx_word' id='word_1_167' title='bbox 3469 990 3598 1028; x_wconf 92' lang='lat' dir='ltr'>eum</span> 
     </span>
    </p>
   </div>
   <div class='ocr_carea' id='block_1_25' title="bbox 2008 1063 3596 1134">
    <p class='ocr_par' dir='ltr' id='par_1_25' title="bbox 2008 1063 3596 1134">
     <span class='ocr_line' id='line_1_25' title="bbox 2008 1063 3596 1134; baseline 0.002 -21"><span class='ocrx_word' id='word_1_168' title='bbox 2008 1067 2383 1129; x_wconf 86' lang='lat' dir='ltr'>consecraret;</span> <span class='ocrx_word' id='word_1_169' title='bbox 2409 1063 2646 1133; x_wconf 89' lang='lat' dir='ltr'>fecitque</span> <span class='ocrx_word' id='word_1_170' title='bbox 2672 1064 2720 1116; x_wconf 91' lang='lat' dir='ltr'>ei</span> <span class='ocrx_word' id='word_1_171' title='bbox 2743 1063 3596 1134; x_wconf 89' lang='lat' dir='ltr'>deprecationem,continentem</span> 
     </span>
    </p>
   </div>
   <div class='ocr_carea' id='block_1_26' title="bbox 2009 1150 3598 1223">
    <p class='ocr_par' dir='ltr' id='par_1_26' title="bbox 2009 1150 3598 1223">
     <span class='ocr_line' id='line_1_26' title="bbox 2009 1150 3598 1223; baseline 0.001 -20"><span class='ocrx_word' id='word_1_172' title='bbox 2009 1150 2089 1204; x_wconf 88' lang='lat' dir='ltr'>ita</span> <span class='ocrx_word' id='word_1_173' title='bbox 2113 1151 2188 1218; x_wconf 89' lang='lat' dir='ltr'>(in</span> <span class='ocrx_word' id='word_1_174' title='bbox 2215 1151 2352 1204; x_wconf 86' lang='lat' dir='ltr'>facie</span> <span class='ocrx_word' id='word_1_175' title='bbox 2374 1152 2578 1223; x_wconf 89' lang='lat' dir='ltr'>quippe</span> <span class='ocrx_word' id='word_1_176' title='bbox 2600 1153 2650 1205; x_wconf 90' lang='lat' dir='ltr'>ei</span> <span class='ocrx_word' id='word_1_177' title='bbox 2674 1169 2784 1206; x_wconf 89' lang='lat' dir='ltr'>non</span> <span class='ocrx_word' id='word_1_178' title='bbox 2817 1151 3060 1206; x_wconf 86' lang='lat' dir='ltr'>audebat</span> <span class='ocrx_word' id='word_1_179' title='bbox 3077 1153 3190 1205; x_wconf 91' lang='lat' dir='ltr'>tale</span> <span class='ocrx_word' id='word_1_180' title='bbox 3219 1152 3428 1221; x_wconf 90' lang='lat' dir='ltr'>aliquid</span> <span class='ocrx_word' id='word_1_181' title='bbox 3449 1152 3598 1205; x_wconf 87' lang='lat' dir='ltr'>dice-</span> 
     </span>
    </p>
   </div>
   <div class='ocr_carea' id='block_1_27' title="bbox 2008 1240 3598 1311">
    <p class='ocr_par' dir='ltr' id='par_1_27' title="bbox 2008 1240 3598 1311">
     <span class='ocr_line' id='line_1_27' title="bbox 2008 1240 3598 1311; baseline 0.001 -19"><span class='ocrx_word' id='word_1_182' title='bbox 2008 1243 2089 1303; x_wconf 67' lang='lat' dir='ltr'>re)</span> <span class='ocrx_word' id='word_1_183' title='bbox 2126 1259 2137 1293; x_wconf 90' lang='lat'>:</span> <span class='ocrx_word' id='word_1_184' title='bbox 2179 1261 2199 1290; x_wconf 73' lang='grc' dir='ltr'>α</span> <span class='ocrx_word' id='word_1_185' title='bbox 2226 1242 2586 1295; x_wconf 90' lang='lat' dir='ltr'>Sanctissimo</span> <span class='ocrx_word' id='word_1_186' title='bbox 2609 1247 2670 1295; x_wconf 88' lang='lat' dir='ltr'>et</span> <span class='ocrx_word' id='word_1_187' title='bbox 2692 1246 2778 1295; x_wconf 89' lang='lat' dir='ltr'>ter</span> <span class='ocrx_word' id='word_1_188' title='bbox 2798 1241 2960 1296; x_wconf 89' lang='lat' dir='ltr'>beato</span> <span class='ocrx_word' id='word_1_189' title='bbox 2972 1241 3124 1294; x_wconf 86' lang='lat' dir='ltr'>Patri</span> <span class='ocrx_word' id='word_1_190' title='bbox 3156 1246 3376 1311; x_wconf 85' lang='lat' dir='ltr'>patrum</span> <span class='ocrx_word' id='word_1_191' title='bbox 3396 1240 3598 1293; x_wconf 88' lang='lat' dir='ltr'>Joanni</span> 
     </span>
    </p>
   </div>
   <div class='ocr_carea' id='block_1_28' title="bbox 2008 1325 3595 1401">
    <p class='ocr_par' dir='ltr' id='par_1_28' title="bbox 2008 1325 3595 1401">
     <span class='ocr_line' id='line_1_28' title="bbox 2008 1325 3595 1401; baseline 0 -19"><span class='ocrx_word' id='word_1_192' title='bbox 2008 1329 2214 1384; x_wconf 88' lang='lat' dir='ltr'>vicario</span> <span class='ocrx_word' id='word_1_193' title='bbox 2239 1330 2793 1401; x_wconf 87' lang='lat' dir='ltr'>Christi,deprecatio</span> <span class='ocrx_word' id='word_1_194' title='bbox 2807 1335 2864 1384; x_wconf 90' lang='lat' dir='ltr'>et</span> <span class='ocrx_word' id='word_1_195' title='bbox 2895 1329 3238 1401; x_wconf 84' lang='lat' dir='ltr'>postulatioa</span> <span class='ocrx_word' id='word_1_196' title='bbox 3267 1329 3467 1383; x_wconf 87' lang='lat' dir='ltr'>Cosma</span> <span class='ocrx_word' id='word_1_197' title='bbox 3491 1325 3595 1397; x_wconf 77' lang='grc'>(40)</span> 
     </span>
    </p>
   </div>
   <div class='ocr_carea' id='block_1_29' title="bbox 2011 1416 3595 1488">
    <p class='ocr_par' dir='ltr' id='par_1_29' title="bbox 2011 1416 3595 1488">
     <span class='ocr_line' id='line_1_29' title="bbox 2011 1416 3595 1488; baseline -0.003 -16"><span class='ocrx_word' id='word_1_198' title='bbox 2011 1418 2240 1488; x_wconf 92' lang='lat' dir='ltr'>indigno</span> <span class='ocrx_word' id='word_1_199' title='bbox 2264 1436 2426 1473; x_wconf 90' lang='lat' dir='ltr'>servo</span> <span class='ocrx_word' id='word_1_200' title='bbox 2442 1437 2725 1474; x_wconf 89' lang='lat' dir='ltr'>servorum</span> <span class='ocrx_word' id='word_1_201' title='bbox 2740 1419 3052 1473; x_wconf 85' lang='lat' dir='ltr'>sanctitatis</span> <span class='ocrx_word' id='word_1_202' title='bbox 3069 1424 3280 1471; x_wconf 67' lang='lat' dir='ltr'>vestrm.</span> <span class='ocrx_word' id='word_1_203' title='bbox 3315 1416 3595 1481; x_wconf 87' lang='lat' dir='ltr'>Ediscens,</span> 
     </span>
    </p>
   </div>
   <div class='ocr_carea' id='block_1_30' title="bbox 2009 1507 3600 1579">
    <p class='ocr_par' dir='ltr' id='par_1_30' title="bbox 2009 1507 3600 1579">
     <span class='ocr_line' id='line_1_30' title="bbox 2009 1507 3600 1579; baseline -0.002 -18"><span class='ocrx_word' id='word_1_204' title='bbox 2009 1508 2356 1561; x_wconf 89' lang='lat' dir='ltr'>sanctissime</span> <span class='ocrx_word' id='word_1_205' title='bbox 2379 1509 2754 1579; x_wconf 77' lang='lat' dir='ltr'>domine,quae</span> <span class='ocrx_word' id='word_1_206' title='bbox 2769 1509 2985 1562; x_wconf 89' lang='lat' dir='ltr'>obtinet</span> <span class='ocrx_word' id='word_1_207' title='bbox 3012 1507 3401 1560; x_wconf 90' lang='lat' dir='ltr'>honorandum</span> <span class='ocrx_word' id='word_1_208' title='bbox 3436 1510 3600 1575; x_wconf 89' lang='lat' dir='ltr'>caput</span> 
     </span>
    </p>
   </div>
   <div class='ocr_carea' id='block_1_31' title="bbox 2007 1592 3599 1666">
    <p class='ocr_par' dir='ltr' id='par_1_31' title="bbox 2007 1592 3599 1666">
     <span class='ocr_line' id='line_1_31' title="bbox 2007 1592 3599 1666; baseline -0.001 -19"><span class='ocrx_word' id='word_1_209' title='bbox 2007 1599 2169 1647; x_wconf 88' lang='lat' dir='ltr'>tuum</span> <span class='ocrx_word' id='word_1_210' title='bbox 2201 1595 2506 1648; x_wconf 91' lang='lat' dir='ltr'>secundum</span> <span class='ocrx_word' id='word_1_211' title='bbox 2530 1596 2952 1666; x_wconf 88' lang='lat' dir='ltr'>permissionem</span> <span class='ocrx_word' id='word_1_212' title='bbox 2974 1595 3212 1659; x_wconf 79' lang='lat' dir='ltr'>Dei,imo</span> <span class='ocrx_word' id='word_1_213' title='bbox 3230 1611 3329 1664; x_wconf 92' lang='lat' dir='ltr'>pro</span> <span class='ocrx_word' id='word_1_214' title='bbox 3358 1592 3599 1664; x_wconf 88' lang='lat' dir='ltr'>peccatis</span> 
     </span>
    </p>
   </div>
   <div class='ocr_carea' id='block_1_32' title="bbox 2007 1681 3603 1755">
    <p class='ocr_par' dir='ltr' id='par_1_32' title="bbox 2007 1681 3603 1755">
     <span class='ocr_line' id='line_1_32' title="bbox 2007 1681 3603 1755; baseline -0.002 -19"><span class='ocrx_word' id='word_1_215' title='bbox 2007 1683 2234 1748; x_wconf 90' lang='lat' dir='ltr'>nostris,</span> <span class='ocrx_word' id='word_1_216' title='bbox 2272 1700 2524 1738; x_wconf 87' lang='lat' dir='ltr'>escarum</span> <span class='ocrx_word' id='word_1_217' title='bbox 2552 1685 2866 1755; x_wconf 88' lang='lat' dir='ltr'>penuriam,</span> <span class='ocrx_word' id='word_1_218' title='bbox 2910 1701 3021 1737; x_wconf 91' lang='lat' dir='ltr'>non</span> <span class='ocrx_word' id='word_1_219' title='bbox 3046 1685 3262 1753; x_wconf 90' lang='lat' dir='ltr'>justum</span> <span class='ocrx_word' id='word_1_220' title='bbox 3293 1681 3603 1735; x_wconf 81' lang='lat' dir='ltr'>existimavi</span> 
     </span>
    </p>
   </div>
   <div class='ocr_carea' id='block_1_33' title="bbox 325 1755 3600 1847">
    <p class='ocr_par' dir='ltr' id='par_1_33' title="bbox 325 1755 3600 1847">
     <span class='ocr_line' id='line_1_33' title="bbox 325 1755 3600 1847; baseline -0.001 -22"><span class='ocrx_word' id='word_1_221' title='bbox 325 1789 468 1842; x_wconf 87' lang='lat' dir='ltr'>quas</span> <span class='ocrx_word' id='word_1_222' title='bbox 500 1772 718 1826; x_wconf 92' lang='lat' dir='ltr'>viderat</span> <span class='ocrx_word' id='word_1_223' title='bbox 746 1774 949 1827; x_wconf 79' lang='lat' dir='ltr'>deferri</span> <span class='ocrx_word' id='word_1_224' title='bbox 976 1775 1304 1844; x_wconf 89' lang='lat' dir='ltr'>lagunculas</span> <span class='ocrx_word' id='word_1_225' title='bbox 1326 1775 1576 1845; x_wconf 91' lang='lat' dir='ltr'>pecuniis</span> <span class='ocrx_word' id='word_1_226' title='bbox 1605 1783 1794 1829; x_wconf 89' lang='lat' dir='ltr'>essent</span> <span class='ocrx_word' id='word_1_227' title='bbox 1823 1794 1924 1847; x_wconf 92' lang='lat' dir='ltr'>pro</span> <span class='ocrx_word' id='word_1_228' title='bbox 1946 1755 1990 1812; x_wconf 81' lang='grc' dir='ltr'><strong>Β</strong></span> <span class='ocrx_word' id='word_1_229' title='bbox 2007 1786 2199 1827; x_wconf 84' lang='lat' dir='ltr'>servus</span> <span class='ocrx_word' id='word_1_230' title='bbox 2231 1779 2376 1838; x_wconf 91' lang='lat' dir='ltr'>tuus,</span> <span class='ocrx_word' id='word_1_231' title='bbox 2408 1774 2463 1827; x_wconf 90' lang='lat' dir='ltr'>in</span> <span class='ocrx_word' id='word_1_232' title='bbox 2486 1775 2786 1828; x_wconf 85' lang='lat' dir='ltr'>refectione</span> <span class='ocrx_word' id='word_1_233' title='bbox 2800 1771 3368 1837; x_wconf 80' lang='lat' dir='ltr'>conversari,domino</span> <span class='ocrx_word' id='word_1_234' title='bbox 3394 1787 3516 1823; x_wconf 92' lang='lat' dir='ltr'>meo</span> <span class='ocrx_word' id='word_1_235' title='bbox 3542 1770 3600 1823; x_wconf 92' lang='lat' dir='ltr'>in</span> 
     </span>
    </p>
   </div>
   <div class='ocr_carea' id='block_1_34' title="bbox 323 1861 3600 1933">
    <p class='ocr_par' dir='ltr' id='par_1_34' title="bbox 323 1861 3600 1933">
     <span class='ocr_line' id='line_1_34' title="bbox 323 1861 3600 1933; baseline -0 -20"><span class='ocrx_word' id='word_1_236' title='bbox 323 1861 496 1913; x_wconf 90' lang='lat' dir='ltr'><strong>melle</strong></span> <span class='ocrx_word' id='word_1_237' title='bbox 528 1862 771 1931; x_wconf 76' lang='lat' dir='ltr'>repletae.</span> <span class='ocrx_word' id='word_1_238' title='bbox 827 1862 1076 1932; x_wconf 82' lang='lat' dir='ltr'>Contigit</span> <span class='ocrx_word' id='word_1_239' title='bbox 1111 1870 1143 1927; x_wconf 80' lang='grc' dir='ltr'><strong>Ι</strong></span> <span class='ocrx_word' id='word_1_240' title='bbox 1165 1868 1287 1927; x_wconf 66' lang='lat'>8:5</span> <span class='ocrx_word' id='word_1_241' title='bbox 1317 1879 1450 1933; x_wconf 91' lang='lat' dir='ltr'>ergo</span> <span class='ocrx_word' id='word_1_242' title='bbox 1493 1865 1721 1918; x_wconf 89' lang='lat' dir='ltr'>sedente</span> <span class='ocrx_word' id='word_1_243' title='bbox 1751 1881 1815 1918; x_wconf 92' lang='lat' dir='ltr'>eo</span> <span class='ocrx_word' id='word_1_244' title='bbox 1854 1865 1925 1918; x_wconf 90' lang='lat' dir='ltr'>ad</span> <span class='ocrx_word' id='word_1_245' title='bbox 2007 1861 2317 1916; x_wconf 86' lang='lat' dir='ltr'>subtilitate</span> <span class='ocrx_word' id='word_1_246' title='bbox 2364 1862 2474 1930; x_wconf 56' lang='lat' dir='ltr'>(fil)</span> <span class='ocrx_word' id='word_1_247' title='bbox 2503 1863 2772 1916; x_wconf 89' lang='lat' dir='ltr'>manenti.</span> <span class='ocrx_word' id='word_1_248' title='bbox 2805 1863 2947 1917; x_wconf 90' lang='lat' dir='ltr'>Sunt</span> <span class='ocrx_word' id='word_1_249' title='bbox 2975 1862 3147 1932; x_wconf 81' lang='lat' dir='ltr'>igitur</span> <span class='ocrx_word' id='word_1_250' title='bbox 3175 1861 3404 1930; x_wconf 87' lang='lat' dir='ltr'>indigno</span> <span class='ocrx_word' id='word_1_251' title='bbox 3443 1875 3600 1912; x_wconf 89' lang='lat' dir='ltr'>servo</span> 
     </span>
    </p>
   </div>
   <div class='ocr_carea' id='block_1_35' title="bbox 323 1948 3601 2022">
    <p class='ocr_par' dir='ltr' id='par_1_35' title="bbox 323 1948 3601 2022">
     <span class='ocr_line' id='line_1_35' title="bbox 323 1948 3601 2022; baseline -0 -20"><span class='ocrx_word' id='word_1_252' title='bbox 323 1966 606 2012; x_wconf 88' lang='lat' dir='ltr'>mensam,</span> <span class='ocrx_word' id='word_1_253' title='bbox 641 1957 704 2003; x_wconf 92' lang='lat' dir='ltr'>ut</span> <span class='ocrx_word' id='word_1_254' title='bbox 734 1951 1092 2004; x_wconf 89' lang='lat' dir='ltr'>nuntiaretur</span> <span class='ocrx_word' id='word_1_255' title='bbox 1129 1952 1322 2004; x_wconf 92' lang='lat' dir='ltr'><strong>adesse</strong></span> <span class='ocrx_word' id='word_1_256' title='bbox 1339 1968 1434 2018; x_wconf 88' lang='lat' dir='ltr'>eos</span> <span class='ocrx_word' id='word_1_257' title='bbox 1450 1953 1545 2022; x_wconf 92' lang='lat' dir='ltr'>qui</span> <span class='ocrx_word' id='word_1_258' title='bbox 1567 1954 1924 2022; x_wconf 84' lang='lat' dir='ltr'>lagunculam</span> <span class='ocrx_word' id='word_1_259' title='bbox 2004 1957 2102 2006; x_wconf 88' lang='lat' dir='ltr'>tuo</span> <span class='ocrx_word' id='word_1_260' title='bbox 2142 1951 2407 2005; x_wconf 83' lang='lat' dir='ltr'>frumenti</span> <span class='ocrx_word' id='word_1_261' title='bbox 2439 1952 2677 2006; x_wconf 87' lang='lat' dir='ltr'>ducenta</span> <span class='ocrx_word' id='word_1_262' title='bbox 2691 1952 2867 2005; x_wconf 89' lang='lat' dir='ltr'>millia</span> <span class='ocrx_word' id='word_1_263' title='bbox 2892 1951 3288 2014; x_wconf 88' lang='lat' dir='ltr'>modiorum,et</span> <span class='ocrx_word' id='word_1_264' title='bbox 3308 1949 3430 2002; x_wconf 90' lang='lat' dir='ltr'>auri</span> <span class='ocrx_word' id='word_1_265' title='bbox 3448 1948 3601 2001; x_wconf 70' lang='lat' dir='ltr'>libra:</span> 
     </span>
    </p>
   </div>
   <div class='ocr_carea' id='block_1_36' title="bbox 323 2036 3600 2110">
    <p class='ocr_par' dir='ltr' id='par_1_36' title="bbox 323 2036 3600 2110">
     <span class='ocr_line' id='line_1_36' title="bbox 323 2036 3600 2110; baseline -0.001 -19"><span class='ocrx_word' id='word_1_266' title='bbox 323 2038 652 2108; x_wconf 85' lang='lat' dir='ltr'>portabant,</span> <span class='ocrx_word' id='word_1_267' title='bbox 684 2046 741 2091; x_wconf 91' lang='lat' dir='ltr'>et</span> <span class='ocrx_word' id='word_1_268' title='bbox 767 2039 1058 2109; x_wconf 87' lang='lat' dir='ltr'>pittacium</span> <span class='ocrx_word' id='word_1_269' title='bbox 1086 2041 1436 2110; x_wconf 80' lang='lat' dir='ltr'>patriarchae.</span> <span class='ocrx_word' id='word_1_270' title='bbox 1482 2041 1922 2096; x_wconf 86' lang='lat' dir='ltr'>Ascendentibus</span> <span class='ocrx_word' id='word_1_271' title='bbox 2006 2046 2230 2094; x_wconf 91' lang='lat' dir='ltr'>centum</span> <span class='ocrx_word' id='word_1_272' title='bbox 2260 2040 2562 2110; x_wconf 84' lang='lat' dir='ltr'>octoginta,</span> <span class='ocrx_word' id='word_1_273' title='bbox 2583 2057 2721 2110; x_wconf 89' lang='lat' dir='ltr'>quas</span> <span class='ocrx_word' id='word_1_274' title='bbox 2743 2057 2876 2110; x_wconf 89' lang='lat' dir='ltr'>rogo</span> <span class='ocrx_word' id='word_1_275' title='bbox 2909 2038 3028 2093; x_wconf 85' lang='lat' dir='ltr'>dari</span> <span class='ocrx_word' id='word_1_276' title='bbox 3060 2037 3280 2092; x_wconf 78' lang='lat' dir='ltr'>Christo</span> <span class='ocrx_word' id='word_1_277' title='bbox 3306 2053 3405 2107; x_wconf 91' lang='lat' dir='ltr'>per</span> <span class='ocrx_word' id='word_1_278' title='bbox 3430 2041 3486 2090; x_wconf 91' lang='lat' dir='ltr'>te</span> <span class='ocrx_word' id='word_1_279' title='bbox 3500 2036 3600 2089; x_wconf 93' lang='lat' dir='ltr'>do-</span> 
     </span>
    </p>
   </div>
   <div class='ocr_carea' id='block_1_37' title="bbox 322 2124 3601 2200">
    <p class='ocr_par' dir='ltr' id='par_1_37' title="bbox 322 2124 3601 2200">
     <span class='ocr_line' id='line_1_37' title="bbox 322 2124 3601 2200; baseline -0 -21"><span class='ocrx_word' id='word_1_280' title='bbox 322 2127 519 2198; x_wconf 88' lang='lat' dir='ltr'>itaque</span> <span class='ocrx_word' id='word_1_281' title='bbox 550 2128 649 2190; x_wconf 88' lang='lat' dir='ltr'>eis,</span> <span class='ocrx_word' id='word_1_282' title='bbox 677 2145 802 2181; x_wconf 93' lang='lat' dir='ltr'>cum</span> <span class='ocrx_word' id='word_1_283' title='bbox 835 2128 1064 2182; x_wconf 88' lang='lat' dir='ltr'>vidisset</span> <span class='ocrx_word' id='word_1_284' title='bbox 1095 2146 1266 2182; x_wconf 91' lang='lat' dir='ltr'>unam</span> <span class='ocrx_word' id='word_1_285' title='bbox 1294 2135 1514 2184; x_wconf 90' lang='lat' dir='ltr'>tantum</span> <span class='ocrx_word' id='word_1_286' title='bbox 1541 2132 1921 2200; x_wconf 87' lang='lat' dir='ltr'>lagunculam,</span> <span class='ocrx_word' id='word_1_287' title='bbox 2004 2129 2225 2182; x_wconf 92' lang='lat' dir='ltr'>minum</span> <span class='ocrx_word' id='word_1_288' title='bbox 2248 2146 2434 2182; x_wconf 91' lang='lat' dir='ltr'>meum</span> <span class='ocrx_word' id='word_1_289' title='bbox 2470 2147 2480 2182; x_wconf 93' lang='lat'>:</span> <span class='ocrx_word' id='word_1_290' title='bbox 2527 2135 2746 2183; x_wconf 91' lang='lat' dir='ltr'>tantum</span> <span class='ocrx_word' id='word_1_291' title='bbox 2777 2145 2878 2198; x_wconf 83' lang='lat' dir='ltr'>ego</span> <span class='ocrx_word' id='word_1_292' title='bbox 2904 2128 3178 2197; x_wconf 88' lang='lat' dir='ltr'>indignus‘</span> <span class='ocrx_word' id='word_1_293' title='bbox 3200 2127 3257 2180; x_wconf 93' lang='lat' dir='ltr'>in</span> <span class='ocrx_word' id='word_1_294' title='bbox 3287 2124 3601 2179; x_wconf 91' lang='lat' dir='ltr'>ministerio</span> 
     </span>
    </p>
   </div>
   <div class='ocr_carea' id='block_1_38' title="bbox 325 2216 3600 2290">
    <p class='ocr_par' dir='ltr' id='par_1_38' title="bbox 325 2216 3600 2290">
     <span class='ocr_line' id='line_1_38' title="bbox 325 2216 3600 2290; baseline -0.001 -22"><span class='ocrx_word' id='word_1_295' title='bbox 325 2216 470 2270; x_wconf 89' lang='lat' dir='ltr'>dixit</span> <span class='ocrx_word' id='word_1_296' title='bbox 497 2216 578 2269; x_wconf 91' lang='lat' dir='ltr'>eis</span> <span class='ocrx_word' id='word_1_297' title='bbox 605 2217 871 2287; x_wconf 91' lang='lat' dir='ltr'>patricius</span> <span class='ocrx_word' id='word_1_298' title='bbox 899 2237 910 2270; x_wconf 90' lang='lat'><strong>:</strong></span> <span class='ocrx_word' id='word_1_299' title='bbox 938 2217 1116 2272; x_wconf 91' lang='lat' dir='ltr'>Dicite</span> <span class='ocrx_word' id='word_1_300' title='bbox 1142 2219 1193 2272; x_wconf 93' lang='lat' dir='ltr'>ei</span> <span class='ocrx_word' id='word_1_301' title='bbox 1223 2237 1234 2271; x_wconf 95' lang='lat'>:</span> <span class='ocrx_word' id='word_1_302' title='bbox 1265 2219 1463 2282; x_wconf 89' lang='lat' dir='ltr'>Credo,</span> <span class='ocrx_word' id='word_1_303' title='bbox 1489 2219 1733 2285; x_wconf 92' lang='lat' dir='ltr'>domine,</span> <span class='ocrx_word' id='word_1_304' title='bbox 1772 2237 1924 2290; x_wconf 88' lang='lat' dir='ltr'>mag-</span> <span class='ocrx_word' id='word_1_305' title='bbox 2005 2219 2177 2272; x_wconf 88' lang='lat' dir='ltr'>vestri</span> <span class='ocrx_word' id='word_1_306' title='bbox 2205 2219 2504 2272; x_wconf 87' lang='lat' dir='ltr'>diaconatu</span> <span class='ocrx_word' id='word_1_307' title='bbox 2557 2218 2665 2271; x_wconf 85' lang='lat' dir='ltr'>frui</span> <span class='ocrx_word' id='word_1_308' title='bbox 2691 2234 2928 2281; x_wconf 89' lang='lat' dir='ltr'>merear,</span> <span class='ocrx_word' id='word_1_309' title='bbox 2962 2223 3025 2270; x_wconf 92' lang='lat' dir='ltr'>ut</span> <span class='ocrx_word' id='word_1_310' title='bbox 3057 2233 3154 2286; x_wconf 90' lang='lat' dir='ltr'>per</span> <span class='ocrx_word' id='word_1_311' title='bbox 3185 2216 3354 2269; x_wconf 87' lang='lat' dir='ltr'>talem</span> <span class='ocrx_word' id='word_1_312' title='bbox 3387 2230 3512 2268; x_wconf 92' lang='lat' dir='ltr'>cum</span> <span class='ocrx_word' id='word_1_313' title='bbox 3545 2218 3600 2267; x_wconf 92' lang='lat' dir='ltr'>te</span> 
     </span>
    </p>
   </div>
   <div class='ocr_carea' id='block_1_39' title="bbox 323 2302 3601 2374">
    <p class='ocr_par' dir='ltr' id='par_1_39' title="bbox 323 2302 3601 2374">
     <span class='ocr_line' id='line_1_39' title="bbox 323 2302 3601 2374; baseline -0.001 -16"><span class='ocrx_word' id='word_1_314' title='bbox 323 2321 462 2358; x_wconf 88' lang='lat' dir='ltr'>nam</span> <span class='ocrx_word' id='word_1_315' title='bbox 493 2305 840 2360; x_wconf 86' lang='lat' dir='ltr'>iracundiam</span> <span class='ocrx_word' id='word_1_316' title='bbox 877 2307 1170 2362; x_wconf 90' lang='lat' dir='ltr'>adversum</span> <span class='ocrx_word' id='word_1_317' title='bbox 1221 2325 1309 2361; x_wconf 90' lang='lat' dir='ltr'><strong>me</strong></span> <span class='ocrx_word' id='word_1_318' title='bbox 1340 2309 1566 2374; x_wconf 91' lang='lat' dir='ltr'>retines,</span> <span class='ocrx_word' id='word_1_319' title='bbox 1600 2325 1731 2362; x_wconf 89' lang='lat' dir='ltr'>nam</span> <span class='ocrx_word' id='word_1_320' title='bbox 1753 2326 1924 2362; x_wconf 87' lang='lat' dir='ltr'>unam</span> <span class='ocrx_word' id='word_1_321' title='bbox 2007 2307 2234 2360; x_wconf 92' lang='lat' dir='ltr'>domino</span> <span class='ocrx_word' id='word_1_322' title='bbox 2265 2307 2440 2360; x_wconf 91' lang='lat' dir='ltr'>sancti</span> <span class='ocrx_word' id='word_1_323' title='bbox 2487 2307 2681 2360; x_wconf 89' lang='lat' dir='ltr'>altaris</span> <span class='ocrx_word' id='word_1_324' title='bbox 2732 2305 3219 2361; x_wconf 83' lang='lat' dir='ltr'>ministrationem.</span> <span class='ocrx_word' id='word_1_325' title='bbox 3264 2302 3530 2356; x_wconf 91' lang='lat' dir='ltr'>emundet</span> <span class='ocrx_word' id='word_1_326' title='bbox 3567 2319 3601 2355; x_wconf 92' lang='lat' dir='ltr'>a</span> 
     </span>
    </p>
   </div>
   <div class='ocr_carea' id='block_1_40' title="bbox 326 2390 3598 2468">
    <p class='ocr_par' dir='ltr' id='par_1_40' title="bbox 326 2390 3598 2468">
     <span class='ocr_line' id='line_1_40' title="bbox 326 2390 3598 2468; baseline -0.001 -22"><span class='ocrx_word' id='word_1_327' title='bbox 326 2395 506 2446; x_wconf 88' lang='lat' dir='ltr'>solam</span> <span class='ocrx_word' id='word_1_328' title='bbox 539 2410 649 2447; x_wconf 92' lang='lat' dir='ltr'>non</span> <span class='ocrx_word' id='word_1_329' title='bbox 693 2395 947 2449; x_wconf 88' lang='lat' dir='ltr'>mitteres</span> <span class='ocrx_word' id='word_1_330' title='bbox 990 2397 1146 2450; x_wconf 90' lang='lat' dir='ltr'>mihi.</span> <span class='ocrx_word' id='word_1_331' title='bbox 1181 2397 1408 2450; x_wconf 82' lang='lat' dir='ltr'>Tradite</span> <span class='ocrx_word' id='word_1_332' title='bbox 1453 2403 1644 2451; x_wconf 90' lang='lat' dir='ltr'>autem</span> <span class='ocrx_word' id='word_1_333' title='bbox 1694 2398 1924 2468; x_wconf 89' lang='lat' dir='ltr'>pittacio</span> <span class='ocrx_word' id='word_1_334' title='bbox 2007 2402 2361 2466; x_wconf 89' lang='lat' dir='ltr'>peccatorum</span> <span class='ocrx_word' id='word_1_335' title='bbox 2408 2411 2659 2448; x_wconf 89' lang='lat' dir='ltr'>meorum</span> <span class='ocrx_word' id='word_1_336' title='bbox 2691 2395 2928 2449; x_wconf 86' lang='lat' dir='ltr'>luxuria.</span> <span class='ocrx_word' id='word_1_337' title='bbox 2970 2394 3116 2447; x_wconf 91' lang='lat' dir='ltr'>Dicit</span> <span class='ocrx_word' id='word_1_338' title='bbox 3147 2393 3296 2447; x_wconf 90' lang='lat' dir='ltr'>enim</span> <span class='ocrx_word' id='word_1_339' title='bbox 3325 2408 3453 2445; x_wconf 85' lang='lat' dir='ltr'>vere</span> <span class='ocrx_word' id='word_1_340' title='bbox 3497 2390 3598 2445; x_wconf 92' lang='lat' dir='ltr'>Dei</span> 
     </span>
    </p>
   </div>
   <div class='ocr_carea' id='block_1_41' title="bbox 329 2479 3602 2556">
    <p class='ocr_par' dir='ltr' id='par_1_41' title="bbox 329 2479 3602 2556">
     <span class='ocr_line' id='line_1_41' title="bbox 329 2479 3602 2556; baseline -0.001 -21"><span class='ocrx_word' id='word_1_341' title='bbox 329 2483 614 2545; x_wconf 88' lang='lat' dir='ltr'>eodem,et</span> <span class='ocrx_word' id='word_1_342' title='bbox 634 2483 842 2536; x_wconf 90' lang='lat' dir='ltr'>bullam</span> <span class='ocrx_word' id='word_1_343' title='bbox 875 2483 979 2552; x_wconf 79' lang='lat'>(39)</span> <span class='ocrx_word' id='word_1_344' title='bbox 1012 2485 1460 2551; x_wconf 88' lang='lat' dir='ltr'>dissolventibus,</span> <span class='ocrx_word' id='word_1_345' title='bbox 1511 2491 1568 2539; x_wconf 90' lang='lat' dir='ltr'>et</span> <span class='ocrx_word' id='word_1_346' title='bbox 1611 2488 1926 2540; x_wconf 88' lang='lat' dir='ltr'>evacuanti—</span> <span class='ocrx_word' id='word_1_347' title='bbox 2007 2485 2337 2556; x_wconf 65' lang='lat' dir='ltr'>praedicator</span> <span class='ocrx_word' id='word_1_348' title='bbox 2365 2489 2588 2538; x_wconf 89' lang='lat' dir='ltr'>sanctus</span> <span class='ocrx_word' id='word_1_349' title='bbox 2616 2484 2932 2555; x_wconf 86' lang='lat' dir='ltr'>Apostolus,</span> <span class='ocrx_word' id='word_1_350' title='bbox 2968 2482 3234 2553; x_wconf 89' lang='lat' dir='ltr'>quoniam</span> <span class='ocrx_word' id='word_1_351' title='bbox 3261 2498 3327 2535; x_wconf 84' lang='lat' dir='ltr'>ex</span> <span class='ocrx_word' id='word_1_352' title='bbox 3356 2479 3602 2534; x_wconf 90' lang='lat' dir='ltr'>necessi-</span> 
     </span>
    </p>
   </div>
   <div class='ocr_carea' id='block_1_42' title="bbox 324 2567 3603 2646">
    <p class='ocr_par' dir='ltr' id='par_1_42' title="bbox 324 2567 3603 2646">
     <span class='ocr_line' id='line_1_42' title="bbox 324 2567 3603 2646; baseline -0.001 -23"><span class='ocrx_word' id='word_1_353' title='bbox 324 2570 432 2624; x_wconf 88' lang='lat' dir='ltr'>bus</span> <span class='ocrx_word' id='word_1_354' title='bbox 463 2588 653 2624; x_wconf 90' lang='lat' dir='ltr'>coram</span> <span class='ocrx_word' id='word_1_355' title='bbox 685 2573 944 2626; x_wconf 89' lang='lat' dir='ltr'>omnibus</span> <span class='ocrx_word' id='word_1_356' title='bbox 985 2574 1299 2643; x_wconf 88' lang='lat' dir='ltr'>pecuniam,</span> <span class='ocrx_word' id='word_1_357' title='bbox 1341 2575 1567 2645; x_wconf 87' lang='lat' dir='ltr'>agnovit</span> <span class='ocrx_word' id='word_1_358' title='bbox 1595 2581 1650 2628; x_wconf 91' lang='lat' dir='ltr'>et</span> <span class='ocrx_word' id='word_1_359' title='bbox 1681 2577 1924 2646; x_wconf 76' lang='lat' dir='ltr'>reliquas</span> <span class='ocrx_word' id='word_1_360' title='bbox 2007 2579 2124 2627; x_wconf 89' lang='lat' dir='ltr'>tate</span> <span class='ocrx_word' id='word_1_361' title='bbox 2159 2579 2215 2627; x_wconf 87' lang='lat' dir='ltr'>et</span> <span class='ocrx_word' id='word_1_362' title='bbox 2263 2573 2403 2642; x_wconf 90' lang='lat' dir='ltr'>legis</span> <span class='ocrx_word' id='word_1_363' title='bbox 2432 2573 2725 2626; x_wconf 87' lang='lat' dir='ltr'>translatio</span> <span class='ocrx_word' id='word_1_364' title='bbox 2754 2573 2814 2626; x_wconf 77' lang='lat' dir='ltr'>fit</span> <span class='ocrx_word' id='word_1_365' title='bbox 2837 2573 3017 2638; x_wconf 81' lang='lat' dir='ltr'>(Hebr.</span> <span class='ocrx_word' id='word_1_366' title='bbox 3045 2574 3162 2639; x_wconf 85' lang='lat' dir='ltr'>vu).</span> <span class='ocrx_word' id='word_1_367' title='bbox 3190 2589 3214 2622; x_wconf 87' lang='lat'><strong>»</strong></span> <span class='ocrx_word' id='word_1_368' title='bbox 3268 2571 3396 2624; x_wconf 76' lang='lat' dir='ltr'>Haec</span> <span class='ocrx_word' id='word_1_369' title='bbox 3424 2567 3603 2622; x_wconf 90' lang='lat' dir='ltr'>susci—</span> 
     </span>
    </p>
   </div>
   <div class='ocr_carea' id='block_1_43' title="bbox 327 2656 3602 2734">
    <p class='ocr_par' dir='ltr' id='par_1_43' title="bbox 327 2656 3602 2734">
     <span class='ocr_line' id='line_1_43' title="bbox 327 2656 3602 2734; baseline -0.002 -21"><span class='ocrx_word' id='word_1_370' title='bbox 327 2660 680 2730; x_wconf 86' lang='lat' dir='ltr'>lagunculas,</span> <span class='ocrx_word' id='word_1_371' title='bbox 705 2678 843 2732; x_wconf 90' lang='lat' dir='ltr'>quas</span> <span class='ocrx_word' id='word_1_372' title='bbox 863 2663 1018 2726; x_wconf 91' lang='lat' dir='ltr'>vidit,</span> <span class='ocrx_word' id='word_1_373' title='bbox 1035 2663 1292 2716; x_wconf 89' lang='lat' dir='ltr'>similiter</span> <span class='ocrx_word' id='word_1_374' title='bbox 1310 2664 1503 2734; x_wconf 89' lang='lat' dir='ltr'>plenas</span> <span class='ocrx_word' id='word_1_375' title='bbox 1516 2681 1656 2719; x_wconf 90' lang='lat' dir='ltr'>esse.</span> <span class='ocrx_word' id='word_1_376' title='bbox 1687 2665 1828 2719; x_wconf 92' lang='lat' dir='ltr'>Cum</span> <span class='ocrx_word' id='word_1_377' title='bbox 1845 2682 1927 2718; x_wconf 90' lang='lat' dir='ltr'>er-</span> <span class='ocrx_word' id='word_1_378' title='bbox 2008 2659 2166 2732; x_wconf 86' lang='lat' dir='ltr'>piens</span> <span class='ocrx_word' id='word_1_379' title='bbox 2197 2662 2463 2715; x_wconf 90' lang='lat' dir='ltr'>divinitus</span> <span class='ocrx_word' id='word_1_380' title='bbox 2501 2662 2745 2732; x_wconf 90' lang='lat' dir='ltr'>sapiens,</span> <span class='ocrx_word' id='word_1_381' title='bbox 2794 2667 2851 2715; x_wconf 94' lang='lat' dir='ltr'>et</span> <span class='ocrx_word' id='word_1_382' title='bbox 2880 2661 3058 2713; x_wconf 89' lang='lat' dir='ltr'>virum</span> <span class='ocrx_word' id='word_1_383' title='bbox 3103 2660 3396 2719; x_wconf 85' lang='lat' dir='ltr'>advocans,</span> <span class='ocrx_word' id='word_1_384' title='bbox 3429 2657 3511 2710; x_wconf 89' lang='lat' dir='ltr'>ait</span> <span class='ocrx_word' id='word_1_385' title='bbox 3530 2656 3602 2709; x_wconf 91' lang='lat' dir='ltr'>ad</span> 
     </span>
    </p>
   </div>
   <div class='ocr_carea' id='block_1_44' title="bbox 328 2747 3605 2822">
    <p class='ocr_par' dir='ltr' id='par_1_44' title="bbox 328 2747 3605 2822">
     <span class='ocr_line' id='line_1_44' title="bbox 328 2747 3605 2822; baseline -0.001 -21"><span class='ocrx_word' id='word_1_386' title='bbox 328 2765 400 2818; x_wconf 90' lang='lat' dir='ltr'>go</span> <span class='ocrx_word' id='word_1_387' title='bbox 433 2749 664 2818; x_wconf 85' lang='lat' dir='ltr'>legisset</span> <span class='ocrx_word' id='word_1_388' title='bbox 692 2751 840 2820; x_wconf 90' lang='lat' dir='ltr'>quod</span> <span class='ocrx_word' id='word_1_389' title='bbox 861 2751 1025 2804; x_wconf 89' lang='lat' dir='ltr'>homo</span> <span class='ocrx_word' id='word_1_390' title='bbox 1055 2752 1620 2822; x_wconf 89' lang='lat' dir='ltr'>corruptibilisDeum</span> <span class='ocrx_word' id='word_1_391' title='bbox 1646 2755 1924 2808; x_wconf 90' lang='lat' dir='ltr'>constrin-</span> <span class='ocrx_word' id='word_1_392' title='bbox 2009 2768 2139 2805; x_wconf 88' lang='lat' dir='ltr'>eum</span> <span class='ocrx_word' id='word_1_393' title='bbox 2165 2770 2174 2804; x_wconf 96' lang='lat'>:</span> <span class='ocrx_word' id='word_1_394' title='bbox 2200 2752 2282 2805; x_wconf 93' lang='lat' dir='ltr'>Tu</span> <span class='ocrx_word' id='word_1_395' title='bbox 2313 2768 2371 2804; x_wconf 89' lang='lat' dir='ltr'>es</span> <span class='ocrx_word' id='word_1_396' title='bbox 2395 2750 2488 2821; x_wconf 88' lang='lat' dir='ltr'>qui</span> <span class='ocrx_word' id='word_1_397' title='bbox 2514 2767 2705 2821; x_wconf 89' lang='lat' dir='ltr'>preces</span> <span class='ocrx_word' id='word_1_398' title='bbox 2736 2749 2893 2803; x_wconf 91' lang='lat' dir='ltr'>nobis</span> <span class='ocrx_word' id='word_1_399' title='bbox 2910 2765 3010 2819; x_wconf 91' lang='lat' dir='ltr'>per</span> <span class='ocrx_word' id='word_1_400' title='bbox 3033 2747 3315 2802; x_wconf 87' lang='lat' dir='ltr'>notarium</span> <span class='ocrx_word' id='word_1_401' title='bbox 3346 2752 3505 2800; x_wconf 89' lang='lat' dir='ltr'>tuum</span> <span class='ocrx_word' id='word_1_402' title='bbox 3548 2749 3605 2798; x_wconf 89' lang='lat' dir='ltr'>et</span> 
     </span>
    </p>
   </div>
   <div class='ocr_carea' id='block_1_45' title="bbox 329 2833 3605 2910">
    <p class='ocr_par' dir='ltr' id='par_1_45' title="bbox 329 2833 3605 2910">
     <span class='ocr_line' id='line_1_45' title="bbox 329 2833 3605 2910; baseline -0.001 -20"><span class='ocrx_word' id='word_1_403' title='bbox 329 2854 464 2906; x_wconf 89' lang='lat' dir='ltr'>gere</span> <span class='ocrx_word' id='word_1_404' title='bbox 497 2854 609 2891; x_wconf 92' lang='lat' dir='ltr'>non</span> <span class='ocrx_word' id='word_1_405' title='bbox 640 2844 845 2909; x_wconf 88' lang='lat' dir='ltr'>posset,</span> <span class='ocrx_word' id='word_1_406' title='bbox 881 2846 1244 2910; x_wconf 87' lang='lat' dir='ltr'>compunctus</span> <span class='ocrx_word' id='word_1_407' title='bbox 1265 2842 1332 2893; x_wconf 92' lang='lat' dir='ltr'><strong>de</strong></span> <span class='ocrx_word' id='word_1_408' title='bbox 1345 2858 1620 2907; x_wconf 88' lang='lat' dir='ltr'>sermone,</span> <span class='ocrx_word' id='word_1_409' title='bbox 1655 2842 1828 2896; x_wconf 87' lang='lat' dir='ltr'>dixit:</span> <span class='ocrx_word' id='word_1_410' title='bbox 1861 2845 1928 2898; x_wconf 90' lang='lat' dir='ltr'>Et</span> <span class='ocrx_word' id='word_1_411' title='bbox 2009 2841 2187 2894; x_wconf 79' lang='lat' dir='ltr'>filium</span> <span class='ocrx_word' id='word_1_412' title='bbox 2211 2841 2440 2895; x_wconf 84' lang='lat' dir='ltr'>misisti?</span> <span class='ocrx_word' id='word_1_413' title='bbox 2470 2841 2590 2904; x_wconf 86' lang='lat' dir='ltr'>Quo</span> <span class='ocrx_word' id='word_1_414' title='bbox 2613 2840 2833 2893; x_wconf 91' lang='lat' dir='ltr'>dicente</span> <span class='ocrx_word' id='word_1_415' title='bbox 2864 2857 2874 2892; x_wconf 88' lang='lat'><strong>:</strong></span> <span class='ocrx_word' id='word_1_416' title='bbox 2932 2839 3134 2902; x_wconf 90' lang='lat' dir='ltr'>Etiam,</span> <span class='ocrx_word' id='word_1_417' title='bbox 3172 2836 3418 2901; x_wconf 90' lang='lat' dir='ltr'>domine,</span> <span class='ocrx_word' id='word_1_418' title='bbox 3451 2833 3605 2887; x_wconf 90' lang='lat' dir='ltr'>misit</span> 
     </span>
    </p>
   </div>
   <div class='ocr_carea' id='block_1_46' title="bbox 327 2924 3603 3000">
    <p class='ocr_par' dir='ltr' id='par_1_46' title="bbox 327 2924 3603 3000">
     <span class='ocr_line' id='line_1_46' title="bbox 327 2924 3603 3000; baseline 0 -24"><span class='ocrx_word' id='word_1_419' title='bbox 327 2927 767 2994; x_wconf 86' lang='lat' dir='ltr'>vivitDominus,</span> <span class='ocrx_word' id='word_1_420' title='bbox 792 2945 974 2999; x_wconf 90' lang='lat' dir='ltr'>neque</span> <span class='ocrx_word' id='word_1_421' title='bbox 995 2929 1191 2982; x_wconf 87' lang='lat' dir='ltr'>Niceta</span> <span class='ocrx_word' id='word_1_422' title='bbox 1205 2930 1548 3000; x_wconf 86' lang='lat' dir='ltr'>constringet</span> <span class='ocrx_word' id='word_1_423' title='bbox 1578 2947 1725 2995; x_wconf 91' lang='lat' dir='ltr'>eum,</span> <span class='ocrx_word' id='word_1_424' title='bbox 1761 2932 1925 2986; x_wconf 90' lang='lat' dir='ltr'>homo</span> <span class='ocrx_word' id='word_1_425' title='bbox 2008 2947 2202 2984; x_wconf 91' lang='lat' dir='ltr'>omnes</span> <span class='ocrx_word' id='word_1_426' title='bbox 2233 2929 2382 2984; x_wconf 88' lang='lat' dir='ltr'>foras</span> <span class='ocrx_word' id='word_1_427' title='bbox 2403 2929 2601 2983; x_wconf 88' lang='lat' dir='ltr'>beatus</span> <span class='ocrx_word' id='word_1_428' title='bbox 2619 2933 2676 2982; x_wconf 92' lang='lat' dir='ltr'>et</span> <span class='ocrx_word' id='word_1_429' title='bbox 2693 2927 3265 2989; x_wconf 89' lang='lat' dir='ltr'>misericordissimus,</span> <span class='ocrx_word' id='word_1_430' title='bbox 3299 2924 3496 2978; x_wconf 88' lang='lat' dir='ltr'>nolens</span> <span class='ocrx_word' id='word_1_431' title='bbox 3516 2939 3603 2976; x_wconf 89' lang='lat' dir='ltr'>co-</span> 
     </span>
    </p>
   </div>
   <div class='ocr_carea' id='block_1_47' title="bbox 328 3012 3598 3097">
    <p class='ocr_par' dir='ltr' id='par_1_47' title="bbox 328 3012 3598 3097">
     <span class='ocr_line' id='line_1_47' title="bbox 328 3012 3598 3097; baseline -0 -31"><span class='ocrx_word' id='word_1_432' title='bbox 328 3014 540 3068; x_wconf 90' lang='lat' dir='ltr'>etenim</span> <span class='ocrx_word' id='word_1_433' title='bbox 568 3021 626 3068; x_wconf 87' lang='lat' dir='ltr'>et</span> <span class='ocrx_word' id='word_1_434' title='bbox 654 3015 772 3086; x_wconf 89' lang='lat' dir='ltr'>ipse</span> <span class='ocrx_word' id='word_1_435' title='bbox 802 3022 1060 3086; x_wconf 88' lang='lat' dir='ltr'>peccator</span> <span class='ocrx_word' id='word_1_436' title='bbox 1071 3023 1126 3070; x_wconf 89' lang='lat' dir='ltr'>et</span> <span class='ocrx_word' id='word_1_437' title='bbox 1155 3018 1531 3088; x_wconf 87' lang='lat' dir='ltr'>corruptibilis</span> <span class='ocrx_word' id='word_1_438' title='bbox 1547 3024 1649 3072; x_wconf 82' lang='lat' dir='ltr'>est.</span> <span class='ocrx_word' id='word_1_439' title='bbox 1667 3020 1736 3073; x_wconf 90' lang='lat' dir='ltr'>Et</span> <span class='ocrx_word' id='word_1_440' title='bbox 1754 3020 1925 3074; x_wconf 87' lang='lat' dir='ltr'>relin-</span> <span class='ocrx_word' id='word_1_441' title='bbox 1943 3075 1982 3097; x_wconf 59' lang='grc' dir='ltr'>η</span> <span class='ocrx_word' id='word_1_442' title='bbox 2009 3035 2128 3072; x_wconf 90' lang='lat' dir='ltr'>ram</span> <span class='ocrx_word' id='word_1_443' title='bbox 2159 3019 2420 3073; x_wconf 91' lang='lat' dir='ltr'>omnibus</span> <span class='ocrx_word' id='word_1_444' title='bbox 2467 3019 2616 3072; x_wconf 93' lang='lat' dir='ltr'>hunc</span> <span class='ocrx_word' id='word_1_445' title='bbox 2642 3016 2998 3079; x_wconf 85' lang='lat' dir='ltr'>confundere,</span> <span class='ocrx_word' id='word_1_446' title='bbox 3031 3021 3086 3070; x_wconf 92' lang='lat' dir='ltr'>et</span> <span class='ocrx_word' id='word_1_447' title='bbox 3111 3015 3279 3086; x_wconf 69' lang='lat' dir='ltr'>cmpit</span> <span class='ocrx_word' id='word_1_448' title='bbox 3307 3014 3490 3068; x_wconf 90' lang='lat' dir='ltr'>dicere</span> <span class='ocrx_word' id='word_1_449' title='bbox 3529 3012 3598 3066; x_wconf 89' lang='lat' dir='ltr'>ad</span> 
     </span>
    </p>
   </div>
   <div class='ocr_carea' id='block_1_48' title="bbox 331 3105 1929 3179">
    <p class='ocr_par' dir='ltr' id='par_1_48' title="bbox 331 3105 1929 3179">
     <span class='ocr_line' id='line_1_48' title="bbox 331 3105 1929 3179; baseline 0.004 -23"><span class='ocrx_word' id='word_1_450' title='bbox 331 3119 512 3174; x_wconf 88' lang='lat' dir='ltr'>quens</span> <span class='ocrx_word' id='word_1_451' title='bbox 542 3120 671 3157; x_wconf 86' lang='lat' dir='ltr'>mox</span> <span class='ocrx_word' id='word_1_452' title='bbox 698 3105 1019 3175; x_wconf 88' lang='lat' dir='ltr'>prandium,</span> <span class='ocrx_word' id='word_1_453' title='bbox 1052 3111 1108 3158; x_wconf 90' lang='lat' dir='ltr'>et</span> <span class='ocrx_word' id='word_1_454' title='bbox 1138 3123 1365 3160; x_wconf 90' lang='lat' dir='ltr'>sumens</span> <span class='ocrx_word' id='word_1_455' title='bbox 1423 3124 1610 3161; x_wconf 92' lang='lat' dir='ltr'>secum</span> <span class='ocrx_word' id='word_1_456' title='bbox 1654 3113 1929 3179; x_wconf 91' lang='lat' dir='ltr'>quotquot</span> 
     </span>
    </p>
   </div>
   <div class='ocr_carea' id='block_1_49' title="bbox 329 3193 1930 3268">
    <p class='ocr_par' dir='ltr' id='par_1_49' title="bbox 329 3193 1930 3268">
     <span class='ocr_line' id='line_1_49' title="bbox 329 3193 1930 3268; baseline 0.004 -23"><span class='ocrx_word' id='word_1_457' title='bbox 329 3193 601 3263; x_wconf 86' lang='lat' dir='ltr'>pecunias</span> <span class='ocrx_word' id='word_1_458' title='bbox 617 3193 686 3246; x_wconf 89' lang='lat' dir='ltr'>ab</span> <span class='ocrx_word' id='word_1_459' title='bbox 703 3194 1030 3247; x_wconf 89' lang='lat' dir='ltr'>honorando</span> <span class='ocrx_word' id='word_1_460' title='bbox 1045 3195 1210 3248; x_wconf 91' lang='lat' dir='ltr'>Patre</span> <span class='ocrx_word' id='word_1_461' title='bbox 1232 3194 1560 3261; x_wconf 89' lang='lat' dir='ltr'>abstulerat,</span> <span class='ocrx_word' id='word_1_462' title='bbox 1593 3202 1649 3250; x_wconf 93' lang='lat' dir='ltr'>et</span> <span class='ocrx_word' id='word_1_463' title='bbox 1667 3197 1930 3268; x_wconf 89' lang='lat' dir='ltr'>laguncu-</span> 
     </span>
    </p>
   </div>
   <div class='ocr_carea' id='block_1_50' title="bbox 330 3281 1931 3352">
    <p class='ocr_par' dir='ltr' id='par_1_50' title="bbox 330 3281 1931 3352">
     <span class='ocr_line' id='line_1_50' title="bbox 330 3281 1931 3352; baseline 0.004 -18"><span class='ocrx_word' id='word_1_464' title='bbox 330 3281 445 3335; x_wconf 86' lang='lat' dir='ltr'>lam</span> <span class='ocrx_word' id='word_1_465' title='bbox 469 3299 595 3352; x_wconf 73' lang='lat' dir='ltr'>qua:</span> <span class='ocrx_word' id='word_1_466' title='bbox 622 3281 690 3335; x_wconf 89' lang='lat' dir='ltr'>ab</span> <span class='ocrx_word' id='word_1_467' title='bbox 720 3299 784 3336; x_wconf 92' lang='lat' dir='ltr'>eo</span> <span class='ocrx_word' id='word_1_468' title='bbox 803 3283 1136 3337; x_wconf 89' lang='lat' dir='ltr'>transmissa</span> <span class='ocrx_word' id='word_1_469' title='bbox 1151 3284 1350 3349; x_wconf 89' lang='lat' dir='ltr'>fuerat,</span> <span class='ocrx_word' id='word_1_470' title='bbox 1375 3290 1432 3338; x_wconf 91' lang='lat' dir='ltr'>et</span> <span class='ocrx_word' id='word_1_471' title='bbox 1456 3285 1525 3338; x_wconf 93' lang='lat' dir='ltr'>de</span> <span class='ocrx_word' id='word_1_472' title='bbox 1553 3302 1653 3339; x_wconf 91' lang='lat' dir='ltr'>suo</span> <span class='ocrx_word' id='word_1_473' title='bbox 1673 3291 1931 3340; x_wconf 88' lang='lat' dir='ltr'>centena-</span> 
     </span>
    </p>
   </div>
   <div class='ocr_carea' id='block_1_51' title="bbox 329 3370 1927 3444">
    <p class='ocr_par' dir='ltr' id='par_1_51' title="bbox 329 3370 1927 3444">
     <span class='ocr_line' id='line_1_51' title="bbox 329 3370 1927 3444; baseline 0.004 -22"><span class='ocrx_word' id='word_1_474' title='bbox 329 3370 420 3423; x_wconf 90' lang='lat' dir='ltr'>ria</span> <span class='ocrx_word' id='word_1_475' title='bbox 446 3370 578 3433; x_wconf 77' lang='lat' dir='ltr'>tria,</span> <span class='ocrx_word' id='word_1_476' title='bbox 610 3372 981 3442; x_wconf 87' lang='lat' dir='ltr'>apprehendit</span> <span class='ocrx_word' id='word_1_477' title='bbox 1007 3373 1336 3427; x_wconf 88' lang='lat' dir='ltr'>honoranda</span> <span class='ocrx_word' id='word_1_478' title='bbox 1355 3374 1476 3443; x_wconf 87' lang='lat' dir='ltr'>ejus</span> <span class='ocrx_word' id='word_1_479' title='bbox 1503 3374 1741 3444; x_wconf 84' lang='lat' dir='ltr'>vestigia</span> <span class='ocrx_word' id='word_1_480' title='bbox 1761 3376 1927 3442; x_wconf 69' lang='lat' dir='ltr'>,nullo</span> 
     </span>
    </p>
   </div>
   <div class='ocr_carea' id='block_1_52' title="bbox 331 3458 1928 3532">
    <p class='ocr_par' dir='ltr' id='par_1_52' title="bbox 331 3458 1928 3532">
     <span class='ocr_line' id='line_1_52' title="bbox 331 3458 1928 3532; baseline 0.003 -20"><span class='ocrx_word' id='word_1_481' title='bbox 331 3459 389 3512; x_wconf 90' lang='lat' dir='ltr'>in</span> <span class='ocrx_word' id='word_1_482' title='bbox 413 3458 743 3530; x_wconf 87' lang='lat' dir='ltr'>obsequium</span> <span class='ocrx_word' id='word_1_483' title='bbox 769 3460 1062 3531; x_wconf 89' lang='lat' dir='ltr'>proprium</span> <span class='ocrx_word' id='word_1_484' title='bbox 1082 3467 1305 3532; x_wconf 89' lang='lat' dir='ltr'>sumpto</span> <span class='ocrx_word' id='word_1_485' title='bbox 1349 3481 1360 3529; x_wconf 92' lang='lat'><strong>;</strong></span> <span class='ocrx_word' id='word_1_486' title='bbox 1394 3462 1490 3515; x_wconf 90' lang='lat' dir='ltr'>sed</span> <span class='ocrx_word' id='word_1_487' title='bbox 1524 3462 1580 3516; x_wconf 90' lang='lat' dir='ltr'>in</span> <span class='ocrx_word' id='word_1_488' title='bbox 1608 3463 1928 3517; x_wconf 88' lang='lat' dir='ltr'>humilitate</span> 
     </span>
    </p>
   </div>
   <div class='ocr_carea' id='block_1_53' title="bbox 328 3548 1930 3620">
    <p class='ocr_par' dir='ltr' id='par_1_53' title="bbox 328 3548 1930 3620">
     <span class='ocr_line' id='line_1_53' title="bbox 328 3548 1930 3620; baseline 0.004 -20"><span class='ocrx_word' id='word_1_489' title='bbox 328 3548 517 3601; x_wconf 87' lang='lat' dir='ltr'>multa</span> <span class='ocrx_word' id='word_1_490' title='bbox 540 3549 864 3615; x_wconf 88' lang='lat' dir='ltr'>ascendens,</span> <span class='ocrx_word' id='word_1_491' title='bbox 897 3549 1131 3620; x_wconf 88' lang='lat' dir='ltr'>rogabat</span> <span class='ocrx_word' id='word_1_492' title='bbox 1149 3567 1296 3616; x_wconf 86' lang='lat' dir='ltr'>eum,</span> <span class='ocrx_word' id='word_1_493' title='bbox 1328 3551 1487 3620; x_wconf 89' lang='lat' dir='ltr'>quasi</span> <span class='ocrx_word' id='word_1_494' title='bbox 1517 3550 1640 3604; x_wconf 90' lang='lat' dir='ltr'>aliis</span> <span class='ocrx_word' id='word_1_495' title='bbox 1669 3568 1930 3607; x_wconf 89' lang='lat' dir='ltr'>accusan-</span> 
     </span>
    </p>
   </div>
   <div class='ocr_carea' id='block_1_54' title="bbox 326 3636 1931 3710">
    <p class='ocr_par' dir='ltr' id='par_1_54' title="bbox 326 3636 1931 3710">
     <span class='ocr_line' id='line_1_54' title="bbox 326 3636 1931 3710; baseline 0.004 -21"><span class='ocrx_word' id='word_1_496' title='bbox 326 3636 485 3690; x_wconf 84' lang='lat' dir='ltr'>tibus</span> <span class='ocrx_word' id='word_1_497' title='bbox 514 3643 746 3702; x_wconf 91' lang='lat' dir='ltr'>motum,</span> <span class='ocrx_word' id='word_1_498' title='bbox 767 3638 1174 3709; x_wconf 86' lang='lat' dir='ltr'>indulgentiam</span> <span class='ocrx_word' id='word_1_499' title='bbox 1204 3656 1236 3693; x_wconf 90' lang='lat' dir='ltr'>a</span> <span class='ocrx_word' id='word_1_500' title='bbox 1266 3640 1380 3694; x_wconf 90' lang='lat' dir='ltr'>Deo</span> <span class='ocrx_word' id='word_1_501' title='bbox 1409 3647 1746 3710; x_wconf 81' lang='lat' dir='ltr'>exposceret,</span> <span class='ocrx_word' id='word_1_502' title='bbox 1772 3642 1931 3695; x_wconf 87' lang='lat' dir='ltr'>satis-</span> 
     </span>
    </p>
   </div>
   <div class='ocr_carea' id='block_1_55' title="bbox 2011 3101 3602 3178">
    <p class='ocr_par' dir='ltr' id='par_1_55' title="bbox 2011 3101 3602 3178">
     <span class='ocr_line' id='line_1_55' title="bbox 2011 3101 3602 3178; baseline -0.004 -17"><span class='ocrx_word' id='word_1_503' title='bbox 2011 3124 2176 3162; x_wconf 86' lang='lat' dir='ltr'>eum:</span> <span class='ocrx_word' id='word_1_504' title='bbox 2237 3108 2459 3162; x_wconf 89' lang='lat' dir='ltr'>Oblatio</span> <span class='ocrx_word' id='word_1_505' title='bbox 2509 3107 2734 3178; x_wconf 90' lang='lat' dir='ltr'>quidem</span> <span class='ocrx_word' id='word_1_506' title='bbox 2773 3112 2871 3159; x_wconf 88' lang='lat' dir='ltr'>tua</span> <span class='ocrx_word' id='word_1_507' title='bbox 2909 3105 3066 3159; x_wconf 87' lang='lat' dir='ltr'>valde</span> <span class='ocrx_word' id='word_1_508' title='bbox 3089 3106 3246 3175; x_wconf 90' lang='lat' dir='ltr'>justa</span> <span class='ocrx_word' id='word_1_509' title='bbox 3269 3108 3326 3157; x_wconf 90' lang='lat' dir='ltr'>et</span> <span class='ocrx_word' id='word_1_510' title='bbox 3355 3101 3602 3173; x_wconf 87' lang='lat' dir='ltr'>tempori</span> 
     </span>
    </p>
   </div>
   <div class='ocr_carea' id='block_1_56' title="bbox 2011 3191 3601 3264">
    <p class='ocr_par' dir='ltr' id='par_1_56' title="bbox 2011 3191 3601 3264">
     <span class='ocr_line' id='line_1_56' title="bbox 2011 3191 3601 3264; baseline -0.004 -13"><span class='ocrx_word' id='word_1_511' title='bbox 2011 3197 2342 3263; x_wconf 89' lang='lat' dir='ltr'>necessaria,</span> <span class='ocrx_word' id='word_1_512' title='bbox 2378 3196 2475 3251; x_wconf 89' lang='lat' dir='ltr'>sed</span> <span class='ocrx_word' id='word_1_513' title='bbox 2499 3197 2784 3250; x_wconf 90' lang='lat' dir='ltr'>maculosa</span> <span class='ocrx_word' id='word_1_514' title='bbox 2808 3199 2922 3260; x_wconf 87' lang='lat' dir='ltr'>est;</span> <span class='ocrx_word' id='word_1_515' title='bbox 2952 3201 3006 3248; x_wconf 91' lang='lat' dir='ltr'>et</span> <span class='ocrx_word' id='word_1_516' title='bbox 3023 3193 3168 3248; x_wconf 88' lang='lat' dir='ltr'>nosti</span> <span class='ocrx_word' id='word_1_517' title='bbox 3200 3193 3346 3264; x_wconf 91' lang='lat' dir='ltr'>quod</span> <span class='ocrx_word' id='word_1_518' title='bbox 3365 3191 3422 3245; x_wconf 93' lang='lat' dir='ltr'>in</span> <span class='ocrx_word' id='word_1_519' title='bbox 3453 3192 3601 3261; x_wconf 87' lang='lat' dir='ltr'>Lege</span> 
     </span>
    </p>
   </div>
   <div class='ocr_carea' id='block_1_57' title="bbox 2011 3282 3597 3358">
    <p class='ocr_par' dir='ltr' id='par_1_57' title="bbox 2011 3282 3597 3358">
     <span class='ocr_line' id='line_1_57' title="bbox 2011 3282 3597 3358; baseline -0.004 -19"><span class='ocrx_word' id='word_1_520' title='bbox 2011 3286 2127 3340; x_wconf 87' lang='lat' dir='ltr'>ovis</span> <span class='ocrx_word' id='word_1_521' title='bbox 2145 3286 2258 3340; x_wconf 89' lang='lat' dir='ltr'>sive</span> <span class='ocrx_word' id='word_1_522' title='bbox 2279 3302 2467 3358; x_wconf 88' lang='lat' dir='ltr'>parva,</span> <span class='ocrx_word' id='word_1_523' title='bbox 2501 3285 2621 3339; x_wconf 90' lang='lat' dir='ltr'>sine</span> <span class='ocrx_word' id='word_1_524' title='bbox 2651 3301 2875 3354; x_wconf 89' lang='lat' dir='ltr'>magna,</span> <span class='ocrx_word' id='word_1_525' title='bbox 2907 3283 3014 3337; x_wconf 90' lang='lat' dir='ltr'>nisi</span> <span class='ocrx_word' id='word_1_526' title='bbox 3049 3282 3411 3336; x_wconf 89' lang='lat' dir='ltr'>immaculata</span> <span class='ocrx_word' id='word_1_527' title='bbox 3432 3284 3597 3345; x_wconf 86' lang='lat' dir='ltr'>esset,</span> 
     </span>
    </p>
   </div>
   <div class='ocr_carea' id='block_1_58' title="bbox 2011 3368 3602 3439">
    <p class='ocr_par' dir='ltr' id='par_1_58' title="bbox 2011 3368 3602 3439">
     <span class='ocr_line' id='line_1_58' title="bbox 2011 3368 3602 3439; baseline -0.005 -10"><span class='ocrx_word' id='word_1_528' title='bbox 2011 3392 2123 3428; x_wconf 91' lang='lat' dir='ltr'>non</span> <span class='ocrx_word' id='word_1_529' title='bbox 2151 3375 2208 3428; x_wconf 92' lang='lat' dir='ltr'>in</span> <span class='ocrx_word' id='word_1_530' title='bbox 2239 3375 2571 3429; x_wconf 80' lang='lat' dir='ltr'>sacrificium</span> <span class='ocrx_word' id='word_1_531' title='bbox 2598 3372 2934 3427; x_wconf 75' lang='lat' dir='ltr'>offerebatur</span> <span class='ocrx_word' id='word_1_532' title='bbox 2958 3374 3136 3439; x_wconf 67' lang='lat' dir='ltr'>(Lavit.</span> <span class='ocrx_word' id='word_1_533' title='bbox 3180 3375 3342 3439; x_wconf 78' lang='lat' dir='ltr'>XXII);</span> <span class='ocrx_word' id='word_1_534' title='bbox 3396 3374 3453 3423; x_wconf 93' lang='lat' dir='ltr'>et</span> <span class='ocrx_word' id='word_1_535' title='bbox 3476 3368 3602 3422; x_wconf 91' lang='lat' dir='ltr'>ideo</span> 
     </span>
    </p>
   </div>
   <div class='ocr_carea' id='block_1_59' title="bbox 2011 3458 3598 3532">
    <p class='ocr_par' dir='ltr' id='par_1_59' title="bbox 2011 3458 3598 3532">
     <span class='ocr_line' id='line_1_59' title="bbox 2011 3458 3598 3532; baseline -0.005 -14"><span class='ocrx_word' id='word_1_536' title='bbox 2011 3464 2081 3517; x_wconf 89' lang='lat' dir='ltr'>ad</span> <span class='ocrx_word' id='word_1_537' title='bbox 2111 3463 2440 3518; x_wconf 82' lang='lat' dir='ltr'>sacrificium</span> <span class='ocrx_word' id='word_1_538' title='bbox 2497 3462 2635 3518; x_wconf 89' lang='lat' dir='ltr'>Cain</span> <span class='ocrx_word' id='word_1_539' title='bbox 2681 3479 2791 3516; x_wconf 91' lang='lat' dir='ltr'>non</span> <span class='ocrx_word' id='word_1_540' title='bbox 2839 3460 3082 3532; x_wconf 84' lang='lat' dir='ltr'>respexit</span> <span class='ocrx_word' id='word_1_541' title='bbox 3115 3461 3262 3514; x_wconf 90' lang='lat' dir='ltr'>Deus</span> <span class='ocrx_word' id='word_1_542' title='bbox 3326 3459 3475 3526; x_wconf 87' lang='lat' dir='ltr'>(Gen.</span> <span class='ocrx_word' id='word_1_543' title='bbox 3508 3458 3598 3525; x_wconf 77' lang='lat' dir='ltr'>Iv).</span> 
     </span>
    </p>
   </div>
   <div class='ocr_carea' id='block_1_60' title="bbox 2011 3547 3602 3621">
    <p class='ocr_par' dir='ltr' id='par_1_60' title="bbox 2011 3547 3602 3621">
     <span class='ocr_line' id='line_1_60' title="bbox 2011 3547 3602 3621; baseline -0.004 -15"><span class='ocrx_word' id='word_1_544' title='bbox 2011 3554 2287 3617; x_wconf 85' lang='lat' dir='ltr'>Quoniam</span> <span class='ocrx_word' id='word_1_545' title='bbox 2313 3569 2442 3606; x_wconf 90' lang='lat' dir='ltr'>vero</span> <span class='ocrx_word' id='word_1_546' title='bbox 2473 3552 2680 3617; x_wconf 85' lang='lat' dir='ltr'>dixisti,</span> <span class='ocrx_word' id='word_1_547' title='bbox 2707 3550 3055 3621; x_wconf 91' lang='lat' dir='ltr'>frater,quod</span> <span class='ocrx_word' id='word_1_548' title='bbox 3092 3567 3156 3603; x_wconf 85' lang='lat' dir='ltr'>ex</span> <span class='ocrx_word' id='word_1_549' title='bbox 3178 3547 3511 3603; x_wconf 84' lang='lat' dir='ltr'>necessitate</span> <span class='ocrx_word' id='word_1_550' title='bbox 3545 3550 3602 3600; x_wconf 88' lang='lat' dir='ltr'>et</span> 
     </span>
    </p>
   </div>
   <div class='ocr_carea' id='block_1_61' title="bbox 2011 3637 3602 3712">
    <p class='ocr_par' dir='ltr' id='par_1_61' title="bbox 2011 3637 3602 3712">
     <span class='ocr_line' id='line_1_61' title="bbox 2011 3637 3602 3712; baseline -0.005 -16"><span class='ocrx_word' id='word_1_551' title='bbox 2011 3643 2151 3712; x_wconf 87' lang='lat' dir='ltr'>legis</span> <span class='ocrx_word' id='word_1_552' title='bbox 2179 3641 2476 3696; x_wconf 89' lang='lat' dir='ltr'>translatio</span> <span class='ocrx_word' id='word_1_553' title='bbox 2503 3643 2620 3707; x_wconf 87' lang='lat' dir='ltr'>ﬁat,</span> <span class='ocrx_word' id='word_1_554' title='bbox 2655 3642 2723 3695; x_wconf 92' lang='lat' dir='ltr'>de</span> <span class='ocrx_word' id='word_1_555' title='bbox 2741 3641 2861 3711; x_wconf 81' lang='lat' dir='ltr'>lege</span> <span class='ocrx_word' id='word_1_556' title='bbox 2883 3639 3055 3693; x_wconf 89' lang='lat' dir='ltr'>veteri</span> <span class='ocrx_word' id='word_1_557' title='bbox 3075 3639 3178 3702; x_wconf 87' lang='lat' dir='ltr'>hoc</span> <span class='ocrx_word' id='word_1_558' title='bbox 3214 3637 3349 3691; x_wconf 91' lang='lat' dir='ltr'>dicit</span> <span class='ocrx_word' id='word_1_559' title='bbox 3367 3638 3602 3707; x_wconf 90' lang='lat' dir='ltr'>Aposto-</span> 
     </span>
    </p>
   </div>
   <div class='ocr_carea' id='block_1_62' title="bbox 327 3723 3600 3801">
    <p class='ocr_par' dir='ltr' id='par_1_62' title="bbox 327 3723 3600 3801">
     <span class='ocr_line' id='line_1_62' title="bbox 327 3723 3600 3801; baseline -0 -23"><span class='ocrx_word' id='word_1_560' title='bbox 327 3725 544 3779; x_wconf 88' lang='lat' dir='ltr'>faciens</span> <span class='ocrx_word' id='word_1_561' title='bbox 574 3726 625 3778; x_wconf 91' lang='lat' dir='ltr'>ei</span> <span class='ocrx_word' id='word_1_562' title='bbox 672 3728 818 3796; x_wconf 90' lang='lat' dir='ltr'>quod</span> <span class='ocrx_word' id='word_1_563' title='bbox 845 3727 949 3781; x_wconf 90' lang='lat' dir='ltr'>etsi</span> <span class='ocrx_word' id='word_1_564' title='bbox 976 3728 1362 3798; x_wconf 68' lang='lat' dir='ltr'>paenitentiam</span> <span class='ocrx_word' id='word_1_565' title='bbox 1394 3730 1444 3782; x_wconf 90' lang='lat' dir='ltr'>ei</span> <span class='ocrx_word' id='word_1_566' title='bbox 1461 3730 1639 3792; x_wconf 89' lang='lat' dir='ltr'>daret,</span> <span class='ocrx_word' id='word_1_567' title='bbox 1672 3737 1929 3801; x_wconf 88' lang='lat' dir='ltr'>prompte</span> <span class='ocrx_word' id='word_1_568' title='bbox 2011 3732 2130 3798; x_wconf 89' lang='lat' dir='ltr'>lus;</span> <span class='ocrx_word' id='word_1_569' title='bbox 2159 3747 2289 3785; x_wconf 90' lang='lat' dir='ltr'>nam</span> <span class='ocrx_word' id='word_1_570' title='bbox 2315 3731 2591 3801; x_wconf 88' lang='lat' dir='ltr'>quomodo</span> <span class='ocrx_word' id='word_1_571' title='bbox 2631 3730 2711 3784; x_wconf 89' lang='lat' dir='ltr'>ait</span> <span class='ocrx_word' id='word_1_572' title='bbox 2738 3729 2911 3783; x_wconf 90' lang='lat' dir='ltr'>frater</span> <span class='ocrx_word' id='word_1_573' title='bbox 2932 3725 3427 3789; x_wconf 87' lang='lat' dir='ltr'>DominiJacobus,</span> <span class='ocrx_word' id='word_1_574' title='bbox 3453 3723 3600 3795; x_wconf 91' lang='lat' dir='ltr'>quod</span> 
     </span>
    </p>
   </div>
   <div class='ocr_carea' id='block_1_63' title="bbox 329 3815 3599 3891">
    <p class='ocr_par' dir='ltr' id='par_1_63' title="bbox 329 3815 3599 3891">
     <span class='ocr_line' id='line_1_63' title="bbox 329 3815 3599 3891; baseline -0.001 -24"><span class='ocrx_word' id='word_1_575' title='bbox 329 3815 481 3868; x_wconf 87' lang='lat' dir='ltr'>hanc</span> <span class='ocrx_word' id='word_1_576' title='bbox 511 3815 819 3886; x_wconf 89' lang='lat' dir='ltr'>susciperet</span> <span class='ocrx_word' id='word_1_577' title='bbox 846 3821 902 3869; x_wconf 93' lang='lat' dir='ltr'>et</span> <span class='ocrx_word' id='word_1_578' title='bbox 929 3817 1252 3871; x_wconf 88' lang='lat' dir='ltr'>custodiret.</span> <span class='ocrx_word' id='word_1_579' title='bbox 1285 3817 1585 3872; x_wconf 87' lang='lat' dir='ltr'>Admirans</span> <span class='ocrx_word' id='word_1_580' title='bbox 1615 3825 1804 3872; x_wconf 90' lang='lat' dir='ltr'>autem</span> <span class='ocrx_word' id='word_1_581' title='bbox 1835 3837 1927 3873; x_wconf 91' lang='lat' dir='ltr'>ar-</span> <span class='ocrx_word' id='word_1_582' title='bbox 2013 3820 2329 3891; x_wconf 88' lang='lat' dir='ltr'>quicunque</span> <span class='ocrx_word' id='word_1_583' title='bbox 2346 3818 2720 3873; x_wconf 86' lang='lat' dir='ltr'>observaverit</span> <span class='ocrx_word' id='word_1_584' title='bbox 2735 3823 2910 3872; x_wconf 90' lang='lat' dir='ltr'>totam</span> <span class='ocrx_word' id='word_1_585' title='bbox 2935 3815 3398 3886; x_wconf 84' lang='lat' dir='ltr'>legem,oﬂ&#39;endat</span> <span class='ocrx_word' id='word_1_586' title='bbox 3411 3818 3599 3867; x_wconf 88' lang='lat' dir='ltr'>autem</span> 
     </span>
    </p>
   </div>
   <div class='ocr_carea' id='block_1_64' title="bbox 329 3901 3603 3975">
    <p class='ocr_par' dir='ltr' id='par_1_64' title="bbox 329 3901 3603 3975">
     <span class='ocr_line' id='line_1_64' title="bbox 329 3901 3603 3975; baseline -0.001 -17"><span class='ocrx_word' id='word_1_587' title='bbox 329 3904 721 3975; x_wconf 89' lang='lat' dir='ltr'>chiepiscopus</span> <span class='ocrx_word' id='word_1_588' title='bbox 767 3906 1009 3959; x_wconf 85' lang='lat' dir='ltr'>velocem</span> <span class='ocrx_word' id='word_1_589' title='bbox 1041 3907 1143 3960; x_wconf 89' lang='lat' dir='ltr'>viri</span> <span class='ocrx_word' id='word_1_590' title='bbox 1197 3907 1636 3972; x_wconf 88' lang='lat' dir='ltr'>conversionem,</span> <span class='ocrx_word' id='word_1_591' title='bbox 1682 3909 1824 3962; x_wconf 89' lang='lat' dir='ltr'>nihil</span> <span class='ocrx_word' id='word_1_592' title='bbox 1861 3910 1928 3964; x_wconf 91' lang='lat' dir='ltr'>de</span> <span class='ocrx_word' id='word_1_593' title='bbox 2011 3909 2071 3962; x_wconf 92' lang='lat' dir='ltr'>in</span> <span class='ocrx_word' id='word_1_594' title='bbox 2097 3926 2228 3973; x_wconf 91' lang='lat' dir='ltr'>uno,</span> <span class='ocrx_word' id='word_1_595' title='bbox 2258 3907 2796 3963; x_wconf 84' lang='lat' dir='ltr'>factusestomnium</span> <span class='ocrx_word' id='word_1_596' title='bbox 2812 3923 2943 3960; x_wconf 91' lang='lat' dir='ltr'>reus</span> <span class='ocrx_word' id='word_1_597' title='bbox 2968 3908 3102 3972; x_wconf 86' lang='lat' dir='ltr'>(Jac.</span> <span class='ocrx_word' id='word_1_598' title='bbox 3120 3905 3216 3964; x_wconf 81' lang='lat' dir='ltr'>II)?</span> <span class='ocrx_word' id='word_1_599' title='bbox 3238 3904 3314 3958; x_wconf 87' lang='lat' dir='ltr'>De</span> <span class='ocrx_word' id='word_1_600' title='bbox 3335 3901 3603 3957; x_wconf 83' lang='lat' dir='ltr'>fratribus</span> 
     </span>
    </p>
   </div>
   <div class='ocr_carea' id='block_1_65' title="bbox 328 3992 3604 4067">
    <p class='ocr_par' dir='ltr' id='par_1_65' title="bbox 328 3992 3604 4067">
     <span class='ocr_line' id='line_1_65' title="bbox 328 3992 3604 4067; baseline -0.001 -21"><span class='ocrx_word' id='word_1_601' title='bbox 328 3993 634 4047; x_wconf 87' lang='lat' dir='ltr'>commisso</span> <span class='ocrx_word' id='word_1_602' title='bbox 666 4000 1002 4064; x_wconf 88' lang='lat' dir='ltr'>conquestus</span> <span class='ocrx_word' id='word_1_603' title='bbox 1034 4001 1135 4060; x_wconf 90' lang='lat' dir='ltr'>est,</span> <span class='ocrx_word' id='word_1_604' title='bbox 1170 3997 1266 4049; x_wconf 87' lang='lat' dir='ltr'>sed</span> <span class='ocrx_word' id='word_1_605' title='bbox 1304 4001 1359 4050; x_wconf 90' lang='lat' dir='ltr'>et</span> <span class='ocrx_word' id='word_1_606' title='bbox 1399 3996 1578 4065; x_wconf 89' lang='lat' dir='ltr'>magis</span> <span class='ocrx_word' id='word_1_607' title='bbox 1610 3997 1931 4052; x_wconf 89' lang='lat' dir='ltr'>consolaba-</span> <span class='ocrx_word' id='word_1_608' title='bbox 2013 4015 2142 4052; x_wconf 89' lang='lat' dir='ltr'>vero</span> <span class='ocrx_word' id='word_1_609' title='bbox 2172 3998 2312 4052; x_wconf 90' lang='lat' dir='ltr'>meis</span> <span class='ocrx_word' id='word_1_610' title='bbox 2341 3998 2532 4067; x_wconf 85' lang='lat' dir='ltr'>egenis</span> <span class='ocrx_word' id='word_1_611' title='bbox 2558 4001 2615 4051; x_wconf 92' lang='lat' dir='ltr'><strong>et</strong></span> <span class='ocrx_word' id='word_1_612' title='bbox 2640 3997 2708 4050; x_wconf 92' lang='lat' dir='ltr'><strong>de</strong></span> <span class='ocrx_word' id='word_1_613' title='bbox 2737 4001 2931 4050; x_wconf 89' lang='lat' dir='ltr'>sancta</span> <span class='ocrx_word' id='word_1_614' title='bbox 2960 3992 3488 4063; x_wconf 89' lang='lat' dir='ltr'>Ecclesia,Deusqui</span> <span class='ocrx_word' id='word_1_615' title='bbox 3509 4007 3604 4044; x_wconf 88' lang='lat' dir='ltr'>eos</span> 
     </span>
    </p>
   </div>
   <div class='ocr_carea' id='block_1_66' title="bbox 330 4081 3608 4157">
    <p class='ocr_par' dir='ltr' id='par_1_66' title="bbox 330 4081 3608 4157">
     <span class='ocr_line' id='line_1_66' title="bbox 330 4081 3608 4157; baseline -0.001 -22"><span class='ocrx_word' id='word_1_616' title='bbox 330 4087 432 4135; x_wconf 90' lang='lat' dir='ltr'>tur</span> <span class='ocrx_word' id='word_1_617' title='bbox 459 4099 589 4135; x_wconf 91' lang='lat' dir='ltr'>eum</span> <span class='ocrx_word' id='word_1_618' title='bbox 619 4081 800 4136; x_wconf 88' lang='lat' dir='ltr'>verbis</span> <span class='ocrx_word' id='word_1_619' title='bbox 821 4085 1224 4138; x_wconf 90' lang='lat' dir='ltr'>consolatoriis.</span> <span class='ocrx_word' id='word_1_620' title='bbox 1251 4086 1400 4140; x_wconf 88' lang='lat' dir='ltr'>Talis</span> <span class='ocrx_word' id='word_1_621' title='bbox 1413 4091 1603 4139; x_wconf 87' lang='lat' dir='ltr'>autem</span> <span class='ocrx_word' id='word_1_622' title='bbox 1633 4086 1930 4140; x_wconf 86' lang='lat' dir='ltr'>amborum</span> <span class='ocrx_word' id='word_1_623' title='bbox 2014 4086 2246 4140; x_wconf 87' lang='lat' dir='ltr'>nutrivit</span> <span class='ocrx_word' id='word_1_624' title='bbox 2270 4091 2400 4140; x_wconf 89' lang='lat' dir='ltr'>ante</span> <span class='ocrx_word' id='word_1_625' title='bbox 2432 4102 2598 4157; x_wconf 89' lang='lat' dir='ltr'>quam</span> <span class='ocrx_word' id='word_1_626' title='bbox 2628 4102 2730 4156; x_wconf 88' lang='lat' dir='ltr'>ego</span> <span class='ocrx_word' id='word_1_627' title='bbox 2779 4091 2836 4139; x_wconf 93' lang='lat' dir='ltr'>et</span> <span class='ocrx_word' id='word_1_628' title='bbox 2871 4090 2932 4138; x_wconf 91' lang='lat' dir='ltr'>tu</span> <span class='ocrx_word' id='word_1_629' title='bbox 2978 4099 3358 4148; x_wconf 90' lang='lat' dir='ltr'>nasceremur,</span> <span class='ocrx_word' id='word_1_630' title='bbox 3389 4081 3508 4152; x_wconf 89' lang='lat' dir='ltr'>ipse</span> <span class='ocrx_word' id='word_1_631' title='bbox 3550 4084 3608 4133; x_wconf 89' lang='lat' dir='ltr'>et</span> 
     </span>
    </p>
   </div>
   <div class='ocr_carea' id='block_1_67' title="bbox 329 4170 3604 4246">
    <p class='ocr_par' dir='ltr' id='par_1_67' title="bbox 329 4170 3604 4246">
     <span class='ocr_line' id='line_1_67' title="bbox 329 4170 3604 4246; baseline -0.001 -22"><span class='ocrx_word' id='word_1_632' title='bbox 329 4172 672 4225; x_wconf 83' lang='lat' dir='ltr'>confirmata</span> <span class='ocrx_word' id='word_1_633' title='bbox 699 4177 786 4226; x_wconf 88' lang='lat' dir='ltr'>est</span> <span class='ocrx_word' id='word_1_634' title='bbox 809 4190 875 4226; x_wconf 87' lang='lat' dir='ltr'>ex</span> <span class='ocrx_word' id='word_1_635' title='bbox 898 4178 1032 4228; x_wconf 88' lang='lat' dir='ltr'>tunc</span> <span class='ocrx_word' id='word_1_636' title='bbox 1063 4191 1097 4227; x_wconf 92' lang='lat' dir='ltr'>a</span> <span class='ocrx_word' id='word_1_637' title='bbox 1116 4175 1233 4228; x_wconf 93' lang='lat' dir='ltr'>Deo</span> <span class='ocrx_word' id='word_1_638' title='bbox 1262 4174 1524 4241; x_wconf 82' lang='lat' dir='ltr'>Charitas,</span> <span class='ocrx_word' id='word_1_639' title='bbox 1553 4181 1618 4228; x_wconf 90' lang='lat' dir='ltr'>ut</span> <span class='ocrx_word' id='word_1_640' title='bbox 1646 4182 1930 4246; x_wconf 87' lang='lat' dir='ltr'>compater</span> <span class='ocrx_word' id='word_1_641' title='bbox 2014 4191 2162 4228; x_wconf 91' lang='lat' dir='ltr'>nunc</span> <span class='ocrx_word' id='word_1_642' title='bbox 2192 4175 2405 4228; x_wconf 88' lang='lat' dir='ltr'>nutriet</span> <span class='ocrx_word' id='word_1_643' title='bbox 2424 4193 2517 4230; x_wconf 91' lang='lat' dir='ltr'>eos</span> <span class='ocrx_word' id='word_1_644' title='bbox 2541 4195 2552 4228; x_wconf 92' lang='lat'>:</span> <span class='ocrx_word' id='word_1_645' title='bbox 2588 4181 2828 4239; x_wconf 88' lang='lat' dir='ltr'>tantum,</span> <span class='ocrx_word' id='word_1_646' title='bbox 2863 4175 2911 4227; x_wconf 92' lang='lat' dir='ltr'>si</span> <span class='ocrx_word' id='word_1_647' title='bbox 2936 4189 3225 4228; x_wconf 91' lang='lat' dir='ltr'>sermones</span> <span class='ocrx_word' id='word_1_648' title='bbox 3253 4172 3373 4241; x_wconf 88' lang='lat' dir='ltr'>ejus</span> <span class='ocrx_word' id='word_1_649' title='bbox 3402 4170 3604 4224; x_wconf 65' lang='lat' dir='ltr'>illaesos</span> 
     </span>
    </p>
   </div>
   <div class='ocr_carea' id='block_1_68' title="bbox 331 4259 3604 4332">
    <p class='ocr_par' dir='ltr' id='par_1_68' title="bbox 331 4259 3604 4332">
     <span class='ocr_line' id='line_1_68' title="bbox 331 4259 3604 4332; baseline -0.002 -17"><span class='ocrx_word' id='word_1_650' title='bbox 331 4260 644 4331; x_wconf 85' lang='lat' dir='ltr'>supradicti</span> <span class='ocrx_word' id='word_1_651' title='bbox 667 4262 830 4316; x_wconf 84' lang='lat' dir='ltr'>fieret</span> <span class='ocrx_word' id='word_1_652' title='bbox 858 4263 1099 4332; x_wconf 88' lang='lat' dir='ltr'>patricii.</span> <span class='ocrx_word' id='word_1_653' title='bbox 2013 4264 2467 4318; x_wconf 88' lang='lat' dir='ltr'>custodierimus.</span> <span class='ocrx_word' id='word_1_654' title='bbox 2503 4265 2602 4318; x_wconf 88' lang='lat' dir='ltr'>Ille</span> <span class='ocrx_word' id='word_1_655' title='bbox 2652 4263 2801 4317; x_wconf 90' lang='lat' dir='ltr'>enim</span> <span class='ocrx_word' id='word_1_656' title='bbox 2850 4262 2945 4331; x_wconf 90' lang='lat' dir='ltr'>qui</span> <span class='ocrx_word' id='word_1_657' title='bbox 2976 4267 3110 4314; x_wconf 92' lang='lat' dir='ltr'>tunc</span> <span class='ocrx_word' id='word_1_658' title='bbox 3149 4259 3393 4330; x_wconf 90' lang='lat' dir='ltr'>quinque</span> <span class='ocrx_word' id='word_1_659' title='bbox 3431 4274 3604 4328; x_wconf 89' lang='lat' dir='ltr'>panes</span> 
     </span>
    </p>
   </div>
   <div class='ocr_carea' id='block_1_69' title="bbox 408 4345 3605 4450">
    <p class='ocr_par' dir='ltr' id='par_1_69' title="bbox 408 4345 3605 4450">
     <span class='ocr_line' id='line_1_69' title="bbox 408 4345 3605 4450; baseline -0.001 -48"><span class='ocrx_word' id='word_1_660' title='bbox 408 4350 545 4403; x_wconf 71' lang='lat' dir='ltr'>CAP.</span> <span class='ocrx_word' id='word_1_661' title='bbox 581 4350 684 4405; x_wconf 82' lang='lat' dir='ltr'>XII</span> <span class='ocrx_word' id='word_1_662' title='bbox 713 4351 889 4414; x_wconf 86' lang='lat' dir='ltr'>—Qui</span> <span class='ocrx_word' id='word_1_663' title='bbox 916 4351 1203 4405; x_wconf 88' lang='lat' dir='ltr'>Abraham</span> <span class='ocrx_word' id='word_1_664' title='bbox 1232 4351 1288 4405; x_wconf 91' lang='lat' dir='ltr'>in</span> <span class='ocrx_word' id='word_1_665' title='bbox 1318 4353 1421 4406; x_wconf 91' lang='lat' dir='ltr'>hoc</span> <span class='ocrx_word' id='word_1_666' title='bbox 1440 4353 1586 4424; x_wconf 88' lang='lat' dir='ltr'>quod</span> <span class='ocrx_word' id='word_1_667' title='bbox 1605 4353 1934 4424; x_wconf 87' lang='lat' dir='ltr'>expediebat</span> <span class='ocrx_word' id='word_1_668' title='bbox 1955 4353 2408 4450; x_wconf 84' lang='lat' dir='ltr'>Dmultiplicavit</span> <span class='ocrx_word' id='word_1_669' title='bbox 2433 4352 2612 4408; x_wconf 71' lang='lat' dir='ltr'>Noun.</span> <span class='ocrx_word' id='word_1_670' title='bbox 2641 4354 2736 4419; x_wconf 80' lang='lat' dir='ltr'>v1),</span> <span class='ocrx_word' id='word_1_671' title='bbox 2760 4355 2948 4420; x_wconf 88' lang='lat' dir='ltr'>potest</span> <span class='ocrx_word' id='word_1_672' title='bbox 2978 4349 3248 4450; x_wconf 43' lang='lat' dir='ltr'>et‘de‘ce‘m</span> <span class='ocrx_word' id='word_1_673' title='bbox 3277 4347 3462 4450; x_wconf 73' lang='lat' dir='ltr'>horrei</span> <span class='ocrx_word' id='word_1_674' title='bbox 3494 4345 3605 4450; x_wconf 52' lang='lat' dir='ltr'>m‘ei</span> 
     </span>
    </p>
   </div>
   <div class='ocr_carea' id='block_1_70' title="bbox 329 4434 3599 4513">
    <p class='ocr_par' dir='ltr' id='par_1_70' title="bbox 329 4434 3599 4513">
     <span class='ocr_line' id='line_1_70' title="bbox 329 4434 3599 4513; baseline -0.002 -19"><span class='ocrx_word' id='word_1_675' title='bbox 329 4440 593 4504; x_wconf 86' lang='lat' dir='ltr'>tentavit,</span> <span class='ocrx_word' id='word_1_676' title='bbox 630 4446 694 4494; x_wconf 87' lang='lat' dir='ltr'>ut</span> <span class='ocrx_word' id='word_1_677' title='bbox 719 4442 842 4510; x_wconf 88' lang='lat' dir='ltr'>ejus</span> <span class='ocrx_word' id='word_1_678' title='bbox 871 4441 1039 4493; x_wconf 86' lang='lat' dir='ltr'>fidem</span> <span class='ocrx_word' id='word_1_679' title='bbox 1054 4441 1158 4494; x_wconf 91' lang='lat' dir='ltr'>soli</span> <span class='ocrx_word' id='word_1_680' title='bbox 1188 4442 1300 4494; x_wconf 94' lang='lat' dir='ltr'>Deo</span> <span class='ocrx_word' id='word_1_681' title='bbox 1330 4443 1613 4513; x_wconf 85' lang='lat' dir='ltr'>cognitam</span> <span class='ocrx_word' id='word_1_682' title='bbox 1640 4444 1934 4498; x_wconf 89' lang='lat' dir='ltr'>universus</span> <span class='ocrx_word' id='word_1_683' title='bbox 1957 4434 2000 4450; x_wconf 68' lang='grc' dir='ltr'><em>ν</em></span> <span class='ocrx_word' id='word_1_684' title='bbox 2020 4443 2221 4496; x_wconf 88' lang='lat' dir='ltr'>modiis</span> <span class='ocrx_word' id='word_1_685' title='bbox 2250 4440 2594 4496; x_wconf 90' lang='lat' dir='ltr'>benedicere.</span> <span class='ocrx_word' id='word_1_686' title='bbox 2628 4441 2981 4511; x_wconf 88' lang='lat' dir='ltr'>Quapropter</span> <span class='ocrx_word' id='word_1_687' title='bbox 2995 4436 3132 4490; x_wconf 91' lang='lat' dir='ltr'>illud</span> <span class='ocrx_word' id='word_1_688' title='bbox 3166 4436 3289 4490; x_wconf 93' lang='lat' dir='ltr'>dico</span> <span class='ocrx_word' id='word_1_689' title='bbox 3309 4435 3380 4488; x_wconf 90' lang='lat' dir='ltr'>ad</span> <span class='ocrx_word' id='word_1_690' title='bbox 3408 4434 3599 4499; x_wconf 85' lang='lat' dir='ltr'>te,ﬁli,</span> 
     </span>
    </p>
   </div>
   <div class='ocr_carea' id='block_1_71' title="bbox 330 4529 1937 4601">
    <p class='ocr_par' dir='ltr' id='par_1_71' title="bbox 330 4529 1937 4601">
     <span class='ocr_line' id='line_1_71' title="bbox 330 4529 1937 4601; baseline 0.003 -19"><span class='ocrx_word' id='word_1_691' title='bbox 330 4529 584 4583; x_wconf 86' lang='lat' dir='ltr'>mundus</span> <span class='ocrx_word' id='word_1_692' title='bbox 632 4529 850 4584; x_wconf 80' lang='lat' dir='ltr'>discens</span> <span class='ocrx_word' id='word_1_693' title='bbox 877 4529 1199 4583; x_wconf 87' lang='lat' dir='ltr'>imitaretur</span> <span class='ocrx_word' id='word_1_694' title='bbox 1247 4531 1375 4597; x_wconf 82' lang='lat' dir='ltr'>(Gen</span> <span class='ocrx_word' id='word_1_695' title='bbox 1401 4537 1550 4601; x_wconf 85' lang='lat' dir='ltr'>xxu),</span> <span class='ocrx_word' id='word_1_696' title='bbox 1606 4533 1853 4587; x_wconf 89' lang='lat' dir='ltr'>tentavit</span> <span class='ocrx_word' id='word_1_697' title='bbox 1881 4538 1937 4587; x_wconf 91' lang='lat' dir='ltr'>et</span> 
     </span>
    </p>
   </div>
   <div class='ocr_carea' id='block_1_72' title="bbox 331 4618 1934 4676">
    <p class='ocr_par' dir='ltr' id='par_1_72' title="bbox 331 4618 1934 4676">
     <span class='ocr_line' id='line_1_72' title="bbox 331 4618 1934 4676; baseline 0.002 -4"><span class='ocrx_word' id='word_1_698' title='bbox 331 4618 763 4672; x_wconf 89' lang='lat' dir='ltr'>memorabilem</span> <span class='ocrx_word' id='word_1_699' title='bbox 794 4618 966 4672; x_wconf 89' lang='lat' dir='ltr'>istum</span> <span class='ocrx_word' id='word_1_700' title='bbox 987 4620 1280 4672; x_wconf 88' lang='lat' dir='ltr'>Joannem.</span> <span class='ocrx_word' id='word_1_701' title='bbox 1311 4619 1507 4675; x_wconf 90' lang='lat' dir='ltr'>Modus</span> <span class='ocrx_word' id='word_1_702' title='bbox 1549 4628 1738 4675; x_wconf 90' lang='lat' dir='ltr'>autem</span> <span class='ocrx_word' id='word_1_703' title='bbox 1784 4622 1934 4676; x_wconf 89' lang='lat' dir='ltr'>illius</span> 
     </span>
    </p>
   </div>
   <div class='ocr_carea' id='block_1_73' title="bbox 330 4707 1936 4779">
    <p class='ocr_par' dir='ltr' id='par_1_73' title="bbox 330 4707 1936 4779">
     <span class='ocr_line' id='line_1_73' title="bbox 330 4707 1936 4779; baseline 0.002 -18"><span class='ocrx_word' id='word_1_704' title='bbox 330 4708 667 4762; x_wconf 80' lang='lat' dir='ltr'>tentationis</span> <span class='ocrx_word' id='word_1_705' title='bbox 697 4708 875 4761; x_wconf 87' lang='lat' dir='ltr'>forma</span> <span class='ocrx_word' id='word_1_706' title='bbox 895 4707 1154 4761; x_wconf 89' lang='lat' dir='ltr'>utilitatis</span> <span class='ocrx_word' id='word_1_707' title='bbox 1184 4708 1388 4762; x_wconf 89' lang='lat' dir='ltr'>sanctis</span> <span class='ocrx_word' id='word_1_708' title='bbox 1417 4710 1538 4779; x_wconf 91' lang='lat' dir='ltr'>ejus</span> <span class='ocrx_word' id='word_1_709' title='bbox 1565 4711 1810 4764; x_wconf 88' lang='lat' dir='ltr'>ecclesiis</span> <span class='ocrx_word' id='word_1_710' title='bbox 1846 4728 1936 4765; x_wconf 90' lang='lat' dir='ltr'>ex-</span> 
     </span>
    </p>
   </div>
   <div class='ocr_carea' id='block_1_74' title="bbox 331 4796 1936 4854">
    <p class='ocr_par' dir='ltr' id='par_1_74' title="bbox 331 4796 1936 4854">
     <span class='ocr_line' id='line_1_74' title="bbox 331 4796 1936 4854; baseline 0.002 -4"><span class='ocrx_word' id='word_1_711' title='bbox 331 4797 501 4851; x_wconf 86' lang='lat' dir='ltr'>stitit.</span> <span class='ocrx_word' id='word_1_712' title='bbox 534 4797 631 4850; x_wconf 85' lang='lat' dir='ltr'>Est</span> <span class='ocrx_word' id='word_1_713' title='bbox 658 4801 846 4850; x_wconf 90' lang='lat' dir='ltr'>autem</span> <span class='ocrx_word' id='word_1_714' title='bbox 871 4796 1054 4850; x_wconf 90' lang='lat' dir='ltr'>forma</span> <span class='ocrx_word' id='word_1_715' title='bbox 1085 4797 1234 4850; x_wconf 66' lang='lat' dir='ltr'>hmo:</span> <span class='ocrx_word' id='word_1_716' title='bbox 1273 4798 1653 4852; x_wconf 69' lang='lat' dir='ltr'>Inaestimabili</span> <span class='ocrx_word' id='word_1_717' title='bbox 1684 4800 1936 4854; x_wconf 88' lang='lat' dir='ltr'>multitu-</span> 
     </span>
    </p>
   </div>
   <div class='ocr_carea' id='block_1_75' title="bbox 333 4885 1934 4957">
    <p class='ocr_par' dir='ltr' id='par_1_75' title="bbox 333 4885 1934 4957">
     <span class='ocr_line' id='line_1_75' title="bbox 333 4885 1934 4957; baseline 0.002 -18"><span class='ocrx_word' id='word_1_718' title='bbox 333 4887 471 4941; x_wconf 89' lang='lat' dir='ltr'>dine</span> <span class='ocrx_word' id='word_1_719' title='bbox 502 4886 840 4956; x_wconf 87' lang='lat' dir='ltr'>fugientium</span> <span class='ocrx_word' id='word_1_720' title='bbox 868 4903 903 4939; x_wconf 90' lang='lat' dir='ltr'>a</span> <span class='ocrx_word' id='word_1_721' title='bbox 930 4885 1136 4952; x_wconf 89' lang='lat' dir='ltr'>Persis,</span> <span class='ocrx_word' id='word_1_722' title='bbox 1185 4885 1330 4940; x_wconf 87' lang='lat' dir='ltr'>sicut</span> <span class='ocrx_word' id='word_1_723' title='bbox 1353 4888 1472 4957; x_wconf 89' lang='lat' dir='ltr'>jam</span> <span class='ocrx_word' id='word_1_724' title='bbox 1493 4888 1704 4957; x_wconf 88' lang='lat' dir='ltr'>dictum</span> <span class='ocrx_word' id='word_1_725' title='bbox 1729 4889 1934 4957; x_wconf 79' lang='lat' dir='ltr'>(Supra</span> 
     </span>
    </p>
   </div>
   <div class='ocr_carea' id='block_1_76' title="bbox 332 4975 1935 5043">
    <p class='ocr_par' dir='ltr' id='par_1_76' title="bbox 332 4975 1935 5043">
     <span class='ocr_line' id='line_1_76' title="bbox 332 4975 1935 5043; baseline 0.001 -14"><span class='ocrx_word' id='word_1_726' title='bbox 332 4993 383 5030; x_wconf 87' lang='lat' dir='ltr'>c.</span> <span class='ocrx_word' id='word_1_727' title='bbox 417 4976 494 5043; x_wconf 88' lang='lat'>6),</span> <span class='ocrx_word' id='word_1_728' title='bbox 551 4981 609 5028; x_wconf 90' lang='lat' dir='ltr'><strong>et</strong></span> <span class='ocrx_word' id='word_1_729' title='bbox 655 4975 985 5028; x_wconf 85' lang='lat' dir='ltr'>adveniente</span> <span class='ocrx_word' id='word_1_730' title='bbox 1046 4976 1466 5038; x_wconf 89' lang='lat' dir='ltr'>Alexandriam,</span> <span class='ocrx_word' id='word_1_731' title='bbox 1515 4982 1572 5030; x_wconf 92' lang='lat' dir='ltr'>et</span> <span class='ocrx_word' id='word_1_732' title='bbox 1636 4978 1935 5032; x_wconf 89' lang='lat' dir='ltr'>sterilitate</span> 
     </span>
    </p>
   </div>
   <div class='ocr_carea' id='block_1_77' title="bbox 333 5063 1935 5134">
    <p class='ocr_par' dir='ltr' id='par_1_77' title="bbox 333 5063 1935 5134">
     <span class='ocr_line' id='line_1_77' title="bbox 333 5063 1935 5134; baseline 0.002 -15"><span class='ocrx_word' id='word_1_733' title='bbox 333 5065 520 5120; x_wconf 87' lang='lat' dir='ltr'>multa</span> <span class='ocrx_word' id='word_1_734' title='bbox 546 5063 800 5118; x_wconf 89' lang='lat' dir='ltr'>ciborum</span> <span class='ocrx_word' id='word_1_735' title='bbox 822 5063 984 5129; x_wconf 87' lang='lat' dir='ltr'>facta,</span> <span class='ocrx_word' id='word_1_736' title='bbox 1020 5080 1086 5118; x_wconf 88' lang='lat' dir='ltr'>eo</span> <span class='ocrx_word' id='word_1_737' title='bbox 1140 5064 1288 5134; x_wconf 89' lang='lat' dir='ltr'>quod</span> <span class='ocrx_word' id='word_1_738' title='bbox 1326 5082 1438 5119; x_wconf 91' lang='lat' dir='ltr'>non</span> <span class='ocrx_word' id='word_1_739' title='bbox 1486 5065 1700 5121; x_wconf 90' lang='lat' dir='ltr'>subiret</span> <span class='ocrx_word' id='word_1_740' title='bbox 1736 5067 1935 5122; x_wconf 81' lang='lat' dir='ltr'>ﬂuvius</span> 
     </span>
    </p>
   </div>
   <div class='ocr_carea' id='block_1_78' title="bbox 335 5153 1935 5220">
    <p class='ocr_par' dir='ltr' id='par_1_78' title="bbox 335 5153 1935 5220">
     <span class='ocr_line' id='line_1_78' title="bbox 335 5153 1935 5220; baseline 0.001 -12"><span class='ocrx_word' id='word_1_741' title='bbox 335 5155 505 5208; x_wconf 85' lang='lat' dir='ltr'>Nilus</span> <span class='ocrx_word' id='word_1_742' title='bbox 532 5153 842 5207; x_wconf 85' lang='lat' dir='ltr'>secundum</span> <span class='ocrx_word' id='word_1_743' title='bbox 867 5153 1351 5220; x_wconf 90' lang='lat' dir='ltr'>consuetudinem,</span> <span class='ocrx_word' id='word_1_744' title='bbox 1367 5160 1424 5207; x_wconf 88' lang='lat' dir='ltr'>et</span> <span class='ocrx_word' id='word_1_745' title='bbox 1435 5171 1572 5209; x_wconf 91' lang='lat' dir='ltr'>auro</span> <span class='ocrx_word' id='word_1_746' title='bbox 1597 5162 1794 5210; x_wconf 90' lang='lat' dir='ltr'>cuncto</span> <span class='ocrx_word' id='word_1_747' title='bbox 1810 5172 1935 5210; x_wconf 89' lang='lat' dir='ltr'>ero-</span> 
     </span>
    </p>
   </div>
   <div class='ocr_carea' id='block_1_79' title="bbox 334 5242 1937 5315">
    <p class='ocr_par' dir='ltr' id='par_1_79' title="bbox 334 5242 1937 5315">
     <span class='ocr_line' id='line_1_79' title="bbox 334 5242 1937 5315; baseline 0.002 -19"><span class='ocrx_word' id='word_1_748' title='bbox 334 5249 473 5315; x_wconf 82' lang='lat' dir='ltr'>gato</span> <span class='ocrx_word' id='word_1_749' title='bbox 503 5242 653 5314; x_wconf 88' lang='lat' dir='ltr'>quod</span> <span class='ocrx_word' id='word_1_750' title='bbox 678 5242 1352 5314; x_wconf 77' lang='lat' dir='ltr'>possederatpatriarcha,</span> <span class='ocrx_word' id='word_1_751' title='bbox 1385 5244 1539 5298; x_wconf 90' lang='lat' dir='ltr'>misit</span> <span class='ocrx_word' id='word_1_752' title='bbox 1553 5250 1610 5299; x_wconf 92' lang='lat' dir='ltr'><strong>et</strong></span> <span class='ocrx_word' id='word_1_753' title='bbox 1638 5251 1833 5300; x_wconf 90' lang='lat' dir='ltr'>mutuo</span> <span class='ocrx_word' id='word_1_754' title='bbox 1850 5261 1937 5299; x_wconf 89' lang='lat' dir='ltr'>ac—</span> 
     </span>
    </p>
   </div>
   <div class='ocr_carea' id='block_1_80' title="bbox 339 5331 1930 5403">
    <p class='ocr_par' dir='ltr' id='par_1_80' title="bbox 339 5331 1930 5403">
     <span class='ocr_line' id='line_1_80' title="bbox 339 5331 1930 5403; baseline 0.001 -17"><span class='ocrx_word' id='word_1_755' title='bbox 339 5333 491 5403; x_wconf 88' lang='lat' dir='ltr'>cepit</span> <span class='ocrx_word' id='word_1_756' title='bbox 518 5348 553 5384; x_wconf 91' lang='lat' dir='ltr'>a</span> <span class='ocrx_word' id='word_1_757' title='bbox 582 5331 775 5385; x_wconf 88' lang='lat' dir='ltr'>multis</span> <span class='ocrx_word' id='word_1_758' title='bbox 802 5331 1184 5402; x_wconf 89' lang='lat' dir='ltr'>philochristis</span> <span class='ocrx_word' id='word_1_759' title='bbox 1208 5331 1356 5388; x_wconf 90' lang='lat' dir='ltr'>circa</span> <span class='ocrx_word' id='word_1_760' title='bbox 1375 5334 1566 5388; x_wconf 91' lang='lat' dir='ltr'>decem</span> <span class='ocrx_word' id='word_1_761' title='bbox 1591 5334 1930 5390; x_wconf 88' lang='lat' dir='ltr'>centenaria.</span> 
     </span>
    </p>
   </div>
   <div class='ocr_carea' id='block_1_81' title="bbox 340 5421 1931 5493">
    <p class='ocr_par' dir='ltr' id='par_1_81' title="bbox 340 5421 1931 5493">
     <span class='ocr_line' id='line_1_81' title="bbox 340 5421 1931 5493; baseline 0.003 -18"><span class='ocrx_word' id='word_1_762' title='bbox 340 5421 412 5475; x_wconf 81' lang='lat' dir='ltr'>Et</span> <span class='ocrx_word' id='word_1_763' title='bbox 437 5422 524 5475; x_wconf 91' lang='lat' dir='ltr'>his</span> <span class='ocrx_word' id='word_1_764' title='bbox 555 5421 759 5474; x_wconf 87' lang='lat' dir='ltr'>iterum</span> <span class='ocrx_word' id='word_1_765' title='bbox 787 5422 1150 5492; x_wconf 88' lang='lat' dir='ltr'>consumptis,</span> <span class='ocrx_word' id='word_1_766' title='bbox 1186 5427 1244 5476; x_wconf 91' lang='lat' dir='ltr'>et</span> <span class='ocrx_word' id='word_1_767' title='bbox 1261 5423 1444 5478; x_wconf 91' lang='lat' dir='ltr'>adhuc</span> <span class='ocrx_word' id='word_1_768' title='bbox 1471 5423 1618 5478; x_wconf 90' lang='lat' dir='ltr'>fame</span> <span class='ocrx_word' id='word_1_769' title='bbox 1651 5430 1931 5493; x_wconf 89' lang='lat' dir='ltr'>manente,</span> 
     </span>
    </p>
   </div>
   <div class='ocr_carea' id='block_1_82' title="bbox 343 5510 1938 5581">
    <p class='ocr_par' dir='ltr' id='par_1_82' title="bbox 343 5510 1938 5581">
     <span class='ocr_line' id='line_1_82' title="bbox 343 5510 1938 5581; baseline 0.003 -16"><span class='ocrx_word' id='word_1_770' title='bbox 343 5516 402 5565; x_wconf 87' lang='lat' dir='ltr'>et</span> <span class='ocrx_word' id='word_1_771' title='bbox 447 5511 518 5566; x_wconf 88' lang='lat' dir='ltr'><strong>de</strong></span> <span class='ocrx_word' id='word_1_772' title='bbox 546 5517 746 5566; x_wconf 66' lang='lat' dir='ltr'>caetero</span> <span class='ocrx_word' id='word_1_773' title='bbox 800 5516 1062 5565; x_wconf 89' lang='lat' dir='ltr'>mutuum</span> <span class='ocrx_word' id='word_1_774' title='bbox 1119 5510 1254 5566; x_wconf 88' lang='lat' dir='ltr'>dare</span> <span class='ocrx_word' id='word_1_775' title='bbox 1292 5512 1343 5567; x_wconf 90' lang='lat' dir='ltr'>ei</span> <span class='ocrx_word' id='word_1_776' title='bbox 1373 5513 1526 5568; x_wconf 91' lang='lat' dir='ltr'>nullo</span> <span class='ocrx_word' id='word_1_777' title='bbox 1554 5514 1791 5581; x_wconf 89' lang='lat' dir='ltr'>volente,</span> <span class='ocrx_word' id='word_1_778' title='bbox 1841 5515 1938 5570; x_wconf 86' lang='lat' dir='ltr'>sed</span> 
     </span>
    </p>
   </div>
   <div class='ocr_carea' id='block_1_83' title="bbox 345 5599 1940 5673">
    <p class='ocr_par' dir='ltr' id='par_1_83' title="bbox 345 5599 1940 5673">
     <span class='ocr_line' id='line_1_83' title="bbox 345 5599 1940 5673; baseline 0.003 -19"><span class='ocrx_word' id='word_1_779' title='bbox 345 5599 606 5656; x_wconf 87' lang='lat' dir='ltr'>omnibus</span> <span class='ocrx_word' id='word_1_780' title='bbox 654 5599 1020 5673; x_wconf 86' lang='lat' dir='ltr'>pertinaciam</span> <span class='ocrx_word' id='word_1_781' title='bbox 1069 5599 1232 5654; x_wconf 88' lang='lat' dir='ltr'>famis</span> <span class='ocrx_word' id='word_1_782' title='bbox 1285 5600 1632 5669; x_wconf 87' lang='lat' dir='ltr'>timentibus,</span> <span class='ocrx_word' id='word_1_783' title='bbox 1664 5608 1718 5657; x_wconf 91' lang='lat' dir='ltr'>et</span> <span class='ocrx_word' id='word_1_784' title='bbox 1747 5619 1940 5658; x_wconf 89' lang='lat' dir='ltr'>neces-</span> 
     </span>
    </p>
   </div>
   <div class='ocr_carea' id='block_1_84' title="bbox 2020 4525 3607 4603">
    <p class='ocr_par' dir='ltr' id='par_1_84' title="bbox 2020 4525 3607 4603">
     <span class='ocr_line' id='line_1_84' title="bbox 2020 4525 3607 4603; baseline -0.006 -17"><span class='ocrx_word' id='word_1_785' title='bbox 2020 4532 2167 4603; x_wconf 89' lang='lat' dir='ltr'>quod</span> <span class='ocrx_word' id='word_1_786' title='bbox 2198 4532 2254 4584; x_wconf 90' lang='lat' dir='ltr'>in</span> <span class='ocrx_word' id='word_1_787' title='bbox 2302 4529 2530 4584; x_wconf 86' lang='lat' dir='ltr'>Actibus</span> <span class='ocrx_word' id='word_1_788' title='bbox 2561 4529 2941 4600; x_wconf 91' lang='lat' dir='ltr'>apostolorum</span> <span class='ocrx_word' id='word_1_789' title='bbox 2973 4527 3185 4581; x_wconf 89' lang='lat' dir='ltr'>dictum</span> <span class='ocrx_word' id='word_1_790' title='bbox 3206 4529 3291 4578; x_wconf 92' lang='lat' dir='ltr'>est</span> <span class='ocrx_word' id='word_1_791' title='bbox 3319 4543 3330 4577; x_wconf 89' lang='lat'><strong>:</strong></span> <span class='ocrx_word' id='word_1_792' title='bbox 3366 4525 3491 4577; x_wconf 89' lang='lat' dir='ltr'>Non</span> <span class='ocrx_word' id='word_1_793' title='bbox 3523 4528 3607 4577; x_wconf 89' lang='lat' dir='ltr'>est</span> 
     </span>
    </p>
   </div>
   <div class='ocr_carea' id='block_1_85' title="bbox 2017 4611 3604 4692">
    <p class='ocr_par' dir='ltr' id='par_1_85' title="bbox 2017 4611 3604 4692">
     <span class='ocr_line' id='line_1_85' title="bbox 2017 4611 3604 4692; baseline -0.007 -18"><span class='ocrx_word' id='word_1_794' title='bbox 2017 4621 2119 4675; x_wconf 90' lang='lat' dir='ltr'>tibi</span> <span class='ocrx_word' id='word_1_795' title='bbox 2151 4620 2330 4692; x_wconf 90' lang='lat' dir='ltr'>portio</span> <span class='ocrx_word' id='word_1_796' title='bbox 2361 4635 2540 4689; x_wconf 87' lang='lat' dir='ltr'>neque</span> <span class='ocrx_word' id='word_1_797' title='bbox 2566 4618 2864 4673; x_wconf 69' lang='lat' dir='ltr'>haareditas</span> <span class='ocrx_word' id='word_1_798' title='bbox 2900 4617 2959 4670; x_wconf 90' lang='lat' dir='ltr'>in</span> <span class='ocrx_word' id='word_1_799' title='bbox 2988 4616 3091 4668; x_wconf 90' lang='lat' dir='ltr'>hac</span> <span class='ocrx_word' id='word_1_800' title='bbox 3113 4619 3270 4684; x_wconf 90' lang='lat' dir='ltr'>parte</span> <span class='ocrx_word' id='word_1_801' title='bbox 3298 4611 3432 4679; x_wconf 87' lang='lat' dir='ltr'>(Act.</span> <span class='ocrx_word' id='word_1_802' title='bbox 3466 4614 3604 4679; x_wconf 86' lang='lat' dir='ltr'>vm).</span> 
     </span>
    </p>
   </div>
   <div class='ocr_carea' id='block_1_86' title="bbox 2020 4700 3602 4780">
    <p class='ocr_par' dir='ltr' id='par_1_86' title="bbox 2020 4700 3602 4780">
     <span class='ocr_line' id='line_1_86' title="bbox 2020 4700 3602 4780; baseline -0.007 -16"><span class='ocrx_word' id='word_1_803' title='bbox 2020 4711 2273 4780; x_wconf 91' lang='lat' dir='ltr'>Cumque</span> <span class='ocrx_word' id='word_1_804' title='bbox 2327 4709 2475 4762; x_wconf 91' lang='lat' dir='ltr'>hunc</span> <span class='ocrx_word' id='word_1_805' title='bbox 2501 4708 2718 4762; x_wconf 90' lang='lat' dir='ltr'>tristem</span> <span class='ocrx_word' id='word_1_806' title='bbox 2778 4712 2834 4760; x_wconf 92' lang='lat' dir='ltr'>et</span> <span class='ocrx_word' id='word_1_807' title='bbox 2864 4706 2984 4759; x_wconf 90' lang='lat' dir='ltr'>sine</span> <span class='ocrx_word' id='word_1_808' title='bbox 3035 4704 3236 4757; x_wconf 78' lang='lat' dir='ltr'>effectu</span> <span class='ocrx_word' id='word_1_809' title='bbox 3282 4700 3602 4765; x_wconf 87' lang='lat' dir='ltr'>dimisisset,</span> 
     </span>
    </p>
   </div>
   <div class='ocr_carea' id='block_1_87' title="bbox 2018 4789 3606 4863">
    <p class='ocr_par' dir='ltr' id='par_1_87' title="bbox 2018 4789 3606 4863">
     <span class='ocr_line' id='line_1_87' title="bbox 2018 4789 3606 4863; baseline -0.006 -11"><span class='ocrx_word' id='word_1_810' title='bbox 2018 4799 2313 4853; x_wconf 89' lang='lat' dir='ltr'>nuntiatur</span> <span class='ocrx_word' id='word_1_811' title='bbox 2335 4797 2385 4850; x_wconf 91' lang='lat' dir='ltr'>ei</span> <span class='ocrx_word' id='word_1_812' title='bbox 2412 4797 2551 4850; x_wconf 91' lang='lat' dir='ltr'>duas</span> <span class='ocrx_word' id='word_1_813' title='bbox 2590 4795 2844 4850; x_wconf 75' lang='lat' dir='ltr'>Ecclesize</span> <span class='ocrx_word' id='word_1_814' title='bbox 2884 4808 3221 4863; x_wconf 86' lang='lat' dir='ltr'>magnarum</span> <span class='ocrx_word' id='word_1_815' title='bbox 3262 4789 3486 4844; x_wconf 91' lang='lat' dir='ltr'>navium</span> <span class='ocrx_word' id='word_1_816' title='bbox 3536 4789 3606 4842; x_wconf 88' lang='lat' dir='ltr'>ad</span> 
     </span>
    </p>
   </div>
   <div class='ocr_carea' id='block_1_88' title="bbox 2018 4878 3608 4953">
    <p class='ocr_par' dir='ltr' id='par_1_88' title="bbox 2018 4878 3608 4953">
     <span class='ocr_line' id='line_1_88' title="bbox 2018 4878 3608 4953; baseline -0.007 -12"><span class='ocrx_word' id='word_1_817' title='bbox 2018 4893 2228 4942; x_wconf 90' lang='lat' dir='ltr'>terram</span> <span class='ocrx_word' id='word_1_818' title='bbox 2258 4903 2379 4940; x_wconf 92' lang='lat' dir='ltr'>esse</span> <span class='ocrx_word' id='word_1_819' title='bbox 2427 4885 2750 4946; x_wconf 88' lang='lat' dir='ltr'>submissas,</span> <span class='ocrx_word' id='word_1_820' title='bbox 2784 4898 2924 4953; x_wconf 89' lang='lat' dir='ltr'>quas</span> <span class='ocrx_word' id='word_1_821' title='bbox 2979 4881 3214 4935; x_wconf 87' lang='lat' dir='ltr'>miserat</span> <span class='ocrx_word' id='word_1_822' title='bbox 3242 4879 3301 4932; x_wconf 88' lang='lat' dir='ltr'>in</span> <span class='ocrx_word' id='word_1_823' title='bbox 3360 4878 3608 4932; x_wconf 89' lang='lat' dir='ltr'>Siciliam</span> 
     </span>
    </p>
   </div>
   <div class='ocr_carea' id='block_1_89' title="bbox 2019 4966 3609 5048">
    <p class='ocr_par' dir='ltr' id='par_1_89' title="bbox 2019 4966 3609 5048">
     <span class='ocr_line' id='line_1_89' title="bbox 2019 4966 3609 5048; baseline -0.005 -18"><span class='ocrx_word' id='word_1_824' title='bbox 2019 4982 2248 5048; x_wconf 89' lang='lat' dir='ltr'>propter</span> <span class='ocrx_word' id='word_1_825' title='bbox 2277 4975 2643 5029; x_wconf 89' lang='lat' dir='ltr'>frumentum.</span> <span class='ocrx_word' id='word_1_826' title='bbox 2675 4973 2792 5026; x_wconf 80' lang='lat' dir='ltr'>Hcc</span> <span class='ocrx_word' id='word_1_827' title='bbox 2815 4975 3002 5025; x_wconf 88' lang='lat' dir='ltr'>autem</span> <span class='ocrx_word' id='word_1_828' title='bbox 3041 4969 3277 5024; x_wconf 89' lang='lat' dir='ltr'>audiens</span> <span class='ocrx_word' id='word_1_829' title='bbox 3300 4968 3392 5022; x_wconf 91' lang='lat' dir='ltr'>ille</span> <span class='ocrx_word' id='word_1_830' title='bbox 3415 4966 3609 5022; x_wconf 91' lang='lat' dir='ltr'>beatus</span> 
     </span>
    </p>
   </div>
   <div class='ocr_carea' id='block_1_90' title="bbox 2019 5057 3607 5132">
    <p class='ocr_par' dir='ltr' id='par_1_90' title="bbox 2019 5057 3607 5132">
     <span class='ocr_line' id='line_1_90' title="bbox 2019 5057 3607 5132; baseline -0.006 -12"><span class='ocrx_word' id='word_1_831' title='bbox 2019 5067 2223 5120; x_wconf 89' lang='lat' dir='ltr'>cadens</span> <span class='ocrx_word' id='word_1_832' title='bbox 2251 5064 2307 5118; x_wconf 90' lang='lat' dir='ltr'>in</span> <span class='ocrx_word' id='word_1_833' title='bbox 2338 5069 2566 5129; x_wconf 90' lang='lat' dir='ltr'>terram,</span> <span class='ocrx_word' id='word_1_834' title='bbox 2599 5061 2809 5132; x_wconf 88' lang='lat' dir='ltr'>gratias</span> <span class='ocrx_word' id='word_1_835' title='bbox 2840 5059 2955 5130; x_wconf 89' lang='lat' dir='ltr'>egit</span> <span class='ocrx_word' id='word_1_836' title='bbox 2987 5057 3357 5130; x_wconf 88' lang='lat' dir='ltr'>omnipotenti</span> <span class='ocrx_word' id='word_1_837' title='bbox 3387 5057 3607 5121; x_wconf 84' lang='lat' dir='ltr'>Deo,di-</span> 
     </span>
    </p>
   </div>
   <div class='ocr_carea' id='block_1_91' title="bbox 2021 5147 3610 5220">
    <p class='ocr_par' dir='ltr' id='par_1_91' title="bbox 2021 5147 3610 5220">
     <span class='ocr_line' id='line_1_91' title="bbox 2021 5147 3610 5220; baseline -0.007 -11"><span class='ocrx_word' id='word_1_838' title='bbox 2021 5172 2151 5210; x_wconf 88' lang='lat' dir='ltr'>cens</span> <span class='ocrx_word' id='word_1_839' title='bbox 2176 5173 2186 5207; x_wconf 94' lang='lat'>:</span> <span class='ocrx_word' id='word_1_840' title='bbox 2222 5152 2442 5209; x_wconf 89' lang='lat' dir='ltr'>Gratias</span> <span class='ocrx_word' id='word_1_841' title='bbox 2465 5152 2644 5206; x_wconf 90' lang='lat' dir='ltr'>refero</span> <span class='ocrx_word' id='word_1_842' title='bbox 2660 5149 3044 5214; x_wconf 89' lang='lat' dir='ltr'>tibi,Domine,</span> <span class='ocrx_word' id='word_1_843' title='bbox 3065 5147 3325 5220; x_wconf 86' lang='lat' dir='ltr'>quoniam</span> <span class='ocrx_word' id='word_1_844' title='bbox 3349 5162 3463 5200; x_wconf 91' lang='lat' dir='ltr'>non</span> <span class='ocrx_word' id='word_1_845' title='bbox 3488 5162 3610 5216; x_wconf 88' lang='lat' dir='ltr'>per-</span> 
     </span>
    </p>
   </div>
   <div class='ocr_carea' id='block_1_92' title="bbox 2020 5236 3606 5311">
    <p class='ocr_par' dir='ltr' id='par_1_92' title="bbox 2020 5236 3606 5311">
     <span class='ocr_line' id='line_1_92' title="bbox 2020 5236 3606 5311; baseline -0.008 -13"><span class='ocrx_word' id='word_1_846' title='bbox 2020 5244 2221 5298; x_wconf 87' lang='lat' dir='ltr'>misisti</span> <span class='ocrx_word' id='word_1_847' title='bbox 2268 5258 2426 5297; x_wconf 86' lang='lat' dir='ltr'>servo</span> <span class='ocrx_word' id='word_1_848' title='bbox 2466 5247 2564 5295; x_wconf 92' lang='lat' dir='ltr'>tuo</span> <span class='ocrx_word' id='word_1_849' title='bbox 2605 5239 2854 5311; x_wconf 91' lang='lat' dir='ltr'>pecuniis</span> <span class='ocrx_word' id='word_1_850' title='bbox 2887 5238 3123 5292; x_wconf 86' lang='lat' dir='ltr'>vendere</span> <span class='ocrx_word' id='word_1_851' title='bbox 3149 5236 3392 5308; x_wconf 89' lang='lat' dir='ltr'>gratiam</span> <span class='ocrx_word' id='word_1_852' title='bbox 3429 5241 3606 5289; x_wconf 89' lang='lat' dir='ltr'>tuam.</span> 
     </span>
    </p>
   </div>
   <div class='ocr_carea' id='block_1_93' title="bbox 2019 5323 3610 5404">
    <p class='ocr_par' dir='ltr' id='par_1_93' title="bbox 2019 5323 3610 5404">
     <span class='ocr_line' id='line_1_93' title="bbox 2019 5323 3610 5404; baseline -0.007 -16"><span class='ocrx_word' id='word_1_853' title='bbox 2019 5335 2164 5388; x_wconf 84' lang='lat' dir='ltr'>Vere</span> <span class='ocrx_word' id='word_1_854' title='bbox 2194 5332 2544 5404; x_wconf 88' lang='lat' dir='ltr'>inquirentes</span> <span class='ocrx_word' id='word_1_855' title='bbox 2589 5335 2664 5396; x_wconf 88' lang='lat' dir='ltr'>te,</span> <span class='ocrx_word' id='word_1_856' title='bbox 2716 5328 2975 5394; x_wconf 91' lang='lat' dir='ltr'>Domine,</span> <span class='ocrx_word' id='word_1_857' title='bbox 3022 5333 3080 5383; x_wconf 91' lang='lat' dir='ltr'>et</span> <span class='ocrx_word' id='word_1_858' title='bbox 3106 5334 3309 5382; x_wconf 83' lang='lat' dir='ltr'>sanctae</span> <span class='ocrx_word' id='word_1_859' title='bbox 3357 5323 3610 5379; x_wconf 62' lang='lat' dir='ltr'>Ecclesia:</span> 
     </span>
    </p>
   </div>
   <div class='ocr_carea' id='block_1_94' title="bbox 2017 5410 3610 5493">
    <p class='ocr_par' dir='ltr' id='par_1_94' title="bbox 2017 5410 3610 5493">
     <span class='ocr_line' id='line_1_94' title="bbox 2017 5410 3610 5493; baseline -0.008 -16"><span class='ocrx_word' id='word_1_860' title='bbox 2017 5427 2129 5478; x_wconf 71' lang='lat' dir='ltr'>tuae</span> <span class='ocrx_word' id='word_1_861' title='bbox 2157 5422 2380 5493; x_wconf 89' lang='lat' dir='ltr'>regulas</span> <span class='ocrx_word' id='word_1_862' title='bbox 2409 5419 2802 5486; x_wconf 91' lang='lat' dir='ltr'>custodientes,</span> <span class='ocrx_word' id='word_1_863' title='bbox 2839 5423 2878 5484; x_wconf 84' lang='grc'><strong>1</strong></span> <span class='ocrx_word' id='word_1_864' title='bbox 2895 5423 3023 5484; x_wconf 68' lang='grc' dir='ltr'>ειθ</span> <span class='ocrx_word' id='word_1_865' title='bbox 3040 5434 3150 5473; x_wconf 92' lang='lat' dir='ltr'>non</span> <span class='ocrx_word' id='word_1_866' title='bbox 3178 5415 3438 5471; x_wconf 80' lang='lat' dir='ltr'>deficient</span> <span class='ocrx_word' id='word_1_867' title='bbox 3455 5410 3610 5468; x_wconf 87' lang='lat' dir='ltr'>omni</span> 
     </span>
    </p>
   </div>
   <div class='ocr_carea' id='block_1_95' title="bbox 2019 5511 2586 5578">
    <p class='ocr_par' dir='ltr' id='par_1_95' title="bbox 2019 5511 2586 5578">
     <span class='ocr_line' id='line_1_95' title="bbox 2019 5511 2586 5578; baseline -0.004 -12"><span class='ocrx_word' id='word_1_868' title='bbox 2019 5512 2166 5568; x_wconf 90' lang='lat' dir='ltr'>bono</span> <span class='ocrx_word' id='word_1_869' title='bbox 2199 5515 2364 5578; x_wconf 80' lang='lat' dir='ltr'>(Psal.</span> <span class='ocrx_word' id='word_1_870' title='bbox 2378 5511 2586 5578; x_wconf 87' lang='lat' dir='ltr'>xxxm).</span> 
     </span>
    </p>
   </div>
   <div class='ocr_carea' id='block_1_96' title="bbox 2095 5589 3608 5665">
    <p class='ocr_par' dir='ltr' id='par_1_96' title="bbox 2095 5589 3608 5665">
     <span class='ocr_line' id='line_1_96' title="bbox 2095 5589 3608 5665; baseline -0.011 -9"><span class='ocrx_word' id='word_1_871' title='bbox 2095 5603 2227 5658; x_wconf 75' lang='lat' dir='ltr'>CAP.</span> <span class='ocrx_word' id='word_1_872' title='bbox 2252 5601 2403 5656; x_wconf 86' lang='lat' dir='ltr'>XIII.</span> <span class='ocrx_word' id='word_1_873' title='bbox 2444 5631 2508 5642; x_wconf 89' lang='lat'>—</span> <span class='ocrx_word' id='word_1_874' title='bbox 2540 5599 2884 5665; x_wconf 86' lang='lat' dir='ltr'>Quibusdam</span> <span class='ocrx_word' id='word_1_875' title='bbox 2922 5596 3141 5653; x_wconf 90' lang='lat' dir='ltr'>duobus</span> <span class='ocrx_word' id='word_1_876' title='bbox 3168 5594 3380 5650; x_wconf 89' lang='lat' dir='ltr'>clericis</span> <span class='ocrx_word' id='word_1_877' title='bbox 3408 5592 3466 5645; x_wconf 90' lang='lat' dir='ltr'>in</span> <span class='ocrx_word' id='word_1_878' title='bbox 3495 5589 3608 5642; x_wconf 88' lang='lat' dir='ltr'>cul-</span> 
     </span>
    </p>
   </div>
  </div>
