3946 6192
493 282 595 340 351

1526 276 1620 333 DE
1654 273 1842 332 VITIS
1878 269 2177 336 PATRU'M
2209 268 2426 334 LIBER
2454 276 2750 336 PRIMUS.

3618 297 3712 356 352

499 429 627 485 pam
657 411 1005 477 cadentibus,
1045 410 1152 464 hoc
1163 411 1265 471 est,
1295 422 1529 464 manum
1540 405 1597 459 in
1615 404 1948 458 alterutrum
1961 400 2092 471 inji-
2107 398 2160 458 A
2247 403 2377 460 CAP.
2408 405 2814 463 XIV.-Deiferi
2829 408 3056 480 quidam
3067 413 3380 467 sanctorum
3393 411 3603 474 Patrum
3615 421 3709 492 {47)

497 503 787 567 cientibus,
820 503 920 556 hos
945 495 1718 555 excommunicavitcanonice
1747 509 1847 565 per
1874 492 2090 562 aliquot

497 593 634 647 dies.
670 593 885 645 Horum
905 591 1133 661 quidem
1154 605 1300 643 unus
1312 587 1552 644 libenter
1573 585 1819 656 suscepit
1837 585 2087 654 increpa-

494 682 728 746 tionem,
757 687 815 734 et
845 680 1102 750 cognovit
1126 679 1349 750 culpam
1369 694 1529 732 suam
1559 695 1572 743 ;
1603 677 1748 732 alter
1777 691 1907 728 vero
1930 673 2086 728 mali-

495 769 671 823 tiosus
694 769 954 830 existens,
983 769 1232 835 gaudens
1257 772 1596 839 praeceptum
1617 765 1879 836 suscepit.
1921 763 2088 818 Occa-

496 859 711 912 sionem
739 859 888 913 enim
911 859 1194 930 quaerebat
1213 858 1403 923 miser,
1418 873 1488 910 ne
1509 855 1896 925 ingrederetur
1916 853 2086 907 eccle-

493 949 761 1015 siam,sed
789 949 1071 1003 licentiam
1103 933 1736 1018 haberetperseverandi
1755 943 1812 996 in
1833 942 2085 997 nefandis

493 1037 711 1092 actibus
735 1039 870 1092 suis.
901 1037 1251 1093 Irascebatur
1277 1041 1465 1090 autem
1494 1040 1690 1090 contra
1715 1042 1968 1087 sanctum
1992 1049 2086 1103 pa-

494 1128 817 1190 triarcham,
851 1134 908 1182 et
947 1133 1219 1198 quantum
1242 1127 1300 1180 in
1321 1143 1382 1179 se
1399 1132 1539 1190 erat,
1563 1123 1884 1178 minabatur
1913 1123 1964 1176 ei
1991 1138 2085 1176 no-

495 1234 642 1272 cere.
676 1218 916 1281 Quidam
936 1234 1070 1271 vero
1093 1216 1367 1281 dicebant,
1395 1221 1451 1269 et
1480 1216 1666 1287 ipsum
1695 1231 1816 1268 esse
1836 1214 1931 1284 qui
1952 1229 2082 1282 pro-

495 1305 715 1358 diderat
767 1306 1031 1376 pecunias
1087 1305 1344 1359 Ecclesia;
1374 1305 1446 1358 ad
1492 1303 1790 1375 patricium
1829 1302 2082 1355 Nicetam

495 1394 674 1462 (δίψη
710 1413 754 1448 c.
786 1395 893 1464 11),
929 1413 1067 1467 quas
1095 1402 1153 1449 et
1179 1395 1367 1466 rapuit
1395 1411 1586 1457 manu,
1620 1400 1684 1447 ut
1699 1391 2082 1464 prascriptum

495 1484 938 1538 est.Nuntiatum
967 1485 1238 1554 estigitur
1260 1484 1407 1554 quod
1429 1484 1523 1536 ille
1545 1483 1678 1536 mali
1703 1481 2084 1536 memormali-

494 1573 631 1626 tiam
653 1580 980 1638 reservaret,
1032 1579 1089 1627 et
1119 1590 1228 1626 non
1259 1579 1467 1628 rectam
1511 1589 1646 1644 erga
1677 1571 1901 1626 beatum
1935 1571 2082 1624 hunc

2161 493 2468 550 dixerunt:
2493 497 2836 568 Angelorurn
2867 499 3092 570 quidem
3127 505 3212 555 est
3239 502 3715 580 nullatenuslitiga-

2167 601 2248 649 re,
2287 585 2383 640 sed
2416 586 2473 640 in
2502 587 2827 642 omnimoda
2850 594 2907 642 et
2928 596 3198 660 perpetua
3224 608 3354 661 pace
3397 597 3674 653 consistam
3698 619 3710 666 ;

2168 673 2461 729 hominum
2500 693 2629 730 vero
2649 682 2736 731 est
2757 677 3016 732 altercari
3040 678 3280 748 quidem,
3313 681 3406 734 sed
3435 684 3606 738 statim
3634 704 3712 741 re-

2170 763 2489 830 conciliari;
2544 765 2860 820 daemonum
2880 773 3070 822 autem
3097 774 3184 821 est
3211 768 3440 838 litigare,
3471 776 3526 825 et
3549 778 3708 830 totum

2169 851 2320 908 diem
2351 854 3184 911 transireirreconciliatos.Hoc
3212 865 3494 928 propterea
3524 863 3711 930 praefati

2167 957 2384 1007 sumus,
2406 949 2688 999 amatores
2704 945 2931 1008 Christi,
2951 952 3180 1018 propter
3207 953 3525 1017 praesentem
3543 965 3711 1007 narra-

2168 1030 2398 1085 tionem.
2431 1032 2791 1089 Placuithuic
2810 1035 3109 1102 aliquando
3120 1034 3310 1100 nobili,
3333 1052 3442 1091 una
3457 1054 3575 1092 cum
3587 1055 3716 1095 com-

2166 1127 2476 1176 memorato
2502 1122 2697 1176 Niceta
2721 1123 2973 1194 patricio,
2997 1124 3067 1178 de
3095 1124 3331 1194 quadam
3345 1125 3554 1196 publica
3580 1129 3716 1183 real-

2167 1210 2392 1263 tercari.
2425 1211 2624 1266 Modus
2654 1218 2843 1266 autem
2876 1212 3040 1283 litigii
3053 1214 3314 1268 erattalis
3335 1232 3348 1274 ς
3373 1217 3714 1272 necessarium

2167 1302 2253 1350 est
2282 1298 2432 1353 enim
2485 1300 2690 1365 dicere,
2750 1318 2877 1356 cum
2901 1303 2974 1356 sit
3001 1302 3204 1357 animae
3235 1302 3384 1357 utilis
3409 1322 3420 1357 :
3468 1303 3713 1360 Patricius

2169 1387 2394 1458 quidem
2426 1390 2723 1461 disponere
2750 1392 2968 1447 volebat
3003 1391 3185 1447 forum
3209 1397 3432 1464 propter
3455 1393 3600 1449 lucra
3624 1411 3714 1466 pu-

2168 1475 2340 1543 blica;
2365 1479 2684 1549 patriarcha
2715 1488 2903 1536 autem
2932 1482 2989 1536 id
3013 1499 3124 1536 non
3154 1481 3482 1552 patiebatur,
3537 1499 3717 1554 paupe-

2164 1581 2290 1620 rum
2322 1567 2379 1621 in
2400 1569 2504 1623 hoc
2527 1587 2831 1641 procurans
2860 1571 3368 1626 salutem.Multum
3386 1587 3512 1642 ergo
3545 1578 3718 1627 contra

491 1662 833 1715 voluntatem
862 1662 1109 1716 haberet.
1137 1663 1237 1717 Ille
1265 1667 1453 1716 autem
1475 1679 1603 1715 vere
1623 1667 1831 1732 pastor,
1867 1677 2074 1714 memor

2165 1671 2226 1708 se
2245 1664 2459 1712 secreto
2475 1661 2880 1715 contendentes
2896 1660 3086 1726 (48),et
3098 1660 3423 1715 inflexibiles
3433 1667 3712 1727 manentes,

493 1751 625 1804 dicti
674 1751 824 1805 illius
857 1771 870 1804 :
913 1752 1050 1815 Quis
1073 1753 1409 1818 inﬁrmatur,
1465 1757 1523 1806 et
1563 1769 1666 1822 ego
1693 1767 1806 1805 non
1826 1751 2150 1812 infirmorB
2172 1757 2523 1802 recesserunt
2548 1749 2712 1803 ambo
2750 1750 2820 1803 ab
2849 1751 3084 1805 invicem
3101 1749 3236 1804 irati
3253 1755 3312 1803 et
3334 1749 3714 1804 irreconciliati.

491 1844 578 1913 (ΙΙ
604 1843 724 1896 (Jor.
757 1843 874 1910 xx)?
912 1849 969 1896 et
997 1843 1234 1896 iterum:
1267 1844 1378 1896 Vos
1410 1843 1505 1913 qui
1535 1848 1792 1913 potentes
1821 1841 2080 1905 estis,de-

491 1928 633 1984 betis
654 1931 1012 1986 infirmitates
1041 1932 1431 2003 impotentium
1445 1938 1670 2002 portare
1693 1932 1809 2002 (Gal
1818 1949 1906 1994 .vr;
1929 1933 2076 1985 Rom.

490 2029 601 2085 xv),
660 2021 834 2074 voluit
862 2022 1009 2074 hunc
1057 2021 1348 2086 accersire,
1380 2027 1438 2075 et
1466 2021 1728 2074 decenter
1755 2021 2075 2086 admonere,

494 2113 551 2162 et
573 2109 784 2163 solvere
806 2126 931 2164 eum
949 2110 1018 2164 ab
1045 2110 1650 2176 excommunicatione;
1679 2109 1902 2163 videbat
1927 2110 2077 2163 enim

491 2198 685 2269 lupum
716 2205 1011 2254 conantem
1056 2216 1254 2270 rapere
1284 2216 1460 2253 ovem.
1494 2198 1923 2270 Dispensatione
1950 2215 2078 2252 vere

489 2287 590 2340 Dei
630 2293 815 2341 actum
848 2294 934 2342 est
962 2294 1025 2342 ut
1065 2288 1439 2342 innotesceret
1463 2287 1722 2341 erunibus
1750 2287 2079 2357 patriarchae

488 2375 786 2432 immernor
832 2378 963 2432 mali
993 2381 1233 2434 animus.
1267 2377 1486 2435 Oblitus
1514 2382 1600 2430 est
1626 2381 1896 2434 accersire
1926 2395 2073 2445 eum,

491 2471 548 2518 et
575 2467 786 2520 solvere
815 2468 884 2521 ab
913 2469 1498 2523 excommunicatione.
1535 2470 1674 2524 Cum
1699 2486 1830 2540 ergo
1855 2469 1924 2522 ad
1954 2485 2080 2523 san-

488 2561 639 2609 ctum
671 2557 1023 2610 Dominicum
1048 2558 1194 2611 diem
1229 2559 1592 2628 pervenisset,
1627 2564 1684 2612 et
1702 2564 1893 2612 sancto
1914 2558 2078 2611 altari

487 2644 907 2715 astitissetr4'2),
947 2652 1010 2700 ut
1046 2648 1401 2701 incruentum
1449 2647 1783 2702 sacrificium
1832 2648 2074 2713 oﬂ‘erret,

481 2732 600 2801 jam
655 2733 887 2788 diacono
936 2736 1256 2805 generalem
1287 2736 1596 2790 orationem
1644 2752 1786 2807 pene
1815 2753 2075 2791 consum-

487 2829 694 2885 mante,
727 2830 981 2878 sanctum
1005 2826 1186 2879 velum
1217 2827 1528 2880 exaltaturo
1578 2827 1707 2895 (4“),
1753 2826 1810 2880 in
1829 2834 2075 2882 mentem

486 2913 714 2968 malitiae
746 2913 1285 2981 immemorisvenit;
1312 2921 1368 2968 et
1397 2916 1586 2969 statim
1615 2915 1787 2969 divini
1813 2916 2076 2987 praecepti

486 3004 1113 3069 recordans,asserentis
1141 3022 1152 3057 :
1174 3004 1228 3058 Si
1253 3005 1417 3059 offers
1442 3011 1815 3067 munustuum
1838 3006 1905 3058 ad
1931 3007 2074 3059 alta-

2168 1833 2304 1888 Erat
2321 1842 2510 1890 autem
2541 1838 2680 1892 hora
2700 1840 2913 1909 quinta,
2947 1845 3005 1894 et
3022 1839 3251 1910 quidem
3273 1838 3586 1910 patriarchae
3613 1844 3719 1892 erat

2166 1923 2468 1994 refragatio
2497 1932 2553 1980 et
2581 1929 2895 1982 amaritudo
2925 1945 3025 1999 pro
3061 1929 3328 1982 mandato
3381 1928 3495 1986 Dei.
3525 1927 3718 1998 patricii

2165 2017 2353 2066 autem
2385 2021 2613 2086 pr0pter
2637 2018 2960 2087 pecuniaria
2979 2018 3134 2072 lucra
3159 2024 3300 2072 erat.
3332 2017 3532 2071 Tamen
3560 2015 3718 2069 aitille

2155 2098 2343 2179 justus
2367 2122 2378 2156 :
2402 2123 2585 2177 neque
2614 2125 2715 2178 pro
2746 2107 3080 2171 rationabili,
3115 2123 3300 2177 neque
3321 2122 3418 2177 pro
3449 2105 3718 2158 irrationa-

2161 2197 2259 2251 bili
2290 2197 2578 2252 occasione
2619 2196 2786 2251 debet
2813 2197 2982 2250 homo
3028 2196 3215 2250 irasci.
3247 2195 3581 2250 Adveniente
3603 2209 3718 2262 ergo

2163 2286 2303 2340 hora
2330 2287 2644 2354 undecima,
2675 2285 2908 2340 mandat
2934 2303 3036 2358 per
3062 2283 3596 2357 archipresbyterum
3623 2297 3721 2336 una

2161 2391 2287 2428 cum
2319 2377 2466 2429 clero
2487 2376 2809 2446 patriarcha
2833 2375 3066 2445 patricio
3085 2375 3190 2427 hoc
3223 2373 3452 2442 dignum
3477 2368 3720 2424 memoria

2160 2464 2425 2519 verbum:
2463 2465 2709 2530 homine,
2743 2465 2825 2519 sol
2843 2465 2911 2518 ad
2934 2480 3192 2518 occasum
3240 2467 3344 2516 est.
3395 2462 3528 2515 Cum
3551 2464 3719 2512 autem

2162 2553 2264 2608 hoc
2293 2554 2522 2608 verbum
2559 2554 2651 2608 ille
2681 2553 2949 2618 audisset,
3001 2569 3116 2607 non
3166 2552 3417 2606 tolerans
3452 2547 3620 2603 cordis
3644 2545 3719 2599 sui

2160 2643 2440 2708 ardorem,
2493 2643 2591 2697 sed
2617 2649 2888 2714 tanquam
2930 2643 3120 2696 divino
3157 2641 3293 2712 igne
3344 2639 3715 2699 inﬂammatus,

2160 2732 2338 2784 sancti
2379 2749 2637 2786 sermone
2661 2738 3028 2803 compunctus
3054 2737 3158 2796 est,
3191 2729 3534 2796 infectusque
3558 2725 3720 2794 lacry-

2158 2819 2267 2873 mis
2285 2821 2476 2875 statim
2499 2827 2648 2876 totus
2665 2822 2843 2876 factus
2859 2827 2944 2876 est
2967 2839 2979 2887 ;
3018 2826 3074 2875 et
3093 2815 3505 2890 surgens,venit
3521 2814 3583 2868 ad
3607 2811 3721 2865 bea-

2157 2915 2278 2963 tum
2295 2910 2466 2964 hunc.
2487 2912 2662 2975 Quem
2677 2929 2802 2966 cum
2821 2910 3159 2968 vidisset.ait
3187 2927 3199 2962 :
3258 2909 3407 2962 Bene
3419 2901 3623 2959 venisti.
3651 2898 3720 2953 fili

2159 2999 2709 3065 Ecclesiambediens
2728 3001 2846 3054 voci
2863 3001 2986 3070 ejus
3027 3000 3238 3067 (Ephcs.
3267 2997 3367 3063 Iv).
3401 2989 3720 3050 Mittentibus

487 3111 569 3155 re.
601 3101 658 3148 et
685 3094 760 3148 ibi
794 3095 1118 3148 recordatus
1147 3095 1338 3150 fueris.
1377 3096 1508 3164 quia
1547 3094 1721 3148 frater
1744 3099 1877 3148 tuus
1909 3094 2076 3149 habet
2096 3089 2330 3169 Cigitur
2349 3089 2622 3144 ambobus
2650 3077 3722 3169 metanmam(49),etamplexantibu§81-

487 3184 698 3255 aliquid
747 3184 1040 3238 adversum
1099 3190 1173 3242 te.
1217 3184 1470 3255 relinque
1526 3184 1602 3238 ibi
1650 3201 1855 3238 munus
1909 3189 2073 3238 tuum
2111 3168 2124 3169 ί
2158 3177 3114 3248 terutrum,sederunt.Etaperiens
3141 3193 3204 3230 os
3235 3168 3718 3244 suumpatriarcba,

493 3274 701 3341 (Matth.
728 3278 801 3342 v),
844 3279 931 3326 etc
977 3273 1200 3328 intimat
1221 3274 1456 3328 diacono
1485 3273 1708 3328 facienti
1737 3273 2068 3339 orationem,

484 3379 651 3434 quam
698 3363 963 3418 diaconus
1001 3364 1198 3418 solitus
1224 3363 1403 3418 facere
1417 3368 1558 3427 erat,
1583 3368 1648 3417 ut
1681 3363 2014 3433 reinciperet
2040 3380 2075 3416 a

485 3453 663 3523 capite
696 3452 809 3520 (44)
839 3471 851 3518 ;
885 3457 942 3506 et
963 3453 1010 3506 si
1039 3453 1384 3524 impleretur,
1424 3453 1628 3507 iterum
1655 3451 2072 3523 recapitularet,

483 3557 661 3610 usque
691 3541 825 3594 dum
855 3542 1143 3611 perveniat
1169 3543 1291 3612 ejus
1307 3541 1691 3595 sanctificatio.
1725 3540 2074 3594 Finxitenim

487 3645 568 3694 se,
599 3635 870 3700 tanquam
900 3630 948 3683 si
978 3647 1105 3684 eum
1135 3631 1342 3683 ventris
1373 3629 1674 3683 necessitas
1695 3629 2071 3698 compulisset.

482 3718 552 3772 Et
579 3719 806 3772 veniens
833 3719 889 3772 in
930 3719 1252 3773 honorabile
1301 3719 1724 3772 cimiliarchium
1759 3717 1889 3782 (45?,
1923 3717 2077 3772 misit

482 3807 673 3860 statim
702 3806 817 3861 fere
846 3808 1044 3878 viginti
1073 3807 1556 3870 hebdomadarios,
1597 3814 1910 3878 quaerentes
1952 3808 2071 3877 jam

485 3895 699 3950 dictum
731 3896 862 3949 mali
885 3897 1033 3950 modi
1065 3897 1330 3952 clericum
1367 3895 1494 3964 (16).
1531 3898 1773 3953 Intentio
1802 3898 1950 3952 enim
1979 3913 2073 3967 pa-

483 3984 648 4038 storis
664 3985 781 4038 hwc
811 3990 951 4050 erat,
975 3991 1038 4040 ut
1058 3987 1320 4041 educeret
1332 3987 1400 4040 de
1420 4003 1516 4041 ore
1531 3988 1707 4042 leonis
1719 4003 1894 4042 ovem.
1921 3988 2070 4041 Deus

480 4090 628 4138 vero,
667 4075 761 4145 qui
791 4075 1134 4130 voluntatem
1176 4076 1496 4130 timentium
1517 4094 1576 4131 se
1605 4077 1756 4139 facit,
1789 4077 1917 4131 fecit
1957 4093 2070 4148 prae

482 4163 741 4218 manibus
769 4164 1007 4218 inveniri
1028 4181 1153 4218 mox
1197 4165 1478 4220 clericum.
1523 4167 1591 4220 Et
1617 4167 1874 4220 veniente
1905 4183 1991 4230 eo,
2014 4171 2072 4220 et

475 4253 698 4308 veritati
718 4254 1103 4308 testimonium
1136 4251 1482 4326 p’eihibente,
1541 4255 1694 4326 prior
1747 4255 2067 4326 patriarcha

475 4357 626 4416 genu
656 4344 828 4408 flexit,
863 4343 1087 4398 dicens;
1141 4345 1376 4415 Indulge
1406 4345 1564 4411 mihi,
1617 4345 1809 4398 frater.
1840 4345 2066 4400 Veritus

2158 3269 2299 3322 dixit
2329 3287 2340 3322 :
2375 3269 2554 3324 Crede
2591 3268 2748 3332 mihi,
2792 3267 3036 3331 domine,
3068 3265 3176 3320 nisi
3205 3265 3343 3336 quia
3369 3261 3476 3316 vidi
3497 3267 3551 3314 te
3582 3255 3721 3310 valde

2155 3356 2484 3412 tribulatuni
2507 3357 2576 3412 de
2597 3359 2719 3423 hoc,
2736 3359 2857 3428 jam
2889 3373 2999 3411 non
3017 3355 3322 3428 pigritarer
3341 3367 3443 3422 ego
3471 3347 3644 3403 venire
3662 3341 3721 3397 ad

2155 3447 2470 3500 claritatem
2525 3452 2701 3500 tuam.
2754 3446 2974 3501 Etenim
3014 3444 3290 3499 Dominus
3309 3448 3368 3497 et
3391 3441 3535 3495 Deus
3555 3438 3721 3490 noster

2157 3535 2276 3606 ipse
2300 3535 2572 3590 circuibat
2590 3536 2842 3590 civitates
2865 3541 2926 3589 et
2953 3533 3182 3588 castella
3199 3540 3260 3587 et
3288 3532 3500 3592 domos,
3522 3524 3726 3580 visitan-

2156 3626 2228 3679 do
2258 3627 2529 3681 homines.
2564 3625 2838 3681 Omnibus
2867 3629 3056 3679 autem
3089 3622 3413 3677 humilitate
3434 3613 3627 3672 summi
3643 3626 3722 3664 sa-

2157 3715 2398 3769 cerdotis
2427 3715 2736 3780 aadiﬁcatis,
2769 3721 2826 3769 et
2839 3713 3214 3768 admiratione
3231 3710 3431 3782 plenis,
3465 3698 3726 3775 respondit

2168 3814 2198 3868 Ι
2219 3809 2337 3869 8°
2372 3805 2442 3859 ad
2456 3821 2582 3859 eum
2605 3805 2872 3876 patricius
2906 3802 3332 3867 :Crede,Pater,
3369 3797 3500 3869 quia
3511 3789 3722 3849 ulterius

2152 3909 2265 3947 non
2277 3895 2499 3966 capient
2510 3909 2673 3951 aures
2686 3912 2825 3950 meae
2846 3911 3041 3950 eorum
3053 3890 3349 3963 verba,qui
3361 3886 3622 3958 litigiosas
3637 3877 3726 3932 mi-

2155 3982 2212 4036 hi
2240 3991 2551 4056 suggerunt
2577 4003 2682 4041 res.
2715 3986 2871 4040 Tunc
2891 3983 3115 4056 sapiens
3141 3982 3343 4036 doctor
3362 3977 3503 4033 dixit
3527 3972 3596 4028 ei:
3613 3970 3724 4024 Cre-

2152 4073 2240 4136 de,
2273 4075 2419 4130 filiet
2433 4076 2623 4142 frater,
2661 4077 2706 4131 si
2739 4076 3000 4132 omnibus
3021 4071 3466 4130 hisvoluerimus
3497 4061 3719 4156 credere.

2151 4164 2459 4220 multorum
2489 4173 2845 4238 peccatorum
2884 4167 3097 4222 erimus
3135 4161 3375 4226 domini,
3422 4154 3722 4238 maximam

2149 4257 2402 4324 tempore
2432 4237 2555 4318 hoc,
2587 4257 2811 4327 quando
2833 4256 2965 4310 facti
2994 4259 3127 4309 sunt
3146 4253 3315 4308 multi
3342 4247 3627 4305 hominum
3650 4237 3723 4293 in-

2149 4341 2324 4396 vicem
2353 4344 2624 4399 odientes.
2659 4345 2941 4400 Multoties
2962 4346 3111 4400 enim
3125 4349 3184 4399 et
3211 4343 3354 4398 mihi
3369 4337 3598 4394 suadere
3611 4335 3720 4384 ten-

476 4449 608 4503 ergo
637 4432 788 4488 illius
817 4433 1142 4488 honorabile
1160 4435 1592 4505 pontificium,et
1608 4451 1802 4489 eorum
1834 4434 1928 4506 qui
1940 4435 2407 4532 ade-Dtaverunt
2434 4434 2492 4488 hi
2529 4435 2625 4506 qui
2654 4435 3032 4507 suggerebant
3059 4433 3196 4488 mihi
3225 4427 3720 4532 dispositionum}?-

470 4527 606 4576 rant
636 4523 1199 4594 praesentiam,magis
1226 4540 1356 4577 vero
1371 4524 1577 4578 timens
1584 4523 1858 4594 judicium
1884 4524 2066 4589 Dei,et

475 4611 711 4666 horrens
741 4629 810 4666 ne
855 4612 998 4666 forte
1027 4612 1391 4667 descenderet
1439 4612 1585 4683 ignis
1613 4613 1683 4667 de
1708 4613 1846 4666 ccelo
1868 4613 2064 4667 eadem

472 4700 611 4754 hora
647 4706 705 4755 et
752 4707 1108 4756 consumeret
1151 4718 1302 4768 eum,
1352 4702 1631 4757 videntem
1678 4703 2063 4757 honorandam

472 4789 628 4864 illam
653 4791 914 4846 canitiem
947 4791 1106 4846 humi
1130 4793 1434 4862 jacentem,
1464 4807 1613 4863 genu
1644 4791 1798 4846 ﬂexit
1827 4799 1884 4846 et
1920 4785 2058 4864 ipse,

472 4884 670 4950 petens
691 4881 913 4934 veniam
937 4887 993 4935 et
1013 4881 1473 4936 misericordiam.
1499 4882 1567 4936 Et
1587 4881 1806 4936 dicente
1827 4883 2064 4953 patriar-

473 4967 604 5022 cha:
638 4969 786 5023 Deus
813 4969 974 5023 nobis
1005 4969 1264 5025 omnibus
1288 4971 1596 5042 indulgeat,
1615 4977 1980 5026 surrexerunt
2007 4977 2065 5026 et

473 5055 710 5126 ingressi
733 5063 866 5112 sunt
885 5057 1048 5112 ambo
1081 5060 1372 5114 ecclesiam
1404 5079 1416 5127 ;
1462 5066 1520 5114 et
1546 5066 1682 5114 tunc
1727 5077 1856 5115 cum
1886 5062 2062 5116 multo

470 5145 676 5216 gaudio
700 5151 756 5200 et
791 5146 984 5201 laetitia
1012 5147 1193 5202 astitit
1237 5155 1430 5204 sancto
1476 5149 1661 5216 altari,
1696 5166 1824 5204 cum
1853 5151 2065 5205 munda

471 5235 812 5290 conscientia
839 5237 1030 5292 valens
1049 5237 1232 5292 dicere
1262 5238 1400 5292 Deo:
1436 5239 1668 5294 Dimitte
1695 5238 1856 5294 nobis
1875 5239 2065 5295 debita

469 5331 681 5392 nostra,
715 5325 859 5380 sicut
899 5330 956 5380 et
983 5342 1083 5381 nos
1135 5326 1470 5384 dimittimus
1491 5328 1834 5384 debitoribus
1856 5329 2063 5384 nostris

477 5415 690 5483 (Matth.
722 5418 812 5481 v1).
851 5415 937 5470 Ita
965 5421 1154 5470 autem
1177 5433 1313 5472 sana
1342 5435 1408 5473 ex
1454 5424 1588 5475 tunc
1629 5425 1686 5474 et
1731 5424 2063 5492 compuncta

471 5508 657 5557 mente
687 5503 865 5559 factus
890 5510 975 5560 est
1004 5505 1176 5561 lector
1204 5507 1316 5576 ille,
1341 5513 1404 5564 ut
1421 5509 1755 5583 presbyterii
1776 5527 2062 5566 consecra-

467 5591 619 5649 tione
642 5592 809 5666 potiri
843 5601 1172 5653 mereretur.

2145 4537 2271 4576 mm
2297 4543 2309 4590 ἱ
2344 4531 2402 4578 et
2427 4541 2554 4579 cum
2575 4524 2816 4580 facerem
2845 4542 2990 4597 saepe
3031 4525 3222 4590 ﬁnem,
3257 4529 3324 4578 ut
3341 4519 3598 4576 seductus
3613 4509 3720 4597 fuej

2147 4615 2652 4684 ram,postmodum
2671 4615 2766 4670 alii
2789 4595 3017 4687 quidam
3033 4612 3416 4685 suggerebant
3429 4595 3721 4673 mihi,qu0d

2144 4701 2345 4756 fuerim
2383 4703 2650 4775 deceptus
2681 4705 2738 4758 in
2765 4705 3010 4776 capitulo
3044 4723 3056 4772 ;
3089 4719 3217 4759 cum
3247 4717 3386 4772 ergo
3420 4692 3652 4752 secundo
3673 4691 3721 4741 et

2143 4792 2311 4846 tertio
2344 4793 2448 4848 hoc
2474 4793 2675 4848 fuerim
2703 4811 3022 4866 perpessus,
3066 4793 3197 4848 dedi
3230 4791 3542 4847 terminum
3568 4779 3720 4838 mihi-

2145 4881 2369 4954 metipsi
2408 4882 2618 4954 absque
2644 4888 3015 4954 utrorumque
3043 4888 3223 4954 parte,
3253 4899 3328 4938 ne
3357 4883 3551 4936 darem
3597 4869 3720 4927 deﬁ-

2144 4972 2417 5027 nitionem
2447 4973 2556 5027 alio
2583 4972 2642 5026 in
2670 4972 2934 5044 capitulo.
2967 4971 3128 5036 Quod
3159 4972 3208 5026 si
3231 4971 3331 5043 qui
3363 4963 3722 5041 suggerebant

2145 5060 2701 5127 mihi,mentinentur,
2716 5060 2822 5132 ipsi
2836 5076 3057 5132 penam
3074 5060 3555 5130 solverent,quam
3581 5067 3722 5109 accu-

2145 5155 2300 5206 satus
2324 5149 2513 5216 ferret,
2546 5149 2595 5205 si
2624 5155 2820 5205 contra
2840 5165 2968 5205 eum
2995 5149 3280 5205 calumnia
3304 5148 3578 5204 veraciter
3604 5141 3722 5198 fuis-

2145 5245 2230 5294 set
2259 5239 2482 5310 injecta.
2523 5239 2591 5294 Et
2619 5255 2684 5294 ex
2713 5239 2909 5295 eadem
2963 5239 3054 5294 die
3081 5239 3394 5312 improvide
3442 5245 3721 5308 suggeram

2143 5328 2284 5383 mihi
2300 5333 2497 5383 contra
2515 5329 2760 5400 aliquem
2793 5328 3021 5384 omnino
3036 5328 3248 5400 aliquid
3275 5329 3467 5384 nullus
3501 5327 3614 5397 jam
3631 5335 3720 5376 au-

2143 5435 2268 5473 sum
2287 5417 2631 5490 habet,quod
2642 5418 2878 5492 deposco
2894 5424 2951 5474 et
2968 5434 3169 5474 moneo
3190 5434 3462 5490 magnum
3481 5415 3722 5470 decorem

2142 5517 2322 5576 tuum,
2362 5509 2458 5576 ﬁli,
2495 5510 2752 5566 similiter
2775 5511 2978 5565 facere.
3009 5511 3166 5583 Sape
3197 5509 3352 5566 enim
3371 5514 3432 5564 et
3453 5505 3626 5561 credes
3651 5500 3723 5554 in-

2137 5600 2322 5671 justas
2347 5599 2578 5668 liciunt,
2613 5601 2708 5673 qui
2759 5599 3165 5657 sublimitatem
3202 5598 3480 5656 creditam
3509 5592 3717 5654 habent:
