3942 6200
227 319 330 378 353

1151 319 1320 376 VITA
1359 320 1615 378 SANCTI
1653 323 1958 380 JOANNIS
1995 303 2595 379 ELEEMOSYNARII.

3389 320 3489 378 354

223 446 269 500 si
301 444 515 500 fuerint
546 443 728 500 verbis
755 445 1023 500 suasoriis
1051 447 1332 510 commoti,
1363 452 1418 500 et
1448 447 1493 502 si
1533 448 1654 502 sine
1693 466 1816 504 cru-
1838 455 1874 508 A
1895 449 2188 504 tummodo
2201 447 2637 502 controversiam
2651 443 3018 500 astabattunc
3039 444 3282 516 pontifex
3299 452 3491 502 sancto

222 534 375 589 ciatu
435 533 735 589 reciderint
781 549 904 607 qua
948 535 1017 589 ad
1057 551 1152 589 eos
1182 535 1416 590 veniunt
1461 537 1726 608 capitula;
1755 539 1824 592 Et

221 624 498 695 patricius
549 629 820 695 tanquam
860 641 895 677 a
940 625 1056 678 Deo
1099 626 1309 694 jussus,
1344 634 1538 696 pactus
1580 632 1666 680 est
1700 628 1822 696 ejus

221 713 557 767 mandatum
586 730 647 766 se
677 713 958 768 custodire
987 713 1140 766 omni
1172 719 1425 784 tempore
1456 715 1710 768 illaesum.

295 802 426 856 ΟΑΡ.
453 801 570 856 XV.
606 831 672 843 —
704 803 816 856 Iste
841 801 1221 856 memorabilis
1250 802 1491 856 habebat
1520 805 1820 874 quemdam

219 895 508 959 nepotem,
531 890 757 944 nomine
768 890 1072 961 Georgium
1101 888 1190 956 (50
1200 905 1232 955 ).
1248 891 1372 945 Una
1390 893 1580 961 itaque
1599 892 1818 946 dierum

218 977 434 1032 faciens
462 979 569 1032 iste
609 995 739 1032 cum
791 979 1034 1050 quodam
1081 979 1322 1033 civitatis
1368 980 1819 1035 tabernariorum

218 1068 426 1123 rixam.
445 1067 709 1121 conviciis
723 1066 792 1121 ab
816 1084 882 1121 eo
901 1085 1090 1121 severe
1109 1069 1342 1122 affectus
1365 1074 1452 1122 est
1469 1087 1479 1121 :
1512 1071 1606 1139 qui
1629 1086 1820 1124 amare

215 1155 436 1220 dolens,
481 1172 594 1210 non
622 1157 802 1210 solum
833 1157 963 1226 quia
993 1156 1230 1227 publice,
1265 1174 1456 1212 verum
1486 1159 1656 1212 etiam
1687 1159 1820 1229 quia

215 1263 252 1298 a
278 1244 468 1298 viliori
489 1245 864 1299 inhonoratus
893 1251 1059 1310 esset,
1084 1246 1328 1300 maxime
1357 1264 1504 1312 vero,
1539 1247 1672 1318 quia
1697 1254 1821 1302 erat

215 1351 395 1405 nepos
426 1333 778 1404 patriarcha,
817 1334 988 1388 subiit
1017 1335 1085 1388 ad
1117 1351 1246 1389 eum
1277 1336 1333 1389 in
1363 1337 1628 1403 conclavi,
1662 1353 1727 1391 eo
1761 1337 1819 1392 in

214 1429 722 1490 secretomorante,
741 1424 880 1478 flens
895 1423 1272 1478 vehementer.
1301 1426 1439 1479 Cum
1458 1431 1647 1479 autem
1670 1427 1819 1480 hunc

214 1511 298 1564 ita
326 1518 665 1566 astuantem
709 1520 768 1566 et
794 1513 1197 1584 lacrymantem
1226 1514 1455 1568 vidisset
1487 1515 1818 1570 mitissimus

214 1601 563 1670 patriarcha,
584 1601 1134 1672 interrogatcausam
1152 1603 1454 1657 detinentis
1475 1621 1603 1658 eum
1626 1604 1818 1658 anxie-

212 1690 374 1754 tatis,
405 1691 551 1744 scire
581 1691 726 1744 hanc
754 1692 1232 1762 volens.Cumque
1253 1692 1348 1746 ille
1363 1709 1472 1746 non
1497 1699 1685 1763 posset
1705 1710 1818 1763 pra

1904 539 2067 593 altari
2093 558 2104 605 ;
2140 538 2272 609 quid
2294 553 2423 590 vero
2453 536 2618 589 vellet
2647 537 2846 602 facere,
2889 536 3027 589 nulli
3058 536 3312 590 credidit.
3347 540 3491 591 Cum

1904 645 2037 699 ergo
2060 628 2302 682 venisset
2332 626 2598 680 diaconus
2635 623 2958 692 Damianus,
2994 631 3059 679 ut
3086 625 3395 695 susciperet
3422 627 3491 680 ab

1903 734 1969 771 eo
1997 723 2246 770 sanctam
2269 714 2715 769 communionem
2735 715 3036 768 secundum
3069 715 3352 786 proprium
3367 735 3493 787 gra-

1903 805 2056 869 dum,
2081 803 2263 857 tenuit
2291 820 2517 856 manum
2540 802 2689 855 illius
2711 802 2802 855 ille
2823 808 3066 866 sanctus,
3085 808 3141 854 et
3161 804 3300 858 dixit
3318 805 3491 858 :Vade

1902 894 2057 964 prius
2088 892 2433 946 reconciliari
2463 891 2621 944 fratri
2653 897 2784 957 tuo;
2818 896 2875 944 et
2901 896 3034 944 tunc
3053 895 3300 960 veniens,
3322 894 3490 963 digne

1902 983 2119 1052 suscipe
2148 981 2524 1044 immaculata,
2556 980 2856 1033 immemor
2879 979 3120 1044 malitia,
3147 981 3353 1036 Christi
3375 1000 3492 1054 my-

1901 1070 2089 1124 steria.
2127 1069 2418 1124 Reveritus
2447 1086 2578 1139 ergo
2603 1085 2792 1122 coram
2824 1074 2982 1122 tanta
3008 1069 3364 1124 multitudine
3385 1073 3492 1126 cle-

1903 1159 2144 1213 ricorum
2167 1159 2548 1212 contradicere
2574 1158 2676 1219 illi,
2709 1157 2951 1211 maxime
2982 1157 3037 1210 in
3068 1158 3167 1212 tali
3198 1159 3316 1213 loco
3355 1166 3411 1214 et
3433 1161 3490 1215 in

1900 1249 1999 1302 tali
2020 1249 2299 1302 horrenda
2321 1249 2478 1307 hora,
2497 1246 2795 1318 spopondit
2822 1247 2927 1300 hoc
2951 1246 3151 1309 facere,
3176 1253 3232 1300 et
3251 1254 3385 1301 tunc
3421 1249 3490 1303 de

1901 1338 2108 1392 sanctis
2126 1337 2406 1407 mysteriis
2423 1336 2577 1390 dedit
2606 1336 2674 1390 ei.
2701 1335 2879 1406 Igitur
2904 1353 2967 1389 ex
3008 1341 3139 1389 tunc
3171 1353 3366 1390 omnes
3386 1337 3491 1390 cle-

1901 1428 2000 1480 rici
2020 1433 2076 1480 et
2095 1426 2220 1480 laici
2240 1425 2628 1480 custodiebant
2653 1441 2730 1490 se,
2757 1441 2826 1477 ne
2849 1424 2996 1478 inter
3023 1442 3082 1478 se
3113 1425 3384 1479 malitiam
3400 1441 3491 1480 re-

1897 1516 2160 1579 tinerent,
2195 1515 2458 1568 timentes
2487 1531 2556 1567 ne
2586 1520 2640 1567 et
2690 1514 2838 1584 ipsos
2884 1514 3267 1578 confunderet,
3299 1515 3495 1568 trium-

1899 1606 2208 1677 pharetque
2240 1604 2710 1675 quemadmodum
2743 1609 2797 1657 et
2827 1603 2982 1656 illum
3015 1603 3331 1658 diaconum.

1971 1696 2099 1750 CAP.
2133 1695 2305 1748 XVII.
2344 1724 2407 1733 —
2442 1692 2695 1747 Habebat
2733 1693 2957 1762 quidem
2989 1694 3372 1747 sanctissimus
3399 1694 3488 1747 hic

214 1779 624 1842 amaritudine,
655 1796 778 1850 qua
828 1781 1276 1835 circumdederat
1307 1799 1456 1844 eum,
1506 1782 1816 1852 exprimere
1836 1769 1982 1834 Bvir
2007 1781 2298 1834 scientiam
2329 1780 2641 1833 divinarum
2671 1779 3087 1849 Scripturarum
3114 1799 3125 1846 ;
3159 1797 3270 1833 non
3300 1786 3489 1833 autem

214 1883 561 1930 sermonem,
595 1868 652 1922 hi
679 1869 775 1939 qui
793 1876 995 1940 praesto
1020 1869 1245 1924 fuerunt
1269 1871 1492 1941 quando
1508 1887 1634 1924 eum
1655 1872 1818 1925 exho-
1910 1878 1946 1935 |
1966 1878 2087 1934 ss
2117 1871 2171 1923 in
2203 1869 2477 1939 sapientia
2503 1868 2794 1933 sermonis,
2823 1868 2923 1921 has
2949 1874 3219 1938 tanquam
3253 1885 3316 1922 ex
3335 1869 3492 1922 inani

214 1956 412 2010 norari
439 1973 476 2010 a
514 1957 864 2026 negotiatore
892 1959 1223 2028 contigerat,
1257 1967 1549 2030 coeperunt
1581 1960 1817 2013 recitare
1897 1959 2077 2029 gloria
2099 1957 2423 2012 memoriter
2441 1957 2650 2021 dicens,
2677 1957 2771 2010 sed
2794 1957 3157 2027 pereamdem
3175 1957 3352 2028 ipsam
3367 1973 3495 2028 ope-

215 2046 644 2116 archiepiscopo
673 2063 900 2101 causam
932 2065 943 2100 :
977 2048 1045 2101 Et
1083 2047 1213 2118 quia
1240 2065 1351 2102 non
1394 2048 1682 2114 debuerat,
1735 2049 1818 2102 in-
1899 2064 2023 2102 rum
2046 2047 2342 2108 actionem,
2373 2053 2430 2100 et
2449 2037 2842 2098 mandatorum
2866 2044 3329 2111 observationem;
3358 2046 3491 2100 etin

215 2135 442 2205 quiunt,
481 2135 562 2189 ita
599 2137 867 2190 sanctitas
894 2142 1078 2190 vestra
1107 2137 1408 2203 contemni,
1451 2144 1515 2192 ut
1563 2138 1818 2208 proprios
1898 2142 2112 2191 secreto
2147 2135 2457 2206 quotidiani
2496 2133 2713 2187 consilii
2739 2134 2821 2186 sui
2852 2133 3039 2187 nullus
3067 2151 3250 2188 sermo
3279 2129 3492 2188 otiosus

212 2240 348 2277 suos
377 2241 444 2277 ac
476 2225 1162 2296 propinquosadespectis
1182 2227 1416 2280 exhonon
1432 2226 1513 2280 ari
1529 2232 1819 2297 pateretur
1899 2225 2250 2290 audiebatur,
2284 2224 2389 2277 nisi
2419 2223 2558 2276 forte
2589 2221 2866 2276 ordinatio
2898 2222 2978 2276 rei
3017 2222 3193 2275 civilis
3221 2223 3487 2292 exigeret,

213 2311 562 2367 hominibus.
598 2313 696 2368 Ille
724 2319 914 2368 autem
944 2331 1108 2370 verus
1129 2314 1392 2380 medicus,
1426 2315 1615 2369 volens
1636 2314 1815 2385 primo
1898 2317 1992 2370 sed
2011 2321 2110 2369 aut
2123 2314 2422 2368 relationes
2437 2312 3116 2376 sanctorumPatrum,aut
3132 2311 3491 2382 scripturales

211 2401 392 2456 veluti
424 2403 731 2473 emplastro
763 2403 1002 2474 quodam
1024 2420 1222 2458 curare
1240 2404 1458 2475 nepotis
1482 2404 1567 2457 sui
1586 2402 1809 2470 furiam,
1899 2403 2252 2476 quastiones,
2277 2409 2375 2457 aut
2400 2401 2713 2472 dogmatica
2732 2399 3340 2471 problemata,propter
3351 2401 3492 2454 mul-

212 2496 268 2544 et
294 2498 494 2544 tamen
517 2498 788 2562 tanquam
818 2492 1308 2547 ferroincisionem
1341 2499 1399 2547 et
1422 2492 1811 2546 liberationem
1895 2495 2191 2549 titudinem
2224 2509 2325 2546 nec
2348 2490 2818 2546 nominandorum
2850 2488 3236 2542 haereticorum
3268 2490 3363 2558 qui
3395 2506 3485 2543 re-

211 2581 516 2650 passionis.
549 2597 650 2651 per
668 2581 1145 2652 sapientissimum
1176 2599 1237 2636 os
1258 2599 1423 2636 suum
1445 2582 1574 2635 huic
1588 2582 1804 2647 afferre,
1891 2584 2116 2654 gionem
2145 2581 2646 2636 circumdederant.
2682 2577 2740 2632 Si
2787 2594 2918 2631 vero
2949 2577 3112 2631 alicui
3141 2577 3342 2647 aliquis
3386 2577 3485 2631 de-

208 2669 423 2723 talibus
450 2668 635 2724 verbis
654 2670 822 2741 capit
838 2671 1192 2741 exstinguere
1215 2670 1757 2726 morbum.etdicere
1793 2688 1804 2722 :
1892 2672 2116 2726 trahere
2137 2671 2423 2741 inciperet,
2451 2669 2600 2722 hunc
2627 2666 2944 2738 patriarcha
2975 2683 3073 2736 per
3111 2667 3343 2719 alteram
3374 2682 3487 2719 ser-

210 2757 281 2812 Et
311 2759 548 2813 omnino
568 2775 740 2812 ausus
771 2764 857 2813 est
885 2759 1088 2828 aliquis
1104 2776 1165 2813 os
1186 2759 1426 2830 aperire,
1450 2766 1507 2814 et
1534 2759 1821 2813 contradi-'
1893 2760 2345 2820 mocinationem,
2371 2763 2433 2812 ut
2453 2757 2696 2828 sapiens,
2735 2755 3023 2825 ingeniose
3043 2753 3364 2808 removebat
3388 2772 3399 2820 ;
3433 2758 3491 2808 et

209 2863 340 2900 cere
371 2847 514 2900 tibi?
543 2847 740 2912 Crede,
778 2847 857 2901 ﬁli
878 2847 974 2912 mi,
1007 2848 1154 2919 patri
1184 2854 1301 2913 tuo,
1317 2848 1582 2919 quoniam
1605 2848 1807 2901 faciam
1893 2850 1939 2903 si
1971 2856 2174 2903 lterum
2198 2852 2572 2918 permaneret,
2599 2844 2739 2898 nihil
2773 2843 2998 2914 quidem
3031 2843 3081 2896 ei
3109 2841 3357 2909 dicebat;
3391 2842 3489 2896 sed

208 2936 270 2989 in
289 2952 358 2989 eo
379 2935 548 2991 hodie
568 2941 907 3002 rem,uttota
927 2937 1265 2991 Alexandria
1286 2937 1522 2991 miretur
1556 2937 1810 3007 Cumque
1893 2938 2042 2991 hunc
2053 2941 2349 2999 annotans,
2365 2932 2720 3006 praecipiebat
2735 2931 3173 2986 hebdomadario
3190 2947 3259 2985 ne
3281 2931 3490 2984 sineret

213 3024 451 3079 vidisset
467 3041 600 3079 eum
627 3025 938 3079 remedium
971 3026 1266 3096 recepisse,
1302 3031 1359 3079 et
1380 3025 1668 3080 tristitiam
1683 3041 1814 3079 cun—
1895 3025 2133 3080 ulterius
2158 3041 2284 3078 eum
2304 3025 2514 3077 intrare
2535 3038 2661 3076 cum
2693 3021 2778 3074 his
2803 3020 2897 3091 qui
2920 3019 3342 3083 nuntiabantur,
3353 3035 3491 3089 qua-

210 3119 365 3168 ctam
397 3114 718 3184 projecisse,
739 3119 1032 3185 putantem
1056 3113 1462 3185 videlicetquod
1479 3119 1673 3184 ageret
1691 3125 1876 3184 con-C
1897 3119 2062 3168 tenus
2091 3131 2191 3184 per
2219 3129 2347 3166 eum
2378 3117 2606 3166 cateros
2643 3115 2986 3180 temperaret
3025 3113 3192 3177 atque
3221 3107 3488 3161 erudiret.

212 3208 308 3256 tra
336 3219 470 3256 eum
500 3203 598 3274 qui
623 3219 685 3258 se
704 3203 1056 3258 contumeliis
1083 3204 1362 3269 affecerat,
1382 3209 1439 3257 et
1466 3203 1814 3258 facereteum
1969 3203 2293 3259 CAP.XVIH
2309 3231 2387 3251 .—
2411 3199 2803 3254 Definitionem
2820 3203 3010 3251 autem
3034 3202 3090 3249 et
3111 3195 3299 3259 aliam,
3317 3211 3489 3265 quam

213 3290 497 3362 ﬂagellari
524 3308 626 3362 per
652 3308 782 3347 eum
805 3293 902 3364 qui
931 3308 1100 3363 super
1117 3292 1300 3346 forum
1317 3298 1439 3347 erat
1456 3291 1810 3357 constitutus,
1897 3291 2175 3347 affectavit
2210 3290 2298 3344 hic
2335 3293 2577 3352 sanctus,
2612 3303 2723 3340 non
2752 3292 2838 3340 est
2874 3286 3090 3355 justum
3132 3289 3486 3355 postponere.

215 3386 279 3434 et
304 3379 479 3434 variis
508 3381 729 3452 pompis
779 3375 1156 3446 dehonestari,
1197 3380 1334 3436 dicit
1374 3381 1445 3446 ei,
1485 3381 1815 3434 deosculans
1897 3379 2304 3450 Audiensquod
2318 3383 2610 3449 postquam
2627 3371 3488 3443 coronatusestimperator(61),

215 3477 418 3540 pectus
472 3468 651 3540 ipsius
684 3487 696 3522 :
726 3469 831 3523 Fili
862 3469 970 3538 mi,
999 3470 1045 3523 si
1088 3485 1152 3524 ex
1201 3470 1437 3524 veritate
1481 3469 1816 3523 humilitatis
1897 3470 2086 3525 nullus
2117 3467 2360 3523 universi
2385 3472 2612 3520 senatus
2624 3471 2682 3518 et
2710 3462 3017 3517 astantium
3039 3471 3381 3514 exercrtuum
3397 3476 3494 3513 an-

217 3574 363 3612 mea
390 3573 569 3628 nepos
595 3557 803 3622 existis,
823 3574 1076 3629 prapara
1102 3559 1346 3629 teipsum
1378 3564 1434 3612 et
1463 3557 1818 3629 ﬂagellari,et
1897 3559 2119 3630 tiquum
2151 3555 2478 3610 memoriale
2504 3552 2729 3624 aliquod
2760 3549 3000 3615 nuntiet,
3025 3550 3121 3604 sed
3153 3564 3283 3603 mox
3315 3548 3371 3602 hi
3396 3547 3492 3619 qui

215 3646 470 3701 convicia
500 3644 616 3716 pati
647 3645 716 3700 ab
747 3646 902 3701 omni
920 3647 1165 3703 homine.
1198 3647 1345 3701 Vera
1374 3646 1522 3701 enim
1556 3645 1815 3717 cognatio
1898 3647 2164 3702 dicuntur
2192 3651 2684 3699 monumentorum
2715 3640 3078 3695 adiﬁcatores
3107 3642 3336 3692 sumant
3360 3652 3493 3707 qua-

216 3751 329 3790 non
379 3751 449 3789 ex
487 3735 761 3805 sanguine
791 3741 850 3790 et
875 3751 1062 3797 carne,
1116 3735 1212 3790 sed
1251 3751 1317 3790 ex
1361 3735 1568 3789 virtute
1613 3735 1818 3788 mentis
1897 3742 2028 3790 tuor
2054 3735 2139 3789 vel
2169 3733 2415 3805 quinque
2437 3730 2704 3785 minutias
2724 3743 3064 3782 marmorum
3083 3725 3391 3797 pusillasde
3413 3725 3494 3778 di-

217 3824 566 3896 agnoscitur.
593 3823 898 3879 Confestim
913 3823 1520 3894 igituraccersiviteum
1546 3823 1821 3895 quisuper
1898 3823 2070 3878 versis
2095 3821 2391 3880 coloribus,
2416 3826 2472 3874 et
2495 3817 2886 3889 ingrediantur
2914 3815 2983 3870 ad
3015 3831 3163 3879 eum,
3189 3820 3246 3868 et
3264 3813 3486 3868 dicant:

219 3906 506 3984 caupones
529 3918 654 3968 erat
680 3913 1034 3980 constitutus,
1067 3919 1124 3968 et
1148 3913 1411 3984 praecepit
1439 3913 1488 3966 ei
1519 3930 1589 3966 ne
1623 3910 1693 3966 ab
1721 3912 1817 3966 illo

219 4017 478 4074 caupone
519 4002 797 4073 acciperet
832 4018 1013 4073 neque
1043 4007 1312 4057 consueta
1345 4018 1465 4063 sua,
1501 4017 1684 4071 neque
1713 4017 1818 4071 pu-

218 4090 386 4156 blica,
420 4105 604 4163 neque
623 4091 947 4163 pensionem
965 4091 1258 4162 ergasterii
1280 4092 1420 4162 ejus.
1438 4091 1507 4145 Et
1531 4091 1648 4160 ipse
1670 4089 1818 4144 enim

219 4180 592 4236 sanctissima
624 4179 878 4235 Ecclesia
905 4184 1045 4234 erat.
1073 4181 1142 4235 Et
1170 4196 1368 4235 omnes
1393 4183 1820 4250 expavescentes

219 4267 572 4323 immobilem
598 4267 1080 4339 longanimitatem
1105 4270 1246 4339 ejus,
1271 4268 1671 4324 intellexerunt
1699 4282 1820 4321 esse

1899 3912 2154 3978 Domine,
2190 3911 2338 3982 quali
2370 3909 2596 3964 metallo
2634 3905 2930 3977 imperium
2968 3909 3129 3958 tuum
3166 3901 3330 3973 jubet
3371 3902 3493 3956 ﬁeri

1901 4007 2329 4056 monumentum
2362 4005 2522 4053 tuum
2550 4017 2562 4064 ;
2613 3996 2967 4050 insinuantes
3003 3992 3256 4046 videlicet
3285 3991 3337 4045 ei
3367 3991 3498 4062 quia

1900 4095 2171 4161 tanquam
2204 4089 2371 4142 homo
2405 4084 2782 4156 corruptibilis
2813 4089 2872 4137 et
2912 4080 3272 4136 transitorius
3301 4095 3493 4134 curam

1901 4178 2105 4232 habeto
2134 4184 2244 4232 tua
2274 4176 2449 4248 ipsius
2479 4174 2701 4236 anima,
2738 4175 2794 4224 et
2822 4170 2912 4240 pie
2943 4184 3179 4238 regnum
3225 4167 3494 4237 dispone;

1902 4265 2229 4320 imitabatur
2241 4270 2298 4319 et
2313 4265 2418 4318 iste
2434 4261 2632 4316 beatus
2646 4257 2920 4312 veraciter
2933 4257 3077 4309 hanc
3091 4255 3318 4324 dignam
3333 4254 3498 4307 laude

221 4357 331 4413 hoc
359 4356 509 4429 quod
539 4357 680 4411 dixit
709 4375 722 4411 :
757 4357 1032 4422 Quoniam
1079 4357 1277 4411 faciam
1319 4357 1377 4411 in
1417 4373 1545 4411 eum
1590 4372 1728 4421 rem,
1760 4359 1883 4456 utD
1902 4354 2348 4413 traditionem.et
2365 4347 2629 4422 pracepit
2646 4345 2752 4400 sibi
2770 4347 3194 4446 monumentum
3209 4341 3492 4456 adiﬁcari,

222 4445 470 4500 miretur
495 4451 616 4500 tota
643 4445 998 4512 Alexandria,
1039 4445 1297 4501 videlicet
1329 4444 1460 4516 quia
1488 4460 1602 4499 non
1638 4431 1882 4498 solum”
1901 4442 1998 4498 ubi
2027 4440 2309 4512 et'reliqui
2339 4439 2773 4511 pradecessores
2819 4435 2942 4504 ejus
2989 4431 3317 4504 patriarcha
3341 4431 3496 4500 jace-

223 4532 669 4588 vicissitudinem
698 4549 810 4588 non
840 4533 1043 4602 reddit,
1073 4549 1268 4589 verum
1287 4534 1457 4589 etiam
1479 4549 1580 4605 pro
1609 4531 1822 4587 ultione
1902 4531 2074 4599 bant;
2106 4531 2496 4602 imperlectum
2543 4541 2673 4580 vero
2717 4538 2946 4578 manere
2975 4537 3151 4592 usque
3181 4519 3248 4574 ad
3281 4517 3495 4572 obitum

223 4621 574 4692 adjutorium
601 4621 894 4695 impendit.
1505 4694 1510 4698 _

298 4711 431 4766 CAP.
459 4711 677 4766 XVI.—
702 4712 1037 4768 Nuntiatum
1059 4717 1145 4768 est
1167 4712 1468 4784 aliquando
1487 4710 1617 4766 huic
1633 4710 1818 4776 beato,

226 4800 381 4871 quod
401 4799 632 4872 quidam
661 4801 991 4857 clericorum
1007 4801 1282 4857 malitiam
1304 4801 1363 4856 in
1373 4801 1539 4856 corde
1559 4800 1826 4855 adversus

227 4888 537 4960 quemdam
563 4898 892 4958 reservaret,
921 4897 978 4946 et
1005 4890 1447 4945 irreconciliatus
1469 4890 1519 4944 ei
1531 4905 1826 4961 permane-

223 4984 337 5030 ret.
398 4976 501 5031 Ille
544 4993 675 5032 vero
723 4977 1008 5050 quarebat
1057 4979 1226 5049 hujus
1253 4994 1458 5033 nomen
1487 4983 1544 5032 et
1588 4977 1826 5048 gradum

226 5080 420 5120 nosse.
437 5065 503 5119 In
533 5067 841 5122 crastinum
871 5083 1004 5138 ergo
1025 5067 1114 5122 die
1134 5067 1422 5123 Dominico
1436 5067 1632 5120 didicit
1655 5065 1823 5130 hunc,

226 5153 573 5209 Damianum
596 5155 823 5226 quidem
852 5156 1097 5222 nomine,
1125 5155 1426 5210 diaconum
1449 5171 1580 5209 vero
1611 5171 1732 5208 esse
1752 5152 1828 5207 of-

227 5241 378 5296 ficio.
403 5243 677 5315 Pracepit
705 5244 896 5316 itaque
941 5244 1329 5300 archidiacono
1359 5249 1425 5299 ut
1450 5241 1574 5309 sibi,
1605 5241 1828 5314 quando

227 5330 386 5384 idem
416 5330 724 5387 Damianus
745 5333 817 5388 ad
837 5333 1122 5389 ecclesiam
1136 5333 1370 5398 veniret,
1393 5333 1825 5387 demonstraret.

228 5419 418 5490 Igitur
445 5435 571 5475 cum
600 5421 660 5476 in
686 5422 994 5477 crastinum
1023 5423 1191 5478 statio
1218 5421 1511 5477 Dominico
1533 5421 1624 5474 die
1648 5420 1827 5487 ﬁeret,

230 5508 390 5563 venit
418 5515 477 5562 et
503 5507 770 5565 diaconus
799 5511 871 5565 ad
899 5511 1234 5579 stationem;
1267 5515 1324 5565 et
1347 5509 1540 5564 videns
1561 5507 1835 5563 archidia-

232 5609 430 5665 conus,
465 5598 710 5654 ostendit
737 5613 866 5654 eum
894 5597 1246 5671 patriarcha.
1279 5595 1364 5656 Ob
1389 5611 1515 5653 eam
1544 5595 1695 5653 enim
1711 5601 1834 5650 tan‘

1904 4637 2088 4688 suum,
2111 4625 2176 4674 ut
2195 4615 2516 4690 imperfecto
2536 4614 2828 4678 existente,
2856 4628 2955 4684 per
2985 4609 3260 4664 celebrem
3280 4605 3492 4661 festivi-

1903 4716 2100 4774 tatem,
2123 4709 2416 4764 assistente
2445 4706 2611 4770 clero,
2636 4701 3018 4774 ingredientes
3050 4697 3144 4768 qui
3172 4695 3501 4751 dicebantur

1908 4799 2143 4854 studiosi
2163 4797 2293 4866 (5‘2).
2326 4797 2582 4851 dicerent
2601 4791 2670 4846 ad
2695 4807 2823 4846 eum
2849 4807 2859 4842 :
2887 4787 3145 4851 Domine,
3171 4799 3499 4839 monumen-

1907 4893 2031 4943 tum
2057 4894 2218 4942 tuum
2247 4885 2634 4957 imperfectum
2681 4884 2783 4943 est,
2817 4875 3054 4948 praecipe
3101 4890 3233 4944 ergo
3281 4878 3345 4926 ut
3374 4888 3501 4926 con-

1908 4982 2240 5040 summetur,
2273 4991 2338 5028 eo
2394 4972 2542 5044 quod
2593 4966 2809 5023 nescias
2868 4979 2978 5035 qua
3008 4964 3148 5018 hora
3200 4961 3292 5016 fur
3316 4960 3503 5015 veniat

1912 5066 2125 5134 (Matth.
2154 5066 2322 5130 xxrv).
2355 5062 2472 5114 Hoc
2491 5064 2680 5112 autem
2709 5051 2948 5107 faciebat
2973 5051 3066 5105 ille
3085 5056 3310 5105 sanctus
3339 5055 3404 5104 ut
3423 5049 3502 5101 ita

1909 5155 2087 5218 ﬁeret,
2117 5151 2305 5206 volens
2333 5146 2704 5202 imitationem
2739 5141 2944 5196 bonam
2969 5146 3026 5195 et
3051 5143 3178 5211 post
3207 5154 3267 5194 se
3295 5136 3501 5192 futuris

1910 5241 2225 5312 relinquere
2251 5235 2600 5310 patriarchis.

1982 5331 2112 5385 CAP.
2144 5329 2290 5383 XIX.
2317 5355 2380 5367 —
2423 5322 2660 5380 Domino
2701 5317 2771 5374 ob
2801 5316 3219 5372 multitudinem
3255 5319 3502 5387 peccato-

1912 5435 2039 5472 rum
2090 5423 2408 5472 nostrorum
2451 5409 2828 5486 permittente,
2868 5404 3093 5477 propria
3128 5404 3341 5474 templa
3379 5418 3501 5473 qua

1917 5513 2078 5561 erant
2097 5502 2477 5575 Jerosolymis,
2503 5493 2924 5572 apercutiendis
2955 5509 2990 5547 a
3017 5493 3131 5547 Deo
3162 5491 3346 5546 Persis
3381 5506 3502 5543 cre-

1917 5593 2079 5662 mari,
2113 5589 2332 5648 discens
2359 5590 2450 5646 hic
2476 5582 2863 5644 sanctissimus
2894 5579 3214 5652 patriarcha
3242 5579 3301 5636 in
3331 5575 3509 5632 multa
