3942 6200
371 325 379 331 .
434 296 542 355 355
1433 284 1528 339 DE
1562 284 1753 339 vms
1790 282 2087 338 PATRUM
2123 282 2337 338 LIBER
2376 279 2666 335 PRIMUS.
2746 278 2747 281 ‘
3559 278 3646 339 356

440 423 689 493 egestate
709 431 829 469 esse
848 414 1101 467 sanctum
1121 408 1435 464 Modestum
1469 409 1847 480 patriarcham
1875 408 2029 461 Jero-
2044 414 2095 473 Α
2113 405 2445 459 rachanellae
2466 402 2572 475 (58)
2588 402 2928 457 numismate
2939 415 3071 455 uno.
3096 401 3218 455 Mox
3234 416 3361 471 ergo
3372 406 3650 460 transmisit

441 490 781 581 selymorum
801 499 934 572 (53},
963 499 1031 552 ad
1063 498 1264 551 horum
1293 498 1689 552 relevationem
1711 502 1768 551 et
1794 496 2030 550 reaediﬁ-
2112 493 2248 549 illud
2268 494 2326 547 in
2346 494 2672 556 crastinum,
2697 497 2763 546 ut
2779 490 3213 545 venundaretur.
3238 491 3303 544 Et
3322 491 3497 545 videns
3512 493 3552 546 is
3572 496 3651 564 qui

442 579 718 652 cationem
736 588 911 644 mittit
930 587 981 641 ei
1005 586 1346 640 numismata
1377 586 1547 651 mille,
1583 591 1639 640 et
1662 586 1815 639 mille
1843 600 2031 638 saccos
2114 582 2414 648 obtulerat,
2448 583 2584 636 emit
2608 581 2744 635 illud
2776 580 3009 650 triginta
3036 596 3128 633 sex
3157 579 3578 645 numismatibus,
3607 589 3655 637 et

444 686 636 756 plenos
650 673 1852 743 frumento,etmillelegumina,millelibras
1875 670 2028 733 ferri,
2114 688 2310 726 rursus
2336 671 2544 756 obtulit
2584 670 2936 741 patriarchae.
2962 669 3101 723 Cum
3135 684 3261 722 vero
3306 668 3362 722 in
3389 671 3656 726 crastinum

447 748 596 826 inille
610 766 1131 822 restessiccatorum
1151 763 1408 833 piscium,
1440 763 1895 833 quimenomenae
1917 759 2033 827 (54)
2114 762 2344 815 vidisset
2372 748 2545 825 illud,‘
2564 761 2703 813 emit
2740 760 2847 813 hoc
2892 758 3168 823 similiter,
3198 763 3254 812 et
3280 774 3465 812 rursus
3488 760 3659 816 obtulit

443 860 725 921 dicuntur,
746 854 897 908 mille
920 852 1141 906 vascula
1160 851 1293 918 vini,
1328 857 1382 904 et
1422 852 1575 904 mille
1594 850 1883 921 Egyptios
1900 864 2035 918 ope-
2118 850 2779 921 patriarchaz,deposcens
2793 853 2859 902 ut
2878 852 3161 918 tegeretur
3179 846 3248 900 ab
3263 847 3483 901 eo.Cum
3501 855 3661 903 autem

442 946 639 1011 rarios,
672 945 903 998 mittens
952 941 1003 995 ei
1040 957 1141 1011 per
1169 940 1384 993 litteras
1419 958 1430 993 :
1466 962 1491 987 α
1515 940 1601 993 Da
1627 939 1765 992 mihi
1793 937 2033 1002 veniam,
2118 939 2287 993 tertio
2308 939 2412 992 hoc
2440 938 2678 1003 fecisset,
2705 937 2841 991 dicit
2879 938 2929 990 ei
2982 935 3417 1007 gratulabundus
3454 937 3537 990 ille
3562 956 3664 992 san-

443 1052 572 1090 vere
603 1032 811 1089 Christi
841 1035 1120 1102 operator,
1150 1028 1288 1081 nihil
1322 1029 1554 1098 dignum
1584 1027 1808 1099 templis
1828 1025 2040 1081 Christi
2121 1034 2243 1083 ctus
2268 1046 2278 1080 :
2305 1026 2629 1082 Videbimus
2650 1027 2774 1098 quis
2793 1026 3033 1091 deficiet,
3065 1041 3167 1095 ego
3195 1041 3268 1078 an
3292 1029 3372 1078 tu.
3390 1026 3512 1079 Erat
3537 1027 3663 1080 enim

450 1122 718 1178 mittenti.
756 1121 964 1174 Vellem
989 1118 1159 1181 enim,
1184 1118 1347 1170 crede
1383 1117 1542 1181 mihi,
1584 1117 1630 1170 si
1663 1121 1809 1170 esset
1837 1132 2037 1169 conve-
2121 1118 2420 1188 opulentus
2439 1117 2615 1182 valde,
2642 1122 2699 1169 et
2720 1116 2966 1169 suaviter
2986 1113 3145 1185 quasi
3176 1113 3535 1168 vindemiabat
3558 1132 3665 1170 eum

445 1229 625 1277 mens,
652 1216 710 1264 et
737 1210 857 1280 ipse
885 1225 949 1261 eo
969 1206 1176 1270 venire,
1197 1212 1258 1259 et
1278 1206 1396 1276 ipse
1416 1206 1635 1276 operari
1655 1204 1710 1258 in
1734 1204 1897 1258 domo
1918 1220 2043 1257 san-
2123 1207 2218 1260 ille
2247 1211 2491 1270 sanctus,
2511 1205 2785 1276 paulatim
2807 1203 2877 1258 ab
2893 1221 2959 1257 eo
2981 1204 3159 1256 multa
3177 1202 3453 1264 auferens;
3473 1210 3525 1257 et
3549 1204 3669 1257 dice-

448 1308 551 1357 ctae
583 1298 792 1354 Christi
827 1295 1271 1351 resurrectionis.
1307 1296 1711 1348 Verumtamen
1740 1293 1876 1346 illud
1906 1308 2061 1362 rogo
2125 1293 2221 1350 bat
2239 1311 2461 1366 semper
2483 1294 2630 1365 quod
2653 1299 2840 1364 posset
2855 1292 3058 1363 aliquis
3075 1292 3380 1346 intentione
3394 1291 3671 1362 dandipau-

452 1387 841 1445 honorandum
863 1390 1032 1455 caput
1052 1389 1234 1441 tuum.
1258 1388 1315 1437 et
1334 1383 1653 1437 nullatenus
1675 1382 1779 1435 hoc
1805 1382 2045 1452 imputes
2126 1383 2352 1455 peribus
2399 1382 2707 1454 exspoliare
2735 1381 2953 1444 divites,
2987 1386 3043 1435 et
3069 1381 3252 1450 ipsum
3281 1380 3441 1434 etiam
3468 1380 3673 1451 hypoca-

454 1478 686 1533 minimo
715 1473 929 1529 nomini
959 1472 1277 1542 exiguitatis
1307 1489 1463 1538 meae,
1495 1472 1593 1525 sed
1617 1472 1719 1525 hoc
1742 1470 1926 1541 potius
1955 1486 2048 1539 pe-
2128 1473 2331 1526 misum
2358 1471 2464 1537 (59)
2498 1470 2568 1525 ab
2590 1471 2670 1525 eis
2696 1470 2962 1524 benevole
2997 1469 3235 1534 auferre,
3254 1474 3427 1522 etnon
3454 1484 3668 1539 peccare,

457 1573 544 1622 tas
575 1564 866 1628 aChristo,
888 1567 941 1617 et
963 1560 1039 1614 ibi
1080 1578 1170 1614 me
1190 1560 1505 1615 conscribat
1530 1559 1626 1614 ubi
1638 1559 1909 1614 veraciter
1923 1574 2051 1612 con-
2130 1567 2188 1614 et
2216 1560 2457 1617 maxime
2501 1560 2547 1613 si
2592 1565 2725 1613 sunt
2753 1559 2928 1629 aliqui
2956 1557 3419 1612 immisericordes
3441 1564 3494 1611 et
3528 1558 3673 1613 avari.

454 1654 684 1726 scriptio
712 1652 878 1705 beata
905 1650 1179 1705 consistit.
1213 1670 1235 1700 ι
2064 1717 2107 1726 __
2131 1650 2253 1703 Duo
2270 1648 2421 1702 enim
2441 1648 2691 1702 lucratur
2705 1648 2862 1702 talis:
2893 1663 3069 1701 unum
3091 1646 3335 1718 quidem,
3357 1646 3676 1716 quiaanimas

537 1717 665 1796 CAP.
699 1741 817 1795 XX.
856 1770 912 1779 —
943 1738 1160 1809 Arripit
1185 1738 1280 1792 ille
1316 1742 1542 1792 sanctus
1572 1742 1651 1791 et.
1674 1737 1798 1802 hoc,
1838 1717 2112 1790 bonumB
2132 1738 2355 1807 illorum
2376 1742 2593 1803 servat;
2622 1737 2862 1791 alterum
2880 1740 3089 1802 autem,
3113 1717 3388 1806 quoniam
3411 1739 3463 1787 et
3490 1734 3593 1805 ipse
3624 1752 3678 1787 ex

461 1833 605 1898 dico,
630 1829 887 1884 videlicet
909 1828 1057 1899 quod
1078 1827 1271 1880 inﬁmo
1298 1832 1478 1880 stratu
1499 1824 1869 1890 recumberet,
1893 1829 1951 1878 et
1970 1824 2050 1877 vi-
2133 1827 2239 1881 hoc
2251 1826 2567 1881 mercedem
2586 1841 2699 1880 non
2716 1825 2994 1879 modicam
3007 1823 3193 1879 habet.
3228 1823 3427 1878 Attulit
3443 1828 3609 1877 autem
3622 1823 3679 1876 ad

457 1921 605 1975 libus
629 1915 990 1990 operimentis
1012 1915 1070 1968 in
1096 1914 1296 1968 cellula
1319 1930 1423 1968 sua
1448 1917 1719 1967 uteretur-
1745 1912 1904 1976 Quod
1924 1928 2052 1965 cum
2134 1917 2523 1971 credulitatem
2545 1914 2698 1969 verbi
2719 1920 2777 1968 et
2794 1913 3179 1968 testimonium
3206 1928 3387 1977 verax,
3410 1912 3544 1982 quod
3562 1911 3682 1965 circa

462 2008 710 2064 audisset
729 2004 959 2075 quidam
979 2017 1359 2073 possessorum
1377 2001 1632 2066 civitatis,
1657 2001 1962 2055 ascendens
1982 2000 2054 2055 ad
2136 2011 2391 2060 sanctum
2428 2002 2801 2075 Epiphanium
2859 2008 2917 2056 et
2962 2003 3237 2057 Joannem
3271 2001 3373 2067 (60)
3402 2001 3680 2071 episcopum

463 2110 612 2160 eum,
633 2098 691 2147 et
703 2092 893 2146 ridens
909 2090 1054 2161 quod
1079 2089 1360 2159 Opertorio
1378 2089 1545 2143 scisso
1570 2094 1627 2143 et
1647 2090 1806 2145 laneo
1829 2094 2054 2158 tegere-
2137 2093 2612 2164 Jerosolymorum
2640 2091 2851 2146 factum
2898 2096 3000 2156 est,
3033 2090 3314 2160 quomodo
3342 2094 3551 2144 sanctus
3575 2088 3684 2159 Epi-

462 2180 889 2250 tur,transmisit
905 2179 955 2232 ei
979 2177 1386 2248 coopertorium
1409 2177 2059 2247 numismatumtriginta
2139 2182 2380 2255 phanius
2411 2198 2511 2252 per
2552 2186 2730 2235 artem
2766 2180 2897 2234 tulit
2945 2185 3244 2250 argentum
3275 2177 3598 2250 patriarchae,
3623 2176 3687 2228 vi-

464 2289 578 2335 sex,
604 2285 809 2340 rogans
839 2267 1079 2321 multum
1101 2283 1228 2319 eum
1257 2271 1323 2321 ut
1341 2283 1406 2320 eo
1435 2266 1817 2337 cooperiretur
1845 2266 1914 2320 ad
1937 2282 2057 2320 me-
2140 2271 2343 2326 delicet
2368 2270 2600 2325 Joannis
2628 2269 2901 2339 ejusdem,
2935 2272 2993 2322 et
3021 2267 3178 2322 dedit
3196 2266 3497 2338 egentibus.

465 2360 724 2425 moriam,
749 2356 952 2427 inquit,
980 2355 1272 2408 mittentis.
1293 2354 1394 2409 Ille
1426 2371 1556 2409 vero
1596 2355 1700 2409 hoc
1728 2354 2055 2426 suscipiens,
2212 2360 2342 2414 Cap.
2365 2360 2592 2413 XXI.—
2614 2358 2856 2428 Dignum
2887 2361 2945 2411 et
2967 2373 3279 2427 congruum
3309 2355 3553 2427 praedicto
3569 2354 3690 2424 capi-

463 2455 692 2519 propter
717 2446 953 2500 multam
972 2442 1075 2511 viri
1094 2442 1527 2514 postulationem
1551 2450 1847 2514 coopertus
1861 2444 2061 2498 esthoc
2140 2448 2259 2502 tulo
2279 2446 2555 2501 referebat
2573 2447 2745 2500 semel
2761 2462 2948 2500 coram
2969 2444 3232 2499 omnibus
3249 2445 3353 2499 iste
3369 2450 3591 2509 sanctus,
3618 2442 3689 2495 di-

464 2552 581 2591 una
607 2541 789 2601 nocte,
808 2551 908 2605 per
935 2538 1110 2588 totam
1134 2548 1276 2603 pene
1304 2537 1522 2586 noctem
1554 2533 1771 2586 dicebat
1792 2532 1862 2586 ad
1882 2548 2059 2586 seme-
2143 2553 2273 2591 cens
2298 2556 2309 2590 :
2338 2535 2644 2600 Habebam,
2661 2535 2864 2605 inquit,
2888 2535 3188 2605 quemdam
3210 2532 3692 2602 ministruminapo-

465 2625 697 2696 tipsum,
729 2628 795 2677 ut
819 2621 1131 2676 recitabant
1166 2620 1491 2674 cubicularii
1521 2622 1642 2691 ejus
1677 2639 1687 2673 :
1725 2620 1861 2684 Quis
1888 2620 2059 2689 dicet,
2140 2625 2309 2680 theca
2326 2642 2452 2679 mea
2466 2624 2523 2678 in
2546 2624 2979 2695 Cyprofidelem
2998 2624 3179 2686 valde,
3203 2628 3263 2677 et
3278 2623 3691 2693 virginemusque

471 2713 621 2785 quod
639 2711 870 2766 humilis
889 2712 1133 2765 Joannes
1155 2708 1572 2776 (habebatenim
1587 2726 1809 2780 semper
1828 2708 2061 2762 verbum
2143 2714 2213 2768 ad
2247 2713 2458 2768 obitum
2501 2730 2688 2767 suum.
2722 2712 2826 2767 Hic
2869 2729 3003 2782 ergo
3054 2711 3325 2766 narrabat
3352 2710 3483 2765 mihi
3502 2709 3617 2780 quia
3645 2708 3692 2761 in

472 2802 623 2856 istud
634 2802 694 2855 in
709 2804 825 2859 ore)
846 2799 1015 2871 pallio
1027 2797 1261 2867 triginta
1277 2813 1370 2851 sex
1390 2797 1791 2851 numismatum
1814 2802 2057 2867 tegatur,
2143 2802 2331 2856 Africa
2358 2803 2636 2856 existente
2663 2816 2754 2854 me
2783 2800 2930 2855 facta
2973 2804 3059 2855 est
3086 2817 3176 2854 res
3206 2798 3519 2870 hujusmodi
3548 2815 3559 2849 ε
3588 2798 3694 2850 per.

477 2898 534 2946 et
547 2892 747 2945 fratres
769 2888 977 2944 Christi
988 2887 1193 2957 frigore
1206 2893 1475 2941 necentur
1495 2886 1519 2938 ’ἶ
1536 2885 1741 2949 Quanti
1754 2891 1887 2939 sunt
1898 2884 2062 2939 modo
2145 2889 2441 2944 manebam
2471 2889 2640 2955 enim,
2674 2890 2773 2954 ait,
2800 2905 2926 2943 cum
2956 2888 3197 2959 quodam
3225 2887 3532 2951 teloneario,
3554 2884 3693 2938 divite

470 2980 565 3052 qui
597 2977 856 3034 dentibus
887 2977 1129 3031 strident
1156 2992 1268 3046 prae
1290 2974 1466 3045 glacie
1487 2974 1511 3026 7
1531 2973 1726 3044 quanti
1739 2978 1872 3027 sunt
1899 2973 2063 3026 modo
2082 3028 2123 3052 η
2145 2979 2509 3033 vehementer
2533 2982 2591 3032 et
2618 2977 3063 3031 ίιῃιηίεειιίοοηιί,
3098 2977 3284 3031 semel
3323 2993 3449 3046 ergo
3468 2972 3693 3046 pauperi-

470 3068 565 3141 qui
579 3065 969 3140 psiathumi55)
983 3064 1248 3119 habentes
1267 3062 1462 3116 subtus
1483 3062 1799 3127 dimidium,
1818 3067 1874 3116 et
1892 3077 2063 3132 supra
2082 3061 2125 3088 υ
2148 3066 2252 3121 bus
2273 3068 2330 3121 in
2359 3066 2542 3133 hieme
2558 3065 2878 3121 sedentibus
2906 3065 2975 3119 ad
3003 3065 3198 3130 solem,
3233 3081 3401 3135 seque
3419 3061 3696 3118 calefacien.

471 3156 786 3221 dimidium,
819 3162 877 3209 et
891 3170 1005 3209 non
1026 3156 1262 3224 possunt
1280 3151 1579 3206 extendere
1599 3151 1767 3221 pedes
1789 3167 1938 3216 suos,
1966 3149 2063 3203 sed
2149 3155 2620 3226 tibus,cmperunt
2638 3154 2845 3224 singuli
2868 3154 3063 3208 domos
3075 3154 3595 3224 eleemosynatorum
3610 3148 3697 3202 col-

471 3244 760 3301 dormiunt
772 3249 835 3298 ut
851 3243 1073 3314 glomus
1085 3245 1390 3295 trementes
1422 3236 1552 3308 (56)?
1574 3239 1780 3303 Quanti
1801 3238 1859 3292 in
1875 3244 2066 3293 monte
2149 3244 2399 3309 laudare,
2424 3250 2481 3298 et
2506 3259 2606 3315 pro
2632 3243 2712 3297 eis
2743 3258 2904 3297 orare
2934 3258 3035 3313 per
3054 3242 3307 3311 singulos
3324 3237 3698 3305 eorum,simm.

476 3333 831 3389 dormierunt
857 3330 1146 3387 incmnati.
1181 3335 1238 3383 et
1255 3329 1376 3383 sine
1406 3329 1651 3393 lucerna,
1673 3327 1945 3381 habentes
1972 3327 2071 3381 du-
2150 3330 3390 3402 teretdomoseleemosynamnonfacie‘ntium
3403 3330 3696 3398 vituperare.

471 3422 672 3494 plicem
700 3420 1009 3476 cruciatum
1043 3425 1156 3472 tam
1188 3434 1255 3471 ex
1273 3417 1481 3487 frigore
1512 3433 1680 3487 quam
1709 3432 1778 3470 ex
1806 3414 2071 3486 jejunio?
2153 3421 2308 3476 Inter
2328 3437 2450 3492 quae
2468 3420 2621 3474 venit
2636 3420 2693 3474 in
2716 3419 2964 3473 medium
2986 3435 3179 3473 eorum
3216 3424 3274 3472 et
3290 3434 3487 3473 nomen
3502 3413 3700 3470 senioris

478 3510 686 3576 Quanti
705 3508 1023 3564 desiderant
1040 3506 1284 3561 saturari
1304 3505 1373 3559 de
1394 3505 1928 3574 foliisolerum,quae
1943 3519 2072 3574 pro-
2154 3509 2264 3563 mei
2309 3508 2621 3575 telonearii,
2682 3513 2739 3563 et
2794 3512 3084 3578 ceperunt
3141 3507 3348 3577 singuli
3397 3506 3702 3571 interrogare

474 3600 752 3671 jiciuntur
801 3597 871 3651 de
916 3594 1156 3667 coquina
1185 3593 1348 3647 mea?
1388 3593 1595 3657 Quanti
1620 3593 1827 3646 vellent
1853 3592 2071 3662 tingere
2153 3597 2470 3668 proximum
2501 3596 2684 3650 :Vere
2710 3600 2792 3659 tu,
2838 3595 3029 3657 frater,
3062 3594 3328 3665 accepisti
3353 3590 3627 3664 aliquando
3648 3587 3703 3641 de

478 3704 679 3760 panem
711 3702 875 3740 suum
904 3685 964 3738 in
992 3688 1206 3737 zemate
1236 3680 1357 3751 (57)
1378 3680 1528 3751 quod
1558 3680 1862 3750 projiciunt
1909 3680 2073 3751 coqui
2155 3682 2319 3736 domo
2339 3682 2436 3737 illa
2462 3680 2946 3736 benedictionem?
2973 3682 3041 3735 Et
3068 3680 3330 3736 omnibus
3357 3674 3710 3748 interroganti-

479 3775 637 3830 mei?
663 3772 870 3839 Quanti
900 3771 1133 3842 cupiunt
1163 3769 1246 3824 vel
1276 3769 1512 3823 odorare
1540 3768 1750 3833 vinum,
1776 3768 1924 3839 quod
1945 3767 2073 3822 fun-
2156 3769 2262 3824 bus
2279 3770 2533 3838 invicem,
2571 3770 2758 3825 nullus
2778 3770 3037 3824 inventus
3051 3775 3137 3824 est
3151 3769 3427 3841 accepisse
3446 3762 3705 3838 aliquando

483 3862 637 3917 ditur
653 3862 714 3915 in
731 3860 956 3914 cellario
977 3875 1100 3912 meo
1122 3858 1146 3910 Τ
1168 3857 1375 3921 Quanti
1396 3862 1528 3910 sunt
1550 3855 1611 3910 in
1640 3856 1863 3910 civitate
1891 3856 2001 3910 ista
2018 3856 2076 3911 in
2158 3858 2227 3912 de
2258 3858 2422 3913 domo
2449 3860 2570 3930 ejus
2602 3858 2834 3929 aliquid.
2862 3858 3008 3912 Dicit
3035 3874 3168 3929 ergo
3197 3875 3346 3913 unus
3375 3873 3439 3912 ex
3454 3856 3556 3912 eis:
3588 3849 3708 3917 Quid

486 3948 743 4003 hachora
762 3945 1062 4018 peregrini,
1086 3961 1199 3999 non
1211 3942 1479 3998 habentes
1500 3943 1596 3997 ubi
1616 3944 1988 4016 hospitentur,
2021 3948 2079 3998 et
2159 3944 2362 4000 dabitis
2391 3945 2550 4013 mihi,
2580 3952 2636 4000 et
2666 3963 2767 4017 ego
2794 3945 3062 4017 accipiam
3108 3946 3277 4001 hodie
3326 3962 3392 4001 ex
3427 3961 3488 3998 eo
3514 3938 3707 3996 benedi-

486 4037 546 4091 in
568 4035 686 4090 foro
702 4037 911 4106 jacent,
935 4034 1170 4088 fortasse
1192 4038 1248 4087 et
1267 4031 1454 4103 pluvia
1482 4032 1817 4086 madefacti?
1846 4032 2075 4099 Quanti,
2162 4034 2444 4088 ctionem?
2493 4035 2563 4089 Et
2595 4033 2927 4089 facientibus
2982 4049 3110 4088 cum
3150 4050 3216 4089 eo
3247 4039 3486 4106 pactum,
3515 4028 3647 4084 venit
3666 4031 3711 4080 et

485 4130 671 4197 putas,
698 4122 910 4177 habent
933 4128 1111 4176 totum
1146 4136 1414 4186 mensem,
1448 4120 1533 4173 vel
1579 4120 1749 4174 etiam
1780 4120 1938 4184 duos,
1967 4136 2081 4174 non
2161 4127 2272 4177 stat
2299 4122 2433 4176 foris
2455 4128 2675 4193 portam
2694 4123 2913 4189 domus,
2947 4128 3275 4193 exspectans
3303 4120 3518 4194 quando
3545 4117 3606 4173 ad
3629 4114 3712 4169 do-

486 4217 782 4283 gustantes
808 4211 1013 4265 oleum.
1037 4209 1245 4274 Quanti
1276 4214 1409 4264 sunt
1437 4209 1535 4279 qui
1564 4225 1677 4263 non
1714 4208 1923 4263 habent
1946 4208 2082 4263 alte-
2163 4227 2315 4265 mum
2343 4227 2502 4265 suam
2532 4217 2926 4266 reverteretur.
2959 4210 3034 4265 Ex
3064 4210 3481 4281 dispensatione
3508 4206 3600 4262 Dei
3614 4218 3714 4275 per-

458 4351 463 4357 .
492 4318 618 4357 rum
642 4300 1039 4355 vestimentum
1059 4298 1119 4352 in
1139 4302 1352 4362 aestate,
1375 4303 1433 4352 et
1450 4297 1691 4352 alterum
1710 4297 1769 4351 in
1790 4297 1993 4364 hieme,
2025 4302 2082 4352 et
2098 4338 2146 4398 D
2162 4305 2435 4353 venerunt
2458 4298 2646 4361 simul,
2673 4298 2791 4369 ipse
2838 4297 3159 4369 ingrediens
3188 4304 3427 4369 portam,
3460 4301 3515 4350 et
3537 4287 3713 4348 animal

488 4390 569 4445 ita
608 4388 851 4444 miseriis
886 4386 1258 4457 affliguntur?
1286 4387 1369 4441 Tu
1400 4403 1527 4441 vero
1557 4392 1881 4458 exspectans
1912 4378 2146 4441 etiam"
2164 4393 2393 4459 portans
2421 4386 2673 4457 siligines
2701 4403 2736 4440 a
2768 4386 3048 4457 mancipio
3081 4384 3190 4455 (6|)
3234 4403 3403 4441 causa
3432 4380 3631 4455 prandii
3651 4378 3717 4448 ip-

490 4484 759 4535 teternam
796 4475 1208 4549 jucunditatem
1241 4475 1484 4545 assequi,
1516 4481 1573 4530 et
1612 4476 1805 4529 vinum
1832 4474 1993 4541 bibis,
2028 4479 2086 4530 et
2164 4475 2280 4530 sius
2322 4475 2531 4530 Videns
2551 4475 2724 4546 igitur
2753 4492 3009 4546 egenum,
3045 4491 3160 4530 non
3185 4474 3472 4529 inveniens
3485 4469 3712 4541 lapidem,

491 4568 672 4639 pisces
702 4567 980 4621 immanes
1007 4565 1259 4628 devoras,
1285 4570 1342 4617 et
1368 4563 1426 4617 in
1447 4562 1717 4619 cubiculis
1750 4564 2080 4632 demoraris,
2166 4581 2268 4636 per
2290 4564 2535 4619 furorem
2567 4563 2767 4635 arripit
2793 4563 3072 4634 siliginem
3101 4564 3170 4618 de
3194 4563 3420 4626 clitella,
3454 4567 3508 4615 et
3523 4551 3719 4629 jactavit

496 4656 664 4710 modo
693 4660 881 4710 autem
913 4669 1040 4708 cum
1074 4650 1336 4707 omnibus
1360 4650 1523 4705 malis
1550 4657 1608 4706 et
1635 4652 1693 4706 in
1739 4652 2085 4723 coopertorio
2167 4653 2227 4707 in
2256 4652 2453 4709 faciem
2469 4654 2610 4724 ejus.
2644 4644 2744 4708 Ille
2770 4668 2899 4707 vero
2925 4652 3165 4723 suscepit
3182 4668 3328 4718 eam,
3361 4656 3418 4705 et
3436 4648 3564 4704 abiit
3581 4651 3635 4699 ut
3652 4657 3719 4696 sa-

491 4744 730 4815 triginta
753 4760 850 4799 sex
879 4740 1281 4797 numismatum
1301 4744 1359 4794 te
1374 4739 1628 4794 calefacis
1651 4739 1674 4794 ?
1698 4740 1986 4795 Veraciter
2008 4741 2088 4795 ita
2167 4740 2831 4796 tisfaceretconfratribus
2843 4740 2977 4805 suis,
3014 4740 3159 4811 quod
3189 4757 3253 4794 ex
3267 4739 3473 4794 eisdem
3502 4729 3719 4790 manibus

493 4831 682 4885 vivens
700 4838 758 4885 et
774 4831 832 4885 in
859 4830 957 4884 tali
979 4829 1259 4883 laxatione
1295 4844 1646 4895 conversans,
1677 4844 1789 4883 non
1810 4835 2091 4900 exspecta-
2170 4830 2476 4902 accepisset
2503 4846 2646 4884 eam.
2680 4830 2876 4900 Itaque
2905 4834 3033 4900 post
3057 4828 3198 4883 duos
3227 4828 3348 4883 dies
3367 4821 3634 4897 aegrotant
3656 4819 3722 4871 in-

495 4917 583 4973 bis
620 4917 733 4972 illic
757 4917 1085 4989 praeparatis
1111 4915 1335 4988 gaudiis
1363 4915 1493 4978 frui,
1522 4916 1619 4971 sed
1664 4916 1859 4971 audies
1894 4914 2090 4988 utique
2171 4918 2439 4973 ﬁrmitate
2453 4918 2523 4972 ad
2541 4924 2781 4973 mortem
2794 4917 2940 4972 idem
2959 4916 3386 4981 telonearius,et
3397 4911 3587 4969 viditin
3598 4921 3721 4962 som-

499 5004 650 5077 quod
707 5010 766 5058 et
806 5004 959 5059 dives
1008 5005 1101 5059 ille
1157 5004 1370 5060 audivit
1422 5005 1599 5069 (Lucae
1624 5010 1779 5075 va):
1814 5005 2091 5077 Recepisti
2172 5006 2261 5061 nis
2289 5007 2536 5078 seipsum
2582 5006 2858 5061 rationem
2891 5011 3211 5077 ponentem,
3259 5010 3316 5059 et
3372 5017 3556 5057 omnes
3590 5000 3721 5050 actus

514 5097 697 5157 luo
723 5092 868 5147 bona
895 5092 954 5146 in
982 5091 1097 5146 vita
1122 5097 1240 5159 tua,
1272 5108 1547 5164 pauperes
1578 5109 1704 5147 vero
1734 5094 1883 5148 mala
1905 5112 1918 5159 ;
1943 5111 2092 5149 nunc
2172 5111 2302 5149 suos
2339 5111 2508 5167 super
2543 5100 2813 5149 stateram
2851 5093 3169 5165 appendere
3223 5112 3235 5148 :
3287 5092 3346 5146 in
3388 5105 3498 5146 una
3532 5082 3723 5158 quidem

501 5197 606 5253 ego
636 5180 1015 5245 consolantur,
1038 5185 1102 5232 tu
1123 5196 1252 5234 vero
1269 5180 1553 5235 cruciaris.
1573 5180 1906 5236 Benedictus
1919 5182 2087 5251 Deus,
2173 5183 2291 5238 acie
2317 5181 2429 5252 (Οἳ)
2460 5182 2947 5254 congregabantur
2988 5181 3170 5236 Mauri
3208 5181 3434 5253 quidam
3463 5176 3720 5231 deformes,

500 5266 733 5322 humilis
750 5266 993 5321 Joannes
1022 5265 1135 5319 alia
1162 5270 1323 5320 nocte
1347 5282 1459 5321 non
1483 5267 1835 5338 c00perietur
1859 5268 1975 5323 illo.
2000 5270 2093 5324 Ju-
2173 5272 2351 5326 altera
2384 5278 2573 5326 autem
2602 5272 2748 5325 acies
2762 5271 3002 5325 aliorum
3031 5269 3401 5341 quorumdam
3428 5270 3545 5321 erat
3562 5255 3723 5315 candi-

503 5360 652 5411 stum
680 5358 769 5409 est
795 5353 965 5421 enim,
993 5358 1051 5407 et
1075 5352 1217 5408 bene
1263 5360 1554 5425 acceptum
1581 5355 1714 5421 Deo,
1740 5361 1805 5411 ut
1830 5361 2095 5428 tegantur
2176 5359 2438 5415 datorum
2457 5366 2508 5415 et
2530 5360 2867 5415 terribilium
2887 5358 3088 5430 specie.
3113 5358 3221 5423 Qui
3257 5357 3396 5411 nihil
3422 5350 3726 5408 invenientes

503 5449 729 5500 centum
742 5442 932 5516 potius
946 5440 1321 5513 quadraginta
1332 5448 1573 5512 quatuor
1588 5443 1789 5498 fratres
1808 5449 1865 5499 et
1883 5444 2098 5501 domini
2176 5446 2327 5517 boni,
2360 5454 2425 5504 ut
2453 5454 2511 5504 et
2528 5448 2635 5520 ipsi
2665 5465 2736 5518 ap
2740 5447 3051 5518 penderent
3075 5452 3297 5501 econtra
3313 5446 3593 5499 adversum
3608 5431 3728 5489 mela

502 5530 609 5601 tui,
641 5545 811 5605 quam
837 5535 903 5588 tu
933 5526 1148 5586 infelix.
1169 5525 1650 5585 Venundabantur
1677 5530 1829 5586 enim
1858 5539 2101 5604 quatuor
2180 5550 2354 5608 opera
2381 5552 2503 5610 qum
2532 5535 2762 5593 collecta
2790 5540 2954 5592 erant
2980 5550 3015 5589 a
3036 5535 3247 5591 Mauris
3266 5533 3326 5588 in
3352 5531 3467 5587 acie
3493 5528 3729 5601 ipsorum,
