3946 6192
224 290 319 349 357

1119 292 1287 348 VITA
1324 293 1581 350 SANCTI
1619 294 1924 350 JOANNIS
1963 294 2563 352 ELEEMOSYNARII.

3374 300 3478 358 358

221 412 376 468 nimis
398 410 817 468 tribulabantur
849 419 906 468 et
931 413 1320 482 tristabantur,
1355 424 1413 472 et
1440 425 1628 473 mente
1657 436 1792 474 con-
1805 419 1859 481 Î‘
1877 420 2218 489 gentarium,
2242 421 2338 492 qui
2359 420 2566 475 damna
2585 421 3323 478 inciderat.Adlocutionem
3343 439 3474 477 vero

222 501 607 556 sternebantur
650 503 721 556 ad
746 503 1103 568 alterutrum,
1139 510 1195 559 et
1224 505 1483 561 dicebant
1513 522 1524 556 :
1553 509 1698 578 Ergo
1733 525 1804 562 ne

219 591 346 645 nihil
377 590 652 646 habemus
682 591 810 645 hic?
837 593 993 647 Tunc
1031 593 1166 647 dicit
1206 610 1352 649 unus
1391 612 1582 650 eorum
1615 615 1626 649 :
1661 597 1804 652 Vere

221 679 344 733 nihil
397 679 693 747 habemus,
737 681 846 734 nisi
885 697 1055 735 unam
1101 683 1399 753 siliginem,
1445 702 1612 755 quam
1650 687 1805 741 dedit

222 774 339 822 ante
367 768 510 822 duos
537 769 659 822 dies
688 769 930 835 Christo,
954 776 1007 824 et
1037 771 1217 841 ipsam
1243 789 1355 826 non
1383 774 1712 828 voluntarie.
1735 777 1804 830 Et

219 856 561 912 mittentibus
591 857 673 912 eis
701 858 1000 928 siliginem,
1024 861 1315 930 aequalitas
1339 861 1484 916 facta
1511 870 1614 917 est.
1647 865 1802 918 Tunc

218 945 396 999 dicunt
427 946 740 1000 teloneario
770 947 828 1000 hi
855 948 950 1018 qui
982 956 1368 1020 apparuerunt
1397 951 1446 1004 ei
1476 951 1755 1006 candidati
1785 971 1796 1006 :

218 1033 374 1097 Vade,
408 1041 469 1088 et
497 1051 646 1104 auge
676 1035 746 1088 ad
776 1035 1056 1106 Siliginem
1086 1037 1247 1104 hanc,
1295 1055 1426 1092 nam
1465 1056 1592 1094 vere
1622 1041 1801 1096 Mauri

217 1122 298 1176 isti
315 1129 368 1176 te
388 1123 838 1194 apprehendent.
863 1125 1092 1195 Ejulans
1118 1143 1270 1196 ergo,
1293 1128 1520 1198 agnovit
1539 1145 1660 1199 quae
1684 1130 1802 1184 visa

214 1219 333 1265 sunt
359 1211 432 1265 ab
461 1229 529 1266 eo
560 1229 673 1267 non
701 1230 823 1267 esse
854 1214 1161 1280 mendacia,
1196 1215 1292 1269 sed
1326 1217 1563 1270 verazia.
1597 1217 1799 1272 Omnia

213 1317 327 1354 vero
368 1318 497 1372 quae
531 1317 566 1354 a
591 1303 884 1371 juventute
914 1319 1016 1356 sua
1051 1304 1426 1370 commiserat,
1468 1311 1525 1358 et
1561 1323 1799 1376 quorum

213 1389 315 1458 ipse
335 1396 465 1443 erat
489 1389 716 1455 oblitus,
731 1390 952 1445 videbat
971 1391 1264 1463 Ethiopes
1285 1393 1409 1447 illos
1433 1411 1793 1464 congregare,

213 1485 260 1531 et
296 1478 601 1549 deportare
633 1480 705 1533 ad
752 1479 971 1544 librum,
1017 1486 1074 1534 et
1119 1481 1340 1535 dicebat
1373 1501 1384 1535 :
1419 1483 1566 1536 Vave
1599 1482 1720 1550 (63:,
1752 1485 1800 1538 si

211 1581 308 1620 una
333 1566 506 1637 siligo
539 1584 708 1638 quam
734 1569 940 1638 jactavi
967 1585 1067 1639 per
1096 1569 1341 1624 furorem
1378 1571 1457 1624 ita
1488 1571 1716 1642 profuit,
1766 1590 1802 1626 a

212 1656 425 1724 quantis
460 1656 628 1710 malis
656 1673 716 1710 se
745 1657 947 1711 liberat
973 1658 1070 1728 qui
1100 1658 1198 1712 dat
1227 1659 1285 1712 in
1315 1659 1670 1730 simplicitate
1695 1677 1799 1715 sua

1887 509 2236 564 venientibus
2274 509 2562 572 ambobus,
2604 511 2740 564 dicit
2781 511 2829 568 ei
2859 512 3114 565 notarius
3145 531 3155 564 :
3189 512 3336 566 Audi
3367 529 3475 578 me,

1885 598 2050 660 Zolle,
2079 603 2135 652 et
2164 615 2286 652 eme
2311 615 2530 652 servum
2555 600 2898 670 unum,quia
2911 600 3087 654 habeo
3107 606 3223 654 tam
3244 599 3473 667 bonum,

1885 690 1950 740 ut
1969 687 2119 740 dicat
2139 688 2305 741 homo
2328 687 2474 758 quod
2507 687 2772 757 patricius
2803 689 2877 742 sit
2929 689 2998 742 Et
3023 690 3257 743 audiens
3282 689 3480 760 argen-

1885 775 2061 829 tarius
2093 777 2239 846 quod
2265 793 2488 829 servum
2521 776 2770 842 haberet,
2805 778 3111 832 admiratus
3137 785 3240 844 est,
3268 785 3325 832 et
3343 779 3480 833 dicit

1884 864 1934 916 ei
1966 883 1977 917 :
2005 865 2186 918 Crede
2210 865 2366 919 mihi.
2395 865 2526 934 quia
2549 881 2660 918 non
2691 865 2946 934 possideo
2976 867 3124 920 unde
3150 884 3334 921 emere
3355 884 3478 938 pos-

1885 952 2012 1006 sim.
2044 952 2189 1006 Dicit
2217 953 2266 1005 ei
2297 969 2521 1006 rursum
2555 953 2806 1006 notarius
2832 971 2842 1005 :
2883 955 3081 1024 Accipe
3112 961 3388 1020 mutuum,
3423 962 3480 1010 et

1885 1057 2007 1094 eme
2039 1057 2187 1106 eum,
2213 1042 2452 1096 multum
2471 1041 2621 1094 enim
2652 1048 2738 1094 est
2758 1040 2953 1104 bonus,
2984 1048 3040 1094 et
3067 1042 3354 1096 benedicet
3373 1043 3476 1097 tibi

1884 1130 2034 1183 Deus
2056 1146 2157 1200 per
2172 1147 2299 1183 eum
2315 1175 2326 1186 .
2358 1129 2650 1200 Acquievit
2671 1147 2804 1199 ergo
2833 1130 2904 1194 ei,
2923 1135 2977 1183 et
2999 1131 3138 1183 emit
3155 1147 3284 1184 eum
3303 1133 3478 1186 sordi-

1882 1217 1966 1271 dis
1978 1217 2223 1271 vestibus
2241 1218 2520 1284 indutum,
2546 1217 2980 1272 numismatibus
3007 1219 3257 1287 triginta.
3293 1220 3477 1274 Relin-

1883 1323 2057 1376 quens
2087 1313 2278 1360 autem
2303 1324 2430 1361 eum
2448 1307 2717 1371 notarius,
2743 1306 2879 1360 abiit
2909 1307 3473 1378 Constantinopolim,

1882 1394 2226 1448 satisfaciens
2249 1396 2395 1465 quod
2426 1396 2563 1449 nulli
2593 1396 2695 1449 hoc
2717 1395 3118 1462 manifestaret,
3153 1402 3208 1448 et
3230 1396 3378 1466 quod
3407 1397 3476 1451 de

1881 1483 2061 1552 pretio
2079 1500 2431 1554 nequaquam
2445 1485 2549 1538 sibi
2566 1483 2858 1538 retinendo
2871 1485 3082 1555 aliquid
3096 1485 3472 1552 defraudaret,

1883 1571 1978 1625 sed
2024 1573 2126 1626 hoc
2173 1579 2353 1627 totum
2395 1573 2734 1645 pauperibus
2775 1573 2952 1627 daret.
2991 1575 3134 1643 Ergo
3174 1574 3477 1644 aliquando

1880 1659 2033 1714 idem
2066 1661 2266 1715 Petrus
2312 1663 2609 1732 coquinam
2651 1661 2886 1716 faciebat
2924 1661 3151 1715 domino
3197 1679 3320 1729 suo,
3368 1663 3473 1716 ali-

210 1741 340 1797 bona
372 1744 807 1815 indigentibus?
834 1746 904 1800 Et
945 1746 1013 1800 de
1052 1752 1250 1801 caetero
1297 1747 1375 1801 ita
1410 1749 1694 1803 modestus
1743 1755 1860 1830 etB
1882 1749 2105 1818 quando
2135 1755 2323 1807 autem
2361 1750 2584 1804 lavabat
2627 1767 2843 1820 pannos
2873 1752 3013 1820 ejus,
3047 1767 3334 1821 nunquam
3368 1752 3472 1805 ali-

210 1833 443 1903 prudens
469 1841 637 1904 atque
667 1850 921 1888 summus
943 1835 1389 1906 eleemosynabor
1408 1836 1585 1892 factus
1607 1842 1711 1906 est,
1735 1844 1799 1892 ut

211 1921 364 1975 etiam
391 1922 619 1992 corpori
650 1923 873 1993 proprio
902 1939 1014 1977 non
1041 1930 1319 1994 parceret.

270 2010 522 2081 Contigit
532 2011 684 2064 enim
695 2011 997 2082 aliquando
1008 2003 1316 2067 secundum
1336 2015 1795 2070 consuetudinem

211 2098 500 2168 procedere
526 2115 658 2153 eum
701 2099 945 2155 diluculo
976 2101 1047 2154 ad
1097 2101 1400 2167 teloneum,
1437 2108 1494 2156 et
1532 2103 1717 2157 obviat
1745 2104 1796 2158 ei

210 2195 388 2250 nauta,
418 2187 516 2258 qui
544 2204 581 2240 a
599 2187 892 2259 naufragio
919 2189 1104 2243 nudus
1129 2195 1192 2243 ut
1217 2196 1383 2244 natus
1409 2196 1493 2244 est
1513 2198 1792 2258 evaserat;

209 2281 256 2328 et
275 2275 475 2330 cecidit
496 2282 632 2331 ante
657 2293 804 2342 eum,
855 2293 1059 2348 rogans
1087 2283 1152 2332 ut
1195 2279 1597 2349 protectionem
1647 2281 1796 2351 apud

210 2379 319 2417 eum
345 2365 700 2436 impetraret.
724 2365 827 2419 Hic
846 2382 978 2436 ergo
997 2372 1201 2436 putans
1223 2367 1372 2437 quod
1397 2384 1607 2438 egenus
1627 2375 1792 2435 esset,

210 2452 526 2522 exspoliavit
571 2470 632 2508 se
679 2454 1036 2524 eSGphorium
1076 2453 1189 2521 (6i)
1244 2471 1430 2521 suum,
1467 2457 1615 2527 quod
1646 2457 1796 2512 illius

209 2539 396 2595 melius
423 2548 569 2608 erat,
603 2548 661 2596 et
689 2542 787 2596 dat
804 2543 876 2608 ei,
904 2543 1230 2613 rogavitque
1261 2560 1389 2598 eum
1422 2550 1487 2598 ut
1531 2545 1635 2599 hoc
1676 2547 1795 2617 ipse

210 2630 516 2685 vestiretur.
552 2629 802 2701 Pergens
832 2647 962 2684 vero
1010 2630 1104 2684 ille
1152 2636 1206 2684 et
1246 2631 1577 2686 erubescens
1605 2634 1795 2688 vestiri

209 2715 315 2782 hoc,
351 2718 510 2773 dedit
539 2718 679 2772 illud
699 2719 973 2772 venditori
1002 2725 1063 2773 ut
1086 2719 1535 2775 venumdaretur.
1571 2722 1641 2776 Et
1667 2739 1795 2776 cum

212 2805 488 2860 recederet
508 2805 869 2871 telonearius,
884 2806 1021 2860 vidit
1041 2805 1147 2860 hoc
1166 2823 1519 2878 suspensum,
1534 2815 1590 2864 et
1607 2810 1795 2865 trista-

209 2899 288 2947 tus
331 2901 421 2950 est
462 2894 856 2962 vehementer;
890 2899 948 2949 et
988 2895 1292 2950 ascendens
1336 2895 1564 2952 domum
1609 2915 1788 2966 suam,

209 2982 335 3037 nihil
375 2999 578 3055 passus
609 2975 695 3038 est
719 2989 977 3055 gustare;
1005 2983 1101 3038 sed
1125 2984 1390 3039 claudens
1429 2987 1632 3041 ostium
1660 3004 1794 3042 con-

1882 1838 2104 1906 quando
2135 1838 2191 1892 in
2223 1837 2469 1909 quolibet
2500 1840 2700 1893 horum
2737 1844 3010 1892 assuetus.
3041 1839 3255 1892 Afflixit
3281 1845 3472 1893 autem

1880 1925 2128 1996 seipsum
2159 1934 2216 1980 et
2237 1927 2455 1996 jejunio
2483 1928 2678 1982 multo.
2717 1927 2856 1982 Cum
2893 1943 3021 1980 vero
3043 1927 3272 1982 vidisset
3299 1944 3358 1981 se
3381 1927 3472 1982 be-

1879 2014 2059 2068 nedici
2090 2016 2352 2069 dominus
2384 2017 2505 2085 ejus
2543 2033 2712 2086 super
2741 2032 2963 2070 omnem
3003 2015 3470 2080 benedictionem,

1878 2102 2013 2156 dicit
2037 2103 2106 2168 ei,
2141 2104 2547 2158 verecundatus
2578 2121 2863 2158 enormem
2880 2105 3001 2174 ejus
3023 2104 3285 2159 virtutem
3302 2112 3360 2159 et
3373 2105 3474 2158 hu-

1878 2192 2174 2246 militatem
2195 2211 2206 2246 :
2226 2193 2384 2257 Volo,
2403 2193 2631 2248 humilis
2650 2195 2832 2257 Petre,
2860 2193 3098 2246 liberare
3113 2199 3188 2246 te.
3214 2198 3271 2246 et
3302 2199 3366 2247 ut
3389 2193 3468 2247 sis

1877 2280 1947 2333 de
1977 2281 2193 2352 reliquo
2215 2282 2390 2335 frater
2409 2299 2586 2336 meus.
2611 2282 2711 2338 Ille
2742 2298 2872 2336 vero
2893 2282 3089 2335 noluit.
3110 2281 3342 2335 Viderat
3367 2297 3471 2336 au-

1875 2372 1992 2421 tem
2021 2384 2151 2422 eum
2189 2368 2511 2440 frequenter
2529 2369 2774 2424 convicia
2809 2369 3075 2440 perferre,
3106 2375 3162 2422 et
3188 2369 3403 2439 percuti
3431 2386 3467 2422 a

1877 2456 2158 2510 conservis
2179 2457 2316 2511 suis.
2342 2456 2636 2512 Habebant
2647 2465 2833 2512 autem
2853 2474 2981 2512 eum
2995 2464 3264 2528 tanquam
3281 2473 3470 2511 amen-

1877 2548 2011 2609 tem,
2039 2544 2120 2598 ita
2150 2551 2215 2598 ut
2237 2550 2294 2600 et
2316 2562 2520 2600 nomen
2551 2547 2599 2600 ei
2630 2547 2985 2617 imponerent
3009 2547 3265 2599 Amentis
3317 2547 3469 2609 Quo-

1876 2633 2227 2703 tiescumque
2266 2651 2400 2704 ergo
2450 2633 2797 2688 tribulabant
2825 2651 2952 2689 eum
2996 2633 3246 2688 conservi
3273 2634 3381 2698 sui,
3415 2639 3472 2687 et

1878 2720 2192 2776 dormiebat
2208 2721 2267 2776 in
2287 2721 2666 2788 tribulatione,
2691 2722 2998 2794 apparebat
3015 2721 3066 2776 ei
3088 2723 3184 2792 qui
3203 2722 3261 2775 in
3285 2721 3472 2775 Africa

1875 2808 1955 2861 illi
1997 2816 2355 2880 apparuerat,
2385 2811 2618 2864 vestitus
2667 2810 2961 2881 esophorio
3005 2812 3146 2880 ejus,
3180 2815 3377 2865 tenens
3416 2816 3475 2864 et

1877 2896 1975 2950 illa
2007 2897 2240 2968 triginta
2287 2899 2630 2952 numismata
2669 2899 2726 2953 in
2771 2915 2960 2965 manu,
2995 2898 3186 2953 dicens
3216 2901 3263 2952 ei
3299 2917 3309 2951 :
3343 2898 3471 2954 Noli

1875 2992 2110 3040 moestus
2140 3002 2281 3051 esse,
2316 2988 2490 3041 irater
2528 2988 2710 3051 Petre,
2747 3003 2849 3058 ego
2879 2988 3098 3058 suscepi
3123 2993 3180 3041 et
3219 2987 3466 3058 pretium

210 3069 368 3126 clavis
389 3073 498 3137 sui,
537 3078 719 3138 I90
750 3070 981 3126 sedebat
1010 3073 1236 3144 plorans
1257 3080 1315 3128 et
1341 3074 1615 3144 cogitans:
1653 3074 1977 3144 Quiactui,
2013 3073 2109 3128 sed
2140 3080 2395 3129 sustenta
2425 3091 2601 3144 usque
2631 3075 2765 3129 dum
2795 3075 3166 3145 cognoscaris.

206 3174 303 3214 non
355 3159 435 3215 fui
466 3161 696 3231 dignus,
727 3160 930 3231 inquit,
957 3167 1022 3216 ut
1063 3161 1174 3215 mei
1203 3162 1530 3216 memoriam
1560 3163 1794 3220 haberet

209 3265 424 3318 egenus.
462 3249 604 3304 Cum
636 3265 770 3320 ergo
791 3249 1133 3313 anxiaretur,
1168 3249 1538 3318 obdormivit;
1569 3258 1627 3306 et
1664 3269 1791 3307 ecce

205 3336 330 3392 vidit
363 3336 670 3409 quemdam
717 3338 1027 3409 speciosum
1057 3344 1347 3409 tamquam
1377 3340 1572 3406 solem,
1603 3340 1789 3395 feren-

207 3431 306 3480 tem
327 3442 556 3481 crucem
575 3442 747 3498 super
774 3432 943 3498 caput
964 3443 1128 3482 suum
1157 3433 1214 3481 et
1242 3427 1618 3498 esOphorium,
1640 3429 1789 3500 quod

207 3511 427 3570 dederat
453 3522 660 3578 nautae,
695 3515 1049 3570 assistentem
1075 3513 1180 3569 sibi
1202 3521 1259 3569 et
1285 3515 1563 3570 dicentem
1599 3535 1612 3572 :
1641 3518 1787 3581 Quid

207 3601 398 3671 ploras,
462 3604 688 3658 domine
737 3604 940 3658 Petre"?
977 3604 1096 3658 Hoc
1125 3603 1274 3658 enim
1303 3612 1426 3658 erat
1463 3605 1513 3659 ei
1560 3621 1782 3660 nomen.

208 3689 295 3744 Ille
321 3707 456 3746 vero
485 3691 645 3753 dixit,
676 3696 741 3746 ut
768 3691 838 3746 ad
879 3692 1057 3745 Deum
1105 3691 1398 3762 disputans
1431 3709 1443 3745 :
1477 3692 1638 3759 Quia,
1672 3693 1786 3748 Do-

209 3778 364 3844 mine,
397 3795 463 3835 ex
495 3779 699 3851 quibus
727 3779 950 3850 largiris
987 3777 1164 3846 nobis,
1196 3779 1394 3834 damus
1431 3781 1614 3847 alicui,
1643 3788 1700 3836 et
1727 3781 1788 3836 in

210 3870 360 3940 turpe
405 3867 628 3924 lucrum
661 3875 885 3923 vertunt
921 3867 1282 3939 accipientes.
1327 3869 1483 3924 Tunc
1517 3869 1652 3924 dicit
1687 3869 1737 3924 ei
1771 3887 1783 3924 :

212 3954 499 4027 Cognoscis
524 3956 670 4012 hoc?
700 3956 768 4011 Et
793 3955 1040 4012 ostendit
1065 3956 1117 4011 ei
1147 3956 1279 4027 quia
1307 3957 1531 4012 deintus
1554 3958 1788 4012 vestitus

210 4053 342 4100 esset
370 4047 495 4118 ejus
520 4045 836 4117 esophorio.
865 4044 1012 4100 Dicit
1032 4045 1110 4099 ei:
1145 4045 1280 4100 Ecce
1311 4061 1416 4116 ego
1444 4045 1538 4099 illo
1561 4046 1782 4113 vestior,

209 4149 269 4187 ex
299 4150 403 4206 quo
448 4134 656 4190 dedisti
702 4133 842 4188 mihi
869 4133 998 4202 hoc;
1043 4138 1100 4188 et
1125 4133 1336 4203 gratias
1381 4149 1486 4204 ago
1513 4134 1785 4189 voluntati

210 4227 309 4278 tua
336 4222 514 4290 bona,
548 4223 817 4294 quoniam
838 4221 1044 4292 frigore
1071 4221 1380 4292 aï¬‚ligebar,
1422 4230 1479 4277 et
1505 4229 1567 4277 tu
1593 4239 1787 4294 coope-

210 4311 358 4367 ruisti
385 4328 502 4370 me.
542 4311 631 4366 Ad
655 4327 716 4366 se
759 4327 890 4381 ergo
937 4325 1214 4375 reversus,
1255 4311 1565 4366 admiratus
1593 4318 1696 4378 est,
1731 4317 1788 4365 et

1944 3162 2078 3216 Post
2106 3162 2330 3232 aliquod
2353 3179 2480 3215 vero
2509 3168 2751 3233 tempus,
2777 3170 3050 3216 venerunt
3071 3178 3106 3214 a
3134 3162 3316 3232 patria
3345 3163 3466 3232 ejus

1874 3249 2102 3320 quidam
2135 3250 2350 3320 argenti
2383 3249 2720 3309 venditores,
2749 3256 2814 3304 ut
2842 3255 3072 3304 orarent
3092 3251 3161 3302 ad
3190 3250 3312 3303 loca
3341 3265 3467 3303 san-

1870 3344 1979 3405 cta;
2000 3345 2056 3392 et
2075 3338 2332 3392 invitavit
2344 3354 2438 3392 eos
2450 3337 2520 3392 ad
2531 3338 2829 3409 prandium
2849 3337 3109 3391 dominus
3129 3337 3343 3392 domini
3365 3339 3464 3392 Pe-

1868 3425 1968 3492 tri;
1995 3432 2053 3479 et
2070 3443 2197 3481 cum
2223 3426 2587 3491 ministraret,
2609 3427 2799 3480 statim
2818 3426 2913 3479 ille
2935 3426 3194 3496 cognovit
3212 3442 3326 3482 eos.
3350 3426 3464 3496 Ipsi

1869 3518 2056 3568 autem
2073 3515 2206 3569 dum
2229 3515 2585 3586 pranderent,
2603 3520 2892 3586 eteperunt
2911 3514 3212 3584 afï¬gurare
3233 3530 3382 3579 eum,
3406 3519 3462 3567 et

1868 3601 2106 3658 invicem
2119 3603 2190 3657 ad
2213 3619 2377 3657 aures
2397 3603 2580 3657 dicere
2604 3623 2619 3657 :
2643 3603 2822 3667 Quam
2845 3603 3057 3656 similat
3076 3589 3216 3673 puer
3237 3602 3344 3656 iste
3369 3603 3464 3656 do-

1869 3691 2021 3745 mino
2041 3692 2208 3745 Petro
2225 3691 2550 3746 teloneario.
2571 3692 2670 3745 llle
2686 3707 2815 3745 vero
2836 3689 3165 3754 occultabat,
3188 3697 3461 3760 quantum

1868 3786 2105 3849 poterat,
2141 3780 2357 3834 vultum
2395 3796 2582 3836 suum.
2626 3781 2838 3834 Iterum
2869 3795 3000 3849 ergo
3044 3777 3464 3833 comedentibus

1869 3869 1970 3934 eis,
2004 3875 2294 3939 coeperunt
2320 3869 2502 3923 dicere
2543 3867 2613 3922 ad
2647 3885 2775 3922 eum
2815 3867 2911 3939 qui
2951 3884 3046 3922 eos
3078 3867 3412 3922 invitaverat
3445 3885 3458 3921 :

1869 3956 2013 4010 Vere
2043 3963 2326 4027 putamus,
2358 3973 2448 4010 res
2467 3955 2568 4010 tibi
2597 3972 2803 4026 magna
2823 3955 3024 4020 evenit,
3052 3955 3277 4009 domine
3292 3955 3460 4023 Zoile;

1870 4044 2096 4110 etenim,
2130 4045 2238 4098 nisi
2269 4061 2543 4106 erramus,
2575 4043 2857 4116 publicam
2888 4060 3184 4114 personam
3211 4045 3270 4097 in
3300 4043 3465 4097 mini-

1869 4133 2040 4187 sterio
2060 4138 2158 4187 tuo
2181 4131 2372 4187 habes.
2405 4133 2602 4203 Neque
2618 4133 2767 4186 enim
2798 4130 3047 4186 sciebant
3070 4131 3296 4198 certius,
3331 4131 3465 4202 quia

1870 4227 1992 4276 erat
2019 4221 2088 4275 de
2119 4221 2359 4292 coquina
2389 4227 2446 4275 et
2466 4220 2684 4290 jejunio
2713 4224 3091 4274 commutatus
3111 4220 3297 4274 vultus
3317 4221 3459 4289 ejus.

1868 4310 1977 4364 Diu
1997 4309 2176 4379 igitur
2205 4307 2688 4363 considerantibus
2728 4323 2874 4372 eum,
2907 4306 3042 4360 dicit
3071 4323 3216 4360 unus
3246 4323 3312 4360 ex
3335 4307 3417 4359 eis
3443 4325 3455 4359 :

211 4401 359 4470 coepit
384 4400 707 4456 beatiï¬care
731 4415 935 4470 egenos
964 4403 1022 4453 et
1063 4398 1246 4454 dicere
1275 4417 1287 4453 :
1321 4399 1469 4454 Vivit
1491 4399 1781 4467 Dominus,
1805 4397 1852 4455 D
1870 4398 2013 4452 Vere
2042 4396 2301 4452 dominus
2343 4397 2543 4450 Petrus
2585 4401 2686 4459 est,
2723 4410 2947 4465 surgam
2976 4399 3034 4448 et
3058 4393 3261 4448 tenebo
3291 4409 3447 4449 eum.

210 4487 256 4564 si
276 4488 464 4563 inopes
505 4489 765 4544 Christus
793 4504 952 4544 meus
983 4492 1134 4555 sunt,
1168 4503 1282 4543 non
1300 4488 1529 4557 moriar,
1559 4495 1618 4544 et
1652 4489 1786 4544 tiam

210 4579 464 4650 tanquam
493 4593 644 4633 unus
671 4593 738 4633 ex
767 4577 875 4634 eis.

272 4667 548 4722 Accersito
569 4682 702 4721 vero
730 4665 948 4720 notario
977 4681 1100 4731 suo,
1125 4681 1292 4737 quem
1312 4671 1370 4721 et
1395 4671 1628 4731 emerat,
1652 4665 1788 4722 dicit

211 4750 257 4804 ei
282 4771 295 4806 :
326 4755 617 4810 Secretum
645 4755 772 4809 volo
798 4753 1024 4809 credere
1053 4753 1188 4820 tibi;
1224 4759 1280 4808 et
1303 4753 1485 4820 crede,
1513 4754 1560 4808 si
1589 4770 1788 4826 propa-

212 4838 391 4897 laveris
420 4859 535 4910 me,
567 4841 821 4898 barbaris
848 4841 1086 4897 vendam
1106 4847 1180 4908 te,
1208 4847 1308 4896 aut
1322 4842 1369 4896 si
1397 4857 1510 4897 non
1539 4843 1786 4898 audieris

211 4943 312 4983 me.
328 4929 434 4987 Dat
457 4947 593 4987 vero
605 4931 657 4986 ei
677 4930 869 4986 decem
896 4930 1068 4985 libras
1096 4929 1240 4997 auri,
1269 4936 1326 4985 et
1345 4930 1480 4986 dicit
1499 4931 1582 4985 ei:
1609 4929 1780 4996 Vade,

211 5022 264 5072 et
289 5034 402 5075 eme
416 5019 523 5076 tibi
541 5020 854 5090 negotium;
876 5026 934 5074 et
951 5035 1111 5074 sume
1128 5033 1236 5084 me,
1252 5031 1309 5074 et
1327 5019 1436 5073 duc
1454 5019 1514 5074 in
1534 5026 1786 5074 sanctam

209 5104 496 5172 civitatem,
527 5114 587 5163 et
621 5108 798 5163 vende
829 5123 920 5162 me
949 5105 1178 5162 cuilibet
1207 5106 1546 5174 Christiano,
1583 5113 1641 5161 et
1667 5123 1789 5178 pre-

210 5192 338 5249 tium
355 5196 428 5251 da
458 5195 820 5269 pauperibus.
844 5194 1079 5250 Notario
1105 5201 1293 5250 autem
1317 5199 1627 5261 recusante,
1655 5194 1790 5249 dicit

211 5280 259 5334 ei
286 5281 482 5340 iterum
505 5305 518 5340 :
552 5285 828 5349 Quoniam
849 5284 898 5338 si
919 5300 1010 5338 me
1046 5299 1159 5338 non
1178 5283 1512 5350 vendideris,
1532 5299 1635 5354 ego
1655 5298 1788 5337 ven-

213 5366 335 5424 dam
358 5381 414 5427 te
453 5371 730 5436 barbaris,
763 5378 827 5427 ut
861 5371 1090 5444 praedixi
1125 5371 1247 5426 tibi.
1291 5370 1552 5427 Obedivit
1579 5387 1712 5442 ergo
1738 5371 1790 5426 ei

229 5459 506 5530 notarius;
539 5459 1053 5534 etpervenientibus
1075 5459 1156 5516 eis
1175 5459 1247 5515 ad
1272 5466 1466 5515 sancta
1485 5460 1625 5528 loca,
1644 5459 1794 5514 inve-

211 5543 294 5600 nit
318 5546 461 5605 idem
474 5549 730 5606 notarius
751 5549 996 5606 amicum
1015 5562 1182 5604 suum
1195 5546 1447 5617 charum,
1463 5545 1691 5604 fabnum
1711 5562 1798 5602 ar-

1867 4485 2043 4540 Valde
2071 4485 2222 4540 enim
2241 4485 2548 4556 imperator
2565 4483 2817 4549 audiens,
2845 4481 3104 4537 tristatur
3129 4482 3197 4536 de
3220 4497 3303 4544 eo,
3329 4482 3463 4552 quia

1869 4574 2080 4629 dudum
2106 4589 2219 4628 non
2264 4572 2594 4645 comparuit.
2628 4572 2787 4627 Foris
2825 4571 3016 4643 itaque
3058 4577 3217 4625 stans
3248 4569 3463 4624 audivit

1869 4663 2016 4731 haec;
2048 4668 2105 4718 et
2133 4679 2347 4734 ponens
2367 4662 2614 4716 catinum
2640 4677 2674 4716 a
2692 4678 2771 4726 se,
2797 4676 2908 4715 non
2932 4665 3018 4714 est
3035 4659 3340 4729 ingressus,
3361 4657 3460 4712 sed

1870 4758 2022 4808 recto
2050 4767 2219 4806 cursu
2265 4751 2514 4806 cucurrit
2544 4749 2615 4804 ad
2647 4755 2887 4820 portam.
2921 4748 3055 4802 Erat
3077 4747 3262 4817 itaque
3285 4745 3336 4800 ei
3365 4745 3460 4817 qui

1869 4857 1998 4896 eum
2030 4850 2166 4896 tunc
2193 4839 2436 4894 habebat
2467 4837 2729 4894 ostiarius
2759 4843 2948 4890 mutus
2981 4842 3039 4890 et
3062 4834 3267 4889 surdus
3297 4850 3331 4887 a
3357 4849 3460 4888 na-

1868 4929 2106 4994 tivitate,
2141 4928 2237 5000 qui
2268 4944 2368 4999 per
2396 4934 2596 4982 nutum
2625 4931 2816 4979 tamen
2840 4922 3129 4994 aperiebat
3157 4929 3214 4977 et
3241 4922 3463 4977 claude-

1868 5017 1984 5072 bat.
2018 5017 2312 5071 Festinans
2342 5031 2477 5084 ergo
2497 5030 2690 5070 servus
2720 5013 2820 5068 Dei
2850 5011 3020 5078 exire,
3051 5011 3185 5065 dicit
3209 5011 3378 5065 surdo
3407 5015 3464 5065 et

1871 5110 2045 5160 muto:
2069 5104 2192 5160 Tibi
2219 5104 2340 5158 dico
2368 5103 2426 5157 in
2457 5102 2684 5157 nomine
2716 5101 2941 5156 Christi.
2975 5101 3074 5154 Ille
3099 5115 3228 5153 vero
3251 5098 3464 5153 audivit

1869 5193 2083 5258 statim,
2115 5199 2172 5247 et
2191 5192 2335 5246 dixit
2359 5209 2370 5246 :
2397 5191 2600 5256 Etiam,
2632 5189 2878 5244 domine.
2903 5189 3116 5243 Iterum
3129 5204 3260 5242 vero
3284 5185 3462 5240 illead

1870 5297 2038 5337 eum:
2069 5280 2258 5352 Aperi.
2291 5279 2598 5350 Respondit
2627 5284 2816 5332 mutus
2845 5283 2902 5331 et
2929 5277 3131 5331 surdus
3165 5275 3410 5331 secundo
3445 5291 3457 5326 :

1872 5371 2006 5441 Ego,
2034 5369 2280 5424 domine.
2313 5369 2515 5423 Statim
2537 5383 2668 5438 ergo
2693 5366 2952 5433 surrexit,
2976 5373 3033 5420 et
3052 5365 3273 5436 aperuit
3290 5364 3362 5418 ei.
3395 5363 3466 5417 Et

1875 5464 2111 5513 exeunte
2140 5473 2224 5523 eo,
2259 5455 2429 5512 subiit
2451 5455 2733 5523 ostiarius,
2760 5461 2818 5511 et
2843 5454 3106 5509 clamavit
3132 5468 3320 5507 coram
3349 5465 3466 5504 om-

1877 5544 2044 5602 nibus
2066 5543 2318 5616 gaudens
2360 5549 2420 5600 et
2447 5543 2730 5612 exultans;
2763 5542 2896 5614 quia
2923 5539 3137 5597 audivit
3163 5545 3217 5594 et
3245 5539 3462 5593 locutus
