3942 6200
356 2337 359 2340 ’
445 2329 802 2385 facultatibus
851 2325 1056 2382 nostris
1105 2326 1238 2379 dare
1295 2324 1514 2378 Christo
1557 2329 1615 2376 et
1653 2321 1844 2392 egenis
1873 2325 2042 2390 atque

447 257 554 317 359
1470 249 1563 304 DE
1599 248 1788 303 VITIS
1826 247 2121 303 PATRUM
2159 249 2373 304 LIBER
2413 251 2702 306 PRIMUS.
3582 260 3669 319 360

446 392 550 450 est,
584 383 841 444 Domine,
873 377 1124 434 Domine.
1159 378 1332 430 Porro
1364 372 1621 429 omnibus
1644 370 1738 441 qui
1762 370 1818 423 in
1841 370 2100 427 eademA
2123 370 2256 440 quia
2285 388 2460 442 usque
2507 373 2673 426 hodie
2703 372 2968 443 putabam
3000 374 3146 444 quod
3190 376 3270 429 vel
3324 377 3517 448 aliquid
3545 381 3668 436 face-

446 475 612 530 domo
644 476 805 526 erant
827 466 1157 540 perterritis,
1201 465 1466 536 quoniam
1493 460 1797 515 audiebant
1815 475 1941 512 eum
1973 459 2048 512 lo-
2129 476 2268 524 rem,
2298 461 2444 514 datis
2470 478 2608 531 quas
2628 461 2833 515 habere
2856 480 3080 532 possum
3102 465 3372 534 pecuniis;
3395 469 3668 525 nesciebam

450 569 734 634 quentem,
780 560 981 612 iterum
1038 556 1174 610 dicit
1227 555 1318 607 ille
1365 552 1645 623 quondam
1685 555 1910 601 mutus:
1948 548 2045 601 Ille
2128 553 2316 602 autem
2355 551 2502 619 quod
2533 555 2590 603 et
2617 551 2828 622 seipsos
2850 552 3169 617 venderent,
3204 554 3432 623 quadam
3460 573 3672 628 compas-

451 654 544 723 qui
575 646 869 720 coquinam
902 644 1153 708 faciebat,
1199 642 1331 697 exiit
1360 657 1610 697 currens,
1647 639 1742 692 sed
1768 639 1948 690 videte
1975 653 2044 690 ne
2126 636 2280 690 sione
2306 639 2571 708 superati.

449 742 588 794 forte
620 739 751 808 fuga
779 737 967 806 lapsus
999 734 1090 794 sit,
1125 748 1362 801 magnus
1393 730 1541 782 enim
1584 744 1774 781 servus
1804 726 1904 779 Dei
1935 731 2036 778 est.
2196 726 2326 779 CAP.
2351 727 2552 781 XXIII.
2590 759 2654 766 —
2689 729 2920 799 Semper
2941 728 3166 798 quidem
3188 729 3486 784 honorabat
3507 749 3674 786 mona-

449 828 681 894 Quando
708 821 1198 885 discedebat,dixit
1229 820 1365 872 mihi
1392 838 1404 872 :
1435 818 1558 871 Tibi
1587 815 1784 870 dicoin
1814 814 2040 868 nomine
2123 815 2340 868 chicum
2373 816 2600 869 schema
2619 823 2843 870 sanctus
2873 817 2979 882 hic,
3011 824 3067 870 et
3093 817 3308 872 colebat
3335 825 3387 872 et
3415 823 3675 890 competie-

449 916 672 971 Domini
698 935 709 982 ;
744 920 799 968 et
830 930 957 966 mox
986 911 1097 963 \idi
1136 911 1204 962 de
1243 925 1339 961 ore
1381 909 1504 976 ejus
1545 911 1839 960 exeuntem
1871 905 2034 955 llam-
2125 901 2310 969 batur,
2342 903 2434 956 ubi
2458 905 2697 958 maxime
2727 905 3032 976 aspiciebat
3062 907 3387 960 monachum
3409 911 3676 978 corporali-

449 1022 622 1070 mam,
653 1010 710 1058 et
737 1005 1063 1071 tangentem
1111 1014 1273 1052 aures
1303 1013 1454 1049 meas
1479 1015 1488 1042 :
1521 1000 1577 1048 et
1605 994 1795 1047 statim
1834 991 2039 1056 audivi,
2126 990 2229 1044 bus
2263 992 2596 1047 utilitatibus
2626 1002 3012 1064 angustatum.
3049 995 3301 1048 Habebat
3323 1002 3499 1050 autem
3518 999 3679 1051 ethoc

448 1101 505 1148 et
534 1095 752 1147 locutus
792 1107 935 1144 sum.
987 1090 1056 1141 Et
1099 1093 1260 1151 ιεη
1321 1085 1638 1138 exsilientes
1664 1089 1721 1135 et
1749 1095 2044 1151 sequentes
2126 1097 2294 1150 super
2325 1082 2529 1135 multos
2579 1084 2938 1153 przecipuum,
2972 1084 3105 1154 quia
3144 1085 3538 1138 accusationem
3568 1103 3680 1156 qua-

451 1200 580 1238 cum
611 1180 814 1240 cuncti,
840 1177 1074 1232 ulterius
1103 1191 1214 1228 non
1246 1175 1504 1226 viderunt
1530 1189 1676 1225 eum.
1700 1172 1853 1224 Tunc
1874 1169 2046 1240 poeni-
2132 1170 2510 1240 lemcumque,
2531 1171 2644 1225 sive
2667 1173 3013 1236 mendacem,
3037 1172 3152 1226 sive
3169 1190 3430 1240 veracem,
3456 1191 3556 1227 non
3575 1191 3678 1227 sus-

447 1271 684 1326 tentiam
707 1284 903 1322 omnes
935 1264 1192 1335 agebant,
1227 1263 1321 1332 qui
1351 1263 1408 1314 in
1451 1262 1615 1315 domo
1662 1261 1757 1312 illa
1786 1264 1963 1322 erant,
1989 1262 2047 1310 et
2128 1258 2370 1328 cipicbat
2406 1265 2598 1313 contra
2628 1261 2870 1330 aliquem
2894 1261 3370 1315 circumamictum
3393 1263 3679 1318 monachico

451 1361 568 1431 ipse
594 1357 853 1412 dominus
879 1357 998 1425 ejus
1031 1354 1126 1423 qui
1165 1353 1390 1406 Petrum
1432 1355 1663 1414 emerat,
1698 1348 1829 1418 quia
1857 1347 1916 1399 in
1945 1346 2044 1399 tali
2128 1347 2340 1400 habitu.
2376 1349 2560 1402 Semel
2586 1349 2733 1402 enim
2763 1349 2947 1403 evenit
2975 1366 3039 1402 ex
3068 1350 3406 1404 immissione
3443 1367 3679 1421 quorum-

454 1446 855 1502 exhonorantia
897 1442 1292 1498 humiliassent
1319 1456 1468 1503 eum,
1511 1445 1567 1492 et
1597 1437 1834 1491 maxime
1862 1435 1919 1488 hi
1947 1435 2043 1505 qui
2129 1436 2259 1489 dum
2305 1436 2746 1502 criminatorum,
2795 1438 3092 1508 pertulisse
3135 1455 3264 1492 eum
3305 1439 3504 1508 aliquid
3544 1439 3675 1492 tale:

451 1535 723 1591 vocabant
753 1551 879 1587 eum
911 1534 1224 1585 Amentem.
2126 1524 2378 1588 Quodam
2404 1527 2673 1580 monacho
2691 1534 2928 1597 gyrante
2948 1527 3240 1580 incivitate
3254 1543 3377 1581 cum
3399 1529 3569 1598 puella
3588 1545 3682 1580 una

522 1626 618 1678 Hae
650 1628 782 1676 sunt
809 1617 1115 1674 beatissimi
1156 1634 1187 1670 a
1217 1619 1330 1670 Deo
1379 1614 1636 1668 honorati
1690 1612 1920 1667 Joannis
1948 1628 2098 1687 pa-ﬁ
2120 1613 2437 1682 juvencula,
2465 1620 2522 1667 et
2541 1621 2763 1684 petente
2779 1615 3190 1686 eleemosynam
3214 1633 3315 1686 per
3335 1617 3449 1669 dies
3477 1616 3677 1687 aliquot,

450 1712 710 1767 triarchae
749 1709 1119 1763 narrationes.
1152 1707 1278 1759 Non
1310 1705 1490 1758 solum
1520 1703 1670 1756 enim
1711 1702 1780 1755 de
1798 1702 1912 1753 vita
1939 1678 2102 1754 suaB
2124 1702 2348 1771 quidam
2375 1703 2470 1773 qui
2502 1703 2604 1756 hoc
2617 1703 2886 1769 viderant,
2914 1705 3290 1762 scandalizati.
3320 1711 3375 1758 et
3394 1704 3682 1758 existiman-

448 1804 742 1854 contentus
763 1803 886 1850 erat
912 1795 1189 1849 volentem
1224 1794 1491 1863 proﬁcere
1522 1790 1814 1855 mdiﬁcare,
1848 1804 2044 1842 verum
2124 1795 2208 1844 tes
2241 1791 2388 1861 quod
2419 1792 2622 1846 mulier
2667 1793 2790 1861 ejus
2832 1799 2996 1856 esset,
3044 1795 3359 1847 attulerunt
3384 1793 3680 1863 patriarchae

449 1889 619 1943 etiam
636 1889 703 1940 de
729 1888 842 1940 Deo
861 1884 1105 1954 acceptis
1132 1888 1187 1936 et
1206 1881 1491 1935 veracibus
1521 1877 1884 1933 relationibus
1905 1876 2039 1941 suis,
2125 1885 2318 1933 contra
2343 1897 2472 1934 eum
2507 1881 2781 1951 querelas,
2807 1881 3056 1935 dicentes
3082 1900 3092 1934 :
3121 1883 3358 1952 Propter
3378 1881 3526 1952 quid,
3546 1882 3684 1934 aDeo

449 1984 507 2032 et
535 1975 756 2030 dicebat
775 1991 997 2043 semper
1023 1973 1139 2026 haec
1168 1970 1560 2024 audientibus:
1598 1968 1654 2022 Si
1676 1967 1898 2038 proprio
1920 1982 2045 2019 san-
2125 1968 2414 2034 honorate,
2457 1970 2690 2039 derogat
2730 1970 2858 2023 talis
2906 1971 3168 2040 angelicae
3216 1970 3539 2024 monachicae
3578 1970 3682 2022 vitae

449 2066 607 2137 guini
634 2080 746 2117 non
773 2068 1143 2133 pepercerunt
1173 2060 1399 2130 quidam
1429 2057 1739 2120 hominum,
1765 2055 1862 2109 sed
1893 2054 2042 2108 hunc
2125 2057 2416 2124 schemati,
2443 2058 2683 2128 puellam
2699 2059 3000 2129 quamdam
3018 2058 3230 2113 habens
3251 2059 3685 2112 mulierem?Mox

447 2154 726 2208 dederunt
749 2152 806 2204 in
837 2167 1038 2204 manus
1068 2150 1323 2212 Iratrum,
1357 2148 1469 2200 imo
1509 2144 1735 2207 Christi,
1763 2142 2040 2214 quomodo
2125 2163 2257 2216 ergo
2286 2147 2386 2201 Dei
2439 2147 2701 2213 famulus,
2753 2153 2958 2217 putans
2986 2147 3282 2217 prohibere
3321 2154 3507 2201 contra
3533 2148 3683 2200 Deum

446 2249 613 2314 putas
639 2257 742 2294 nos
771 2256 898 2294 cum
930 2239 1218 2292 alacritate
1252 2241 1309 2290 et
1335 2235 1653 2288 humilitate
1678 2232 1944 2286 debemus
1973 2231 2041 2284 de
2124 2235 2423 2289 commissa
2443 2241 2687 2305 peccata,
2735 2241 3004 2306 tanquam
3035 2235 3129 2305 qui
3155 2237 3224 2289 ad
3267 2237 3369 2289 hoc
3396 2235 3461 2289 ab
3481 2252 3540 2289 eo
3565 2240 3686 2288 esset

2124 2331 2435 2394 provectus,
2461 2324 3029 2394 praecepitmulierem
3054 2324 3280 2394 quidem
3310 2325 3536 2394 ﬂagellis
3552 2323 3681 2388 caedi,

2125 2417 2182 2466 et
2206 2413 2455 2483 separari
2484 2413 2553 2466 ab
2575 2429 2667 2479 eo;
2693 2412 2875 2482 ipsum
2892 2421 3079 2466 autem
3103 2411 3400 2478 verberari,
3430 2419 3484 2466 et
3509 2413 3561 2465 in
3583 2427 3686 2465 car-

2125 2517 2247 2554 cere
2273 2507 2483 2555 secreto
2507 2501 2740 2554 recludi.
2767 2502 2911 2554 Dum
2933 2518 3066 2570 ergo
3101 2518 3228 2554 cum
3253 2501 3404 2554 omni
3436 2501 3687 2555 celeritate

2116 2589 2295 2658 jussio
2341 2591 2517 2643 sancti
2553 2590 2610 2642 in
2642 2602 2784 2660 opus
2814 2589 3157 2660 procederet,
3187 2590 3447 2660 apparuit
3479 2589 3524 2642 ei
3551 2594 3687 2641 nocte

2121 2695 2222 2748 per
2244 2678 2422 2732 visum
2446 2679 2771 2742 monachus,
2797 2677 3094 2731 ostendens
3115 2678 3167 2731 ei
3191 2679 3419 2732 dorsum
3443 2694 3591 2731 suum
3609 2693 3689 2746 pu-

2121 2767 2414 2821 trefactum
2453 2771 2579 2832 (non
2611 2773 2901 2836 parcentes
2932 2767 3082 2820 enim
3110 2767 3255 2820 cecic-
3273 2773 3432 2820 erant
3460 2782 3576 2819 eum
3602 2765 3686 2818 Ec-

446 2417 806 2491 pauperibus,
839 2423 902 2469 ut
932 2412 1507 2484 recompensationem
1537 2411 1870 2480 recipiamus
1899 2424 1932 2461 a
1955 2408 2044 2478 ju-

450 2515 536 2562 sto
567 2513 624 2562 et
654 2505 971 2560 mercedum
1011 2503 1291 2556 redditore
1318 2502 1453 2566 Deo,
1485 2501 1544 2553 in
1585 2499 1680 2552 illa
1707 2498 1958 2552 timenda
1986 2501 2042 2549 et

448 2595 732 2650 horrenda
755 2591 1140 2648 retributionis
1161 2589 1286 2644 die?
1306 2590 1412 2652 Qui
1432 2605 1579 2641 nunc
1595 2587 1836 2641 seminat.
1853 2601 2036 2656 parce,

447 2699 612 2754 parce
647 2689 702 2736 et
727 2687 925 2746 metet,
961 2685 1018 2732 et
1060 2679 1155 2748 qui
1186 2677 1427 2730 seminat
1454 2677 1511 2728 in
1540 2673 2034 2738 benedictionibus,

446 2772 503 2827 id
530 2778 632 2838 est,
657 2771 810 2840 large
840 2775 897 2823 et
917 2765 1368 2837 magnanimiter,
1384 2763 1766 2834 multipliciter
1790 2768 1845 2816 et
1869 2765 2041 2814 metet

449 2862 530 2930 (ΙΙ
556 2861 676 2914 θον.
709 2863 810 2926 Ix);
840 2858 945 2911 hoc
968 2862 1070 2918 est,
1102 2854 1246 2908 bona
1267 2854 1360 2907 illa
1388 2851 1741 2907 haereditabit
1770 2867 1892 2921 quae
1920 2866 2040 2902 om-
2123 2855 2303 2909 clesiae
2324 2854 2662 2921 defensores)
2707 2855 2895 2908 dicens
2918 2854 2968 2907 ei
2999 2875 3009 2908 :
3044 2855 3127 2908 Ita
3150 2854 3336 2924 placet
3353 2853 3471 2920 tibi,
3497 2852 3688 2907 domine

452 2965 580 3002 nem
611 2953 854 3001 mentem
879 2943 1302 3000 transcendunt.
2123 2944 2471 3014 patriarcha;
2508 2943 2611 2996 hac
2663 2959 2778 2996 una
2820 2943 2934 2996 vice
2975 2943 3175 2996 errasti
3219 2948 3287 2996 ut
3321 2943 3508 3008 homo;
3550 2941 3688 2995 crede

517 3037 647 3092 Car.
685 3035 858 3089 XXII.
891 3066 952 3078 -—
985 3032 1257 3088 Omnibus
1285 3047 1417 3100 ergo
1447 3029 1612 3082 rectis
1642 3029 1891 3082 moribus
1931 3027 2036 3080 iste
2058 3028 2100 3088 C
2121 3033 2278 3098 mihi,
2313 3032 2445 3102 quia
2473 3032 2542 3086 de
2573 3032 2822 3102 proximo
2855 3037 2941 3084 est
2970 3031 3082 3084 vita
3113 3038 3169 3085 et
3199 3048 3369 3084 mars,
3403 3032 3470 3084 Et
3494 3030 3599 3084 haec
3623 3028 3690 3082 di-

447 3129 674 3179 sanctus
704 3123 1032 3187 adornatus,
1062 3137 1163 3174 nec
1191 3121 1295 3173 hoc
1314 3118 1570 3185 carebat;
1596 3117 1752 3170 valde
1783 3117 1932 3170 enim
1963 3115 2042 3168 di-
2124 3138 2271 3186 cens,
2305 3121 2552 3174 discessit
2584 3121 2653 3174 ab
2678 3137 2761 3174 eo.
2800 3121 2960 3174 Mane
2987 3125 3177 3173 autem
3198 3119 3365 3186 facto,
3398 3119 3688 3173 recordatus

440 3213 652 3285 ligabat
680 3212 864 3283 eloqui
893 3212 962 3266 de
987 3210 1201 3265 actibus
1231 3213 1553 3263 sanctorum
1586 3207 1836 3269 Patrum,
1864 3209 1920 3258 et
1948 3220 2037 3257 eo-

444 3320 571 3357 rum
601 3303 696 3373 qui
737 3302 1102 3371 eleemosynaa
1141 3299 1380 3353 cultores
1428 3296 1672 3350 fuerunt.
1709 3294 1868 3348 Unde
1910 3308 2037 3346 cum

441 3407 558 3445 una
582 3391 801 3444 dierum
833 3389 1094 3443 recitaret
1123 3387 1192 3440 de
1219 3386 1330 3439 vita
1361 3384 1538 3439 sancti
1567 3382 1905 3454 Serapionis,
1942 3382 2038 3452 qui

442 3469 748 3533 vocabatur
787 3477 1105 3540 Sindonius,
1159 3482 1217 3528 et
1262 3475 1537 3528 inveniret
1564 3489 1692 3526 eum
1725 3478 1806 3539 (ut
1841 3471 2032 3539 fertur)

447 3569 715 3623 amictum
745 3581 910 3619 suum
938 3564 1156 3617 dedisse
1195 3579 1368 3630 egeno
1395 3564 1654 3630 (Paliad.,
1689 3577 1804 3629 cap.
1837 3559 1948 3626 83),
1981 3565 2039 3612 et

444 3655 649 3710 iterum
681 3653 970 3725 paululum
989 3650 1321 3721 processisse
1341 3649 1511 3714 illinc,
1532 3655 1589 3702 et
1606 3649 1782 3718 frigus
1801 3648 2036 3719 patienti

447 3742 720 3806 obviasse,
763 3747 819 3795 et
847 3741 928 3794 illi
971 3738 1217 3794 tunicam
1249 3737 1566 3809 praebuisse,
1600 3744 1657 3791 et
1694 3738 1826 3808 quia
1853 3737 2037 3790 nudus

446 3830 692 3892 sedebat,
717 3834 915 3882 tenens
939 3836 1194 3882 sanctum
1225 3826 1623 3895 Evangelium;
1655 3826 2036 3897 etinterroga-

446 3924 537 3972 tus
563 3934 596 3971 a
641 3916 885 3988 quodam
909 3937 923 3970 :
955 3917 1088 3981 Quis
1132 3923 1187 3969 te
1227 3914 1567 3985 exspoliavit,
1592 3914 1777 3968 abba?
1801 3915 2037 3969 demon-

444 4012 630 4061 strans
660 4011 912 4060 sanctum
945 4004 1322 4075 Evangelium,
1357 4003 1436 4056 ait
1467 4021 1478 4056 :
1513 4004 1652 4069 Iste;
1684 4009 1738 4057 et
1766 4003 1875 4057 alio
1897 4008 2036 4058 tem-

444 4111 580 4166 pore
611 4095 715 4148 hoc
745 4095 928 4165 ipsum
959 4092 1318 4162 Evangelium
1347 4092 1678 4157 vendidisse,
1723 4097 1780 4144 et
1818 4092 2036 4147 dedisse

445 4183 876 4254 eleemosynam,
903 4188 960 4236 et
977 4181 1248 4252 discipulo
1269 4197 1368 4234 suo
1384 4181 1603 4234 dicente
1628 4198 1638 4232 :
1661 4179 1836 4245 Abba,
1862 4181 2034 4235 Evan-

443 4272 653 4343 gelium
683 4271 778 4326 ubi
799 4273 918 4326 est?
949 4278 1005 4325 et
1033 4271 1128 4324 illo
1160 4270 1373 4323 dicente
1402 4269 1472 4322 ad
1507 4284 1670 4321 eum:
1704 4268 1899 4334 Crede,
1931 4270 2030 4336 ﬁli,

2119 3216 2204 3263 est
2231 3210 2324 3262 ille
2351 3208 2547 3262 beatus
2587 3209 2812 3263 visionis
2841 3214 3146 3275 nocturnae,
3198 3215 3257 3262 et
3294 3207 3519 3262 sedebat
3545 3221 3688 3277 super

2119 3298 2326 3352 lectum
2349 3315 2513 3352 suum
2543 3305 2800 3364 moestus;
2826 3298 3112 3368 mittitque
3137 3298 3353 3361 statim,
3375 3304 3432 3350 et
3451 3300 3690 3350 convocat

2119 3405 2220 3458 per
2248 3387 2639 3440 cancellarium
2673 3403 2838 3440 suum
2885 3386 3220 3440 monachum
3263 3387 3336 3440 de
3373 3386 3490 3439 loco
3519 3385 3569 3438 in
3598 3399 3688 3453 quo

2119 3482 2240 3530 erat
2268 3476 2533 3540 reclusus,
2553 3475 2806 3545 cogitans
2832 3475 2980 3528 intra
2999 3492 3059 3529 se
3073 3474 3270 3529 beatus
3292 3475 3384 3528 ille
3405 3471 3691 3545 patriarcha

2119 3565 2167 3618 si
2197 3564 2396 3618 similis
2431 3570 2577 3618 esset
2603 3564 2684 3616 illi
2721 3564 2816 3634 qui
2849 3570 3006 3617 nocte
3034 3562 3139 3617 sibi
3181 3571 3534 3634 apparuerat.
3567 3561 3688 3614 Cum

2119 3669 2254 3722 ergo
2282 3651 2526 3707 venisset
2553 3669 2682 3706 cum
2725 3652 2914 3706 labore
2959 3651 3136 3705 multo
3163 3654 3376 3722 (neque
3406 3652 3549 3705 enim
3577 3664 3688 3719 pro-

2119 3747 2244 3812 pter
2274 3742 2464 3812 plagas
2493 3741 2702 3794 moveri
2725 3743 2983 3811 poterat),
3010 3757 3250 3810 cumque
3269 3741 3483 3794 vultum
3501 3740 3611 3808 ejus
3629 3735 3690 3788 vi-

2119 3829 2292 3883 disset
2316 3831 2656 3900 patriarcha,
2681 3830 2951 3883 remansit
2979 3829 3097 3883 sine
3123 3845 3252 3883 voce
3284 3830 3566 3894 immotus;
3595 3840 3691 3879 non

2117 3918 2305 3972 valens
2320 3918 2471 3989 loqui
2496 3938 2506 3972 :
2537 3919 2656 3973 sola
2679 3926 2869 3972 autem
2893 3935 3061 3972 manu
3081 3935 3185 3972 sua
3210 3917 3403 3973 innuit
3422 3923 3485 3971 ut
3497 3915 3692 3970 sederet

2117 4024 2290 4078 prope
2319 4024 2379 4062 se
2408 4008 2465 4061 in
2490 4007 2693 4061 lectulo
2721 4023 2839 4061 suo.
2876 4008 2939 4060 In
2969 4005 3336 4076 semetipsum
3367 4022 3496 4060 vero
3528 4017 3693 4058 rever-

2117 4113 2212 4150 sus
2239 4103 2296 4151 et
2308 4095 2577 4166 signatus,
2607 4096 2823 4166 rogavit
2849 4096 3201 4160 monachum,
3223 4096 3579 4166 praecinctum
3607 4092 3693 4144 lin-

2117 4190 2228 4249 teo,
2252 4190 2317 4238 ut
2339 4184 2458 4238 sine
2479 4184 2814 4238 verecundia
2840 4183 3178 4254 despoliaret
3214 4201 3294 4249 se,
3331 4190 3600 4255 quatenus
3630 4177 3695 4231 vi-

2118 4272 2276 4326 deret
2304 4273 2531 4327 dorsum
2562 4273 2701 4342 ejus,
2739 4272 2786 4326 si
2829 4271 2910 4325 ita
2939 4278 3088 4326 esset
3133 4272 3279 4326 sicut
3308 4278 3367 4326 et
3405 4272 3464 4326 in
3507 4267 3692 4324 somnis

443 4362 540 4432 qui
556 4361 697 4415 dixit
733 4360 899 4414 mihi:
925 4359 1116 4412 Vende
1145 4372 1266 4426 quae
1293 4355 1481 4420 habes,
1507 4363 1565 4409 et
1592 4355 1664 4409 da
1693 4358 2030 4427 pauperibus
2051 4361 2350 4433 Dviderat.
2372 4363 2466 4415 Vix
2493 4366 2906 4433 ergosuasusut
2939 4361 2995 4414 id
3019 4367 3229 4431 ageret,
3263 4359 3591 4431 despoliavit
3623 4372 3690 4409 se.

445 4450 658 4514 (Matth.
685 4447 829 4518 xm),
853 4447 1037 4518 ipsum
1057 4443 1283 4500 vendidi
1311 4450 1368 4497 et
1393 4444 1521 4497 dedi
1551 4444 1650 4510 eis,
1682 4451 1746 4498 ut
1765 4445 1822 4499 in
1851 4447 1940 4501 die
1950 4450 2040 4518 ju-
2121 4450 2262 4504 Cum
2289 4467 2418 4505 vero
2435 4450 2842 4522 despoliaretur
2854 4455 2918 4505 ut
2937 4454 3280 4504 monstraret
3306 4449 3536 4504 dorsum
3552 4460 3693 4502 suum

442 4539 552 4594 dici
584 4536 891 4592 habeamus
903 4534 1165 4589 fiduciam
1179 4532 1642 4587 abundantiorem
1658 4535 1806 4605 apud
1824 4536 2034 4604 Deum;
2118 4538 2235 4593 viro
2265 4545 2475 4602 sancto,
2510 4556 2610 4610 per
2637 4539 3030 4593 admirandum
3067 4539 3167 4593 Dei
3212 4543 3395 4604 [9%
3421 4536 3692 4592 consilium

445 4631 501 4681 et
529 4626 662 4697 quia
690 4625 830 4680 alias
857 4625 1066 4679 iterum
1087 4621 1255 4676 vidua
1273 4621 1472 4675 mulier
1499 4621 1732 4692 petisset
1751 4623 1820 4677 ab
1843 4624 2040 4680 eodem
2121 4628 2338 4682 solutus
2367 4633 2452 4682 est
2480 4644 2589 4698 quo
2615 4633 2737 4682 erat
2769 4625 2999 4682 indutus
3033 4627 3288 4691 amictus,
3323 4634 3382 4681 et
3426 4625 3613 4681 cecidit
3643 4621 3693 4674 in

448 4722 639 4769 sancto
663 4714 966 4785 Serapione
988 4710 1702 4782 eleemosynam,quoniam
1720 4713 2041 4770 esuriebant
2120 4721 2350 4784 terram,
2391 4724 2449 4772 et
2493 4717 2753 4770 viderunt
2790 4732 2920 4770 eum
2970 4732 3164 4770 omnes
3211 4732 3336 4771 esse
3374 4713 3689 4770 eunuchum.

445 4802 545 4854 ﬁlii
571 4802 711 4871 ejus,
735 4807 791 4856 et
820 4818 931 4856 non
953 4801 1194 4855 habente
1224 4816 1288 4854 eo
1309 4798 1521 4868 aliquid
1545 4799 2040 4866 omnino,tradidit
2122 4805 2227 4861 Sed
2260 4805 2392 4876 quia
2429 4821 2620 4860 recens
2660 4809 2800 4868 erat,
2846 4804 2988 4858 nulli
3021 4805 3125 4858 hoc
3167 4803 3446 4859 existebat
3480 4799 3692 4856 manife-

445 4904 504 4941 se
540 4887 610 4953 ei,
644 4896 708 4942 ut
739 4891 1004 4944 venderet
1037 4907 1168 4944 eum
1206 4888 1276 4943 ad
1306 4888 1508 4941 mimos
1541 4887 1778 4956 Graecos,
1811 4905 1951 4960 quos
1980 4896 2038 4946 et

443 4975 789 5031 Christianos
819 4977 950 5032 fecit
977 4978 1036 5032 in
1061 4978 1252 5050 paucis
1272 4975 1486 5031 diebus.
1830 4989 1833 4991 '

515 5063 645 5116 Hzec
670 5063 860 5133 legens
881 5072 1106 5119 sanctus
1126 5065 1195 5120 de
1216 5071 1408 5120 sancto
1437 5063 1761 5134 Serapione,
1787 5066 2037 5137 stupefa-

447 5154 568 5204 ctus
598 5157 655 5206 et
675 5151 910 5205 miratus
929 5153 1108 5207 sancti
1128 5154 1483 5219 industriam,
1503 5158 1655 5207 totus
1673 5154 1934 5226 lacrymis
1954 5156 2037 5210 in-

441 5237 616 5294 fectus
644 5239 860 5292 vocavit
887 5256 1081 5294 omnes
1099 5241 1508 5312 dispensatores
1528 5242 1802 5312 proprios,
1824 5243 1961 5314 legit
1979 5251 2036 5299 et

440 5327 520 5381 eis
571 5327 761 5382 omnia
814 5327 882 5381 de
921 5338 1112 5382 sancto
1157 5330 1477 5400 Serapione,
1523 5335 1580 5382 et
1624 5330 1759 5384 dicit
1795 5332 1866 5385 ad
1895 5349 2030 5387 eos:

437 5415 622 5482 Vavae,
657 5433 689 5471 ο
737 5415 1107 5488 philochristi,
1153 5416 1299 5487 quod
1336 5417 1564 5487 prodest
1612 5417 1826 5472 homini
1865 5421 2036 5476 collo-

439 5504 634 5576 quenti
662 5503 732 5560 de
754 5502 971 5561 actibus
993 5508 1310 5559 sanctorum
1330 5504 1598 5558 Patrum?
1629 5505 1852 5563 Credite
1872 5508 2029 5578 mihi,

2118 4899 2285 4949 stum.
2317 4893 2648 4948 Videntibus
2677 4909 2809 4964 ergo
2837 4910 2966 4948 eum
2995 4891 3254 4947 omnibus
3280 4899 3338 4947 et
3365 4897 3554 4947 sancto
3578 4902 3695 4959 pon-

2120 4983 2285 5050 tiﬁce,
2309 4989 2367 5038 et
2393 4983 2632 5038 maxime
2653 4982 2803 5036 dorsi
2828 4983 2954 5052 ejus
2980 4982 3291 5052 perniciosa
3317 4981 3567 5046 verbera,
3587 4975 3696 5030 mit-

2119 5075 2244 5127 tens
2280 5089 2426 5138 mox,
2480 5070 2793 5141 segregavit
2820 5069 2950 5124 illos
2979 5070 3075 5140 qui
3117 5071 3264 5125 hunc
3300 5067 3694 5125 inconsiderate

2116 5164 2514 5214 tractaverunt.
2542 5158 3035 5213 Venerabilissimo
3059 5165 3249 5213 autem
3270 5158 3545 5213 monacho
3564 5167 3694 5208 com-

2115 5247 2278 5317 plura
2307 5247 2710 5312 rationabatur,
2734 5247 2792 5299 in
2828 5245 3146 5315 ignorantia
3181 5246 3374 5300 dicens
3400 5263 3462 5300 se
3495 5245 3550 5298 in
3579 5254 3693 5296 eum

2118 5351 2393 5406 peccasse,
2428 5336 2566 5390 etin
2597 5337 2775 5390 Deum
2809 5351 3019 5388 verum.
3055 5335 3124 5388 Et
3151 5335 3210 5389 in
3248 5335 3353 5388 hoc
3374 5328 3693 5388 admonebat

2117 5440 2244 5478 eum
2273 5424 2367 5478 ille
2396 5430 2621 5479 sanctus
2645 5442 2655 5477 :
2689 5424 2834 5488 Non,
2862 5422 3065 5492 inquit,
3095 5439 3126 5476 ο
3146 5422 3244 5489 fili,
3279 5423 3354 5476 ita
3381 5421 3505 5476 sine
3531 5423 3693 5473 custo—

2115 5510 2210 5566 dia
2233 5511 2294 5570 in
2315 5511 2632 5568 civitatibus
2661 5510 2975 5567 conversari
3005 5516 3227 5581 oportet
3244 5525 3336 5565 eos
3375 5509 3474 5580 qui
3517 5508 3691 5562 sancto
