3942 6200
252 265 351 321 361

1164 264 1335 318 VITA
1374 265 1632 321 SANCTI
1671 266 1976 322 JOANNIS
2016 266 2624 321 ELEEMOSYNARII.

3421 273 3531 331 362

250 390 511 460 angelico
538 395 725 444 vestro
747 388 1083 442 indumento
1116 388 1524 444 circumamicti
1549 396 1702 457 sunt,
1739 394 1917 451 ina-A
1934 391 2084 460 quod
2104 396 2364 467 mortuus
2377 396 2611 457 esses,et
2625 395 2957 448 memoriam
2979 396 3061 450 tui
3082 396 3427 453 faciebamus
3446 404 3535 453 ter

248 480 401 533 xime
430 483 490 532 et
517 478 785 532 feminam
820 477 1238 531 circumducere
1265 478 1337 531 ad
1362 480 1688 534 scandalum
1718 480 1857 534 alio-

248 584 380 621 rum
413 567 743 621 videntium.
773 567 931 621 Tunc
969 566 1279 620 monachus
1302 583 1431 621 cum
1464 568 1859 623 emnihumili-

249 662 371 710 tate
405 656 686 711 rationem
726 654 1000 709 reddebat
1036 655 1450 719 sancto,dicens
1479 675 1491 709 :
1532 657 1733 725 Crede,
1765 658 1860 711 do-

252 744 431 809 mine,
465 760 580 798 non
628 745 890 799 mentiar.
925 744 1084 798 Gazae
1115 760 1270 797 eram
1301 750 1431 799 ante
1460 761 1667 815 paucos
1696 746 1815 799 dies
1841 764 1853 812 ;

253 838 312 887 et
339 838 584 887 exeunte
614 850 706 887 me
731 833 801 886 de
837 832 1160 898 civitate,ut
1187 832 1437 887 venirem
1466 839 1523 896 et
1552 835 1857 888 salutarem

254 928 519 976 sanctum
562 921 826 975 abbatem
868 923 1078 992 Cyrum
1117 920 1256 991 (65),
1309 921 1549 976 obviavit
1573 923 1712 976 mihi
1741 924 1859 978 haec

253 1010 399 1064 bene
422 1011 543 1065 visa
561 1011 750 1082 puella
776 1010 913 1064 foris
939 1014 1180 1080 portam,
1213 1026 1444 1081 vespere
1461 1004 1820 1066 incumbente
1844 1031 1855 1078 ;

255 1106 315 1154 et
341 1116 651 1154 accurrens
669 1100 739 1153 ad
758 1099 928 1171 pedes
950 1115 1125 1165 meos,
1148 1098 1386 1169 rogabat
1408 1105 1472 1153 ut
1496 1117 1714 1154 mecum
1746 1118 1863 1154 am-

251 1187 503 1243 bularet.
554 1188 786 1243 Dicebat
810 1188 978 1249 enim
1019 1205 1079 1241 se
1107 1187 1402 1242 Hebraeam
1451 1206 1589 1254 esse,
1623 1195 1679 1243 et
1726 1190 1863 1243 velle

253 1277 382 1332 ﬁeri
414 1277 835 1344 Christianam;
881 1282 940 1331 et
977 1276 1148 1346 coepit
1191 1277 1387 1330 eadem
1416 1294 1651 1332 narrare
1679 1277 1864 1332 verbis

254 1365 649 1433 borribilibus,
703 1371 769 1420 ut
809 1383 923 1421 non
968 1366 1356 1437 permitterem
1387 1366 1572 1436 perire
1598 1383 1743 1421 eam.
1776 1366 1865 1421 Ti-

252 1472 422 1510 mens
454 1455 649 1525 itaque
682 1471 785 1525 ego
830 1455 1107 1525 judicium
1136 1454 1258 1521 Dei,
1292 1455 1508 1525 sumpsi
1537 1472 1682 1521 eam,
1712 1455 1862 1510 aesti-

255 1559 424 1597 mans
478 1542 631 1613 quod
675 1559 788 1596 non
829 1542 1162 1596 immitteret
1200 1543 1572 1597 tentationem
1626 1544 1864 1597 Satanas

1941 479 1999 533 in
2044 497 2210 534 anno.
2242 482 2381 533 Cum
2416 497 2550 550 ergo
2571 482 2820 536 audisset
2842 484 2987 553 quod
3014 485 3072 538 in
3093 502 3241 540 anno
3265 490 3355 540 ter
3382 486 3532 540 face-

1939 575 2067 619 rent
2081 582 2182 635 pro
2210 582 2271 618 eo
2296 565 2646 637 memoriam,
2674 567 2985 638 interrogat
3002 585 3096 623 eos
3114 569 3174 624 in
3194 587 3304 641 quo
3328 572 3438 635 die,
3477 577 3535 626 et

1939 654 1999 707 in
2029 671 2140 724 quo
2170 671 2361 708 mense
2392 654 2509 708 haec
2538 654 2903 709 celebrarent.
2956 657 3032 711 Et
3056 658 3167 712 illis
3195 659 3529 727 dicentibus,

1940 742 2610 813 sanctisTheOpbaniis,et
2621 742 2909 798 Dominica
2938 752 3129 801 sancta
3152 753 3322 818 atque
3342 755 3538 804 sancta

1940 830 2558 900 Pentecoste(67),dixit
2576 831 2695 884 ille:
2714 831 2857 895 Quia
2866 832 2937 886 tri
2945 835 3176 890 busistis
3190 836 3537 909 temporibus

1941 920 2075 973 anni
2096 919 2355 974 veniebat
2374 919 2601 990 quidam
2631 920 2959 976 candidatus
2984 929 3049 976 ut
3075 925 3176 991 sol,
3202 930 3260 979 et
3278 926 3538 982 dissolve-

1944 1007 2040 1061 bat
2059 1025 2148 1061 me
2173 1026 2207 1060 a
2238 1008 2470 1062 vinculis
2495 1008 2691 1062 ferreis
2716 1014 2775 1062 et
2802 1026 2835 1063 a
2854 1012 3107 1067 custodia
3130 1031 3143 1080 ;
3184 1019 3241 1068 et
3274 1016 3538 1070 movebar

1944 1096 2355 1151 deambulando
2390 1103 2512 1151 tota
2539 1097 2647 1161 die,
2682 1103 2739 1150 et
2766 1115 2932 1153 nemo
2960 1102 3391 1171 recognoscebat
3420 1122 3530 1171 me,

1947 1191 2005 1239 et
2043 1186 2101 1238 in
2130 1187 2436 1240 crastinum
2466 1185 2792 1241 inveniebar
2836 1188 3057 1243 vincula
3083 1189 3266 1245 ferrea
3285 1199 3535 1262 portans.

1945 1274 2178 1328 Dicebat
2204 1274 2380 1345 igitur
2406 1280 2634 1329 sanctus
2668 1275 2961 1347 episcopus
2983 1278 3116 1348 quia
3157 1296 3224 1333 ex
3248 1280 3351 1334 hoc
3372 1281 3539 1335 disci-

1946 1380 2072 1418 mus
2100 1363 2307 1418 habere
2329 1364 2671 1418 dormientes
2694 1364 2961 1434 quietem,
2980 1368 3203 1437 quando
3224 1385 3325 1439 pro
3336 1368 3417 1424 eis
3432 1370 3540 1425 col-

1946 1452 2119 1506 lectas
2145 1452 2400 1508 facimus.

2019 1542 2394 1597 CAP.XXV.—
2415 1544 2575 1607 Quod
2590 1544 2650 1598 in
2665 1545 2897 1600 Actibus
2913 1547 3297 1616 apostolorum
3323 1496 3541 1602 audivi-

256 1631 629 1702 spadonibus.
676 1630 1007 1685 Nesciebam
1045 1648 1174 1685 vero
1211 1632 1361 1702 quod
1412 1632 1624 1686 nemini
1650 1635 1861 1702 parcat.
1948 1646 2073 1684 mus
2114 1630 2323 1684 factum
2358 1632 2490 1702 (Act.
2524 1644 2614 1699 IV),
2647 1634 2752 1688 hoc
2793 1628 3119 1705 frequenter
3157 1640 3213 1691 et
3240 1637 3372 1691 huic
3394 1654 3543 1691 com-

255 1720 446 1791 Igitur
474 1719 828 1774 venientibus
849 1719 1030 1785 nobis,
1063 1720 1413 1774 sanctissime
1442 1721 1628 1786 Pater,
1660 1726 1718 1774 et
1747 1705 1930 1774 ora-B
1949 1719 2356 1789 patientissimo
2386 1721 2690 1776 accidebat.
2708 1723 2975 1778 Videntes
2991 1725 3142 1778 enim
3157 1725 3319 1779 multi
3335 1726 3542 1779 indesi-

256 1809 481 1863 tionem
504 1808 943 1880 perﬁcientibus,
961 1808 1237 1880 baptizavi
1257 1825 1383 1863 eam
1401 1810 1473 1862 ad
1501 1814 1758 1864 sanctum
1775 1808 1868 1862 ab-
1949 1815 2178 1862 nentem
2206 1810 2326 1879 ejus
2363 1815 2416 1863 et
2447 1810 2866 1866 inscrutabilem
2892 1813 3041 1866 circa
3064 1818 3261 1883 gentes
3283 1830 3541 1885 compas-

253 1897 393 1952 bam
422 1899 657 1969 Cyrum,
679 1904 737 1952 et
762 1897 1035 1969 gyrabam
1065 1915 1193 1952 cum
1225 1915 1293 1952 ea
1315 1898 1374 1952 in
1405 1898 1644 1969 simplici
1675 1898 1867 1965 corde,
1949 1896 2182 1963 sionem,
2215 1897 2582 1952 movebantur
2612 1900 2900 1954 multoties
2945 1901 3017 1954 ad
3043 1901 3335 1955 vendenda
3360 1903 3543 1957 multa

257 2004 572 2058 exposcens
602 1987 883 2041 modicum
910 1991 1222 2057 sumptum,
1247 1993 1526 2058 quatenus
1553 1987 1867 2041 introduce-
1949 1985 2018 2038 de
2047 1985 2377 2040 substantiis
2420 1986 2564 2053 suis;
2592 1992 2651 2041 et
2672 1988 2932 2053 ferentes,
2959 1989 3286 2060 praebebant
3320 1990 3421 2045 Dei
3450 1992 3543 2045 de-

257 2092 383 2130 rem
416 2092 546 2129 eam
582 2075 642 2129 in
694 2075 1119 2130 monasterium.
1170 2076 1311 2130 Cum
1340 2076 1459 2130 haec
1487 2075 1736 2129 audisset
1763 2092 1864 2146 pa-

259 2164 544 2229 triarcha,
566 2164 733 2218 dixit:
767 2164 961 2240 Papae!
996 2168 1134 2234 quot
1153 2163 1452 2219 absconsos
1479 2181 1667 2219 servos
1696 2163 1867 2219 habet

257 2254 435 2318 Deus,
452 2258 511 2307 et
527 2253 808 2307 nescimus
825 2270 927 2307 nos
939 2252 1180 2307 humiles
1200 2253 1224 2306 Ἰ
1247 2254 1318 2307 Et
1333 2253 1636 2307 enarrabat
1657 2253 1745 2306 his
1769 2253 1866 2323 qui

257 2348 471 2412 praesto
488 2349 654 2397 erant
671 2342 941 2396 visionem
974 2358 1143 2412 quam
1171 2342 1389 2396 viderat
1409 2348 1571 2396 nocte
1591 2343 1659 2395 de
1679 2359 1765 2396 eo.
1800 2342 1869 2396 Et

258 2431 506 2501 protulit
517 2431 840 2502 patriarcha
859 2435 1085 2485 centum
1105 2446 1239 2484 num
1248 2431 1451 2484 ismata
1462 2431 1531 2484 de
1559 2447 1750 2496 manu,
1774 2431 1869 2484 da-

255 2525 427 2574 turus
446 2519 528 2573 ei:
556 2519 660 2573 Dei
678 2524 867 2573 autem
889 2519 1102 2573 amicus
1134 2519 1230 2573 ille
1259 2536 1387 2573 vere
1406 2519 1734 2581 monachus,
1753 2535 1868 2573 non

255 2625 464 2678 passus
514 2607 729 2679 aliquid
777 2608 1029 2678 accipere
1076 2625 1143 2661 ex
1172 2607 1271 2673 eis,
1321 2607 1554 2677 dignum
1593 2607 1867 2661 memoria

256 2696 503 2751 verbum
559 2696 633 2749 ad
670 2696 1048 2767 patriarcham
1079 2697 1300 2750 locutus
1343 2701 1446 2763 est,
1490 2696 1719 2752 dicens:
1751 2697 1867 2766 Ego

260 2785 371 2839 hoc
398 2800 521 2838 non
549 2785 791 2854 postulo,
825 2785 1082 2851 domine;
1129 2785 1437 2838 monachus
1462 2784 1613 2839 enim
1632 2784 1679 2839 si
1701 2785 1870 2838 ﬁdem

268 2872 679 2939 habet,horum
701 2872 1067 2943 noandiget.
1088 2872 1146 2927 Si
1178 2878 1367 2927 autem
1396 2874 1599 2927 horum
1620 2879 1766 2943 eget,
1800 2874 1869 2925 ﬁ-

259 2961 394 3015 dem
440 2977 561 3015 non
611 2960 800 3015 habet.
851 2961 1011 3025 Quod
1057 2961 1301 3015 maxime
1325 2962 1568 3033 amplius
1600 2961 1873 3016 satisfecit

1946 2079 2074 2127 voto
2099 2074 2379 2129 ministro.
2410 2076 2569 2130 Unde
2592 2082 2649 2131 et
2668 2077 2897 2148 quidam
2916 2078 3144 2133 veniens
3171 2095 3286 2134 una
3298 2079 3538 2147 dierum,

1949 2162 2219 2216 offerebat
2241 2164 2291 2216 ei
2320 2170 2535 2235 septem
2555 2164 2727 2219 libras
2755 2166 2879 2220 auri
2909 2173 2967 2220 et
2995 2167 3308 2233 dimidiam,
3324 2168 3545 2223 satisfa-

1948 2251 2100 2305 ciens
2129 2256 2340 2320 sancto,
2358 2253 2523 2327 quod
2561 2271 2674 2308 non
2704 2255 3013 2325 possideret
3058 2255 3213 2309 aliud
3241 2256 3455 2326 aliquid
3481 2257 3541 2311 in

1950 2341 2348 2395 auro.Petebat
2376 2347 2567 2396 autem
2587 2341 2657 2396 ab
2677 2359 2743 2396 eo
2769 2360 2897 2397 cum
2917 2343 3109 2398 multis
3140 2344 3544 2415 genuﬂexioni—

1948 2428 2051 2483 bus
2083 2435 2147 2483 ut
2181 2434 2370 2484 oraret
2391 2437 2668 2501 quatenus
2698 2432 2969 2486 Dominus
3005 2433 3155 2487 Deus
3196 2433 3375 2487 ﬁlium
3403 2434 3543 2505 'ejus

1949 2519 2208 2573 salvaret.
2218 2518 2473 2573 Habebat
2481 2520 2631 2574 enim
2646 2537 2816 2574 unum
2829 2521 3179 2575 solummodo
3194 2522 3372 2576 ﬁlium
3383 2522 3544 2592 quasi

1950 2624 2229 2661 annorum
2258 2607 2597 2677 quindecim,
2630 2614 2694 2662 ut
2722 2609 3017 2664 reduceret
3042 2610 3226 2664 navim
3261 2612 3384 2681 ejus
3412 2627 3544 2666 cum

1951 2694 2097 2775 bono
2115 2694 2184 2748 ab
2211 2695 2415 2762 Africa,
2447 2696 2578 2751 illuc
2597 2696 2747 2750 enim
2776 2696 3011 2752 abierat.
3044 2698 3338 2768 Accipiens
3367 2698 3544 2769 igitur

1952 2800 2207 2837 summus
2233 2784 2492 2838 sacerdos
2533 2786 2905 2855 quantitatem
2940 2787 3066 2840 auri
3098 2787 3166 2841 de
3196 2804 3371 2842 manu
3399 2788 3541 2860 ejus,
3632 2822 3641 2832 ο

1962 2878 1999 2936 ι
2015 2877 2142 2937 93
2155 2872 2393 2927 miratus
2408 2878 2495 2927 est
2512 2890 2641 2927 eum
2658 2879 2775 2928 tam
2798 2893 2919 2929 esse
2939 2875 3364 2946 magnanimum
3381 2876 3453 2930 ad
3469 2876 3549 2933 of-

1952 2959 2238 3014 ferendam
2264 2966 2442 3015 totam
2472 2963 2844 3032 quantitatem
2862 2964 2986 3019 auri
3010 2980 3180 3034 quam
3200 2964 3543 3036 possidebat.

259 3049 533 3104 omnibus
559 3049 657 3120 qui
688 3050 987 3104 audierant
1014 3050 1161 3121 quod
1191 3067 1384 3104 servus
1404 3051 1506 3104 Dei
1535 3051 1642 3104 iste
1674 3067 1870 3104 mona-
1889 3056 1932 3116 ί]
1954 3047 2147 3101 Oravit
2169 3048 2397 3119 quidem
2418 3049 2471 3103 ei
2498 3047 2603 3119 (68)
2630 3051 2761 3104 etin
2789 3051 2929 3106 facie
2949 3053 3210 3118 multum,
3236 3058 3294 3107 et
3313 3053 3393 3106 sic
3414 3070 3545 3108 eum

256 3139 403 3193 chus
434 3143 604 3193 esset.
646 3138 966 3193 Genuﬂexit
991 3138 1164 3209 igitur
1193 3139 1544 3209 patriarchae,
1574 3144 1632 3192 et
1651 3139 1786 3193 exiit
1809 3139 1869 3193 in

257 3244 420 3298 pace.
459 3228 679 3281 Extunc
721 3227 897 3298 igitur
934 3228 1060 3298 plus
1088 3227 1403 3282 honorabat
1429 3232 1487 3281 et
1515 3228 1755 3299 hospitio
1785 3245 1872 3282 re-

255 3315 514 3386 cipiebat
542 3315 866 3381 monachos,
916 3320 974 3369 et
999 3315 1176 3370 bonos
1213 3316 1519 3370 aestimatos
1543 3322 1601 3370 et
1654 3317 1863 3371 malos:

258 3409 316 3458 et
346 3403 669 3459 aediﬁcabat
696 3420 825 3457 mox
853 3404 1264 3459 xenodochium
1292 3420 1564 3471 seorsum,
1593 3410 1649 3459 et
1677 3406 1869 3476 appel-

254 3492 403 3546 lavit
419 3492 529 3546 boc
553 3492 987 3563 Receptaculum
1016 3493 1268 3547 omnium
1295 3493 1720 3547 monachorum.

330 3581 478 3635 CAP.
516 3580 711 3637 XXIV.
753 3611 818 3621 —
849 3581 1190 3636 Mortalitate
1241 3582 1543 3653 aliquando
1586 3582 1870 3638 civitatem

256 3669 796 3740 comprehendente,
845 3669 966 3724 ibat
1012 3676 1069 3724 et
1113 3671 1233 3742 ipse
1261 3676 1506 3737 sanctus,
1552 3677 1618 3725 ut
1658 3672 1871 3726 videret

257 3759 532 3813 funerum
551 3757 837 3829 obsequia.
862 3758 1037 3813 Valde
1067 3759 1217 3813 enim
1238 3759 1457 3813 dicebat
1474 3761 1581 3814 hoc
1600 3777 1721 3815 esse
1738 3777 1868 3831 pro-

260 3848 501 3912 ﬁcuum,
526 3852 585 3902 et
610 3848 995 3919 sepulcrorum
1025 3849 1549 3905 considerationem.
1584 3850 1869 3904 Multoties

260 3954 402 3992 vero
429 3935 714 3990 assidebat
742 3943 800 3990 et
826 3936 916 3991 his
944 3937 1060 4007 qui,
1108 3937 1389 4004 morituri,
1426 3938 1779 3992 vexationem
1809 3939 1869 3992 in

262 4025 426 4079 exitu
453 4025 655 4079 animae
688 4025 1049 4097 patiebantur
1072 4044 1085 4093 ;
1109 4030 1169 4080 et
1181 4026 1302 4096 ipse
1325 4042 1519 4080 eorum
1537 4027 1725 4081 oculos
1746 4042 1870 4097 pro-

261 4114 409 4186 priis
436 4113 695 4169 manibus
724 4114 1038 4181 claudebat,
1066 4114 1400 4169 memoriam
1434 4113 1638 4168 habere
1668 4132 1733 4169 ex
1764 4115 1868 4169 hoc

261 4203 675 4274 sempiternam
697 4203 905 4270 volens,
931 4208 1191 4257 etcuram
1215 4203 1426 4274 proprii
1446 4202 1647 4257 exitus.
1672 4202 1867 4258 Praeci-

260 4291 464 4364 piebat
489 4297 680 4347 autem
725 4298 783 4346 et
803 4291 1155 4347 collectiones
1180 4308 1283 4363 pro
1309 4291 1587 4346 defunctis
1626 4292 1867 4363 impigre

264 4380 385 4449 (66)
426 4386 485 4435 et
510 4381 630 4435 sine
679 4380 849 4435 dubio
900 4382 1188 4452 perﬁcere.
1221 4380 1442 4435 Etenim
1471 4380 1690 4435 dicebat
1737 4381 1870 4452 quia

1951 3136 2183 3190 dimisit.
2216 3138 2427 3191 Tamen
2477 3143 2706 3209 propter
2731 3140 2853 3210 ejus
2874 3141 3110 3194 multam
3138 3141 3326 3207 ﬁdem,
3360 3140 3549 3212 posuit

1952 3224 2148 3279 subtus
2179 3230 2430 3279 sanctam
2455 3217 2710 3281 mensam
2739 3227 3041 3297 ligaturam
3066 3229 3400 3299 quantitatis
3420 3229 3548 3284 auri

1951 3314 2273 3385 patriarcha
2288 3314 2346 3368 in
2375 3315 2621 3369 oratorio
2644 3314 2884 3370 cubiculi
2912 3317 3019 3383 sui,
3043 3322 3100 3371 et
3125 3317 3386 3388 synaxim
3413 3318 3548 3372 fecit

1953 3403 2144 3457 statim
2167 3402 2471 3474 perfectam
2496 3420 2666 3475 super
2679 3421 2805 3458 eam
2822 3422 2922 3476 pro
2942 3405 3038 3459 illo
3059 3405 3156 3476 qui
3170 3405 3317 3459 hanc
3332 3404 3546 3460 obtule-

1950 3497 2057 3559 rat,
2081 3492 2217 3546 satis
2238 3492 2569 3563 abundeque
2589 3494 2767 3547 Deum
2784 3510 2989 3564 rogans
3008 3499 3286 3564 quatenus
3299 3499 3357 3548 et
3366 3495 3547 3549 ﬁlium

1951 3582 2073 3651 ejus
2093 3581 2351 3646 salvaret,
2378 3587 2435 3635 et
2454 3598 2653 3635 navem
2669 3598 2797 3635 cum
2812 3583 2993 3637 salute
3012 3583 3324 3651 reduceret,
3350 3599 3546 3638 secun-

1951 3669 2085 3723 dum
2117 3669 2265 3740 quod
2315 3669 2497 3724 fuerat
2526 3670 2843 3741 postulatus
2889 3670 2958 3724 ab
2986 3671 3097 3725 illo.
3133 3672 3385 3727 Necdum
3411 3688 3545 3742 ergo

1951 3757 2186 3828 triginta
2212 3758 2512 3812 transactis
2537 3758 2752 3825 diebus,
2776 3759 3071 3815 defunctus
3093 3767 3179 3814 est
3192 3760 3341 3816 ﬁlius
3369 3761 3547 3815 homi-

1951 3847 2039 3901 nis
2080 3847 2231 3901 illius
2261 3846 2355 3918 qui
2386 3846 2666 3902 obtulerat
2710 3854 2926 3919 septem
2954 3849 3127 3904 libras
3168 3855 3227 3904 et
3251 3849 3544 3904 dimidiam

1950 3936 2310 4006 patriarchae;
2335 3940 2393 3990 et
2421 3936 2480 3989 in
2505 3937 2676 3990 tertia
2706 3937 2796 3991 die
2826 3938 3023 3992 mortis
3042 3938 3222 4009 pueri,
3246 3938 3457 4010 recepit
3487 3943 3548 3994 et

1950 4024 2137 4077 navim
2149 4041 2310 4078 suam
2321 4024 2598 4091 abAfrica,
2608 4025 2666 4079 in
2685 4042 2798 4096 qua
2817 4032 2940 4080 erat
2950 4031 3008 4080 et
3026 4026 3202 4080 frater
3216 4044 3541 4097 germanus,

1952 4112 2204 4181 ejusdem
2220 4112 2323 4166 viri
2337 4113 2598 4168 creditor.
2620 4114 2689 4167 Et
2701 4114 2932 4169 veniens
2951 4115 3120 4184 juxta
3147 4115 3416 4182 Pharum,
3449 4132 3542 4169 re-

1948 4199 2079 4254 tulit
2090 4201 2367 4270 quomodo
2380 4201 2534 4256 navis
2545 4201 2901 4271 naufragium
2912 4202 3161 4272 pertulit,
3169 4208 3227 4257 et
3238 4203 3546 4274 perdiderit

1949 4293 2131 4342 totum
2155 4306 2265 4359 quo
2284 4295 2407 4343 erat
2424 4290 2674 4360 plena,et
2687 4290 2836 4359 quod
2852 4306 2963 4343 non
2985 4295 3173 4344 essent
3183 4292 3411 4345 salvatee
3430 4290 3539 4343 nisi

1888 4408 1936 4466 Β
1950 4376 2233 4443 anim&,et
2255 4377 2582 4447 unascapha
2596 4378 2938 4432 vacua.Cum
2958 4395 3091 4450 ergo
3103 4384 3161 4433 et
3178 4379 3329 4432 hunc
3347 4395 3541 4433 casum

261 4476 404 4524 ante
427 4485 669 4541 paucum
698 4475 923 4541 tempus
952 4470 1203 4541 captivus
1225 4469 1425 4524 ductus
1454 4474 1541 4524 est
1567 4470 1637 4523 ad
1669 4470 1869 4524 Persas
1950 4466 2235 4520 didicisset
2251 4466 2499 4520 evenisse
2524 4466 2631 4521 sibi
2647 4466 2907 4521 dominus
2925 4467 3081 4521 navis
3102 4473 3160 4521 et
3183 4472 3345 4538 pater
3358 4468 3537 4538 pueri.

263 4559 525 4632 quidam,
559 4564 614 4613 et
641 4559 983 4614 descendens
1011 4559 1070 4613 in
1091 4558 1399 4623 Persidam,
1433 4562 1686 4612 retrusus
1707 4563 1791 4611 est
1808 4557 1868 4611 in
1949 4554 2256 4609 secundum
2284 4554 2513 4608 verbum
2539 4556 3023 4627 Prophetae,paulo
3044 4556 3300 4611 minusin
3322 4556 3542 4613 inferno

263 4665 555 4703 marem
585 4648 681 4721 qui
710 4647 1097 4721 appellabatur
1144 4647 1338 4714 Lethe,
1370 4647 1475 4700 hoc
1505 4651 1608 4711 est,
1643 4645 1865 4700 oblivio.
1951 4643 2226 4697 habitavit
2254 4643 2445 4698 anima
2495 4646 2617 4716 ejus
2635 4645 2805 4713 (Psai.
2846 4643 3030 4714 xcm);
3088 4644 3339 4699 nondum
3389 4645 3541 4701 enim

265 4738 518 4802 Quidam
562 4754 694 4808 ergo
736 4737 1014 4808 fugientes
1044 4735 1216 4801 illinc,
1246 4735 1645 4805 venientesque
1674 4734 1733 4788 in
1763 4736 1870 4805 Cy-
1950 4732 2311 4788 tribulatione
2329 4733 2430 4787 ﬁlii
2459 4732 2546 4787 sui
2559 4733 2847 4793 exstincta,
2881 4733 3304 4804 comprehendit
3332 4752 3462 4789 eum
3484 4741 3542 4790 et

266 4842 463 4899 prum,
494 4832 553 4880 et
574 4826 909 4896 interrogati
938 4843 973 4880 a
992 4824 1321 4896 parentibus
1350 4824 1517 4888 illius,
1549 4823 1598 4877 si
1625 4824 1770 4877 forte
1786 4822 1869 4876 vi-
1951 4820 2107 4875 navis
2129 4840 2144 4891 ;
2176 4822 2356 4876 relata
2383 4827 2517 4876 sunt
2542 4822 2733 4892 itaque
2761 4820 2950 4875 omnia
2977 4837 3100 4890 quae
3136 4821 3457 4877 acciderant
3486 4823 3539 4877 ei

263 4916 490 4971 dissent
522 4932 672 4981 eum,
704 4916 1108 4986 respondentes
1164 4913 1433 4967 dixerunt
1460 4913 1559 4980 eis,
1598 4912 1730 4983 quia
1766 4929 1868 4967 nos
1951 4910 2301 4982 patriarchae,
2332 4917 2391 4964 et
2406 4926 2547 4981 pene
2565 4910 2691 4980 plus
2704 4925 2872 4979 quam
2899 4909 2947 4962 is
2963 4909 3059 4980 qui
3095 4910 3213 4964 haec
3241 4927 3540 4982 perpessus

264 5004 516 5076 propriis
544 5002 808 5057 manibus
836 5002 1191 5074 sepelivimus
1219 5017 1369 5055 eum.
1389 5002 1515 5055 Non
1529 5007 1720 5056 autem
1749 5006 1873 5056 erat

266 5093 377 5148 iste
390 5093 465 5147 de
485 5108 596 5163 quo
615 5090 1043 5161 interrogabant
1060 5090 1279 5157 eos,sed
1298 5089 1442 5144 alius
1461 5090 1872 5145 indissimiliter

265 5198 402 5236 eum
421 5180 696 5235 similans.
716 5180 989 5235 Dixerunt
1002 5196 1134 5234 vero
1155 5179 1235 5233 eis
1267 5185 1325 5233 et
1344 5196 1613 5244 mensem,
1638 5184 1695 5233 et
1721 5178 1868 5233 diem

264 5269 459 5324 obitus
471 5269 669 5340 ipsius.
689 5269 778 5324 Illi
786 5286 917 5323 vero
931 5274 1205 5340 tanquam
1220 5284 1322 5338 pro
1350 5273 1575 5322 mortuo
1598 5266 1873 5322 faciebant

266 5359 323 5412 ei
349 5365 470 5412 tres
494 5357 757 5412 collectas
785 5375 888 5429 per
921 5357 1173 5429 singulos
1212 5373 1410 5411 annos.
1466 5357 1599 5410 Post
1629 5361 1871 5427 quatuor

265 5447 467 5519 itaque
495 5462 676 5501 annos
691 5447 841 5501 venit
861 5448 920 5501 in
949 5447 1219 5519 Cyprum,
1244 5446 1379 5517 fuga
1396 5446 1588 5516 lapsus
1610 5462 1645 5498 a
1663 5445 1866 5499 Persis.

267 5534 553 5591 Dixerunt
587 5553 723 5608 ergo
749 5536 801 5590 ei
832 5536 946 5593 sui:
992 5536 1151 5601 Vere,
1204 5534 1395 5601 frater,
1428 5549 1531 5588 nos
1554 5532 1872 5587 audivimus

656 5636 925 5700 ΡΑτιιοιι.
956 5637 1240 5702 LXXIII.

1952 4999 2136 5054 fuerat
2156 5000 2215 5053 in
2237 4999 2467 5053 tristitia
2482 4997 2825 5063 morabatur,
2849 4997 3089 5052 maxime
3107 5005 3339 5071 propter
3362 4999 3542 5056 ﬁlium

1953 5090 2075 5158 ejus
2098 5088 2345 5143 unicum.
2366 5085 2631 5140 Nesciens
2651 5101 2783 5154 ergo
2804 5085 2936 5155 quid
2949 5085 3345 5157 faceret,rogat
3369 5089 3542 5144 mise-

1949 5175 2665 5241 ricordissimumDeum,ut
2676 5174 3061 5229 consolaretur
3072 5176 3255 5230 virum
3267 5177 3545 5233 immensa

1950 5266 2160 5336 pietate
2181 5281 2301 5319 sua.
2328 5265 2646 5318 Convocare
2676 5262 2827 5316 enim
2853 5279 3002 5331 eum,
3015 5269 3073 5318 et
3091 5267 3364 5321 consolari
3383 5267 3442 5321 in
3462 5267 3541 5320 fa-

1951 5355 2034 5409 cie
2062 5359 2287 5408 sanctus
2317 5351 2717 5407 erubescebat:
2756 5358 3144 5409 verumtamen
3174 5355 3460 5409 mandavit
3488 5355 3540 5408 ei

1952 5448 2017 5497 ut
2025 5443 2347 5498 nullatenus
2364 5441 2692 5514 desperaret
2707 5457 2890 5512 neque
2909 5443 3060 5496 enim
3075 5442 3197 5497 sine
3211 5444 3367 5512 justo
3384 5442 3541 5512 judi-

1954 5531 2038 5586 cio
2069 5532 2247 5587 Deum
2271 5531 2453 5586 facere
2482 5531 2820 5602 aliquid,sed
2858 5532 3047 5587 omnia
3066 5531 3126 5585 in
3156 5532 3262 5585 hoc
3277 5531 3422 5602 quod
3453 5545 3543 5582 ex-

3154 5632 3229 5695 12
