3946 6192
459 246 562 307 363

1462 238 1556 292 DE
1594 237 1783 292 VITIS
1820 238 2114 293 PATRUM
2150 238 2364 293 LIBER
2399 238 2688 293 PRIMUS.

3542 204 3546 217 ’
3583 247 3669 305 364

462 375 634 448 pedit,
650 374 799 446 quod
809 384 913 426 nos
924 370 1270 438 ignoramus.
1298 366 1446 433 Ergo
1466 368 1532 417 ut
1553 379 1663 417 non
1686 364 1887 434 perdat
1904 379 2049 417 mer—
2066 369 2113 424 A
2136 381 2277 430 sam,
2297 367 2430 435 quia
2442 371 2672 435 propter
2682 363 2892 417 exitum
2906 362 3102 431 viginti
3115 361 3674 431 librarum,inﬁrmatug

461 464 677 527 cedem,
702 475 869 533 quam
890 457 1023 511 iecit
1044 456 1101 510 in
1117 461 1330 525 septem
1342 460 1399 507 et
1422 453 1655 505 dimidia
1682 452 1826 505 libra
1846 452 2055 515 auri,et

460 552 630 608 ﬁdem
661 562 829 622 quam
856 544 1178 618 possidebat
1203 544 1347 597 circa
1367 547 1624 596 sanctum
1653 541 2051 611 patriarcham;

2136 459 2221 506 cst
2249 454 2341 507 ille
2369 453 2577 506 invitus
2613 453 3077 523 eleemosynator.
3105 451 3236 505 Erat
3254 453 3395 507 enim
3411 458 3488 521 (ut
3507 460 3675 527 praedi-

2139 546 2289 596 ctum
2327 547 2426 607 est)
2458 543 2619 595 valde
2647 540 3065 602 immisericors,
3126 546 3181 593 et
3206 548 3413 597 amator
3437 548 3672 614 pecuniae.

458 645 579 714 jam
608 654 739 695 vero
765 643 830 691 ut
857 642 915 691 et
938 648 1041 689 nos
1066 635 1125 687 in
1145 628 1570 695 tentationibus,
1603 646 1725 701 quae
1755 629 1914 683 nobis
1935 645 2057 683 eve—
2137 632 2262 685 Non
2287 632 2560 684 sufferens
2577 646 2709 700 ergo
2729 630 2927 684 beatus
2950 646 3010 682 se
3030 629 3249 699 quidem
3272 648 3432 701 super
3458 648 3677 690 mensam

463 727 645 795 niunt,
672 727 897 799 quando
917 723 1130 795 aliquid
1149 721 1281 775 boni
1310 720 1627 784 fecerimus,
1658 718 2053 790 imperturbati

461 823 518 875 et
525 817 738 889 gratias
752 814 1056 870 referentes
1069 812 1323 866 adDeutn
1344 822 1775 880 permaneamus
1801 825 1812 874 ;
1828 807 1967 860 vidit
1993 806 2051 860 in

460 907 673 964 somnis
696 907 817 976 jam
846 904 1028 957 dictus
1058 901 1143 953 vir
1171 895 1571 970 philochristus
1618 896 1843 968 postera
1889 900 2052 949 nocte

458 996 778 1068 quemdam,
812 989 974 1063 quasi
1019 989 1078 1043 in
1106 988 1300 1042 habitu
1330 986 1666 1040 sanctissimi
1696 986 2046 1055 patriarchae,

456 1086 736 1140 dicentem
765 1081 872 1136 sibi
895 1080 1000 1135 :Ut
1020 1078 1155 1149 quid
1175 1077 1483 1141 tribuistis,
1507 1075 1700 1139 frater,
1727 1080 1786 1129 et
1810 1088 2050 1128 mcerore

453 1171 813 1228 dissolveris?
842 1168 1042 1224 Nonne
1058 1173 1121 1221 tu
1143 1182 1233 1220 me
1254 1166 1463 1237 rogasti
1478 1170 1544 1219 ut
1570 1171 1818 1235 peterem
1847 1178 1880 1217 a
1907 1164 2042 1229 Deo,

452 1267 519 1317 ut
546 1262 734 1315 salvus
762 1261 920 1314 fieret
949 1258 1099 1311 ﬁlius
1128 1256 1297 1310 tuus?
1345 1256 1480 1309 Ecce
1510 1255 1702 1307 salvus
1728 1252 1907 1307 factus
1937 1256 2043 1305 est.

454 1350 633 1407 Crede
664 1348 822 1414 mihi,
855 1348 902 1401 si
937 1346 1164 1411 viveret,
1206 1349 1414 1415 pravus
1438 1349 1496 1396 et
1522 1341 1847 1396 immundus
1879 1338 2046 1394 homo

457 1442 635 1494 ﬁeret.
663 1439 733 1491 Et
754 1437 823 1491 de
842 1436 971 1489 navi
985 1440 1101 1501 tua,
1118 1450 1263 1498 vere,
1283 1432 1391 1485 nisi
1421 1433 1569 1485 Deus
1600 1430 1917 1501 placaretur
1947 1444 2046 1499 pro

453 1527 600 1582 bono
612 1527 760 1598 quod
774 1524 957 1579 fecisti
978 1522 1237 1594 parvitati
1260 1535 1416 1579 mete.
1431 1519 1712 1574 sententia
1742 1524 1865 1572 erat
1890 1518 2041 1582 data,

453 1621 731 1686 quatenus
741 1618 877 1677 tota,
904 1614 969 1667 ut
983 1614 1152 1682 jacet,
1178 1624 1305 1663 cum
1320 1608 1616 1663 animabus
1632 1608 1691 1661 in
1708 1606 2047 1678 profundum

2135 721 2385 783 reﬁcere,
2410 719 2569 773 illum.
2587 724 2775 772 autem
2794 734 2966 788 super
2984 717 3187 771 lectum
3202 720 3427 775 cruciari
3444 724 3678 790 graviter,

2134 809 2387 878 pervenit
2405 808 2661 861 celeriter
2678 807 2748 860 ad
2769 822 2899 861 eum
2927 814 2965 871 Ι
2980 811 3104 871 94
3126 806 3216 861 ille
3244 824 3367 862 vere
3383 810 3495 864 sine
3515 827 3682 882 super-

2133 897 2308 963 bia,et
2327 897 2469 951 dixit
2493 897 2564 951 ad
2583 910 2712 950 eum
2742 895 2904 949 hilari
2921 896 3077 949 vultu
3098 896 3235 950 :Fac
3254 897 3581 964 charitatem,
3600 902 3669 954 fili

2131 986 2608 1061 TroileJEstinias
2629 985 2783 1056 quod
2807 984 2865 1039 in
2904 985 3136 1038 veritate
3157 984 3386 1040 dixerim
3398 986 3496 1041 tibi
3512 988 3678 1043 fratri-

2133 1074 2235 1129 bus
2264 1075 2651 1145 hujuscemodi
2681 1073 2855 1127 dare?
2885 1074 3048 1128 crede
3077 1073 3233 1139 mihi,
3262 1088 3358 1144 per
3376 1076 3553 1144 jocum
3583 1078 3681 1131 dixi

2130 1162 2233 1217 tibi
2261 1164 2415 1217 dare.
2449 1165 2563 1233 Ego
2594 1164 2742 1217 enim
2773 1163 2921 1217 volui
2950 1169 3213 1232 priestare
3254 1164 3334 1216 eis
3359 1164 3565 1233 singula
3596 1178 3683 1221 uu-

2131 1253 2395 1305 mismata
2406 1258 2634 1322 propter
2663 1256 2913 1306 sanctam
2935 1250 3297 1305 festivitatem
3316 1270 3328 1317 ;
3344 1252 3569 1322 sedquia
3586 1264 3681 1308 non

2129 1340 2371 1394 habebat
2388 1340 2718 1395 distributor
2736 1354 2894 1394 meus
2913 1357 3104 1394 secum
3120 1340 3477 1394 suiiicientem
3492 1342 3686 1409 quanti-

2131 1430 2501 1499 tatem,hujus
2531 1429 2612 1482 rei
2639 1428 2826 1498 gratia
2849 1435 3105 1483 mutuam
3133 1428 3333 1482 dedisti
3354 1429 3686 1495 eammihi,et

2131 1533 2253 1572 ecce
2268 1518 2549 1572 attulitibi
2560 1518 2686 1572 illas
2710 1518 2944 1587 triginta
2958 1517 3227 1572 libras.Ut
3249 1533 3375 1571 vero
3388 1517 3517 1572 vidit
3537 1534 3687 1588 quan-

2130 1606 2349 1660 titatem
2372 1606 2667 1677 episcopus
2694 1607 2753 1660 in
2782 1606 3096 1660 honorabili
3123 1622 3293 1659 manu
3324 1607 3579 1676 sapientis
3595 1603 3688 1660 exi-

448 1683 729 1775 pergeret,
760 1707 819 1756 et
844 1701 1107 1773 perderes
1142 1696 1375 1752 fratrem
1417 1694 1600 1751 tuum.
1635 1696 1741 1750 Sed
1770 1710 1954 1764 surge,
1990 1698 2047 1748 et
2066 1683 2328 1748 Bstentis
2348 1695 2556 1748 medici
2587 1700 2646 1748 et
2679 1695 2937 1765 pastoris,
2972 1693 3142 1748 febris
3173 1694 3395 1764 quidem
3424 1692 3594 1748 subito
3620 1694 3688 1747 di-

447 1792 701 1862 gloritica
719 1791 919 1855 Deum,
942 1789 1040 1859 qui
1061 1788 1216 1842 dedit
1232 1782 1335 1841 tibi
1352 1801 1501 1851 eum,
1528 1784 1587 1839 et
1614 1785 1849 1839 salvavit
1864 1784 2045 1837 filium

447 1887 611 1936 tuum
630 1880 907 1934 mundum
931 1879 1001 1932 de
1020 1878 1125 1931 hoc
1142 1877 1343 1931 saeculo
1357 1889 1517 1928 vano.
1543 1874 1823 1943 Evigilans
1851 1873 2046 1943 itaque

447 1968 773 2035 vir,invenit
790 1981 888 2021 cor
915 1978 1080 2020 suum
1107 1965 1476 2029 consolatum,
1511 1968 1569 2016 et
1595 1960 1915 2015 universam
1946 1961 2046 2014 tri-

446 2057 1077 2127 stitiamejusejectam;
1105 2060 1163 2108 et
1184 2053 1415 2107 indutus
1436 2050 1772 2105 vestimenta
1800 2064 1921 2116 sua,
1952 2064 2041 2103 ve—

445 2146 531 2201 nit
558 2144 765 2199 cursim
790 2143 861 2197 ad
885 2141 1438 2197 honorabilissimum
1466 2138 1861 2210 patriarcham,
1886 2144 1946 2191 et
1958 2136 2045 2207 ja-

445 2230 563 2288 ctat
599 2246 660 2287 se
714 2232 785 2286 ad
811 2232 980 2303 pedes
1011 2232 1154 2301 ejus,
1184 2229 1397 2299 gratias
1446 2242 1619 2299 agens
1644 2229 1762 2282 Deo
1792 2233 1849 2281 et
1878 2227 1948 2293 ei,
1985 2233 2043 2280 et

441 2334 681 2375 narrans
706 2320 979 2375 visionem
1007 2333 1177 2390 quam
1208 2318 1440 2372 viderat.
1476 2318 1658 2381 Quam
1688 2315 1921 2369 audiens
1946 2317 2041 2385 ju~

444 2409 746 2475 stissimus,
776 2409 955 2462 dixit:
990 2408 1182 2463 Gloria
1206 2405 1329 2471 tibi,
1363 2406 1603 2476 benigne
1632 2411 1689 2459 et
1719 2405 2043 2458 misericors

442 2492 611 2565 Deus,
640 2494 737 2568 qui
790 2502 847 2551 et
902 2497 1353 2568 deprecationem
1404 2500 1758 2566 peccatorum
1789 2486 2036 2547 exaudis.

440 2586 767 2657 Iterumque
794 2586 867 2641 ad
894 2586 1180 2639 hominem
1208 2583 1348 2637 dixit
1375 2603 1385 2636 :
1445 2582 1838 2653 Nequaquam,
1869 2597 1904 2635 ο
1932 2582 2034 2645 fili,

438 2670 684 2745 gratiam
716 2675 863 2729 hanc
889 2674 1131 2729 orationi
1152 2686 1290 2727 mere
1321 2672 1586 2737 ascribas,
1619 2671 1716 2725 sed
1747 2669 1862 2725 Deo
1894 2675 1950 2723 et
1978 2671 2040 2723 ﬁ-

439 2764 532 2818 dei
550 2768 682 2830 tum,
706 2764 824 2818 hac
853 2760 1005 2818 enim
1026 2762 1215 2817 omnia
1234 2762 1342 2815 ista
1370 2761 1675 2831 impetrare
1688 2759 1882 2813 valuit.
1903 2760 2040 2813 Erat

440 2853 591 2907 enim
618 2852 783 2907 valde
798 2851 1089 2907 humiliter
1115 2851 1366 2905 sentiens
1388 2856 1637 2916 sanctus,
1661 2844 1843 2902 verbis
1875 2847 2035 2901 scili-

442 2947 531 2996 cet
554 2945 724 3012 atque
754 2939 1071 3013 prudentia.

2128 1784 2407 1855 sperabat,
2436 1785 2612 1853 frigus
2649 1784 2823 1838 etiam
2851 1783 3165 1848 recedebat,
3198 1782 3463 1837 fortitudo
3489 1796 3686 1854 quoque

2128 1879 2182 1927 et
2210 1872 2456 1944 corporis
2494 1875 2616 1943 ejus
2643 1873 2794 1927 calor
2821 1872 2893 1926 ad
2918 1889 3049 1927 eum
3072 1871 3492 1926 revertebantur
3510 1886 3523 1924 :
3541 1878 3601 1925 ut
3624 1888 3681 1925 ex

2126 1963 2231 2015 hoc
2286 1975 2399 2015 non
2437 1968 2625 2032 posset
2660 1963 2835 2016 latere
2873 1962 3018 2015 hanc
3055 1977 3179 2016 esse
3228 1970 3451 2015 causam
3487 1966 3691 2029 repente

2124 2050 2649 2121 eomprehendentis
2699 2064 2827 2104 eum
2885 2049 3364 2104 commutationis.
3404 2048 3691 2118 Suscipiens

2124 2152 2257 2209 ergo
2288 2155 2489 2194 aurum
2522 2139 2593 2193 ab
2622 2140 2962 2194 honorandis
2992 2139 3254 2193 manibus
3282 2137 3613 2210 patriarchas,
3643 2141 3693 2190 et

2123 2229 2265 2281 nihil
2304 2227 2530 2283 omnino
2580 2229 2986 2293 contradicens,
3037 2227 3399 2299 exspectabat
3423 2225 3491 2280 ab
3517 2242 3579 2280 eo
3604 2240 3690 2295 pse

2122 2316 2369 2371 triarcha
2412 2318 2879 2389 conscriptionem
2907 2316 3419 2372 abrenuntiationis
3445 2314 3693 2369 mercedis

2124 2420 2318 2460 earum
2348 2421 2472 2477 quae
2501 2407 2645 2461 datae
2665 2412 2798 2461 sunt
2823 2407 3060 2477 triginta
3086 2406 3215 2462 auri
3242 2406 3527 2460 librarum.
3558 2402 3693 2457 Fecit

2123 2500 2310 2548 autem
2341 2496 2444 2548 hoc
2480 2511 2609 2549 cum
2638 2495 2845 2565 gaudio
2873 2496 3097 2550 Troilus
3127 2496 3443 2566 episcopus,
3473 2490 3697 2547 scribens

2122 2584 2362 2655 propriis
2373 2583 2633 2638 manibus
2652 2584 2758 2639 ita:
2790 2586 2953 2650 Deus,
2970 2584 3203 2639 domino
3224 2600 3351 2638 meo
3365 2582 3561 2638 Joanni
3579 2580 3695 2633 bea-

2123 2671 2341 2726 tissimo
2384 2673 2718 2743 patriarchae
2762 2674 2932 2743 hujus
2960 2673 3472 2727 Alexandrinorum
3499 2684 3697 2739 magna

2119 2758 2381 2825 civitatis,
2415 2761 2489 2814 da
2515 2762 2832 2816 mercedem
2862 2762 3094 2832 triginta
3125 2762 3404 2816 librarum
3431 2776 3548 2830 qua;
3575 2759 3695 2812 dats

2118 2854 2253 2903 sunt
2279 2849 2405 2917 tibi,
2436 2849 2701 2920 quoniam
2749 2864 2851 2921 ego
2905 2852 3089 2922 recepi
3122 2866 3273 2905 mea.
3304 2852 3422 2905 Hoc
3449 2849 3698 2919 scriptum

2115 2938 2308 3008 itaque
2334 2944 2564 2993 sanctus
2581 2939 2875 3010 accipiens,
2907 2938 3151 3010 sumpsit
3174 2952 3367 2994 secum
3381 2946 3438 2993 et
3462 2937 3699 2992 eumdem

513 3004 652 3085 CAP:
679 3004 948 3084 XiVL—
984 3027 1260 3099 Pergebat
1286 3026 1589 3099 aliquando
1618 3027 1708 3080 hic
1739 3024 1941 3080 beatus
1962 3022 2033 3079 ad
2056 3004 2101 3065 θ
2118 3004 2442 3098 episcOpum
2472 3028 2542 3080 ad
2571 3004 2893 3098 prandium,
2922 3035 2986 3082 ut
3014 3004 3168 3082 enim
3211 3031 3335 3098 jam
3363 3028 3568 3081 dictum
3594 3030 3688 3089 est,

440 3118 1054 3190 visitandospauperes,
1076 3117 1135 3171 in
1147 3118 1328 3171 locum
1353 3118 1447 3187 qui
1472 3116 1678 3170 dicitur
1690 3115 1993 3170 Caesarium
2021 3128 2036 3181 ;

442 3204 559 3262 illic
578 3205 728 3262 enim
747 3207 832 3261 eis
850 3207 1062 3261 fecerat
1091 3202 1250 3277 quasi
1261 3202 1571 3274 tholos(69)
1585 3204 1857 3275 quosdam
1870 3203 2039 3275 proli-

439 3310 556 3364 xos,
589 3296 793 3367 ligneis
818 3295 1026 3351 tabulis
1053 3295 1371 3368 pavimento
1400 3299 1578 3348 strato
1605 3293 2040 3363 adrequiescem

440 3387 543 3441 dos
567 3396 681 3452 eos,
717 3391 774 3439 et
800 3384 967 3440 simul
997 3398 1126 3439 cum
1173 3386 1375 3438 storeis
1404 3389 1461 3438 et
1491 3379 1754 3436 rachanis
1798 3380 1899 3457 (70)
1935 3395 2038 3451 per

440 3481 620 3530 totam
639 3473 1044 3539 hiemem,cum
1058 3474 1300 3545 quodam
1314 3470 1703 3543 episcoporum
1720 3486 1914 3525 eorum
1939 3471 2034 3541 qui

440 3576 568 3619 cum
612 3576 680 3617 eo
730 3568 911 3628 erant,
963 3562 1216 3616 amatore
1270 3562 1537 3632 pecuniae,
1587 3556 1835 3631 passibili
1870 3558 2037 3614 modo

441 3663 652 3725 presso.
667 3651 931 3721 Dixitque
950 3644 1146 3705 beatus
1175 3651 1494 3722 patriarcha
1526 3650 1595 3703 ad
1626 3660 1755 3704 eum
1781 3650 1951 3703 :Ama
1973 3664 2038 3702 ac

2117 3114 2311 3179 statim
2336 3129 2508 3170 sanus
2538 3114 2717 3170 factus
2745 3122 2830 3171 est
2840 3117 3062 3170 ,Voleus
3074 3131 3217 3187 ergo
3239 3116 3513 3170 mercedis
3530 3111 3697 3168 reddia

2119 3210 2211 3257 tor
2237 3205 2385 3258 Deus
2413 3206 2697 3275 corripere
2722 3220 2875 3270 eum,
2891 3205 3059 3259 simul
3080 3211 3280 3259 autem
3297 3210 3356 3259 et
3382 3204 3453 3258 ad
3484 3204 3699 3257 misers-

2118 3292 2332 3347 tionem
2360 3292 2864 3348 contribulatorum
2892 3300 2951 3348 et
2988 3295 3444 3365 compassionem
3486 3292 3701 3361 erigere,

2121 3382 2368 3436 ostendit
2395 3382 2445 3436 ei
2476 3383 2671 3437 eadem
2695 3383 2787 3436 die
2815 3380 3119 3436 dormienti
3150 3389 3283 3453 post
3304 3382 3597 3454 prandium
3622 3388 3706 3449 pa-

2120 3471 2377 3525 triarchae
2387 3471 2444 3525 in
2461 3472 2691 3538 somnis,
2708 3486 2821 3543 qua
2835 3472 3093 3527 mercede
3104 3473 3368 3542 privatus
3388 3476 3552 3525 esset.
3568 3465 3708 3521 Vidit

2119 3559 2268 3612 enim
2302 3561 2388 3629 (ut
2436 3559 2535 3625 ait]
2567 3560 2820 3626 domum,
2850 3559 3013 3631 cujus
3038 3558 3527 3632 pulchritudinem
3556 3561 3705 3626 atque

2118 3648 2566 3718 magnitudinem
2592 3664 2704 3703 non
2734 3655 2919 3720 potest
2944 3664 3039 3704 ars
3077 3651 3384 3704 hominum
3411 3645 3633 3709 imitari,
3662 3648 3712 3697 et

442 3743 674 3804 honora,
704 3738 882 3794 frater
915 3740 1119 3807 Troile,
1145 3739 1348 3793 fratres
1381 3739 1589 3793 Christi
1620 3756 1633 3805 ;
1670 3739 1776 3792 hoc
1805 3738 1953 3791 enim
1985 3735 2036 3790 ei
2112 3739 2346 3807 januam
2363 3739 2532 3808 hujus
2547 3742 3053 3803 totamauream,et
3067 3735 3710 3810 superjanuamtitulum

440 3834 567 3883 erat
588 3842 810 3883 nomen.
838 3828 1251 3882 Nuntiaverunt
1265 3829 1416 3881 enim
1441 3827 1671 3897 quidam
1701 3826 2035 3897 patriarchae
2119 3828 2495 3898 conscriptum
2539 3843 2549 3878 :
2586 3826 2802 3881 MANbIO
2849 3840 3100 3895 ararum,
3146 3842 3220 3882 nr
3266 3841 3498 3889 murus
3538 3823 3712 3878 TROlLl

441 3916 591 3988 quod
608 3916 842 3986 triginta
858 3914 1033 3970 libras
1064 3916 1187 3970 auri
1212 3921 1462 3986 portaret
1481 3916 1540 3969 in
1555 3915 1678 3985 ipsa
1698 3915 2034 3968 horadome—
2115 3927 2365 3971 ειηεαορι.
2407 3917 2548 3970 Cum
2617 3930 2750 3986 ergo
2778 3916 2899 3981 hoc,
2945 3912 3151 3987 inquit,
3185 3917 3478 3988 legissem,
3507 3912 3713 3985 gavisus

440 4006 612 4060 sticus
630 4005 882 4075 ejusdem
903 4005 1145 4077 episcopi
1170 4005 1432 4071 Troili,ut
1449 4009 1662 4058 emeret
1677 4003 1918 4074 speciem
1948 4002 2035 4057 ar-
2116 4019 2261 4070 sum,
2283 4004 2525 4059 sciebam
2563 4005 2717 4058 enim
2746 4005 3067 4059 donandam
3106 4002 3251 4059 mihi
3278 4005 3354 4059 ab
3382 4005 3709 4075 imperatore

438 4094 594 4164 genti
615 4094 1130 4165 anaglyphi,gratia
1140 4108 1347 4148 mensae
1367 4108 1499 4148 suae.
1520 4090 1825 4163 Episcopus
1845 4097 2035 4145 autem
2116 4093 2247 4146 talis
2274 4093 2475 4147 domus
2485 4092 2882 4163 epulationem.
2898 4089 3165 4147 Nondum
3184 4093 3386 4148 autem
3406 4085 3711 4162 hujusrnodi

434 4187 706 4253 tanquam
717 4183 929 4237 veritus
940 4196 1259 4238 sermonem
1273 4181 1823 4253 patriarchae,imoad
1839 4181 2035 4234 horam
2115 4177 2268 4234 tituli
2287 4180 2817 4251 superscriptionem
2844 4181 3227 4251 perlegeram,
3258 4188 3319 4236 et
3343 4196 3473 4235 ecce
3500 4177 3713 4249 quidam

438 4270 756 4339 calefactus,
786 4271 1010 4342 singula
1041 4271 1163 4325 dari
1193 4271 1453 4325 omnibus
1479 4268 1747 4324 fratribus
1774 4269 2038 4339 praecepit
2117 4267 2305 4339 regius
2324 4266 2718 4333 cubicularius,
2742 4268 2953 4323 habens
2983 4280 3179 4324 secum
3202 4277 3266 4325 et
3294 4270 3441 4325 alios
3475 4263 3712 4336 obsequii

442 4359 493 4450 ei
528 4361 629 4450 qui
657 4359 1090 4450 trigintalibras
1118 4360 1244 4413 illas
1269 4358 1546 4430 portabat.
1604 4357 1875 4412 Celeriter
1900 4371 2037 4450 ergo
2055 4354 2310 4450 Ddivini;
2341 4356 2398 4410 et
2425 4372 2553 4411 cum
2580 4358 2926 4428 pervenisset
2951 4358 3022 4411 ad
3049 4358 3228 4413 talem
3260 4357 3501 4413 nitentis
3528 4356 3711 4409 domus

441 4448 765 4519 hujusmodi
794 4448 919 4502 auri
939 4448 1229 4517 quantitas
1248 4454 1478 4517 erogata
1498 4453 1601 4502 est.
1626 4444 2037 4502 Recedentibus
2056 4440 2368 4516 "-januam,
2392 4446 2535 4499 dixit
2559 4447 2630 4501 ad
2661 4446 2919 4517 praprios
2949 4447 3251 4502 ofﬁciales:
3288 4446 3571 4519 Deponite
3586 4440 3713 4497 mihi

442 4536 637 4607 itaque
662 4536 939 4606 utrisque,
995 4535 1318 4605 patriarcha
1344 4534 1571 4601 scilicet,
1601 4541 1659 4590 et
1682 4537 1779 4606 qui
1803 4536 2035 4589 invitam
2119 4534 2444 4588 titulum.Et
2463 4548 2593 4589 cum
2608 4535 3018 4605 deposuissent,
3046 4536 3268 4591 iterum
3297 4536 3483 4591 dixit:
3516 4535 3717 4588 Mutato

342 4624 353 4627 ’
447 4624 626 4688 (utita
647 4624 854 4689 dim)
873 4622 1288 4693 eleemosynam
1320 4613 1815 4694 fecerat,e}3isc0po
1848 4624 2036 4678 Troilo
2120 4636 2270 4688 eum,
2298 4629 2354 4677 et
2380 4623 2573 4694 ponite
2599 4638 2768 4693 quem
2798 4624 2957 4678 misit
2985 4622 3136 4678 orbis
3177 4631 3481 4681 terrarum
3507 4639 3619 4678 rex.
3655 4618 3718 4675 Et

441 4711 502 4765 in
524 4709 768 4783 propriis
780 4711 1237 4782 episcopiisvelut
1264 4712 1519 4783 quaedam
1539 4726 1733 4765 amens
1755 4718 1812 4765 et
1836 4713 2038 4766 animae
2120 4713 2433 4766 attulerunt
2461 4717 2518 4765 et
2542 4710 2841 4767 affixerunt
2857 4711 3013 4767 aliud
3039 4712 3363 4785 aspiciente
3392 4729 3507 4781 me,
3533 4722 3717 4781 super:

352 4812 363 4827 ι
438 4799 820 4870 periculosam
847 4813 979 4855 eum
999 4800 1266 4871 cogitatio
1285 4800 1474 4867 irruit,
1511 4806 1744 4872 propter
1769 4802 2036 4872 pecunia-
2121 4801 2391 4871 scriptum
2428 4801 2538 4854 ita:
2588 4798 2810 4856 Maneto
2848 4802 3075 4856 mam
3111 4818 3179 4857 sc
3226 4818 3469 4866 naeuus
3500 4801 3720 4857 Joannis

441 4898 571 4942 rum
595 4888 882 4943 dationem
914 4890 1203 4957 ;horroris
1229 4895 1287 4944 et
1310 4890 1521 4945 amoris
1550 4890 1886 4961 pecuniae,“
1906 4904 2037 4944 cru-
2123 4903 2516 4944 xmursrrscopr
2572 4889 2978 4955 ALEXANDRIE,
3017 4905 3197 4946 εωνη
3240 4906 3427 4947 Lienis
3462 4902 3718 4945 rursum.

445 4975 695 5030 delitatis
741 4982 800 5030 et
825 4978 1181 5048 negligentiae
1207 4978 1470 5049 genimen
1518 4994 1647 5033 eum
1676 4978 2036 5049 sequebatur,
2123 4978 2195 5032 Et
2219 4993 2348 5032 cum
2384 4979 2489 5032 hoc
2525 4977 2772 5044 vidisset,
2801 4977 3050 5033 surrexit
3078 4993 3117 5033 α
3162 4994 3399 5049 somno,
3435 4986 3499 5035 et
3524 4990 3719 5048 magno

446 5064 601 5119 febre
627 5071 785 5120 extra
802 5073 1063 5121 naturam
1074 5068 1498 5140 mistmpropter
1524 5052 1675 5139 quod
1686 5075 1929 5139 aegrotus
1953 5070 2039 5122 in—
2121 5080 2456 5137 summoque
2483 5068 2695 5138 pastori
2720 5082 2845 5138 quae
2872 5068 2992 5122 visa
3008 5069 3212 5123 suntsi
3240 5070 3306 5124 in
3337 5069 3557 5125 somnis
3574 5078 3723 5122 errar-

445 5153 597 5208 vitus
620 5154 678 5207 in
705 5155 912 5209 lectum
952 5155 1169 5213 cecidit.
1219 5156 1665 5212 Hebdomaderio
1693 5172 1828 5228 ergo
1854 5173 1888 5212 a
1913 5174 2038 5213 san-
2120 5155 2282 5210 ravit.
2333 5155 2640 5210 Proﬁciens
2685 5171 2751 5210 ea
2796 5157 2867 5210 de
2907 5172 3079 5212 causa
3117 5152 3354 5214 Trdilus
3411 5159 3719 5231 epispr

446 5237 696 5308 stissimo
718 5244 1039 5317 patriarcha
1065 5245 1135 5298 ad
1160 5258 1288 5299 eum
1317 5247 1658 5314 veniente,et
1686 5247 1757 5301 ad
1782 5262 2038 5302 mensam
2120 5243 2301 5298 factus
2327 5259 2393 5298 ex
2421 5249 2561 5299 tunc
2585 5246 3033 5317 eleemosyn'ator
3060 5245 3435 5316 magniﬁcus.

446 5329 699 5398 ejusdem
713 5330 1050 5399 patriarcha
1075 5342 1203 5384 eum
1218 5330 1509 5399 invitante,
1532 5333 2038 5404 recusavit,frigore
2191 5334 2323 5389 CAP.
2350 5332 2569 5388 XXVII.
2605 5360 2673 5375 -ι
2716 5334 2989 5389 Dominus
3008 5335 3104 5406 qui
3137 5335 3377 5391 divitias
3393 5336 3456 5391 in
3477 5342 3724 5407 tempore

448 5416 600 5470 enim
621 5419 678 5471 et
704 5415 859 5473 febre
885 5432 945 5472 se
973 5418 1160 5473 vexari
1197 5434 1301 5490 pro
1325 5421 1567 5490 quadam
1594 5434 1767 5477 causa
1793 5423 2031 5478 dicebat.
2122 5423 2366 5493 quodam
2384 5422 2550 5477 beato
2569 5422 2597 5478 Ι
2603 5423 2675 5478 ob
2707 5423 3099 5491 abstuﬁgfecit
3118 5424 3312 5481 simile
3333 5427 3555 5482 ethuic
3580 5418 3723 5478 omni

446 5505 761 5576 Igitur-cum
776 5508 883 5562 hoc
894 5504 1145 5562 audisset
1166 5504 1639 5578 pati-iambum“
1659 5513 1889 5582 agnovit
1900 5524 2034 5567 ωας
2120 5512 2373 5595 bonitate
2401 5513 2586 5584 pleno,
2620 5517 2813 5568 sancto
2843 5510 3175 5585 patriarchae
3205 5514 3449 5571 Joanni.
3474 5511 3729 5569 Navibus
