3942 6200
257 292 362 349 365

1164 295 1332 350 VlTA
1370 296 1627 350 SANC’I‘I
1665 295 1969 351 JOANNIS
2006 298 2610 353 ELEEMOSYNARII.

3431 306 3537 367 366

254 418 405 471 enim
451 420 823 474 sanctissimae
844 420 1090 474 ecclesiae
1120 419 1725 491 comprehendentibus
1752 419 1928 478 vio-A
1945 421 2232 477 mandavit
2258 421 2397 475 mihi
2426 421 2699 476 Dominus
2730 438 2889 476 meus
2908 428 2965 477 et
2992 424 3245 479 omnium
3282 426 3538 483 Christus

252 507 465 560 lentam
506 508 769 573 hiemem,
811 509 871 562 in
925 509 1044 563 loco
1076 509 1171 578 qui
1200 508 1491 562 dicebatur
1519 508 1691 562 Adria
1724 506 1849 577 (7|),

255 596 619 665 projecerunt
637 597 831 650 omnia
850 614 971 661 sua,
995 615 1122 668 qute
1139 614 1308 650 naves
1330 597 1627 667 portabant
1651 616 1663 661 ;
1694 604 1856 650 erant

252 701 380 738 vero
410 700 611 740 omnes
637 702 808 740 naves
834 686 1022 741 simul.
1048 687 1184 740 Erat
1206 692 1397 739 autem
1426 703 1649 739 summa
1678 686 1857 739 multa

250 773 409 828 valde
432 774 799 828 enthecarum
839 792 1071 829 suarum
1096 794 1111 838 ;
1145 774 1428 828 habebant
1457 775 1609 828 enim
1636 779 1860 828 tantum

248 862 592 917 vestimenta
644 870 701 917 et
757 870 1077 937 argentum,
1112 870 1169 918 et
1214 864 1352 917 alias
1397 881 1488 917 res
1517 864 1763 929 altiores,
1798 868 1861 917 ut

250 958 681 1022 computaretur
690 954 909 1023 pondus
932 953 1080 1024 quod
1100 953 1269 1007 ivitin
1295 953 1667 1023 perditionem
1687 969 1861 1023 quan-

250 1041 434 1095 titatis
473 1042 930 1097 centenariorum
960 1042 1196 1112 triginta
1228 1049 1490 1113 quatuor.
1532 1043 1665 1095 Plus
1707 1042 1858 1095 enim

251 1136 418 1185 erant
453 1148 626 1201 quam
644 1132 916 1186 tredecim
936 1149 1124 1195 naves,
1148 1131 1433 1203 capientes
1478 1148 1579 1203 per
1608 1131 1859 1201 singulas

248 1220 446 1274 decem
489 1220 670 1274 millia
701 1221 1042 1275 modiorum.
1085 1216 1449 1276 Venientibus
1480 1237 1608 1274 vero
1623 1221 1861 1274 Alexan-

248 1308 437 1361 driam
451 1314 513 1363 et
520 1309 903 1380 pergentibus,
920 1309 1113 1363 statim
1133 1309 1335 1379 reliqui
1353 1309 1657 1363 creditores
1674 1314 1731 1362 et
1742 1308 1857 1381 pri-

249 1398 327 1451 mi
344 1404 542 1452 nauta:
561 1398 618 1452 in
641 1399 935 1452 ecclesiam
953 1398 1587 1468 confugerunt.Sanctus
1602 1415 1732 1453 vero
1753 1398 1857 1452 hoc

246 1487 515 1553 audiens,
541 1493 838 1541 etcausam
864 1493 1094 1557 propter
1114 1504 1283 1557 quam
1304 1487 1856 1557 fugerant,mittiteis

246 1574 490 1628 verbum
504 1574 763 1628 manibus
783 1574 901 1628 suis
921 1572 1539 1645 conscriptum,habens
1558 1574 1639 1627 ita
1662 1591 1672 1625 :
1702 1595 1727 1621 κ
1750 1574 1857 1627 Do-

250 1663 446 1717 minus
476 1663 652 1727 dedit,
684 1662 923 1729 fratres;
952 1662 1244 1737 Dominus,
1278 1668 1343 1716 ut
1372 1661 1563 1726 voluit,
1585 1660 1852 1728 abstulit;

248 1753 402 1806 sicut
423 1751 664 1806 Domino
688 1752 916 1823 placuit,
940 1752 1019 1806 ita
1042 1733 1246 1805 factum
1280 1756 1366 1804 est
1389 1768 1400 1802 :
1425 1750 1497 1804 sit
1519 1765 1724 1804 nomen
1752 1750 1858 1803 Do-
1874 1733 1919 1791 Β

250 1841 397 1894 mini
412 1840 771 1895 benedictum
780 1843 914 1907 (Job.
923 1840 1295 1906 I).Exite,filii,
1317 1839 1458 1894 nihil
1469 1840 1535 1892 ex
1546 1840 1650 1893 hoc
1663 1838 1824 1893 veriti
1840 1856 1851 1891 :

250 1930 535 1984 Dominus
558 1931 710 1984 enim
730 1930 1003 1984 sollicitus
1020 1930 1129 1983 erit
1165 1930 1233 1982 de
1254 1929 1517 1983 crastino.
1546 1948 1569 1979 ι
1592 1923 1860 1981 Ascendit

250 2019 453 2090 itaque
478 2034 620 2089 pene
644 2019 941 2073 dimidium
970 2019 1212 2073 civitatis
1228 2018 1288 2071 in
1309 2022 1613 2071 secretum:
1634 2017 1722 2071 die
1752 2033 1854 2070 au-

250 2113 373 2161 tem
417 2108 597 2161 altero
626 2108 874 2162 volentes
906 2106 1010 2179 (7‘2)
1046 2107 1323 2161 consolari
1370 2106 1615 2160 nobilem
1645 2105 1855 2172 istum;

251 2199 377 2267 ipse
403 2214 538 2251 vero
556 2213 973 2268 praeoccupans,
996 2197 1163 2268 coepit
1192 2196 1451 2250 omnibus
1501 2196 1684 2249 dicere
1709 2213 1719 2247 :
1754 2195 1861 2248 Ne-

252 2299 566 2354 quaquam,
581 2301 615 2339 o
636 2286 736 2339 ﬁlii
755 2292 812 2340 et
825 2286 1045 2353 fratres,
1070 2301 1237 2340 causa
1259 2284 1485 2340 navium
1516 2283 1859 2338 difﬁcultatis

251 2373 569 2427 tristemini
593 2393 617 2441 ;,
640 2391 774 2430 nam
803 2375 1035 2429 humilis
1053 2376 1317 2440 Joannes,
1347 2374 1578 2439 credite,
1602 2373 1859 2427 inventus

252 2468 341 2516 est
388 2462 731 2532 culpabilis;
764 2465 970 2535 quippe
999 2464 1108 2517 nisi
1148 2463 1531 2518 extollontiam
1571 2461 1857 2526 haberem,

254 2552 415 2605 nullo
452 2553 621 2605 modo
668 2553 772 2606 hoc
812 2553 1036 2607 ferrem.
1062 2553 1170 2606 Sed
1204 2552 1336 2623 quia
1359 2551 1665 2606 extollebar
1692 2551 1752 2604 in
1772 2550 1859 2604 his

252 2656 383 2711 quae
403 2640 510 2695 Dei
525 2647 707 2707 erant,
734 2646 791 2695 et
809 2640 1155 2696 aestimabam
1180 2641 1327 2711 quod
1351 2657 1556 2710 magna
1586 2656 1755 2710 opera
1785 2639 1861 2692 fa-

251 2745 466 2795 cerem,
489 2730 631 2784 dans
652 2746 774 2801 quae
804 2730 1093 2785 hominum
1115 2736 1294 2795 erant,
1320 2729 1423 2782 hoc
1458 2729 1597 2782 mihi
1639 2728 1858 2796 evenit;

253 2819 448 2872 volens
466 2833 602 2889 ergo
622 2819 770 2874 Deus
798 2818 873 2873 ut
890 2820 994 2873 hoc
1012 2819 1406 2889 intelligerem,
1439 2817 1549 2871 ista
1569 2817 1850 2887 permisit.

251 2907 634 2979 Eleemosyna
647 2909 796 2962 enim
809 2925 922 2962 non
936 2909 1259 2979 vigilantem
1272 2908 1602 2978 plerumque
1618 2905 1675 2958 in
1692 2905 1863 2958 extol-

250 2997 491 3052 lentiam
513 2999 697 3052 elevat
716 3016 726 3051 :
745 2998 952 3051 invitus
968 3014 1096 3051 vero
1113 3014 1277 3051 casus
1301 2995 1563 3049 humiliat
1576 2994 1860 3048 sustinen-

1936 510 2085 565 Deus
2104 513 2283 581 (Joan.
2320 514 2393 579 χ).

2010 602 2145 653 CAP.
2167 600 2361 654 XXIX.
2374 629 2435 641 -
2450 599 2757 654 Districtus
2777 601 3002 671 quidam
3016 598 3183 657 abhis
3202 604 3296 674 qui
3309 605 3534 674 pensio-

1940 704 2069 742 nem
2092 688 2405 758 exigebant,
2437 704 2563 741 cum
2610 705 2721 741 non
2750 689 2983 744 haberet
3025 686 3175 761 quod
3206 692 3367 746 daret
3397 694 3537 763 (erat

1941 777 2090 830 enim
2102 778 2257 847 regio
2267 777 2323 830 in
2335 794 2542 846 magna
2554 776 2900 844 difficultate,
2917 795 2982 832 eo
2994 780 3142 849 quod
3158 781 3359 835 ﬂuvius
3372 781 3534 837 Nilus

1941 866 2247 919 secundum
2256 866 2720 920 consuetudinem
2730 882 2844 920 non
2856 866 3119 937 irrigaret
3126 869 3285 940 aquis
3300 872 3532 943 terram)

1941 953 2061 1024 ipse
2090 954 2283 1009 abiens
2297 955 2627 1025 deprecatus
2645 961 2732 1008 est
2760 955 2957 1009 ducem
2980 958 3278 1027 quemdam
3297 976 3533 1030 magna-

1939 1049 2146 1109 torum,
2173 1049 2237 1097 ut
2252 1048 2476 1098 mutuas
2494 1043 2599 1097 sibi
2620 1044 2782 1098 daret
2801 1044 3212 1116 quinquaginta
3238 1047 3409 1103 libras
3428 1038 3531 1104 au-

1940 1132 1989 1184 ri
2014 1150 2026 1197 ;
2059 1138 2115 1186 et
2145 1131 2367 1186 dicebat
2390 1149 2449 1186 se
2480 1132 2615 1186 dare
2641 1133 2898 1203 pignora,
2928 1133 2975 1187 si
2995 1134 3179 1200 vellet,
3212 1135 3400 1207 dupla.
3419 1137 3530 1192 Re-

1939 1221 2200 1293 promisit
2228 1237 2360 1291 ergo
2389 1222 2501 1275 dux
2520 1222 2654 1276 dare
2683 1222 2752 1285 ei,
2785 1223 2855 1276 ad
2885 1239 3132 1293 praesens
3151 1240 3278 1278 vero
3291 1225 3529 1280 distulit.

1940 1309 2301 1364 Exactoribus
2332 1326 2466 1380 ergo
2489 1311 3004 1380 constringentibus
3034 1329 3182 1378 eum,
3214 1313 3368 1367 vadit
3391 1313 3533 1386 ipse,

1939 1405 2004 1453 ut
2032 1398 2214 1452 omnis
2241 1399 2313 1452 ad
2337 1406 2560 1470 portum
2577 1416 2612 1453 a
2628 1417 2737 1470 quo
2762 1401 2948 1454 cuncti
2979 1400 3346 1472 recipiuntur,
3378 1403 3533 1457 vide-

1940 1488 2071 1541 licet
2094 1488 2163 1541 ad
2182 1488 2541 1543 mitissimum
2566 1489 2864 1558 etdignum
2894 1490 3270 1544 admiratione
3290 1490 3533 1561 patriar-

1940 1577 2119 1629 cham.
2157 1578 2225 1630 Et
2252 1577 2503 1630 nondum
2548 1593 2690 1647 pene
2728 1577 3014 1648 prOpriam
3060 1579 3453 1633 necessitatem
3483 1580 3535 1636 ei

1940 1671 2285 1729 narraverat,
2300 1665 2441 1718 dixit
2453 1672 2677 1719 sanctus
2695 1666 2766 1718 ad
2779 1682 2909 1719 eum
2926 1684 2935 1717 :
2959 1667 3041 1720 Do
3052 1711 3067 1735 ,
3091 1661 3187 1731 fili,
3205 1667 3253 1721 si
3268 1668 3531 1734 volueris,

1938 1760 1995 1808 et
2024 1771 2133 1825 quo
2164 1755 2387 1820 vestior,
2418 1754 2831 1808 vestimentum.
2867 1755 3088 1808 Etenim
3119 1772 3246 1809 cum
3285 1756 3535 1811 admira-

1937 1842 2142 1897 bilibus
2153 1843 2268 1897 suis
2286 1843 2447 1897 bonis
2461 1848 2518 1897 et
2537 1843 2642 1896 hoc
2666 1843 3006 1913 possidebat,
3040 1844 3188 1914 quod
3204 1861 3317 1899 non
3345 1832 3534 1916 posset

1938 1932 2125 1985 videre
2164 1932 2411 2002 aliquem
2460 1932 2529 1985 de
2558 1931 2989 1986 necessitatibus
3017 1933 3444 2005 lacrymantem,
3476 1939 3536 1990 et

1939 2023 2053 2074 non
2072 2020 2264 2074 statim
2287 2037 2346 2074 se
2356 2020 2597 2091 propriis
2621 2020 2832 2090 rigaret
2853 2021 3141 2092 lacrymis:
3167 2023 3315 2076 unde
3327 2016 3385 2077 et
3405 2040 3534 2077 mox

1943 2109 2272 2181 petitionem
2303 2108 2537 2163 volentis
2565 2107 2635 2161 ab
2667 2125 2732 2162 eo
2762 2115 3023 2163 mutuum
3070 2110 3321 2181 accipere
3350 2096 3533 2165 adim-

1944 2198 2210 2269 plevit.Et
2229 2197 2486 2267 sequenti
2509 2202 2669 2251 nocte
2687 2197 2839 2250 videt
2871 2198 2981 2251 dux
3000 2186 3148 2268 quod
3168 2204 3345 2253 staret
3363 2216 3534 2270 super

1944 2288 2121 2340 altare
2150 2285 2399 2357 quidam,
2433 2286 2522 2339 cui
2552 2285 2860 2339 offerebant
2893 2287 3056 2340 multi
3085 2286 3435 2355 oblationes;
3477 2294 3536 2343 et

1944 2392 2044 2446 per
2070 2392 2243 2429 unam
2271 2392 2439 2445 quam
2480 2374 2779 2446 ponebant,
2806 2374 3153 2445 accipiebant
3180 2382 3405 2431 centum
3431 2394 3533 2449 pro

1942 2464 2066 2535 ipsa
2082 2464 2151 2519 de
2173 2464 2356 2518 altari.
2390 2465 2524 2518 Erat
2542 2470 2732 2518 autem
2747 2468 2805 2518 et
2824 2463 3136 2534 patriarcha
3156 2471 3284 2536 post
3310 2471 3534 2537 tergum

1943 2555 2081 2623 ejus.
2110 2552 2339 2609 Iacebat
2359 2569 2492 2622 ergo
2512 2568 2627 2606 una
2655 2552 2863 2606 oblatio
2899 2558 3031 2606 ante
3059 2570 3153 2607 eos
3192 2554 3252 2609 in
3278 2570 3392 2609 uno
3410 2571 3533 2609 sca-
3624 2560 3639 2569 '

1942 2659 2094 2708 mno,
2120 2648 2177 2696 et
2204 2641 2342 2695 dicit
2371 2641 2599 2712 quidam
2626 2641 2754 2695 duci
2790 2659 2801 2694 :
2826 2636 3000 2707 Vade,
3033 2641 3257 2696 domine
3285 2642 3410 2710 duc,
3442 2660 3535 2698 ac-

1944 2731 2066 2801 cipe
2105 2730 2445 2785 oblationem
2475 2730 2651 2795 illam,
2703 2735 2761 2783 et
2797 2730 2936 2784 offer
2982 2731 3053 2784 ad
3095 2731 3290 2797 altare,
3318 2737 3377 2786 et
3401 2720 3538 2787 tolle

1942 2835 2043 2890 pro
2074 2836 2140 2873 ea
2168 2824 2395 2873 centum
2423 2818 2749 2873 oblationes.
2784 2817 2889 2873 Illo
2920 2835 3047 2873 vero
3075 2820 3398 2891 pigritante,
3440 2838 3538 2876 ou-

1943 2908 2121 2961 currit
2132 2907 2475 2978 patriarcha,
2502 2907 2633 2961 licet
2652 2913 2781 2979 post
2800 2924 2927 2961 eum
2947 2913 3145 2977 staret,
3163 2914 3220 2963 et
3233 2900 3367 2964 tulit
3393 2910 3544 2965 hanc

1943 3001 2073 3051 ante
2103 3013 2253 3062 eum,
2288 3002 2345 3050 et
2367 2995 2588 3060 obtulit,
2623 3002 2681 3050 et
2716 2996 2947 3068 accepit,
2985 2997 3129 3051 sicut
3168 3014 3383 3066 omnes,
3415 3015 3545 3053 cen-

249 3092 389 3140 tem.
417 3087 521 3141 Ait
550 3086 700 3141 enim
751 3087 941 3141 divina
987 3086 1280 3157 Scriptura
1304 3103 1316 3137 :
1345 3084 1655 3156 Paupertas
1681 3083 1861 3138 virum
1881 3084 1923 3145 C
1942 3090 2066 3140 tum
2086 3085 2155 3139 de
2175 3084 2361 3139 altari.
2382 3084 2664 3154 Evigilans
2702 3085 2913 3156 itaque,
2946 3090 3058 3139 non
3089 3091 3312 3157 poterat
3338 3087 3543 3141 discer-

250 3175 544 3229 humiliat.
572 3177 643 3230 Et
672 3176 875 3230 iterum
905 3175 1076 3230 David
1102 3175 1205 3228 hoc
1226 3174 1425 3239 sciens,
1448 3173 1665 3226 dicebat
1698 3191 1709 3225 :
1752 3174 1865 3227 Bo-

251 3278 391 3317 num
405 3264 549 3317 mihi
566 3264 713 3334 quod
728 3270 791 3318 tu
806 3264 1118 3317 humiliasti
1136 3280 1245 3327 me,
1281 3268 1346 3316 ut
1358 3262 1572 3316 discam
1586 3261 1862 3331 justifica-

251 3353 441 3406 tiones
457 3359 587 3406 tuas
602 3355 747 3420 (Psal
758 3392 769 3405 .
799 3356 1009 3422 cxvm).
1028 3353 1177 3407 Dum
1195 3353 1347 3407 enim
1365 3352 1529 3405 malis
1548 3351 1726 3404 factus
1736 3367 1864 3404 sum

252 3440 553 3508 obnoxius,
581 3442 714 3512 quia
732 3442 1017 3496 dationem
1054 3459 1155 3513 per
1176 3458 1380 3495 vanam
1401 3439 1640 3510 gloriam
1672 3439 1865 3510 perde‘

254 3529 410 3593 bam,
441 3536 501 3584 et
529 3531 796 3600 quoniam
849 3548 950 3602 per
998 3530 1195 3585 vitium
1235 3547 1423 3584 meum
1464 3529 1694 3600 perditae
1734 3533 1866 3583 sunt

252 3625 435 3672 tantm
460 3620 730 3689 pecunia),
746 3620 922 3674 habeo
938 3637 1089 3674 nunc
1107 3620 1385 3690 judicium
1405 3617 1722 3672 animarum
1740 3634 1861 3687 qua;

256 3707 316 3760 in
350 3712 508 3760 arcto
528 3715 678 3763 sunt.
702 3709 930 3775 Verum,
955 3707 1326 3767 dilectissimi.
1345 3708 1440 3777 qui
1463 3713 1596 3760 tunc
1612 3712 1864 3776 tempore

250 3796 400 3866 justi
430 3796 581 3850 illius
595 3796 699 3851 Job
720 3797 828 3851 fuit
860 3799 1027 3863 Deus,
1053 3802 1110 3850 et
1133 3796 1450 3850 nuncidem
1483 3795 1602 3866 ipse
1631 3800 1735 3858 est,
1768 3794 1864 3864 qui

258 3902 379 3939 non
407 3891 640 3957 propter
659 3892 965 3956 egestatem
996 3902 1202 3950 meam,
1236 3885 1334 3939 sed
1377 3884 1446 3938 ob
1490 3883 1864 3953 indigentium

260 3974 683 4040 necessitatem,
705 3990 818 4027 non
837 3973 1193 4043 derelinquat
1210 3989 1332 4025 nos.
1350 3973 1475 4042 lpse
1504 3970 1655 4023 enim
1685 3970 1827 4023 dixit
1852 3988 1862 4021 :

257 4062 398 4116 Non
406 4066 463 4115 te
477 4062 941 4133 deseram,neque
952 4062 1646 4132 derelinquam(llebr.xnl)
1656 4099 1668 4111 .
1686 4063 1723 4124 I
1739 4062 1867 4124 95

263 4150 345 4204 Et
383 4166 606 4205 rursus:
643 4150 890 4214 QUEBI‘itB
919 4150 1163 4221 primum
1192 4164 1429 4219 regnum
1451 4148 1569 4213 Dei,
1602 4154 1660 4201 et
1691 4146 1864 4218 justi-

264 4238 412 4292 tiam
441 4240 581 4308 ejus,
609 4245 668 4293 et
707 4239 827 4293 haec
856 4238 1046 4292 omnia
1100 4236 1436 4308 adjicientur
1472 4235 1628 4289 vobis
1651 4234 1861 4303 (Matth.

266 4329 371 4396 vx).
398 4326 657 4382 Volentes
685 4344 819 4398 ergo
845 4326 1119 4382 consolari
1149 4342 1280 4379 eum
1313 4323 1548 4378 civitatis
1596 4323 1869 4376 habitato-

1944 3190 2079 3227 nere
2101 3173 2402 3227 somnium.
2438 3172 2592 3227 Misit
2605 3179 2796 3227 autem
2813 3179 2871 3228 et
2888 3174 3120 3228 adduxit
3140 3191 3268 3229 eum
3280 3175 3378 3246 qui
3398 3176 3543 3229 vole-

1945 3262 2044 3315 bat
2072 3269 2332 3315 mutuum
2380 3261 2652 3333 accipere,
2680 3267 2745 3315 ut
2778 3267 3073 3332 praestaret
3100 3262 3169 3317 ei.
3202 3262 3273 3316 Et
3300 3278 3428 3316 cum
3446 3276 3544 3316 ve-

1948 3351 2142 3416 nisset,
2176 3350 2313 3404 dicit
2338 3349 2388 3403 ei
2418 3350 2563 3403 dux:
2597 3350 2800 3421 Accipe
2828 3350 2977 3421 quod
3013 3349 3205 3420 petisti
3242 3354 3534 3410 mutuum.

1946 3438 2309 3509 Respondens
2329 3438 2444 3503 ille,
2466 3438 2608 3492 dixit
2628 3438 2679 3492 ei
2699 3458 2714 3492 :
2731 3440 2876 3492 Ante
2894 3438 3026 3493 tulit
3053 3438 3369 3492 mercedem
3382 3442 3545 3493 tuam

1947 3529 2207 3584 dominus
2222 3528 2785 3599 patriarchaEtenim
2806 3532 2862 3582 te
2883 3528 3111 3582 domino
3127 3527 3418 3583 differente
3428 3544 3541 3595 me,

1946 3619 2265 3689 compulsus
2294 3634 2418 3672 sum
2452 3617 2522 3670 ad
2551 3617 2711 3671 illum
2740 3622 3009 3687 tanquam
3030 3617 3098 3670 ad
3111 3622 3337 3688 portum
3354 3617 3543 3671 confu-

1945 3724 2098 3778 gere,
2125 3706 2306 3760 multa
2320 3706 2470 3760 enim
2493 3712 2615 3760 erat
2654 3706 2736 3759 vis
2760 3704 3168 3775 inquietudinis
3198 3711 3539 3760 exactorum.

1949 3797 2091 3850 Cum
2104 3812 2235 3865 ergo
2250 3795 2504 3849 audisset
2524 3794 2852 3859 hoc,statim
2875 3794 3199 3849 recordatus
3211 3799 3298 3848 est
3315 3794 3540 3861 somnii,

1949 3892 2006 3938 et
2033 3884 2204 3938 dixit:
2236 3884 2379 3937 Vere
2404 3883 2544 3937 bene
2574 3883 2761 3937 dixisti
2795 3902 2805 3935 :
2843 3883 2986 3947 Quia
3009 3888 3140 3936 ante
3168 3883 3303 3937 tulit
3326 3899 3544 3937 merce-

1948 3974 2077 4026 dem
2104 3980 2281 4026 tuam.
2313 3974 2461 4026 Ante
2492 3972 2623 4025 tulit
2645 3972 2818 4038 enim,
2853 3978 2910 4025 et
2941 3988 3019 4025 va;
3049 3964 3130 4025 illi
3162 3971 3258 4042 qui
3302 3972 3422 4027 vult
3465 3971 3545 4026 fa-

1949 4078 2075 4115 cere
2102 4060 2332 4126 bonum,
2367 4066 2423 4113 et
2452 4060 2656 4113 differt.
2692 4061 2761 4114 Et
2787 4059 3071 4114 enarravit
3098 4060 3149 4115 ei
3187 4065 3244 4114 et
3283 4052 3545 4116 omnibus

1948 4149 2229 4204 somnium
2250 4149 2400 4219 quod
2430 4149 2661 4204 viderat.

2022 4238 2156 4291 CAP.
2190 4234 2719 4306 XXX.-—Pergente
2748 4235 3050 4306 aliquando
3080 4243 3273 4290 sancto
3296 4237 3367 4291 ad
3397 4245 3541 4292 tem-

1949 4326 2105 4397 plum
2134 4330 2456 4379 sanctorum
2498 4324 2921 4377 victoriosorum
2977 4326 3295 4394 martyrum
3326 4326 3457 4395 Cyri
3487 4331 3546 4380 et

268 4431 387 4480 res,
422 4422 486 4469 ut
510 4416 722 4471 dictum
751 4421 856 4481 est,
887 4415 994 4487 ipsi
1022 4414 1202 4485 magis
1233 4413 1445 4466 inventi
1482 4416 1612 4466 sunt
1640 4416 1868 4465 econtra
1884 4438 1933 4498 Ι)
1950 4414 2182 4468 Joannis
2206 4414 2286 4478 ,in
2304 4412 2549 4483 gloriosa
2564 4428 2759 4466 eorum
2770 4410 3043 4466 memoria
3058 4411 3541 4481 orationisgratia,

267 4504 716 4559 consolationem
746 4505 817 4558 ab
847 4505 969 4574 ejus
994 4502 1339 4558 beatitudine
1368 4501 1661 4572 recepisse.
1688 4500 1868 4555 Nimis

270 4609 412 4663 ergo
436 4591 601 4647 breve
625 4599 848 4664 tempus
875 4592 1168 4665 praeteriit,
1185 4597 1242 4645 et
1261 4591 1322 4644 in
1345 4590 1578 4661 duplum
1623 4589 1872 4643 restituit

270 4682 428 4737 Deus
456 4698 598 4736 novo
626 4689 820 4737 nostro
834 4680 938 4736 Job
959 4680 1250 4736 facultates
1274 4721 1288 4747 ,
1319 4684 1376 4733 et
1398 4681 1603 4732 iterum
1625 4679 1872 4749 eratipse

270 4771 676 4841 magnanimus
691 4771 838 4825 circa
860 4770 1321 4835 misericordiam,
1344 4768 1580 4822 fortasse
1605 4773 1795 4821 autem
1818 4773 1874 4820 et

269 4860 596 4931 religiosior
621 4877 790 4931 quam
818 4864 988 4915 antea
1009 4859 1212 4914 fuerat.

350 4950 485 5004 CAP.
498 4946 749 5004 XXVIII.
767 4978 833 4989 —
850 4950 937 5003 Ad
948 4954 1260 5004 extremam
1280 4952 1671 5018 paupertatem
1685 4961 1874 5016 perve-

274 5038 461 5093 nienti
484 5038 708 5093 cuidam
725 5039 794 5093 de
805 5037 1123 5093 domesticis
1142 5036 1434 5099 ministris,
1462 5034 1688 5106 propria
1704 5050 1875 5087 manu

276 5127 387 5183 iste
416 5132 665 5195 sanctus,
686 5140 751 5182 ut
778 5128 966 5182 nullus
986 5127 1172 5193 sciret,
1197 5123 1521 5179 duaslibras
1550 5122 1674 5176 auri
1695 5122 1868 5189 dedit;

277 5226 339 5272 et
364 5217 606 5272 audiens
634 5216 703 5272 ab
741 5217 1047 5287 accipiente
1076 5235 1090 5269 :
1125 5213 1401 5278 Quoniam
1431 5213 1547 5266 haec
1575 5211 1868 5283 accipiens,

276 5300 775 5373 domine,ulterius
791 5322 905 5360 non
924 5304 1102 5359 habeo
1119 5303 1331 5357 vultum
1349 5300 1676 5355 intendendi
1692 5300 1750 5353 in
1780 5299 1871 5353 ho-

276 5393 596 5449 norabilem
619 5402 676 5449 et
701 5395 1016 5466 angelicam
1054 5392 1253 5446 faciem
1282 5397 1458 5455 tuam,
1488 5406 1616 5442 vere
1646 5388 1879 5459 dignum

280 5484 556 5551 laude,ut
568 5484 813 5556 sapiens,
830 5485 1050 5539 locutus
1078 5488 1164 5537 est
1191 5478 1422 5533 verbum
1449 5495 1461 5531 :
1495 5477 1781 5545 Nondum,
1798 5477 1880 5531 in-

1954 4504 2189 4554 exeunte
2217 4504 2437 4570 portam
2466 4496 2722 4563 civitatis,
2755 4496 3001 4568 suscepit
3027 4513 3157 4551 eum
3187 4496 3391 4551 mulier
3410 4513 3544 4568 pro-

1954 4589 2161 4653 cidens,
2185 4586 2441 4641 etdicens
2460 4605 2471 4640 :
2489 4586 2722 4640 Vindice
2738 4603 2845 4652 me,
2865 4585 3132 4656 quoniam
3152 4585 3229 4656 inj
3240 4584 3418 4638 uriam
3441 4602 3545 4657 pa-

1955 4678 2065 4731 tior
2076 4694 2109 4729 a
2118 4693 2327 4747 genero
2350 4692 2493 4730 meo.
2510 4674 2856 4739 Quibusdam
2877 4691 3009 4744 ergo
3024 4675 3094 4728 de
3110 4674 3378 4745 obsequio
3398 4676 3540 4746 ejus,

1956 4766 2052 4837 qui
2084 4764 2366 4820 habebant
2400 4763 2798 4819 conﬁdentiam
2827 4762 2976 4833 apud
3007 4779 3157 4829 eum,
3188 4760 3502 4819 dicentibus
3527 4783 3540 4818 :

1955 4855 2099 4918 Quia
2109 4871 2236 4910 cum
2248 4870 2504 4908 reversus
2516 4852 2686 4906 fueris
2696 4867 2940 4917 ,causam
2960 4852 3008 4921 ej
3016 4867 3081 4905 us
3096 4850 3543 4923 facies.Respon-

1956 4944 2040 4997 dit
2091 4940 2539 5015 sapientissimus
2570 4958 2580 4993 :
2616 4940 2684 4994 Et
2712 4938 2990 5011 quomodo
3030 4939 3179 4994 Deus
3229 4940 3545 4997 orationem

1957 5038 2208 5086 noStram
2231 5031 2516 5101 suscipiet,
2549 5029 2595 5083 si
2624 5045 2727 5099 ego
2757 5028 2925 5081 istam
2960 5028 3371 5099 postposuero?
3409 5031 3544 5095 Quis

1957 5121 2096 5175 mihi
2113 5120 2413 5192 spopondit
2439 5124 2503 5172 ut
2518 5118 2697 5171 vivam
2717 5132 2820 5186 ego
2838 5115 2898 5171 in
2919 5116 3228 5172 crastinum
3243 5117 3267 5170 Τ
3281 5123 3339 5173 et
3359 5117 3452 5173 ibo
3476 5120 3548 5175 ad

1958 5210 2369 5280 Christum,pro
2385 5223 2451 5261 ea
2462 5206 2737 5260 rationem
2750 5205 3098 5261 redditurus?
3112 5207 3180 5262 Et
3188 5223 3302 5262 non
3317 5205 3549 5263 recessit

1958 5299 2027 5353 de
2042 5300 2160 5353 loco
2177 5298 2290 5363 illo,
2314 5312 2493 5366 usque
2508 5296 2642 5349 dum
2654 5295 2802 5366 quod
2820 5295 2957 5349 satis
2972 5296 3023 5349 ei
3042 5301 3165 5350 erat
3178 5296 3299 5351 fieri
3316 5296 3543 5351 faceret.

2032 5387 2160 5440 CAP.
2186 5384 2559 5440 XXXJ.—-Ad
2589 5384 2934 5438 voluntatem
2962 5384 3139 5455 igitur
3169 5372 3549 5438 memorabilis

1961 5477 2149 5546 hujus,
2174 5492 2296 5545 quae
2325 5478 2445 5528 tota
2471 5473 2527 5526 in
2558 5472 2673 5527 Deo
2694 5479 2835 5540 erat,
2860 5473 3015 5528 misit
3032 5473 3082 5527 ei
3111 5473 3260 5528 Deus
3289 5474 3435 5547 viros
3458 5488 3549 5525 sa-

279 5574 511 5643 quiens,
523 5574 858 5646 sanguinem
871 5589 1061 5629 meum
1080 5588 1180 5645 pro
1199 5575 1276 5638 te,
1298 5567 1492 5636 frater,
1524 5566 1712 5630 effudi,
1736 5566 1883 5622 sicut
1961 5565 2177 5636 pientes
2195 5569 2254 5618 et
2271 5578 2493 5633 semper
2515 5562 2926 5629 memorandos,
2942 5563 3213 5616 Joannem
3238 5567 3295 5615 et
3306 5559 3553 5631 Sophro-
