3946 6192
431 283 537 340 367

1457 288 1550 343 DE
1573 289 1764 344 VITIS
1801 287 2097 344 PATRUM
2134 287 2348 343 LIBER
2383 286 2672 342 PRIMUS.

3562 291 3654 348 368

437 409 618 464 nium.
641 409 954 466 Consiliarii
991 411 1142 464 enim
1165 416 1328 465 erant
1355 419 1628 468 verac1ter
1645 413 1800 480 boni,
1822 413 2024 486 quibus
2045 411 2320 473 Aversari
2350 412 2500 466 hunc
2529 429 2541 479 ;
2573 410 2834 465 dicebant
2870 409 3020 464 enim
3058 410 3114 464 hi
3147 410 3238 480 qui
3267 410 3322 464 in
3350 416 3656 468 testamento

436 504 496 552 et
521 503 791 570 tanquam
821 499 1390 570 patribusindiscrete
1415 501 1728 568 obediebat,
1743 509 1796 557 et
1815 503 2029 574 gratias
2111 501 2286 573 patris
2316 502 2365 572 ej
2375 519 2438 555 us
2466 500 2677 555 inventi
2701 505 2833 554 sunt
2859 504 3051 566 testes,
3077 498 3208 570 quia
3231 515 3338 553 non
3379 500 3574 555 dimisit
3591 501 3653 560 ei.

432 587 652 656 agebat,
686 594 957 659 tanquam
985 588 1370 644 constantibus
1415 591 1654 646 maxime
1699 597 1756 646 et
1795 591 2030 646 viriliter
2110 590 2353 656 domine,
2386 595 2548 661 pater
2585 591 2708 660 ejus
2735 588 2981 642 moriens
3009 603 3184 658 usque
3213 589 3283 641 ad
3309 603 3476 642 unum
3500 591 3661 644 numi-

431 675 726 744 agentibus
757 676 1028 732 militibus
1057 693 1158 748 pro
1209 678 1419 750 pietate
1447 680 1754 750 religionis.
1805 680 2024 736 Etenim

429 763 608 818 sancti
638 764 880 836 Spiritus
907 766 1114 822 virtute
1141 767 1290 833 freti,
1313 772 1372 822 et
1389 785 1515 823 cum
1539 769 1900 824 Severianitis
1915 770 2020 839 (75)

428 867 494 906 ac
521 852 736 908 caeteris
795 854 944 910 circa
984 855 1272 926 regionem
1320 857 1686 913 existentibus
1715 859 2023 913 immundis

426 945 703 1003 haereticis
731 943 1004 1016 sapientia
1027 961 1131 998 sua
1159 961 1223 999 ac
1251 945 1726 1016 disputationibus
1773 964 2020 1018 pugnam

425 1035 698 1090 habentes
725 1033 1133 1100 etconflictum,
1167 1034 1347 1088 multa
1373 1034 1601 1105 quidem
1630 1037 1877 1100 castella,
1899 1038 2022 1108 plu-

424 1141 628 1196 resque
657 1123 935 1189 ecclesias,
969 1122 1230 1176 similiter
1257 1128 1318 1178 et
1343 1124 1686 1179 monasteria
1715 1124 1786 1180 ab
1815 1142 1912 1180 ore
1938 1131 2021 1180 ta-

424 1214 565 1268 lium
611 1211 940 1278 bestiarum,
985 1216 1253 1282 tanquam
1300 1211 1431 1266 boni
1478 1219 1750 1284 pastores,
1775 1215 2019 1269 evellere

423 1301 783 1366 studuerunt,
811 1305 1042 1372 propter
1065 1300 1213 1370 quod
1235 1305 1294 1355 et
1316 1302 1558 1356 maxime
1587 1303 1892 1373 plurimum
1921 1303 2020 1358 ho-

422 1389 660 1446 norabat
689 1394 910 1444 sanctos
937 1389 1041 1442 hos
1067 1388 1162 1442 ille
1189 1405 1318 1443 vere
1341 1390 1745 1446 sanctissimus.

494 1479 855 1534 CAP.XXXII.
869 1507 917 1518 -—-
939 1477 999 1532 Si
1013 1494 1144 1531 vero
1159 1477 1365 1532 alicubi
1379 1477 1623 1549 aliquem
1639 1479 1842 1535 durum
1861 1486 1918 1535 et
1928 1479 2016 1534 in-

421 1570 734 1623 humanum
755 1571 812 1621 et
824 1582 1214 1638 percussorem
1239 1565 1388 1620 circa
1407 1567 1663 1638 proprios
1683 1585 1870 1623 servos
1884 1587 2013 1624 sen-

417 1655 597 1712 tiebat
611 1656 702 1710 ille
712 1655 1086 1721 beatus,hunc
1104 1655 1286 1726 primo
1297 1655 1717 1721 convocabat,et
1731 1674 1859 1712 cum
1876 1659 2017 1713 mul-

2109 697 2261 746 sma;
2295 679 2392 733 sed
2436 677 2646 733 habens
2687 678 2876 732 decem
2923 675 3095 730 libras
3123 677 3264 740 auri,
3293 677 3508 732 adducit
3545 695 3658 732 eum

2104 769 2228 839 ipsa
2245 768 2386 822 hora
2403 767 2626 840 quando
2643 770 3040 820 testamentum
3062 763 3352 830 scribebat,
3365 770 3421 819 et
3438 765 3563 820 dicit
3589 767 3658 820 ei:

2108 857 2222 911 Has
2251 855 2646 911 decemlibras
2672 854 2836 922 habe,
2871 855 2951 908 fili
2981 854 3078 910 mi.
3113 853 3275 918 Quid,
3301 853 3380 906 vis
3407 853 3662 908 dimittam

2103 943 2205 998 tibi
2231 945 2386 1013 istas,
2403 961 2475 998 an
2501 943 2581 998 vis
2603 943 2901 998 Dominam
2923 958 3108 996 meam
3126 941 3226 995 Dei
3246 941 3560 1011 genitricem
3585 959 3666 996 cu-

2105 1045 2349 1088 ratorem
2371 1039 2425 1088 et
2436 1033 2776 1104 provisorem
2788 1033 2813 1085 ?
2835 1033 3017 1086 Puero
3034 1047 3164 1084 vero
3180 1031 3416 1101 eligente
3437 1035 3664 1085 sanctam

2103 1123 2204 1178 Dei
2231 1123 2582 1193 genitricem,
2609 1121 2875 1194 przecepit
2919 1121 3054 1174 dare
3089 1129 3289 1174 cuncta
3328 1119 3663 1191 pauperibus.

2101 1213 2170 1266 Et
2193 1229 2338 1279 ecce,
2365 1211 2648 1282 inquiunt,
2675 1210 3042 1277 sanctissime,
3065 1209 3124 1264 in
3155 1209 3332 1263 multa
3357 1207 3538 1279 inopia
3554 1224 3668 1262 con-

2099 1300 2267 1367 sistit,
2297 1305 2460 1355 nocte
2477 1317 2542 1354 ac
2573 1300 2664 1354 die
2684 1299 2914 1354 domum
2943 1297 3192 1353 Dominae
3223 1301 3424 1352 nostra;
3453 1312 3557 1349 non
3583 1295 3665 1349 de-

2098 1406 2310 1444 serens.
2330 1390 2473 1444 Cum
2495 1405 2626 1459 ergo
2655 1389 2771 1443 haec
2801 1387 3050 1442 audisset
3080 1404 3115 1442 a
3133 1385 3434 1441 scientibus
3459 1390 3666 1438 sanctus

2098 1477 2206 1544 hic,
2229 1477 2440 1532 nemini
2469 1477 2682 1548 aliquid
2710 1477 2919 1542 dicens,
2940 1476 3170 1530 adducit
3197 1474 3493 1546 quemdam
3513 1471 3666 1528 tabel-

2099 1567 2306 1622 lionem
2331 1567 2346 1635 ξ
2389 1571 2448 1621 et
2474 1566 2744 1620 narrabat
2787 1566 2838 1619 ei
2869 1581 3008 1632 rem,
3041 1565 3182 1619 dans
3211 1564 3263 1618 ei
3293 1562 3589 1618 terminum
3612 1566 3670 1616 ut

2097 1657 2237 1711 nulli
2253 1657 2508 1710 crederet
2525 1671 2696 1726 quam
2709 1653 2973 1726 pmcepit
2983 1653 3034 1708 ei
3050 1655 3234 1708 facere
3243 1651 3568 1717 rem,dicens
3585 1649 3630 1703 ei
3651 1667 3664 1704 :

418 1745 721 1800 talenitate
737 1743 1340 1814 rogabat,dicens:Fili,
1357 1743 1512 1798 venit
1523 1745 1749 1814 quidem
1765 1729 2072 1801 adauresB
2096 1745 2272 1812 Vade,
2306 1750 2361 1800 et
2389 1744 2447 1798 in
2474 1743 2754 1799 veteribus
2777 1743 3048 1798 chartulis
3082 1742 3265 1798 scribe
3290 1745 3670 1796 testamentum

418 1833 754 1906 peccatrices
766 1849 921 1886 meas
935 1832 1082 1904 quod
1098 1849 1163 1886 ex
1174 1833 1498 1903 Operatione
1507 1833 1720 1888 inimici
1736 1835 2016 1890 modicum

417 1922 616 1977 durius
627 1921 776 1976 circa
794 1920 1052 1992 proprios
1070 1937 1276 1992 pueros
1295 1927 1423 1976 tuos
1439 1921 1636 1976 feraris
1663 1940 1676 1990 ;
1709 1923 1828 1990 sed,
1856 1941 2013 1995 rogo,

417 2011 516 2066 des
544 2011 729 2064 locum
755 2009 870 2063 im.
895 2010 1020 2064 Non
1042 2009 1193 2063 enim
1219 2014 1283 2064 ut
1314 2009 1696 2082 percutiamus
1717 2028 1830 2079 eos,
1863 2013 2018 2067 dedit

418 2098 578 2153 nobis
600 2099 702 2154 hos
723 2099 892 2164 Deus,
933 2097 1032 2152 sed
1058 2103 1124 2152 ut
1159 2097 1422 2154 serviant.
1455 2100 1719 2154 Fortasse
1755 2117 1886 2155 vero
1914 2117 2018 2156 nec

417 2192 647 2260 propter
671 2187 796 2252 hoc,
823 2187 918 2241 sed
955 2191 1022 2241 ut
1047 2191 1436 2242 sustententur
1463 2204 1498 2242 a
1524 2188 1704 2256 nobis,
1728 2205 1794 2244 ex
1815 2189 2016 2260 quibus

425 2279 609 2342 I96
635 2277 786 2330 Deus
814 2275 1076 2347 praestitit
1103 2275 1283 2330 nobis.
1318 2277 1462 2341 Quid
1494 2277 1646 2332 enim
1679 2277 1822 2346 (edic
1851 2279 2012 2347 mihi)

416 2370 475 2420 et
491 2364 649 2420 dedit
675 2365 872 2419 homo:
898 2369 958 2419 et
985 2364 1122 2418 emit
1141 2381 1270 2418 eum
1293 2365 1390 2436 qui
1415 2365 1487 2420 ad
1515 2366 1822 2436 imaginem
1861 2373 1916 2422 et
1944 2369 2017 2422 si-

2099 1834 2390 1905 cujusdam
2427 1833 2654 1888 nomine
2671 1833 3000 1905 'l‘heOpenti;
3026 1837 3083 1886 et
3103 1831 3192 1886 fac
3224 1831 3285 1884 in
3313 1829 3504 1896 eadem
3531 1829 3672 1882 char-

2099 1927 2158 1978 ta
2187 1940 2278 1978 me
2303 1928 2360 1977 et
2385 1927 2604 1994 patrem
2631 1921 2791 1992 pueri
2822 1920 3188 1976 consobrinos
3200 1921 3422 1984 fratres,
3446 1923 3503 1972 et
3525 1917 3670 1983 vade,

2100 2017 2158 2066 et
2179 2011 2268 2065 dic
2293 2011 2482 2081 juveni
2513 2029 2525 2064 :
2555 2011 2694 2078 Scis,
2725 2011 2918 2077 frater,
2936 2009 3084 2081 quod
3112 2024 3298 2080 genus
3319 2007 3556 2062 existens
3583 2021 3673 2076 pa-

2097 2099 2376 2166 triarchae,
2391 2117 2503 2155 non
2523 2099 2800 2154 debueras
2821 2099 2980 2152 itam
3008 2102 3344 2170 paupertate
3364 2095 3600 2150 versari?
3626 2099 3677 2148 et

2099 2189 2330 2244 ostende
2355 2189 2407 2244 ei
2437 2190 2710 2255 chartam,
2743 2194 2800 2243 et
2826 2188 2947 2242 dic:
2991 2187 3276 2252 Quoniam
3305 2185 3353 2240 si
3390 2183 3674 2248 erubescis,

2100 2294 2204 2348 ego
2232 2277 2430 2332 ordino
2458 2294 2686 2332 causam
2717 2282 2872 2331 tuam
2901 2275 3050 2348 apud
3081 2271 3679 2348 patriarcham,etvide

2099 2365 2232 2438 quid
2252 2365 2354 2420 tibi
2373 2367 2540 2421 dicet.
2564 2367 2707 2421 Cum
2734 2382 2866 2436 ergo
2889 2365 3080 2420 omnia
3098 2381 3228 2436 quae
3249 2365 3413 2435 jussa
3431 2367 3558 2417 sunt
3578 2361 3624 2415 ei
3650 2377 3680 2412 a

415 2453 730 2508 militudem
765 2453 867 2508 Dei
885 2458 1108 2508 creatus
1135 2459 1194 2507 et
1227 2453 1536 2532 honoratus
1565 2460 1653 2510 est
1679 2455 1703 2508 ’I
1744 2456 2012 2528 Nunquid
2096 2454 2419 2526 patriarcha
2430 2453 2658 2509 tabellio
2676 2453 3077 2520 fecisset,venit
3089 2453 3164 2508 ad
3181 2469 3316 2507 eum
3329 2451 3531 2506 dicens:
3551 2449 3682 2514 Quia

415 2543 568 2597 enim
595 2548 678 2608 tu,
700 2542 962 2596 dominus
985 2543 1126 2612 ejus,
1143 2541 1356 2612 aliquid
1385 2543 1510 2614 plus
1541 2544 1791 2614 possides
1813 2544 1870 2598 in
1887 2561 2012 2616 pro-
2097 2547 2292 2614 pactus
2321 2549 2408 2597 est
2431 2559 2572 2615 puer
2589 2543 2748 2610 mihi,
2782 2549 2846 2597 ut
2868 2559 2970 2614 ego
3001 2543 3208 2613 loquar
3265 2557 3494 2596 causam
3537 2554 3682 2594 suam

415 2631 538 2702 prio
562 2646 813 2700 corpore,
847 2646 1075 2684 manum
1107 2636 1207 2684 aut
1230 2631 1452 2701 pedem,
1486 2633 1572 2685 vel
1605 2632 1879 2698 auditum,
1913 2638 2013 2688 aut
2092 2621 2963 2704 domino,etmagnasgratiarum
2981 2627 3680 2686 actionesreferebatmihi.

418 2718 986 2789 animam’INunquid
997 2735 1110 2772 non
1129 2719 1329 2772 similis
1348 2724 1434 2773 est
1451 2719 2019 2791 tibiperomnia?Au-
2099 2717 2249 2772 Dixit
2293 2717 2484 2789 itaque
2510 2725 2766 2772 sanctus:
2799 2717 2954 2772 Vade
2975 2721 3033 2771 et
3059 2717 3152 2770 dic
3183 2716 3238 2770 ei
3264 2741 3277 2771 :
3311 2715 3457 2780 Quia
3483 2715 3686 2769 locutus

417 2807 476 2862 di
496 2807 687 2861 lumen
706 2806 1036 2878 gloriosum,
1055 2807 1293 2862 Paulum
1313 2808 1622 2862 dicentem:
1651 2809 1938 2881 Quotquot
1957 2811 2015 2865 in
2099 2823 2224 2861 sum
2254 2807 2603 2878 patriarchae.
2631 2807 2698 2862 Et
2720 2807 2832 2860 dixi
2855 2823 2867 2858 :
2892 2805 3174 2870 Quoniam
3197 2811 3256 2861 et
3295 2821 3400 2876 ego
3429 2803 3539 2859 scio
3567 2802 3686 2874 quia

417 2893 920 2966 Christobaptizati
940 2895 1093 2961 estis,
1127 2895 1411 2951 Christum
1443 2896 1706 2952 induistis
1736 2899 1872 2968 (Gal.
1904 2903 2010 2969 In).
2096 2894 2294 2950 habuit
2321 2895 2690 2950 consobrinus
2732 2912 2892 2950 meus
2922 2896 3122 2961 filium,
3150 2895 3254 2950 sed
3278 2912 3348 2950 ex
3372 2895 3530 2949 vultu
3550 2894 3689 2947 hunc

417 2984 544 3039 Non
561 2988 649 3038 est
669 2983 894 3038 Judaeus
910 3001 1094 3056 neque
1115 2985 1362 3052 Graecus,
1393 3002 1506 3040 non
1522 2991 1607 3040 est
1621 3003 1813 3042 servus
1831 3003 2013 3059 neque
2095 3001 2208 3039 non
2223 3001 2577 3056 recognosco.
2601 2985 2754 3039 Bene
2778 3001 2911 3056 ergo
2935 2985 3090 3052 facis,
3124 2985 3419 3040 adducens
3455 2984 3600 3038 hunc
3624 2980 3688 3034 ad

414 3071 578 3139 liber,
591 3089 785 3128 omnes
809 3073 961 3128 enim
983 3089 1267 3128 vosunum
1290 3075 1424 3130 estis
1443 3075 1503 3129 in
1521 3075 1763 3130 Christo.
1800 3077 1860 3131 Si
1875 3093 2010 3148 ergo
2032 3082 2075 3142 ο
2093 3089 2204 3126 me.
2235 3072 2533 3128 Adducens
2553 3090 2685 3144 ergo
2723 3090 2872 3140 eum,
2903 3078 3069 3144 porta
3103 3079 3166 3128 et
3191 3074 3457 3128 chartam
3483 3077 3684 3127 tecum.

416 3162 568 3234 apud
581 3161 868 3217 Christum
898 3163 1140 3233 aequales
1159 3179 1372 3229 sumus,
1395 3169 1452 3218 et
1463 3165 1534 3219 ad
1564 3165 1797 3218 invicem
1823 3182 2014 3236 aequa-
2097 3161 2240 3216 Cum
2258 3178 2388 3217 vero
2407 3161 2808 3234 pervenissent,
2821 3162 2954 3217 tulit
2972 3179 3103 3216 eum
3133 3166 3362 3217 secreto
3384 3162 3478 3215 ille
3493 3163 3686 3231 justus,

399 3247 498 3305 'les
529 3249 858 3305 efﬁciamur.
890 3250 1113 3305 Etenim
1142 3251 1400 3307 Christus
1453 3252 1691 3310 formam
1733 3255 1880 3308 servi
1929 3271 2015 3309 as-
2096 3255 2154 3304 et
2179 3250 2348 3322 carpit
2363 3251 2674 3306 deosculari
2695 3267 2844 3318 eum,
2869 3257 2926 3306 et
2958 3251 3174 3306 dicere:
3201 3251 3359 3306 Bene
3381 3249 3536 3304 venit
3556 3247 3692 3303 ﬁlius

417 3338 677 3410 sumpsit,
690 3339 894 3394 docens
925 3356 1028 3394 nos
1050 3356 1161 3394 non
1182 3340 1472 3412 superbire
1487 3348 1684 3396 contra
1701 3359 1889 3398 servos
1909 3359 2010 3397 no-
2093 3337 2412 3392 consobrini
2433 3339 2565 3393 mei.
2588 3339 2799 3394 Ditavit
2817 3339 2993 3410 igitur
3017 3357 3170 3407 eum,
3197 3347 3264 3395 et
3293 3339 3456 3395 uxori
3477 3336 3696 3394 tradidit

415 3433 582 3484 stros.
614 3428 772 3482 Unus
799 3427 952 3482 enim
973 3433 1060 3482 est
1079 3429 1351 3484 Dominus
1371 3430 1644 3498 omnium,
1661 3431 1720 3485 in
1744 3431 1898 3486 caelis
1917 3432 2014 3486 ha-
2092 3427 2151 3481 in
2177 3428 2534 3494 Alexandria,
2569 3435 2627 3484 et
2652 3429 2880 3484 domum
2911 3435 2969 3483 et
2995 3431 3194 3484 omnia
3219 3430 3430 3502 quibus
3459 3445 3596 3501 opus
3607 3427 3695 3480 ha-

415 3516 620 3582 bitans,
653 3521 712 3570 et
735 3517 974 3570 humilia
1003 3517 1304 3588 respiciens
1336 3537 1349 3572 :
1391 3535 1504 3572 non
1553 3518 1692 3573 dixit
1722 3519 2008 3586 sublimia,
2094 3515 2217 3571 buit
2233 3517 2464 3572 donavit
2483 3517 2554 3584 ei,
2577 3517 2964 3573 demonstrare
2983 3519 3267 3573 festinans
3296 3519 3568 3590 quoniam
3594 3531 3696 3571 non

417 3605 517 3660 sed
544 3605 783 3658 humilia
811 3607 974 3672 (Psal.
1001 3607 1162 3674 cxn).
1192 3605 1478 3677 Quantum
1507 3607 1658 3661 enim
1688 3624 1892 3662 aurum
1921 3609 2014 3662 de-
2095 3604 2443 3676 derelinquet
2479 3607 2754 3661 Dominus
2780 3611 3072 3678 sperantes
3113 3607 3179 3662 in
3220 3625 3286 3663 se
3341 3609 3574 3676 (Iudith,
3604 3608 3693 3674 γι).

417 3693 624 3759 dimus,
654 3697 722 3746 ut
747 3692 1180 3747 honorificatum
1210 3699 1268 3746 et
1295 3700 1547 3764 emptum
1575 3695 1862 3751 nobiscum
1885 3713 2014 3752 eum
2166 3694 2297 3748 CAP.
2333 3695 2580 3750 XXXIV.
2618 3724 2676 3735 ——
2709 3695 3174 3767 Impraetermisse
3205 3703 3408 3752 autem
3457 3702 3517 3752 et
3540 3696 3699 3766 hujus

418 3781 693 3850 sanguine
729 3779 916 3834 divino
945 3785 1003 3834 et
1020 3781 1331 3848 Dominico,
1365 3782 1526 3837 nobis
1549 3784 1806 3840 servituti
1835 3785 2013 3857 subji-
2094 3783 2347 3838 mandati
2365 3800 2556 3838 curam
2570 3783 2869 3840 habuithic
2882 3784 3259 3852 admirabilis,
3286 3787 3478 3858 legem
3497 3799 3698 3857 ponen-

417 3868 636 3922 ciamus
655 3868 680 3920 Ἰ
715 3869 953 3939 Propter
995 3885 1126 3923 eum
1171 3869 1393 3938 celum,
1425 3878 1654 3944 prapter
1682 3889 1812 3928 eum
1840 3880 2010 3942 terra,
2095 3871 2170 3926 tis
2193 3889 2205 3924 :
2228 3873 2452 3927 Volenti
2473 3878 2843 3928 mutuareate
2864 3890 2934 3928 ne
2953 3879 3180 3929 avertas
3201 3873 3700 3947 aliquandoweut.

415 3961 646 4028 propter
673 3972 804 4011 eum
830 3956 1026 4022 stellae,
1059 3963 1294 4030 propter
1319 3977 1451 4014 eum
1490 3962 1592 4026 sol,
1623 3968 1854 4034 propter
1884 3980 2014 4018 eum
2096 3975 2191 4027 xv;
2227 3962 2351 4020 Luc.
2385 3967 2482 4031 γι),
2527 3978 2640 4016 non
2667 3961 2956 4033 prehibuit
2982 3962 3238 4034 aliquem
3280 3962 3615 4034 hujusmodi
3637 3959 3702 4013 ab

418 4061 574 4100 mare
603 4049 662 4100 et
697 4062 821 4117 quae
839 4045 897 4100 in
928 4062 994 4100 eo
1035 4052 1184 4101 sunt.
1210 4047 1309 4102 Est
1337 4053 1524 4104 autem
1558 4067 1772 4119 verum,
1803 4052 1936 4123 quia
1959 4057 2018 4107 et
2098 4066 2163 4104 eo
2192 4050 2523 4121 suffragium
2541 4052 2938 4122 postulantem.
2960 4052 3121 4107 Unde
3140 4053 3257 4108 hoc
3275 4053 3468 4108 sciens
3486 4051 3706 4125 quidam

417 4130 605 4202 angeli
624 4130 676 4185 ei
695 4130 1276 4204 ministrant,propter
1293 4149 1422 4188 eum
1442 4135 1701 4191 Christus
1719 4137 1890 4208 pedes
1903 4154 2017 4192 ser-
2095 4138 2378 4210 malignus
2394 4144 2452 4193 et
2469 4139 2760 4210 impostor,
2777 4139 2942 4212 petiit
2959 4139 3030 4194 ab
3050 4157 3116 4195 eo
3133 4147 3207 4196 ut
3236 4142 3351 4198 sibi
3380 4147 3610 4196 mutuas
3619 4139 3707 4193 da-

417 4235 614 4274 vorum
637 4219 1053 4292 lavit,-propter
1079 4237 1209 4276 eum
1237 4221 1533 4278 crucifixus
1579 4230 1684 4292 est,
1713 4231 1768 4280 et
1815 4231 2018 4281 caetera
2097 4232 2186 4282 ret
2206 4227 2406 4298 viginti
2433 4227 2606 4282 libras
2637 4228 2780 4283 auri.
2806 4229 2943 4284 Erat
2969 4234 3162 4285 autem
3190 4231 3267 4285 de
3290 4231 3385 4286 his
3407 4230 3509 4304 qui
3529 4230 3708 4286 dicun-

417 4308 610 4362 omnia
635 4314 867 4380 propter
893 4325 1024 4364 eum
1049 4327 1246 4382 passus
1273 4316 1378 4366 est.
1404 4311 1488 4367 Tu
1523 4319 1714 4368 autem
1757 4331 1887 4368 eum
1917 4315 2013 4386 qui
2031 4356 2076 4413 Β
2096 4316 2544 4371 turGallodromi
2559 4316 3072 4387 (14).Contemnens
3087 4336 3231 4390 ergo
3243 4327 3514 4376 sanctum
3528 4335 3708 4391 quem-

417 4413 452 4450 a
481 4397 597 4452 Deo
613 4398 926 4453 honoratur
941 4398 1262 4468 inhonoras,
1279 4407 1337 4456 et
1351 4401 1510 4472 quasi
1532 4419 1645 4456 non
1663 4403 1742 4458 sis
1761 4405 2012 4475 ejusdem
2031 4397 2075 4413 υ
2097 4405 2399 4460 admodum
2423 4410 2480 4460 et
2506 4406 2645 4461 alios
2671 4407 2897 4474 multos,
2930 4407 3152 4464 dicebat
3176 4426 3190 4461 :
3227 4409 3386 4474 Quia
3407 4409 3551 4464 nihil
3579 4405 3710 4462 mihi

418 4490 654 4554 naturae,
677 4503 791 4541 non
807 4502 1042 4558 parcens
1061 4487 1194 4542 feris
1209 4489 1235 4542 7
1260 4489 1379 4556 Dic,
1403 4489 1652 4558 obsecro,
1678 4492 1864 4559 velles,
1881 4510 2016 4565 quo—
2096 4493 2268 4548 dedit.
2293 4495 2651 4558 Quaesierunt
2667 4495 2858 4568 itaqu_e
2879 4496 3134 4552 Ecclesiae
3165 4505 3443 4570 pastores
3472 4505 3531 4554 et
3566 4497 3710 4552 ordi-

421 4573 528 4628 ties
551 4575 774 4660 culpam
805 4573 1078 4641 admittis,
1112 4581 1168 4630 et
1220 4593 1347 4630 mox
1398 4578 1657 4634 redderet
1684 4579 1787 4634 tibi
1821 4581 2014 4636 Deus?
2097 4587 2324 4638 natores
2350 4587 2416 4637 ut
2441 4583 2499 4638 in
2528 4600 2807 4638 carcerem
2835 4585 2986 4640 hunc
3011 4586 3338 4656 mitterent,
3375 4594 3437 4644 et
3466 4587 3709 4660 publica-

422 4659 813 4734 Nequaquam.
847 4661 965 4727 Dic,
1003 4663 1282 4733 quomodo
1310 4681 1439 4719 oras
1473 4667 1742 4736 quotidie,
1775 4669 1966 4725 dicens
2001 4689 2016 4727 :
2100 4676 2228 4725 rent
2251 4671 2374 4742 ejus
2401 4671 2794 4728 substantiam.
2821 4675 2900 4729 At
2932 4674 3192 4730 imitator
3221 4659 3498 4745 dicentis,
3533 4678 3714 4732 Estote

421 4749 656 4804 Dimitte
683 4749 843 4804 nobis
862 4748 1051 4806 debita
1063 4757 1274 4820 nostra,
1295 4753 1442 4808 sicut
1469 4763 1527 4808 et
1553 4771 1656 4810 nos
1683 4755 2021 4814 dimittimus
2100 4759 2506 4827 misericordes,
2541 4761 2686 4818 sicut
2740 4769 2798 4818 et
2824 4763 2994 4818 Pater
3018 4769 3219 4819 vester.
3261 4767 3599 4822 misericors
3633 4769 3711 4820 est

425 4835 772 4927 debitoribus
801 4840 1008 4895 nostris
1035 4842 1250 4908 (Matth.
1273 4842 1390 4910 v1)?
1421 4841 1521 4897 His
1545 4849 1602 4898 et
1629 4844 1717 4898 his
1743 4845 2017 4903 similibus
2103 4850 2274 4916 (Luca
2293 4851 2382 4918 v1),
2403 4850 2499 4920 qui
2533 4867 2699 4904 suum
2718 4851 2895 4906 solem
2916 4852 3051 4907 oriri
3070 4850 3212 4908 facit
3243 4872 3433 4927 super
3463 4856 3640 4911 bonos
3665 4860 3716 4908 et

425 4924 705 5017 verbisde
733 4927 1042 5017 habitante
1074 4927 1132 4984 in
1189 4947 1249 4984 se
1298 4931 1566 4986 thesauro
1596 4949 1831 4988 monens
1868 4935 2018 4992 hunc
2092 4937 2294 5005 malos,
2328 4943 2386 4992 et
2403 4939 2548 5010 pluit
2565 4955 2736 5011 super
2751 4941 2936 5012 justos
2955 4947 3012 4995 et
3035 4924 3716 5017 injustam—nequaquam

423 5012 688 5104 absolvit;
713 5019 768 5070 et
799 5015 905 5070 nisi
935 5016 1222 5073 didicisset
1259 5018 1432 5074 istum
1473 5021 1853 5090 emendatum,
1880 5042 2018 5096 prze-
2097 5023 2208 5080 illis
2228 5027 2528 5093 consensit,
2553 5033 2620 5082 ut
2639 5046 2770 5084 eum
2785 5029 3122 5100 aﬁligerent.
3154 5031 3270 5086 His
3292 5012 3717 5104 auten—nituiban

423 5102 660 5173 parabat
681 5110 738 5158 ct
756 5104 1073 5160 instruebat
1085 5123 1305 5162 servum
1326 5108 1618 5176 afﬂictum,
1639 5115 1704 5164 ut
1723 5110 1913 5184 fugam
1931 5130 2018 5168 ar-

419 5190 651 5263 riperet,
675 5197 732 5247 et
755 5193 1132 5250 venditionem
1161 5202 1378 5267 peteret
1402 5215 1415 5265 ;
1441 5204 1498 5253 et
1514 5199 1664 5253 hunc
1685 5217 2016 5272 comparans

415 5277 626 5348 justus,
659 5280 850 5335 statim
873 5281 1112 5337 liberum
1141 5283 1442 5340 statuebat.

489 5368 622 5424 CAP.
645 5369 878 5426 XXXIII
887 5401 970 5426 .-
990 5371 1238 5428 Audiens
1259 5373 1562 5444 aliquando
1577 5377 1869 5447 cujusdam
1898 5379 2014 5432 ele-

419 5459 830 5530 emosynatoris
850 5475 1088 5532 puerum
1107 5462 1422 5533 orphanum
1449 5463 1797 5532 derelictum,
1815 5484 2014 5538 paren-

415 5543 569 5604 tibus
598 5546 716 5602 suis
741 5549 1131 5618 morientibus,
1153 5555 1210 5604 et
1227 5551 1289 5606 in
1317 5552 1497 5608 multa
1523 5561 1854 5626 paupertate
1875 5573 2011 5611 con-

2098 5114 2249 5170 tibus
2269 5120 2466 5170 contra
2484 5133 2634 5184 eum,
2657 5123 2851 5188 utpote
2872 5119 2967 5190 qui
2986 5119 3342 5191 patriarchae
3364 5123 3647 5181 illuserat.
3663 5126 3720 5175 et

2097 5202 2410 5258 dicentibus
2439 5205 2510 5259 ad
2541 5206 2800 5262 eumdem
2811 5213 3068 5263 sanctum
3087 5227 3098 5262 :
3119 5210 3259 5266 Non
3263 5213 3506 5284 justum
3522 5212 3722 5278 est,do-

2097 5292 2268 5352 mine,
2294 5297 2358 5346 ut
2389 5294 2538 5364 quod
2565 5311 2841 5366 pauperes
2866 5296 3208 5368 acciperent,
3245 5300 3367 5369 "hjc
3397 5301 3721 5358 luxuriosus

2097 5381 2354 5451 accipiat,
2388 5383 2678 5454 respondit
2706 5391 2934 5440 econtra
2961 5385 3056 5442 ille
3083 5391 3174 5442 ter
3205 5387 3451 5463 beatus,
3494 5391 3723 5446 dicens:

2095 5469 2339 5536 Credite,
2371 5471 2592 5538 fratres,
2627 5471 2760 5544 quia
2779 5475 2827 5528 si
2857 5479 3016 5530 extra
3040 5477 3419 5536 voluntatem
3449 5481 3725 5552 accipere-

2093 5557 2168 5612 tis
2196 5559 2408 5630 aliquid
2425 5560 2494 5616 ab
2515 5579 2600 5630 eo,
2621 5562 2733 5618 duo
2759 5565 3028 5620 mandata
3046 5569 3645 5640 transgrederemini,
3673 5572 3730 5624 et
