3946 6192
252 317 341 376 369
1133 312 1303 367 VITA
1340 307 1597 365 SANC'I‘I
1635 303 1941 361 JOANNIS
1976 268 2578 358 ELEEMostAmI.
2702 372 2709 376 _
3395 303 3498 361 370

250 459 407 497 unum
462 441 844 512 adimplebitis
899 439 1123 511 quando
1150 443 1210 492 et
1246 436 1317 490 ad
1367 448 1643 508 pauperes
1689 430 1884 489 damA
1903 460 2051 514 rum,
2069 443 2397 515 dicebatque
2416 461 2475 499 se
2494 445 2886 501 demonstrans
2905 448 3065 518 quasi
3096 448 3334 503 iratum:
3356 448 3501 503 Vere

256 536 420 599 19⁸1
450 532 626 586 fuerit
651 530 1555 601 huiuscemodiquantitas-Unum
1576 527 1824 599 quidem.
1909 551 2023 589 non
2050 534 2348 589 obaudiam
2372 534 2544 600 vobis,
2577 535 2655 589 ite
2685 552 2718 589 a
2747 553 2854 590 me.
2890 538 3055 591 Modo
3079 538 3220 591 nihil
3242 538 3393 591 aliud
3415 538 3500 591 fa-

250 621 366 691 quia
394 620 741 692 apparebitis
768 621 1128 691 impatientes
1156 621 1303 674 circa
1317 620 1605 685 damnum,
1630 622 1689 671 et
1706 616 1827 670 επὶ·
1909 623 2076 690 ciam,
2107 630 2172 677 ut
2198 639 2293 677 vos
2324 640 2436 677 non
2462 624 2932 691 scandalizemini,
2953 627 3061 681 nisi
3090 626 3359 698 accipiam
3376 643 3503 681 mu-

249 709 457 764 ciemini
484 710 613 764 aliis
636 710 818 764 forma
832 710 1014 777 mala;
1043 711 1285 765 alterum
1316 715 1528 773 autem,
1566 705 1830 778 quoniam
1911 712 2126 779 lierem,
2159 718 2438 784 quatenus
2472 729 2666 767 curam
2704 715 2940 770 habeam
2965 716 3184 781 domus,
3217 722 3275 771 et
3297 716 3503 770 faciam

249 816 347 854 non
374 798 704 853 obedientes
729 799 887 853 eritis
928 799 1167 854 Domino
1193 799 1329 865 Deo,
1360 798 1567 852 dicenti
1592 814 1603 849 :
1638 795 1723 850 Ab
1766 810 1833 848 eo

251 889 333 960 qui
360 886 661 942 abstulerit
686 893 789 943 tua
812 905 883 943 ne
910 894 1133 960 repetas
1153 889 1299 955 (Luc.
1323 885 1663 958 v1).Expedit
1676 900 1827 955 ergo,

251 995 279 1031 ο
301 977 417 1042 ﬁlii,
442 983 511 1031 ut
540 977 852 1032 efﬁciamur
880 978 1139 1033 omnibus
1180 978 1497 1048 exemplum
1527 975 1831 1048 patientiae.

253 1067 462 1121 Etenim
487 1067 792 1138 Apostolus
809 1067 948 1122 dicit
972 1086 983 1120 :
1008 1068 1195 1132 Quare
1217 1083 1329 1121 non
1356 1066 1535 1137 magis
1566 1065 1835 1136 injuriam

251 1153 530 1209 sustinetis
551 1154 759 1224 ?quare
770 1169 882 1207 non
901 1156 1081 1223 magis
1098 1152 1353 1213 fraudem
1365 1151 1623 1223 patimini
1646 1151 1691 1219 (Ι
1710 1152 1831 1206 Cor.

252 1244 360 1311 v1)?
387 1244 459 1298 Et
491 1244 698 1298 bonum
735 1248 822 1297 est
846 1243 1076 1313 quidem
1108 1242 1396 1311 veraciter,
1425 1241 1647 1306 fratres,
1681 1240 1836 1295 omni

252 1333 453 1405 petenti
485 1332 645 1398 dare,
660 1331 928 1386 excelsius
948 1337 1137 1386 autem
1162 1337 1220 1385 et
1238 1329 1618 1385 honorabilius
1643 1335 1700 1384 et
1723 1345 1836 1384 non

250 1422 453 1493 petenti
476 1440 490 1483 ;
512 1422 565 1475 ei
586 1427 773 1475 autem
792 1421 888 1491 qui
899 1421 1083 1475 aufert
1100 1420 1492 1475 vestimentum
1512 1418 1631 1473 sine
1651 1419 1843 1473 volun-

253 1517 355 1565 tate
376 1528 412 1564 a
440 1510 607 1564 nobis
636 1511 771 1564 dare
791 1514 849 1564 et
874 1510 1145 1575 tunicam,
1175 1509 1440 1578 angelica:
1473 1525 1597 1562 vere
1626 1512 1841 1561 natura;

254 1600 508 1663 imitatio,
543 1600 659 1653 imo
677 1598 875 1681 divinae
905 1605 1008 1653 est.
1041 1600 1118 1653 Ex
1142 1599 1229 1652 his
1251 1598 1399 1652 enim
1423 1614 1545 1668 quae
1574 1596 1846 1651 habemus

254 1690 519 1744 Dominus
540 1689 803 1759 praecepit
828 1688 1156 1743 benefacere
1176 1688 1427 1759 proximo
1455 1706 1466 1740 :
1498 1688 1734 1752 Bonum,
1760 1686 1846 1740 in-

1914 802 2092 856 malos
2120 802 2258 857 dies.
2287 802 2394 866 Qui
2433 802 2550 857 vult
2578 804 2960 871 scandalizari,
2992 805 3418 871 scandalizetur,
3449 810 3507 858 et

1915 890 2012 945 det
2026 890 2270 945 frontem
2291 890 2350 944 in
2374 891 2669 963 parietem.
2719 892 2867 957 Quid
2893 894 3060 947 vultis
3092 910 3158 947 ex
3187 895 3316 948 me?
3345 894 3508 948 Nun-

1917 980 2053 1050 quid
2075 980 2289 1050 judices
2318 980 2606 1035 constituti
2616 981 2750 1035 estis
2766 998 2937 1053 super
2964 999 3054 1036 me
3078 999 3113 1035 a
3132 982 3247 1037 Deo
3262 983 3286 1036 ?
3303 984 3408 1049 Ite,
3436 982 3506 1036 de

1916 1067 2071 1122 vobis
2100 1085 2295 1123 curam
2324 1068 2604 1137 habetote,
2631 1086 2725 1124 vos
2754 1087 2855 1141 pro
2875 1086 2965 1123 me
2980 1070 3096 1125 Deo
3124 1087 3235 1125 non
3264 1070 3511 1125 reddetis

1916 1157 2210 1213 rationem.
2237 1160 2392 1213 Unus
2417 1163 2503 1213 est
2522 1159 2713 1229 judex,
2746 1164 2804 1214 et
2830 1164 3024 1214 sancta
3041 1160 3161 1214 dies
3181 1160 3397 1230 judicii,
3416 1160 3513 1231 qui

1917 1247 2154 1317 singulis
2179 1247 2377 1301 reddet
2402 1248 2710 1302 secundum
2739 1265 2912 1319 opera
2938 1265 3153 1303 eorum.
3173 1248 3405 1303 Dicebat
3420 1264 3515 1303 au-

1919 1340 2036 1389 tem
2082 1335 2198 1389 haec
2239 1336 2507 1390 clamans.
2540 1336 2781 1400 Quidam
2814 1354 2946 1406 ergo
2989 1336 3231 1391 ecclesiae
3259 1337 3516 1391 defenso-

1921 1441 2069 1487 rum,
2104 1424 2221 1478 haec
2247 1425 2534 1479 multoties
2559 1426 2851 1480 audientes
2880 1425 2949 1479 ab
2970 1442 3054 1491 eo,
3072 1424 3388 1479 referebant
3416 1442 3517 1496 pa-

1924 1513 2184 1567 triarchae
2204 1514 2351 1583 quod
2382 1513 2569 1568 fiebat.
2602 1515 2753 1568 Deus
2790 1531 2920 1568 vero
2958 1515 3138 1568 sciens
3167 1514 3317 1585 quod
3346 1514 3521 1568 nollet

1928 1601 2022 1655 ille
2053 1608 2280 1656 sanctus
2300 1602 2581 1656 offendere
2611 1601 2872 1656 abbatem
2910 1603 3200 1668 Vitalium,
3235 1602 3518 1657 induravit

1928 1708 2024 1745 cor
2060 1693 2200 1761 ejus,
2234 1708 2304 1745 ne
2336 1692 2594 1746 crederet
2618 1692 2718 1745 eis.
2761 1690 3183 1746 Recordabatur
3210 1692 3360 1746 enim
3390 1698 3522 1746 ante

255 1780 386 1849 quit,
422 1778 595 1833 facies
633 1778 791 1831 fratri
843 1783 962 1841 tuo,
1005 1779 1168 1848 juxta
1196 1778 1343 1847 quod
1373 1777 1619 1847 possidet
1646 1792 1846 1830 manus
1867 1791 1913 1850 Β
1934 1781 2229 1835 memorati
2256 1781 2501 1835 eunuchi
2524 1800 2536 1847 ;
2572 1781 2668 1834 sed
2696 1781 3006 1852 increpavit
3034 1781 3395 1835 vehementer
3422 1797 3518 1834 eos

256 1876 366 1933 tua,
390 1885 505 1923 non
536 1885 605 1922 ex
634 1869 723 1922 his
753 1884 876 1939 qua:
893 1885 959 1921 ex
983 1868 1082 1921 lite
1108 1872 1167 1922 et
1192 1866 1547 1921 contentione
1577 1871 1634 1919 et
1660 1865 1730 1921 ab
1757 1866 1847 1920 in-

250 1960 451 2028 juriam
481 1972 652 2030 passo
680 1958 1031 2012 auferuntur.

320 2050 447 2103 CAP.
481 2048 705 2102 XXXV.
755 2077 821 2087 —
880 2047 1059 2102 Senex
1101 2046 1326 2117 quidam
1374 2062 1631 2116 magnus,
1687 2044 1849 2115 quasi

257 2154 529 2192 annorum
561 2136 869 2207 sexaginta,
903 2136 1137 2190 audiens
1165 2136 1307 2189 tales
1336 2152 1427 2190 res
1475 2134 1642 2201 beati,
1675 2134 1852 2189 voluit

256 2234 467 2282 tentare
486 2243 640 2291 eum,
666 2226 710 2280 si
743 2231 933 2297 posset
960 2225 1144 2279 verbis
1173 2225 1416 2290 suaderi,
1436 2229 1493 2278 et
1511 2224 1583 2278 ad
1611 2223 1848 2277 scanda-

258 2318 367 2371 lum
393 2317 563 2370 facile
592 2315 869 2381 inclinari,
903 2321 961 2369 et
991 2321 1055 2369 ut
1082 2314 1335 2385 contigit,
1368 2313 1415 2368 si
1450 2314 1850 2368 condemnaret

258 2406 514 2476 aliquem.
561 2406 631 2459 Et
660 2404 919 2459 habitans
947 2404 1104 2476 prius
1149 2404 1209 2457 in
1256 2403 1598 2457 monasterio
1627 2401 1847 2455 abbatis

260 2495 539 2548 Seridonis
563 2492 697 2561 (75),
720 2494 856 2547 exiit
882 2499 939 2547 et
957 2493 1109 2547 venit
1128 2492 1557 2558 Alexandriam;
1591 2497 1649 2545 et
1674 2491 1848 2544 sumit

261 2584 733 2637 conversationem
752 2582 1071 2637 hominibus
1084 2582 1310 2653 quidem
1323 2582 1523 2651 rcpreh
1530 2579 1840 2643 ensibilem,

1932 1870 2028 1940 qui
2048 1874 2245 1923 contra
2255 1870 2522 1924 Vitalium
2536 1869 2796 1923 abbatem
2821 1871 3231 1924 accusationem
3247 1870 3299 1924 ei
3322 1870 3523 1924 affere-

1932 1958 2087 2026 bant,
2116 1959 2307 2013 dicens
2325 1959 2396 2012 ad
2426 1975 2554 2012 eos:
2590 1958 2870 2023 Quiescite
2906 1975 3170 2013 accusare
3195 1959 3523 2013 monachos.

1932 2050 2020 2102 An
2049 2048 2278 2103 nescitis
2310 2048 2459 2119 quod
2484 2047 2628 2102 circa
2655 2053 2861 2102 sanctae
2898 2047 3181 2102 memoriae
3211 2047 3527 2102 Constanti-

1934 2152 2069 2190 num
2092 2134 2202 2205 (77)
2226 2138 2627 2207 imperatorem
2646 2142 2835 2190 actum
2863 2135 3053 2201 fuisse,
3084 2136 3525 2208 conscriptiones

1932 2242 2055 2296 quae
2083 2225 2153 2279 de
2184 2242 2249 2279 eo
2279 2226 2545 2295 leguntur
2567 2225 2931 2279 contineant?
2956 2224 3255 2291 Quoniam,
3281 2225 3380 2291 ait,
3404 2225 3526 2296 qui-

1930 2315 2061 2368 dam
2088 2331 2201 2369 non
2230 2315 2493 2369 timentes
2522 2315 2721 2380 Deum,
2740 2330 2867 2368 cum
2886 2314 3267 2368 celebraretur
3280 2313 3528 2368 secunda

1930 2404 2191 2474 Synodus
2221 2403 2278 2457 in
2307 2404 2495 2458 Nicaea
2516 2400 2655 2474 (78),
2685 2408 2975 2473 coeperunt
2991 2408 3188 2456 contra
3215 2419 3275 2456 se
3304 2403 3438 2457 dare
3467 2403 3527 2456 in

1929 2494 2154 2564 scriptis
2181 2493 2358 2547 famas
2387 2498 2580 2564 turpes
2611 2492 2773 2547 beato
2802 2492 2880 2546 illi
2911 2492 3261 2563 imperatori,
3294 2491 3525 2563 quidam

1930 2583 2117 2637 clerici
2143 2583 2368 2653 quidem
2392 2582 2951 2652 existentes,quidam
2980 2580 3261 2644 monachi,
3284 2586 3341 2634 et
3367 2580 3438 2634 ad
3450 2580 3528 2634 fa-

260 2674 345 2727 sed
372 2674 487 2727 Deo
505 2679 754 2743 gratam,
788 2672 885 2742 qui
916 2673 1015 2726 dat
1034 2674 1117 2738 (ut
1150 2671 1231 2725 ait
1258 2667 1451 2740 David}
1489 2669 1724 2740 singulis
1752 2685 1842 2724 se-
1926 2672 2067 2726 ciem
2083 2672 2365 2726 adducens
2378 2670 3526 2726 sanctusDeiConstantinusaccusatorem

259 2763 487 2817 cundum
537 2778 636 2815 cor
664 2778 859 2817 eorum
901 2764 1066 2829 (Psal.
1100 2763 1235 2827 xIx).
1279 2760 1605 2830 Ingrediens
1650 2759 1842 2829 itaque
1926 2766 2341 2827 etaccusatum,
2375 2768 2679 2831 utrumque
2707 2759 2939 2815 audivit.
2969 2759 3040 2813 Et
3064 2775 3195 2812 cum
3221 2756 3529 2813 invenisset

258 2850 749 2917 civitatem,scribit
781 2866 978 2904 omnes
999 2867 1122 2921 quae
1143 2855 1288 2904 notae
1317 2853 1480 2903 erant
1498 2848 1838 2913 meretrices,
1925 2851 2132 2904 multas
2159 2850 2359 2904 talium
2407 2848 2864 2903 criminationum
2911 2864 3072 2902 veras
3117 2864 3258 2914 esse,
3288 2847 3527 2902 aiferens

257 2941 476 3012 etcoepit
503 2939 767 2994 laborare
787 2940 1073 3010 opuscula,
1105 2943 1164 2992 et
1190 2938 1440 3008 accipere
1469 2951 1570 3008 per
1593 2936 1844 3007 singulos
1930 2939 2223 2993 ardentem
2248 2954 2495 3001 cereum,
2522 2937 2771 2991 incendit
2785 2954 2979 2991 omnes
2997 2953 3119 3008 quae
3143 2936 3288 2991 datae
3316 2941 3451 2990 sunt
3467 2936 3527 2990 in

258 3032 361 3085 dies
386 3032 652 3103 siliquam
681 3030 1024 3085 unam.Cum
1044 3046 1178 3100 ergo
1208 3028 1563 3083 occumberet
1576 3027 1847 3093 sol,man-
1868 3088 1906 3103 ﬂ
1930 3028 2153 3098 scriptis
2197 3027 2375 3081 malas
2414 3026 2724 3097 opiniones,
2757 3026 2947 3080 dicens
2980 3044 2991 3078 :
3027 3025 3173 3079 Vere
3211 3024 3258 3078 si
3284 3024 3526 3096 propriis

261 3088 683 3175 ducabatlunius
712 3120 843 3174 mrei
872 3119 1094 3190 lupinos
1106 3088 1239 3187 (76),
1260 3124 1314 3171 et
1331 3117 1576 3172 intrabat
1594 3088 1848 3171 adruuam
1865 3088 1909 3149 Ο
1935 3088 2110 3171 oculis
2132 3116 2398 3170 vidissem
2429 3088 2776 3170 sacerdotem
2805 3115 2926 3181 Dei,
2951 3114 3035 3167 vel
3064 3088 3311 3184 aliquem
3329 3088 3525 3168 eorum

264 3210 631 3269 meretricum.
648 3215 706 3263 et
735 3208 906 3264 dabat
924 3208 975 3262 ei
1001 3224 1176 3262 aereos
1196 3223 1476 3273 nummos,
1511 3212 1568 3260 et
1598 3205 1843 3260 dicebat:
1930 3204 2026 3275 qui
2055 3205 2379 3259 monachico
2392 3203 3002 3258 habitucircumamicti
3019 3206 3522 3272 sunt,peccantem,

263 3298 402 3353 Dona
428 3299 570 3353 mihi
594 3304 815 3353 noctem
842 3298 1029 3363 istam,
1055 3303 1114 3351 et
1140 3296 1255 3351 noli
1275 3296 1556 3351 fornicari.
1573 3296 1642 3350 Et
1661 3312 1848 3350 mane-
1929 3294 2282 3365 chlamydem
2304 3309 2487 3347 meam
2499 3292 2921 3364 explicarem,et
2933 3291 3277 3361 cooperirem
3297 3305 3525 3357 eum,ne

266 3388 342 3442 bat
365 3391 527 3459 juxta
567 3405 693 3442 eam
724 3394 886 3442 nocte
915 3388 1030 3453 illa,
1046 3387 1346 3442 observans
1375 3403 1498 3441 eam
1520 3403 1590 3440 ne
1614 3386 1845 3440 fornica-
1928 3384 1999 3439 ab
2028 3385 2217 3454 aliquo
2240 3383 2693 3436 videretur.Nam
2716 3387 2773 3435 et
2792 3381 2849 3434 in
2879 3397 3100 3434 servum
3129 3379 3231 3433 Dei
3254 3378 3527 3445 illum,vi-

270 3485 420 3532 retur.
454 3478 660 3533 Stabat
687 3494 821 3547 ergo
842 3494 876 3531 a
902 3494 1133 3548 vespere
1166 3477 1224 3530 in
1255 3492 1368 3530 uno
1396 3476 1600 3546 angulo
1632 3476 1845 3531 cellula:
1926 3473 2129 3528 delicet
2155 3471 2496 3537 eunuchum,
2526 3471 2607 3524 ita
2628 3470 2887 3541 putastis,
2904 3475 2962 3523 et
2985 3468 3220 3523 misistis
3250 3484 3339 3521 me
3368 3472 3525 3522 extra

268 3567 347 3620 ubi
365 3567 683 3622 dormiebat
708 3567 928 3633 mulier,
967 3567 1211 3638 psallens
1240 3572 1298 3620 et
1325 3582 1492 3620 orans
1530 3581 1630 3636 pro
1665 3581 1750 3631 ea,
1789 3570 1847 3619 et
1925 3562 2092 3627 viam,
2116 3566 2174 3615 et
2199 3559 2302 3613 feci
2332 3559 2534 3613 animae
2564 3575 2700 3612 mea
2721 3563 3012 3629 peccatum
3041 3573 3337 3627 magnum.
3371 3558 3519 3611 Con-

269 3657 474 3711 mittens
500 3657 925 3727 genuflexiones
948 3673 1127 3727 usque
1146 3656 1218 3709 ad
1238 3671 1528 3723 auroram;
1554 3659 1614 3708 et
1630 3654 1838 3719 exiens,
1925 3651 2167 3705 fundens
2196 3666 2329 3719 ergo
2373 3664 2467 3701 eos
2499 3647 2762 3713 multum,
2808 3645 3062 3700 absolvit.
3097 3646 3302 3701 Servus
3330 3651 3521 3700 autem

268 3746 555 3817 accipiebat
564 3746 798 3800 verbum
815 3745 886 3799 ab
903 3746 996 3799 illa
1013 3745 1162 3816 quod
1183 3743 1321 3799 nulli
1336 3744 1548 3799 diceret
1566 3744 1842 3798 actionem
1927 3739 2027 3794 Dei
2043 3738 2283 3792 Vitalius
2312 3754 2347 3791 a
2367 3736 2595 3808 propria
2614 3734 2940 3807 operatione
2960 3750 3073 3789 non
3104 3733 3378 3788 cessabat.
3411 3734 3523 3788 De-

269 3837 389 3904 cjus.
416 3838 502 3890 lta
535 3834 741 3905 agebat
770 3851 1009 3905 semper,
1043 3850 1333 3905 quousque
1356 3850 1468 3888 una
1496 3849 1689 3887 earum
1721 3849 1843 3887 ma-
1925 3827 2260 3900 precabatur
2296 3842 2429 3897 ergo
2466 3830 2532 3879 ut
2568 3824 2904 3896 quibusdam
2949 3828 3078 3895 post
3116 3828 3357 3878 mortem
3404 3823 3523 3893 ejus

270 3924 529 3979 nifestavit
546 3924 717 3978 vitam
747 3925 888 3993 ejus,
908 3924 1054 3994 quod
1082 3939 1215 3987 non,
1246 3927 1312 3976 ut
1340 3923 1728 3987 fornicaretur,
1756 3922 1842 3975 in-
1910 3922 2113 3984 ,198
2136 3916 2193 3970 in
2213 3915 2424 3970 somnis
2454 3913 2841 3968 manifestaret
2858 3913 3026 3978 Deus,
3050 3917 3116 3967 ut
3141 3928 3253 3966 non
3283 3912 3523 3984 imputa-

268 4019 424 4067 traret
446 4015 518 4068 ad
543 4030 658 4078 cas,
677 4014 774 4067 sed
798 4021 863 4067 ut
882 4014 1141 4066 salvaret.
1163 4012 1360 4067 Oravit
1387 4027 1574 4071 senex,
1604 4016 1661 4064 et
1679 4010 1845 4081 ccepit
1926 4012 2083 4060 retur
2098 4006 2170 4059 'in
2194 4009 2482 4076 peccatum
2503 4003 2589 4056 his
2610 4003 2705 4073 qui
2735 4001 3258 4056 scandalizabantur
3277 4002 3337 4055 in
3367 4018 3518 4069 eum,

271 4104 449 4157 mulier
473 4103 816 4174 aZdazmonio
842 4102 1045 4165 vexari,
1065 4108 1130 4156 ut
1149 4118 1249 4172 per
1268 4101 1424 4154 illam
1443 4106 1657 4154 caetera:
1674 4100 1843 4154 time-
1926 4112 1991 4149 eo
2022 4095 2169 4166 quod
2200 4111 2320 4147 rem
2364 4110 2531 4163 quam
2580 4091 2783 4161 agebat
2818 4091 3073 4144 dicerent
3096 4090 3359 4144 seandalo
3401 4108 3523 4145 esse

269 4199 394 4258 rent,
425 4197 481 4246 et
511 4208 623 4245 non
662 4192 1090 4246 manifestarent
1113 4207 1240 4244 eum
1261 4190 1411 4243 omni
1438 4196 1691 4260 tempore
1719 4188 1844 4242 vitae
1926 4185 2169 4255 plenam,
2220 4189 2278 4237 et
2316 4198 2428 4236 non
2458 4179 2688 4245 haberet
2714 4180 2882 4234 homo
2912 4179 3124 4249 peccati
3146 4179 3423 4249 judicium
3452 4196 3522 4233 ex

272 4282 391 4349 ejus.
412 4280 687 4335 Dicebant
704 4297 838 4349 ergo
857 4281 1085 4351 quidam
1101 4280 1153 4334 ci
1181 4296 1304 4350 quae
1322 4296 1356 4333 a
1380 4278 1653 4332 daemonio
1678 4293 1842 4331 vexa—
1926 4289 2012 4338 ea,
2038 4272 2310 4343 quidquid
2342 4272 2561 4325 locutus
2611 4268 2825 4322 fuisset.
2868 4268 3073 4320 Multas
3101 4267 3275 4336 igitur
3304 4268 3374 4321 de
3399 4268 3525 4321 tali-

272 4367 442 4423 batur:
472 4369 619 4437 Quid
653 4370 776 4423 est?
812 4370 1078 4423 Reddidit
1095 4368 1197 4422 tibi
1220 4369 1368 4423 Deus
1391 4367 1657 4438 quoniam
1692 4382 1845 4420 men-
1864 4361 2031 4438 1‘bus
2060 4360 2389 4415 mulieribus
2417 4359 2474 4412 in
2502 4356 2986 4428 compunctionem
3016 4354 3237 4409 induxit
3263 4355 3381 4409 haec
3395 4372 3524 4426 ope-

270 4458 358 4513 tita
382 4477 461 4513 es.
490 4461 567 4515 Ut
594 4460 900 4514 fornicetur
919 4459 1070 4514 enim
1090 4457 1404 4528 ingreditur
1422 4456 1699 4528 pessimus
1717 4455 1841 4521 iste,
1867 4442 1914 4470 υ
1931 4451 2075 4505 ratio
2110 4451 2251 4520 ejus,
2290 4456 2347 4502 et
2377 4447 2619 4502 maxime
2649 4444 2872 4517 quando
2900 4442 3163 4498 videbant
3190 4459 3319 4498 eum
3359 4452 3527 4527 nocte,

270 4556 317 4603 et
342 4568 448 4605 non
478 4557 567 4605 est
601 4550 757 4604 aliud
785 4548 1018 4620 aliquid.
1036 4549 1161 4602 Jam
1203 4547 1353 4601 enim
1376 4551 1433 4599 et
1451 4550 1677 4599 sanctus
1689 4544 1847 4597 Vita-
1931 4539 2325 4594 extendentem
2348 4554 2548 4591 manus
2577 4542 2631 4590 et
2653 4541 2908 4589 orantem
2937 4549 3039 4604 pro
3059 4549 3398 4604 unaquaque
3432 4548 3522 4588 ea-

269 4639 364 4693 lius
406 4642 533 4710 (hoc
570 4641 778 4711 quippe
807 4653 1012 4692 nomen
1054 4642 1177 4690 erat
1220 4636 1295 4700 ei)
1338 4635 1524 4690 volens
1554 4634 1845 4688 hominum
1932 4646 2057 4684 rum
2089 4647 2101 4681 ε
2133 4633 2362 4699 propter
2390 4626 2539 4697 quod
2569 4625 2825 4697 quaedam
2869 4639 3065 4711 earum
3095 4638 3130 4675 a
3156 4622 3523 4678 fornicatione

268 4729 486 4798 gloriam
518 4710 732 4800 fugere,
768 4734 824 4783 et
850 4729 1068 4783 animas
1088 4725 1379 4780 atenebris
1395 4741 1672 4789 revocare,
1705 4722 1849 4777 dice-
1931 4718 2259 4785 cessabant;
2293 4716 2546 4789 quaedam
2592 4731 2722 4769 vero
2755 4710 3101 4783 accipiebant
3141 4711 3308 4778 viros,
3342 4717 3399 4767 et
3425 4729 3525 4784 pu-

271 4818 352 4873 bat
377 4799 737 4875 audientibus
765 4819 998 4884 cunctis,
1028 4834 1155 4872 cum
1186 4815 1469 4870 laboraret
1486 4814 1546 4868 in
1575 4829 1761 4884 Opere,
1790 4817 1848 4866 et
1930 4809 2052 4862 dice
2073 4806 2546 4862 conversabantur
2571 4823 2583 4871 ;
2616 4802 2870 4874 quaedam
2886 4817 3015 4854 vero
3046 4806 3103 4854 et
3130 4799 3313 4855 modis
3343 4803 3521 4857 omni-

266 4909 484 4964 solveret
514 4909 731 4980 vesperi
757 4928 769 4962 :
804 4909 1010 4962 Eamus
1031 4906 1214 4971 modo,
1238 4904 1466 4959 domina
1499 4902 1629 4956 talis
1656 4918 1847 4971 exspe-
1928 4897 2033 4951 bus
2053 4897 2323 4951 mundum
2354 4895 2754 4964 relinquentes,
2784 4889 3125 4959 singularem
3149 4889 3322 4944 vitam
3355 4891 3527 4945 duce-

264 5004 365 5051 ctat
389 5016 507 5053 nos.
540 4978 649 5053 Ubi
669 5013 802 5067 ergo
823 5002 946 5050 erat
973 4995 1109 5050 ordo
1138 4993 1348 5064 ipsius?
1372 4992 1564 5047 Multis
1593 5008 1726 5061 ergo
1742 4990 1844 5044 cri—
1926 4985 2079 5040 bant.
2112 4986 2314 5040 Nullus
2353 4989 2544 5038 tamen
2573 4980 2732 5035 scivit
2768 4994 2944 5049 usque
2972 4978 3044 5031 ad
3088 4980 3212 5048 ejus
3234 4978 3529 5043 dormitio-

265 5087 591 5142 minantibus
621 5084 1060 5140 etilludentibus
1080 5080 1389 5148 ei,dicebat
1413 5097 1424 5132 :
1456 5078 1710 5150 nunquid
1739 5095 1841 5148 ego
1923 5092 2054 5129 nem
2081 5074 2229 5145 quod
2250 5073 2427 5145 ipsius
2455 5068 2837 5125 admonitione
2861 5073 2920 5121 et
2947 5067 3200 5121 oratione
3228 5067 3521 5139 impudica:

267 5192 364 5229 non
390 5177 563 5230 vestio
591 5191 795 5245 corpus
823 5182 888 5228 ut
928 5172 1171 5228 omnes?
1207 5174 1321 5226 Aut
1371 5169 1661 5224 monachis
1708 5168 1842 5221 solis
1925 5164 2266 5218 mulierculae
2295 5179 2330 5215 a
2356 5159 2722 5216 fornicatione
2742 5163 3043 5215 cessarent.

269 5266 428 5321 iratus
451 5274 540 5321 est
556 5267 710 5320 Deus
729 5265 908 5317 ?Vere
923 5268 981 5317 et
998 5263 1103 5334 ipsi
1120 5261 1375 5315 homines
1394 5265 1527 5313 sunt
1547 5264 1612 5312 ut
1627 5274 1840 5312 omnes.
1999 5253 2159 5308 Unde
2182 5252 2425 5322 quodam
2452 5249 2543 5303 die
2567 5252 2804 5302 exeunte
2821 5262 2887 5300 eo
2916 5262 2950 5299 a
2980 5245 3163 5316 prima
3180 5245 3376 5300 talium
3394 5261 3521 5298 mu-

267 5355 480 5411 Dicebat
496 5358 691 5427 itaque
720 5354 771 5407 ei
792 5353 1020 5424 quidam
1043 5370 1054 5405 :
1084 5351 1287 5421 Accipe
1313 5348 1416 5404 tibi
1445 5364 1617 5403 unam
1646 5347 1846 5401 mulie-
1926 5343 2131 5396 lierum
2149 5340 2252 5394 ἀὶιι
2272 5339 2415 5403 culo.
2440 5336 2626 5392 obviat
2644 5336 2694 5389 ei
2721 5335 2950 5407 quidam
2980 5336 3147 5389 homo
3176 5334 3520 5398 immundus,

268 5462 393 5513 rem,
415 5446 577 5505 abba.
597 5422 658 5498 et
674 5422 835 5497 muta
860 5442 1259 5495 vestimentum
1277 5445 1462 5505 tuum,
1485 5443 1549 5491 ut
1566 5453 1677 5491 non
1696 5436 1846 5489 blas-
1928 5432 2147 5485 intrans
2199 5430 2269 5483 ad
2322 5426 2707 5482 fornicandum
2738 5442 2866 5479 cum
2914 5441 3009 5492 ea;
3043 5429 3102 5477 et
3140 5440 3266 5477 cum
3296 5422 3527 5477 vidisset

271 5511 551 5605 phemetur
591 5535 743 5589 Deus
789 5549 891 5603 per
927 5538 1003 5596 te,
1036 5535 1094 5584 et
1147 5527 1379 5582 habebis
1410 5525 1685 5597 judicium
1724 5542 1847 5596 qua:
1934 5526 2192 5574 sanctum
2222 5518 2489 5572 Vitalium
2519 5533 2584 5569 ex
2610 5532 2676 5569 ea
2708 5513 3112 5605 egredientem,
3145 5511 3299 5566 dedit
3328 5511 3379 5564 ei
3407 5511 3526 5605 ala-

269 5598 739 5681 srandalizaantur
755 5598 1857 5687 ahimarumAtillerespondebateisite-
1938 5626 2069 5683 pam
2099 5610 2158 5667 in
2185 5608 2405 5674 faciem,
2436 5607 2625 5661 dicens
2653 5604 2724 5660 ad
2751 5621 2882 5659 eum
2907 5623 2924 5658 :
2962 5602 3281 5673 Usquequo,
3312 5598 3523 5670 pessim
