3942 6200
392 323 498 382 371

1411 323 1505 379 DE
1541 323 1732 380 VITIS
1770 321 2066 381 PATRUM
2103 317 2319 374 LIBER
2355 317 2644 374 PRIMUS.

3565 316 3670 373 372

396 463 596 518 illusor
618 461 848 527 Christi,
863 476 976 514 non
1003 459 1270 513 emendas
1287 462 1341 514 te
1361 460 1432 515 ab
1452 461 1540 514 his
1569 461 1834 536 nequitiis
1849 460 1990 516 tuis?
2009 453 2057 510 A
2075 447 2246 512 Gaza,
2279 452 2336 500 et
2364 445 2608 536 Suscepit
2633 444 2892 536 εθιίιιιαφ
2913 441 3136 498 abbati”
3152 443 3344 536 ΫίδδῙίί
3363 446 3666 499 “cundum

399 552 505 617 Qui
535 552 674 606 dixit
709 549 778 604 ad
821 565 948 603 eum
986 568 998 603 :
1035 549 1212 604 Crede
1242 550 1400 613 mihi,
1433 551 1669 621 accipies
1704 551 1923 622 alapam
1954 569 1988 605 a

399 659 490 696 me
520 639 738 706 humili,
778 644 843 694 ut
859 643 982 694 tota
1009 639 1347 694 Alexandria
1366 641 1660 711 colligatur
1679 642 1750 696 ad
1778 643 1986 696 clamo-

397 747 488 784 res
500 735 646 784 tuos.
662 729 924 783 Nondum
943 727 1096 782 brevi
1116 734 1370 800 tempore
1398 735 1703 796 transacto,
1725 729 1989 784 dormivit

393 835 520 874 cum
545 834 683 900 pace
731 817 792 872 in
832 817 1032 872 cellula
1077 833 1181 872 sua
1223 823 1448 873 sanctus
1475 819 1734 884 Vitaiius,
1761 819 1988 874 nemine

398 908 606 964 sciente
628 907 874 962 omnino.
898 905 1156 962 Habebat
1184 907 1333 979 enim
1351 907 1510 962 valde
1532 907 1791 979 pusillam
1821 908 1990 962 cellu-

396 997 530 1061 lam,
560 1012 731 1068 super
753 996 937 1050 locum
968 995 1062 1066 qui
1091 975 1298 1050 dicitur
1324 995 1490 1050 Porta
1519 975 1652 1050 solis
1675 993 1803 1066 (79).
1828 997 1988 1050 Unde

393 1090 451 1140 et
475 1085 829 1158 plerumque,
861 1101 988 1139 cum
1025 1084 1258 1139 collecta
1283 1084 1663 1139 celebraretur
1685 1086 1848 1156 juxta
1881 1087 1988 1140 cel-

392 1175 505 1230 lam
533 1175 654 1244 ejus
683 1175 742 1228 in
764 1173 996 1228 ecclesia
1017 1175 1210 1228 Metrae
1247 1171 1378 1241 (80),
1407 1175 1801 1229 convenientes
1831 1191 1986 1246 qua:-

391 1265 523 1320 dam
550 1263 1007 1318 muliercularum
1029 1263 1254 1330 harum,
1270 1263 1339 1317 ad
1361 1263 1662 1318 alterutras
1691 1263 1983 1318 dicebant:

391 1353 620 1418 Eamus,
653 1368 864 1416 eamus,
887 1353 1094 1406 iterum
1122 1351 1292 1406 abbas
1317 1351 1559 1407 Vitalius
1577 1353 1865 1407 collectam
1881 1353 1987 1406 ha-

391 1441 583 1496 bet.Et
611 1441 961 1496 venientibus
985 1440 1082 1502 eis,
1101 1441 1333 1495 curabat
1353 1458 1465 1495 eas.
1482 1441 1985 1516 Igiturdormiente

396 1546 481 1597 eo,
504 1536 571 1584 ut
591 1529 919 1606 praedictum
949 1535 1054 1594 est,
1102 1547 1162 1584 ιη
1208 1531 1436 1610 prapria
1481 1531 1699 1596 cellula,
1733 1536 1789 1584 et
1833 1530 1988 1584 nullo

395 1618 623 1690 sciente,
657 1633 785 1672 mox
806 1617 1035 1690 quidam
1057 1619 1276 1673 daemon
1303 1625 1571 1688 tanquam
1599 1618 1854 1690 IEthiops
1883 1619 1988 1673 de-

394 1707 609 1773 formis,
639 1712 787 1762 astat
821 1708 873 1762 ei
903 1707 998 1779 qui
1029 1708 1262 1762 dederat
1287 1708 1510 1778 alapam
1541 1706 1728 1762 abbati
1757 1707 1982 1770 Vitalio,

2069 537 2258 600 ﬁdem,
2291 540 2348 590 et
2378 535 2432 588 in
2469 551 2538 588 ea
2563 534 2877 606 permansit
2901 549 3080 604 usque
3109 533 3180 590 ad
3209 539 3453 588 mortem
3485 551 3665 590 suam.

2071 626 2140 680 Et
2165 624 2549 678 sanctissimus
2579 623 2897 694 patriarcha
2911 623 3118 678 multas
3147 623 3362 692 gratias
3391 624 3511 694 egit
3532 625 3673 688 Deo,

2070 714 2204 784 quia
2231 730 2342 769 non
2371 713 2628 784 permisit
2655 727 2784 765 eum
2807 727 3038 783 peccare
3060 711 3118 765 in
3147 727 3373 768 servum
3396 729 3566 766 suum
3577 711 3674 766 Vi-

2068 802 2287 856 talium.
2319 801 2480 856 Multi
2510 807 2700 856 autem
2732 800 2975 854 multum
2998 817 3064 854 ex
3082 804 3220 854 tunc
3245 799 3305 854 in
3332 801 3678 856 Alexandria

2070 892 2402 962 profuerunt
2432 889 2558 956 sibi,
2592 895 2650 943 et
2686 888 2928 960 hospitio
2957 889 3302 960 recipiebant
3329 890 3672 944 monachos:

2071 986 2128 1033 et
2147 969 2520 1036 moriebantur
2549 984 2614 1038 ut
2635 995 2748 1032 non
2777 978 3252 1032 condemnaretur
3276 979 3484 1049 aliquis
3505 977 3578 1032 ab
3597 979 3678 1033 eis

2070 1069 2214 1122 sicut
2242 1067 2686 1120 cvoncrut.Fecit
2705 1072 2893 1124 autem
2915 1070 2974 1120 et
2990 1067 3262 1121 sanitates
3282 1073 3411 1138 post
3434 1073 3677 1121 mortem

2071 1156 2398 1210 honorabile
2425 1173 2634 1215 nomen
2668 1156 2845 1210 sancti
2884 1155 3076 1214 Vitalii
3117 1172 3220 1227 per
3265 1155 3512 1210 divinam
3551 1173 3680 1226 grap

2071 1246 2235 1299 tiam:
2269 1247 2431 1316 cujus
2462 1245 2810 1300 orationibus
2839 1246 2934 1299 det
2971 1243 3131 1300 nobis
3160 1245 3432 1299 Dominus
3467 1243 3676 1300 bonam

2070 1335 2570 1401 conversationem,
2605 1340 2662 1388 et
2705 1333 3152 1388 misericordiam
3199 1335 3258 1388 in
3301 1334 3412 1396 die,
3447 1334 3676 1404 quando

2069 1423 2447 1478 manifestabit
2483 1422 2809 1478 abscondita
2845 1423 3156 1488 hominum,
3205 1429 3262 1477 et
3301 1424 3456 1477 nuda
3509 1423 3678 1483 faciet

2069 1512 2302 1566 consilia
2333 1513 2586 1572 cordium
2615 1511 2665 1583 (1
2696 1513 2818 1568 Cor.
2847 1512 2943 1582 Iv).

2141 1603 2272 1656 CAP.
2297 1601 2544 1656 XXXVI.
2577 1633 2642 1644 —-
2693 1601 3028 1672 Pmcipiens
3074 1601 3376 1671 aliquando
3405 1603 3532 1656 dari
3565 1603 3680 1657 cui-

2069 1691 2198 1745 dam
2227 1691 2440 1762 petenti
2484 1691 2918 1761 eleemosynam,
2975 1689 3166 1744 decem
3207 1707 3471 1750 nummos
3499 1707 3678 1747 εει-θος

393 1800 452 1851 et
468 1797 566 1850 dat
593 1767 645 1851 εί
675 1767 1159 1868 διερεωςάίοθηεε
1182 1767 1414 1868 δαεοερξ
1441 1797 1662 1867 alapam
1692 1812 1860 1867 quam
1885 1767 2050 1850 mi;B
2071 1785 2313 1844 tantum,
2347 1780 2596 1836 convicia
2623 1777 2694 1837 ab
2722 1795 2788 1832 eo
2817 1778 3140 1850 patiebatur
3157 1779 3216 1833 in
3236 1777 3378 1834 facie
3407 1780 3680 1842 atrociter

391 1885 468 1940 sit
489 1883 594 1940 tibi
621 1883 791 1939 abbas
819 1885 1080 1940 Vitalius.
1112 1885 1181 1939 Et
1199 1885 1420 1946 cadens,
1455 1885 1647 1939 statim
1673 1885 1839 1962 erepit
1863 1901 1992 1956 spu-

391 1990 570 2028 mare.
602 1975 960 2044 Congregata
977 1978 1063 2027 est
1085 1973 1280 2043 igitur,
1301 1974 1607 2028 secundum
1637 1975 1993 2045 prophetiam

391 2061 608 2128 Vitelli,
639 2078 782 2134 pene
831 2067 951 2117 tota
1001 2061 1338 2116 Alexandria
1376 2061 1436 2116 in
1457 2061 1778 2116 violentiam
1824 2077 1994 2132 quam

392 2150 714 2222 patiebatur
740 2167 774 2205 a
788 2151 1040 2205 daamone
1056 2170 1072 2215 ;
1101 2156 1159 2204 et
1177 2150 1418 2204 maxime
1434 2150 1566 2222 quia
1581 2151 1827 2206 sonitum
1848 2151 1994 2206 datae

395 2239 448 2294 ei
476 2241 652 2310 alapae
680 2238 981 2294 audierunt
1010 2239 1258 2310 quidam,
1293 2239 1450 2310 quasi
1481 2240 1551 2294 ad
1579 2239 1747 2294 unius
1779 2241 1993 2311 jactum

395 2327 632 2398 sagittae.
667 2328 802 2382 Post
832 2327 1151 2398 aliquantus
1182 2345 1314 2382 vero
1344 2329 1513 2382 horas
1541 2328 1600 2382 in
1636 2333 1883 2382 mentem
1911 2345 1996 2383 re-

396 2416 556 2472 diens
593 2416 644 2470 is
683 2415 778 2488 qui
809 2415 1150 2487 patiebatur.
1180 2417 1348 2472 scidit
1385 2417 1723 2471 vestimenta
1751 2418 1992 2488 pectoris

393 2504 502 2571 sui,
535 2508 594 2558 et
637 2505 886 2559 cucurrit
930 2505 1001 2559 ad
1047 2505 1326 2571 cellulam,
1378 2506 1628 2560 clamans
1666 2511 1724 2559 et
1756 2506 1985 2560 dicens:

395 2593 631 2665 Culpam
685 2592 790 2648 feci
833 2593 954 2658 tibi,
1005 2611 1164 2648 serve
1187 2594 1289 2648 Dei
1317 2594 1509 2660 Vitali,
1542 2594 1810 2649 miserere
1857 2595 1986 2650 mei.

394 2684 779 2740 (incurrerunt
805 2676 936 2738 vero
983 2699 1110 2738 cum
1138 2699 1204 2737 eo
1253 2699 1448 2738 omnes
1484 2683 1794 2738 audientes.
1848 2685 1990 2738 Cum

393 2771 739 2843 pervenisset
768 2771 838 2826 ad
868 2771 1127 2826 cellulam
1153 2772 1352 2839 sancti,
1387 2772 1523 2826 exiit
1552 2772 1756 2826 iterum
1780 2772 1990 2826 daemo-

395 2861 572 2927 nium,
601 2861 822 2932 jactans
843 2877 972 2915 eum
1003 2859 1263 2916 omnibus
1293 2860 1708 2934 aspicientibus.
1761 2861 1829 2915 Et
1863 2877 1993 2916 cum

2071 1869 2167 1922 ille
2177 1868 2395 1933 beatus,
2415 1868 2548 1939 quia
2577 1883 2688 1921 non
2722 1869 2958 1922 dederat
2977 1868 3026 1922 ei
3057 1875 3335 1939 quotquot
3359 1870 3556 1924 voluit.
3579 1871 3680 1924 His

2075 1964 2266 2012 autem
2299 1957 2396 2028 qui
2433 1957 2504 2011 de
2541 1957 2810 2027 obsequio
2844 1963 3026 2020 erant,
3059 1957 3438 2028 querentibus
3462 1958 3680 2018 cmdere

2077 2064 2208 2106 eum
2234 2046 2329 2117 qui
2359 2045 2798 2112 conviciabatur,
2831 2046 3143 2117 increpavit
3179 2063 3274 2100 eos
3314 2048 3686 2102 vehementer

2079 2135 2420 2206 patriarcha,
2473 2135 2664 2189 dicens
2700 2159 2712 2190 :
2787 2134 2965 2190 Sinite
3021 2151 3150 2190 eum
3193 2135 3394 2190 fratres
3441 2154 3454 2188 :
3498 2135 3681 2190 habeo

2077 2227 2241 2281 ιο,
2271 2239 2373 2293 ego
2403 2224 2693 2293 sexaginta
2719 2239 2916 2287 annos,
2949 2223 3344 2295 blasphemans
3374 2241 3479 2296 per
3504 2241 3681 2296 opera

2077 2329 2203 2366 mea
2227 2313 2534 2378 Christum,
2570 2319 2628 2367 et
2659 2329 2834 2372 unum
2863 2313 3171 2368 convicium
3200 2329 3313 2367 non
3339 2312 3584 2384 portabo
3611 2313 3682 2368 ab

2073 2403 2184 2455 isto
2207 2403 2230 2454 ?
2264 2403 2332 2456 Et
2352 2403 2618 2474 praecepit
2642 2403 2825 2456 datori
2847 2403 3060 2458 solvere
3094 2403 3400 2469 sacculum,
3431 2409 3500 2457 ut
3527 2402 3682 2458 sine-

2073 2496 2161 2544 ret
2188 2507 2492 2562 pauperem
2521 2491 2720 2546 tollere
2747 2498 3023 2561 quantum
3042 2491 3204 2545 vellet
3227 2491 3493 2561 pretium.

2145 2580 2696 2634 CAp.XXXVlI.——Si
2710 2597 2841 2634 vero
2861 2580 3165 2650 aliquando
3183 2580 3452 2635 audiebat
3463 2582 3684 2652 sapien-

2074 2670 2344 2733 tissimus,
2369 2669 2634 2740 quoniam
2665 2670 3114 2740 eleemosynator
3141 2676 3228 2725 est
3253 2669 3405 2736 talis,
3428 2671 3683 2725 adduce-

2075 2757 2171 2812 bat
2205 2775 2334 2812 eum
2353 2758 2413 2811 in
2443 2758 2728 2814 hilaritate
2751 2775 3025 2820 seorsum,
3060 2764 3119 2812 et
3145 2759 3366 2813 dicebat
3393 2759 3445 2813 ei
3481 2777 3494 2812 :
3527 2760 3684 2824 Quo-

2075 2847 2244 2902 modo
2255 2847 2434 2902 factus
2447 2863 2506 2901 es
2519 2847 3422 2918 eleemosynator?naturaliter,an
3431 2847 3683 2918 teipsum

397 2949 832 3019 ingrederentur
857 2948 1009 3004 intro
1037 2948 1097 3002 hi
1123 2949 1217 3020 qui
1244 2965 1371 3003 cum
1400 2966 1466 3004 eo
1495 2953 1880 3014 cucurrerunt,
1913 2950 1995 3004 in-

2081 2936 2351 2990 violentsr
2379 2936 2623 3005 cogens?
2652 2936 2812 2991 Unde
2852 2936 3082 3006 quidam
3111 2936 3208 3007 qui
3238 2935 3308 2989 ab
3335 2953 3401 2990 eo
3429 2935 3682 2990 interro-

399 3041 935 3094 veneruntsanctum
953 3042 1197 3093 stantem
1217 3038 1276 3092 in
1295 3037 1566 3109 geniculis
1587 3038 1720 3102 suis,
1753 3044 1810 3092 et
1837 3055 1998 3093 oran-
2007 3083 2050 3144 Β
2078 3024 2379 3096 (labantur,
2399 3025 2776 3144 ‘fl‘eoundatis
2801 3024 3158 3144 οοϐιιιαιδξηί
3174 3025 3420 3096 quidem.
3442 3025 3678 3095 quidam

399 3133 416 3144 ι
437 3142 447 3144 _
473 3141 504 3144 ,_
572 3130 612 3144 ,.
650 3125 786 3144 -,,,-,_,
809 3141 883 3144 ,,.,
911 3126 1105 3144 n,,,-e,,
1131 3143 1142 3144 γ
1173 3130 1246 3144 1,,
1277 3126 1293 3144 ι
1313 3143 1317 3144 ,
1336 3131 1439 3144 ηιμ
1466 3143 1476 3144 ,
1531 3125 1635 3144 42,,
1683 3142 1721 3144 ,_
1810 3143 1838 3144 η
1870 3131 1971 3144 νηικ
2081 3119 2267 3144 αιιιιιννι
2291 3113 2411 3144 ,κη-ι.
2451 3120 2548 3144 ...ιι
2571 3114 2618 3144 οἱ
2676 3115 2912 3144 Βυηηιι...
2940 3130 3049 3144 ,ηυι
3117 3129 3263 3144 ..ι-...ο
3295 3113 3678 3144 ζηιη-..Λι-ηιηο

396 3133 536 3192 tem,
560 3130 619 3182 et
643 3125 893 3180 animam
911 3126 1152 3181 Domino
1171 3126 1507 3192 tradentem,
1521 3125 1644 3180 etin
1665 3127 1984 3197 pavimento

2081 3119 2270 3168 autem
2290 3113 2550 3168 dicebant
2569 3114 2640 3167 ei.
2673 3115 2912 3184 Propter
2939 3113 3088 3185 quod
3117 3129 3265 3170 unus
3295 3113 3687 3184 interrogatus

397 3215 734 3287 scripturam
748 3215 1101 3286 hujusmodi:
1139 3215 1255 3270 Viri
1266 3217 1661 3282 Alexandrini,
1681 3219 1852 3270 nolite
1869 3221 1999 3270 ante
2081 3220 2114 3258 a
2138 3208 2352 3268 8800th
2387 3203 2678 3274 τεεροῐιάίι
2701 3203 2784 3256 ita
2815 3221 2826 3255 ε
2861 3202 3041 3257 erade
3067 3203 3226 3269 mihi,
3263 3202 3510 3268 domine,
3547 3203 3682 3274 (Illiﬂ

398 3311 608 3375 tempus
634 3305 857 3374 αμφιίά
869 3306 1146 3373 judicare,
1165 3306 1516 3374 quoadusque
1531 3307 1718 3359 veniat
1728 3307 1996 3360 Dominus
2079 3292 2220 3346 nihil
2247 3293 2318 3346 do
2350 3298 2449 3346 aut
2463 3292 2608 3346 facio
2631 3291 2784 3357 boni;
2803 3298 3193 3349 verumtamen
3221 3292 3406 3362 ipsum
3429 3291 3588 3362 quod
3609 3291 3686 3346 fa-

400 3395 456 3462 (I
479 3391 602 3449 001'.
635 3377 1133 3464 1v).'Coniitebatur
1151 3409 1281 3446 vero
1307 3398 1364 3447 et
1391 3393 1580 3458 homo,
1597 3393 1692 3464 qui
1723 3410 1758 3448 a
1785 3393 1995 3447 dmmo-

2081 3381 2162 3436 cio
2193 3387 2250 3436 et
2272 3380 2512 3452 praebeo,
2533 3397 2599 3434 ex
2627 3379 2832 3452 quibus
2851 3381 3000 3436 Deus
3031 3386 3088 3435 et
3115 3381 3399 3436 orationes
3427 3386 3545 3438 tum
3577 3381 3686 3436 lar-

399 3483 494 3537 nio
515 3481 840 3545 vexabatur,
863 3481 1010 3552 quod
1033 3487 1228 3536 sancto
1251 3481 1482 3548 fecerat,
1502 3488 1559 3535 et
1589 3482 1738 3554 quod
1781 3482 1999 3535 dixerat
2075 3469 2329 3540 siuntur.
2363 3470 2444 3526 ita
2469 3469 2652 3524 facere
2681 3469 2917 3525 εδευθνί·
2933 3469 3097 3524 Eram
3125 3469 3281 3542 Ρτίυδ
3298 3469 3457 3524 Valde
3487 3469 3684 3526 ίωωί·

398 3576 627 3625 sanctus
672 3570 742 3624 ei.
803 3570 1058 3624 Recitata
1099 3575 1231 3623 sunt
1273 3586 1407 3639 ergo
1448 3570 1770 3623 beatissimo
1799 3571 1999 3624 Joanni

401 3659 732 3731 patriarchae
760 3658 951 3712 omnia
974 3674 1098 3727 qua
1129 3658 1275 3711 circa
1293 3664 1549 3712 sanctum
1579 3658 1844 3712 Vitalium
1877 3665 2004 3712 acta

403 3753 566 3815 sunt;
621 3752 679 3801 et
723 3747 1066 3800 descendens
1111 3763 1239 3800 cum
1288 3747 1454 3814 clero,
1486 3747 1637 3800 venit
1681 3747 1750 3800 ad
1800 3763 2002 3818 corpus

404 3835 584 3890 sancti
628 3834 855 3901 Vitalii;
907 3840 966 3889 et
1011 3851 1139 3889 cum
1169 3834 1399 3889 vidisset
1443 3834 1998 3906 superscriptionem,

403 3923 579 3979 dixit:
612 3922 752 3978 Vere
780 3923 924 3978 hanc
941 3922 1170 3978 humilis
1203 3923 1446 3978 Joannes
1471 3939 1572 3995 per
1596 3923 1774 3978 Deum
1804 3924 1998 3992 evasit,

405 4028 538 4068 nam
578 4012 802 4084 alapam
839 4029 1010 4084 quam
1051 4012 1266 4084 accepit
1292 4013 1388 4084 qui
1418 4013 1632 4084 patitur
1661 4030 1764 4082 ego
1794 4013 2004 4084 accipe-

404 4117 548 4157 rem.

475 4191 634 4247 Tunc
662 4191 854 4262 itaque
893 4207 1090 4246 omnes
1123 4189 1454 4256 fornicariae,
1489 4195 1548 4244 et
1576 4207 1698 4260 qus:
1727 4189 2004 4247 abrenun-

403 4281 690 4336 tiaverunt
719 4296 786 4334 ex
815 4279 914 4346 eis,
947 4283 1004 4334 et
1031 4279 1180 4334 viros
1200 4283 1580 4350 susceperant,
1597 4295 1724 4333 cum
1754 4279 1932 4334 cereis
1947 4285 2005 4334 et

2081 3559 2318 3614 sericors
2351 3566 2408 3614 et
2435 3559 2694 3622 crudelis,
2741 3565 2799 3614 et
2837 3558 3012 3618 semel
3039 3558 3249 3614 damna
3275 3557 3506 3629 pertuli,
3542 3559 3680 3616 etin

2083 3646 2455 3702 subtilitatem
2510 3647 2708 3703 deveni
2740 3665 2752 3700 :
2801 3648 2970 3718 cmpit
3013 3647 3281 3718 cogitatio
3328 3663 3456 3704 mea
3493 3647 3685 3704 dicere

2083 3735 2220 3790 mihi
2249 3755 2260 3790 :
2296 3737 2441 3791 Vere
2468 3736 2518 3790 si
2543 3753 2696 3792 esses
2723 3735 3188 3808 eleemosyuator,
3205 3751 3317 3794 non
3337 3735 3688 3806 relinqueret

2083 3825 2318 3880 teDeus.
2347 3826 2531 3882 Βιαιυὶ
2560 3841 2693 3896 ergo
2724 3841 2824 3896 per
2850 3825 3102 3895 singulos
3121 3825 3242 3882 dies
3265 3825 3400 3884 dare
3429 3825 3685 3895 quinque

2083 3929 2258 3968 εει-θος
2283 3931 2545 3970 nummos
2571 3915 2941 3986 pauperibus;
2969 3919 3180 3972 etcum
3199 3913 3492 3984 coepissem
3517 3914 3682 3981 dare,

2085 4003 2277 4057 statim
2297 4004 2536 4058 Satanas
2555 4003 2886 4074 prohibebat
2897 4020 3006 4069 me,
3025 4002 3216 4060 dicens
3238 4021 3249 4055 :
3271 4003 3415 4058 Vere
3429 4003 3687 4074 quinque

2085 4091 2303 4146 nummi
2332 4092 2428 4148 isti
2455 4092 2745 4148 sufﬁciunt
2767 4092 2958 4149 domui
3001 4093 3071 4146 ad
3102 4092 3275 4157 olera,
3308 4097 3410 4149 aut
3447 4091 3519 4148 ad
3563 4091 3687 4150 bal-

2083 4197 2256 4236 neum
2281 4181 2701 4252 percipiendnm
2726 4201 2739 4248 ;
2772 4187 2830 4236 et
2855 4181 3066 4248 statim,
3089 4186 3358 4251 tanquam
3390 4179 3438 4237 si
3466 4179 3540 4236 de
3569 4181 3690 4238 fau-

2082 4269 2240 4325 cibus
2259 4278 2522 4326 natorum
2546 4287 2799 4326 meorum
2829 4270 3106 4340 privarem
3135 4286 3250 4330 eos,
3283 4269 3423 4327 nihil
3454 4269 3684 4328 dabam.

403 4369 760 4442 lampadibus
789 4369 1066 4441 pmibant
1092 4385 1222 4423 eum
1251 4349 1540 4434 ﬂentes,et
1565 4368 1842 4422 dicentes:
1866 4349 2060 4442 Per-_'
2086 4361 2228 4414 Cum
2273 4376 2407 4429 ergo
2451 4359 2722 4416 vidissem
2757 4359 2906 4429 quod
2954 4375 3256 4431 superarer
3290 4376 3326 4414 a
3367 4361 3523 4424 vitio,
3561 4359 3688 4416 dico

403 4437 652 4515 didiinus
672 4437 912 4514 salutem
940 4463 1190 4512 nostram
1220 4464 1275 4512 et
1304 4458 1637 4512 doctrinam.
1654 4457 2006 4512 Enarrabant
2023 4437 2260 4520 Dpuero
2287 4465 2411 4503 meo
2445 4467 2456 4502 ε
2492 4449 2601 4504 Per
2627 4448 2882 4520 Singulos
2923 4449 3045 4505 dies
3083 4449 3290 4514 furare,
3317 4463 3408 4506 me
3437 4449 3692 4506 nescien-

407 4548 559 4602 enim
565 4548 686 4619 jam
699 4545 1181 4601 conversationem
1197 4545 1320 4615 ejus
1347 4545 1625 4610 omnibus,
1642 4546 2003 4610 et,Quoniam

403 4653 519 4692 non
561 4641 792 4708 propter
826 4641 1052 4713 turpem
1079 4650 1198 4689 rem
1227 4633 1298 4687 ad
1327 4650 1430 4688 nos
1457 4633 1735 4701 intrabat;
1787 4640 1844 4688 et
1875 4635 2008 4706 quia

405 4741 697 4800 nunquam
731 4725 1035 4797 aliquando
1066 4723 1306 4778 vidimus
1330 4738 1459 4777 eum
1499 4739 1670 4794 super
1706 4723 1853 4778 latus
1883 4725 2008 4777 dor-

407 4814 694 4881 mientem,
727 4819 826 4870 aut
854 4831 1028 4869 unam
1064 4829 1130 4868 ex
1166 4811 1328 4866 nobis
1361 4817 1648 4866 tenentem
1679 4828 1850 4867 manu
1881 4830 2001 4868 sua.

407 4901 480 4956 Et
507 4903 1046 4973 reprehendentibus
1076 4919 1171 4956 eas
1200 4900 1537 4973 quibusdam
1569 4907 1626 4955 et
1652 4901 2000 4956 dicentibus:

407 4991 594 5054 Quare
629 4989 747 5045 hac
779 5007 892 5046 non
929 4991 1188 5046 omnibus
1216 4990 1503 5054 dicebatis,
1536 4991 1632 5044 sed
1663 4991 2006 5045 scandaliza-

409 5078 575 5133 batur
599 5079 658 5133 in
685 5094 751 5134 eo
793 5085 915 5133 tota
949 5079 1182 5134 civitas?
1236 5079 1578 5134 enarrabant
1617 5081 1739 5149 jam
1790 5079 2004 5151 capitu-

407 5168 547 5234 lum,
570 5167 718 5238 quod
748 5167 893 5221 circa
942 5184 1066 5221 eam
1111 5173 1334 5239 gestum
1361 5174 1466 5234 est,
1502 5185 1624 5240 quae
1653 5185 1686 5222 a
1725 5168 2002 5223 daemonio

405 5255 755 5312 vexationem
784 5255 1069 5323 sustinuit,
1099 5261 1158 5310 et
1200 5257 1332 5328 quia
1357 5259 1462 5311 hoc
1497 5259 1762 5313 timentes
1781 5257 2002 5312 taceba-

405 5346 790 5418 mus.Sepulto
809 5361 946 5415 ergo
976 5361 1042 5398 eo
1069 5345 1128 5399 in
1164 5346 1340 5400 multo
1359 5347 1590 5412 honore,
1624 5347 1936 5418 permansit
1954 5347 2002 5402 is

407 5435 502 5507 qui
519 5434 590 5490 ab
618 5451 685 5491 eo
712 5439 995 5490 correctus
1017 5440 1073 5488 et
1103 5451 1272 5488 sanus
1297 5435 1477 5490 factus
1506 5441 1609 5502 est,
1639 5435 1846 5490 faciens
1880 5452 2000 5490 me-

405 5523 642 5598 moriam
674 5525 816 5597 ejus.
841 5524 1204 5579 Postmodum
1233 5529 1422 5578 autem
1443 5530 1502 5578 et
1527 5524 1870 5580 renuntiavit
1895 5542 1972 5580 sse
1990 5557 2005 5568 -

404 5611 550 5679 culo,
594 5611 879 5682 ingressus
922 5607 1328 5664 monasterium
1372 5607 1590 5664 abbatis
1629 5609 1915 5664 Seridonis
1944 5609 2002 5668 in

2086 4543 2162 4603 te,
2187 4538 2434 4608 quinque
2463 4553 2742 4599 nummos,
2769 4542 2828 4594 et
2849 4537 2922 4594 da
2943 4537 3382 4608 eleemosynam.
3415 4537 3558 4596 Sum
3583 4553 3690 4608 ego

2089 4626 2239 4682 enim
2287 4627 2579 4697 trapezita,
2611 4626 2856 4683 domine.
2891 4626 2991 4682 Ille
3020 4642 3148 4682 vero
3176 4625 3548 4692 benefaciens,
3583 4642 3692 4684 cce-

2087 4715 2172 4785 pit
2215 4715 2389 4770 furari
2435 4714 2612 4771 denos
2658 4711 2786 4782 (Si).
2819 4715 2954 4772 Erat
2981 4719 3170 4774 autem
3202 4715 3426 4785 quando
3465 4719 3524 4770 et
3567 4715 3687 4772 sili-

2089 4821 2277 4874 quam.
2312 4804 2454 4860 Cum
2485 4821 2619 4874 ergo
2646 4803 2877 4863 vidisset
2920 4804 3055 4874 quia
3097 4802 3588 4869 benedicebamur,
3631 4811 3689 4858 et

2087 4893 2298 4948 divitiis
2326 4892 2769 4958 abundabamus,
2804 4893 2973 4964 saepit.
2993 4897 3051 4948 et
3075 4892 3363 4952 tremisses
3397 4892 3597 4959 furari,
3632 4901 3686 4946 et

2087 4982 2242 5038 dare.
2275 4983 2458 5038 Semel
2474 4983 2670 5053 itaque
2695 4983 2984 5040 admirans
2998 4981 3417 5040 benedictioues
3441 4981 3684 5047 Dei,dix':

2087 5073 2138 5128 ei
2154 5091 2165 5126 :
2199 5073 2343 5126 Vere
2357 5073 2597 5126 multum
2615 5071 3326 5143 profuerunt,iili,quinque
3343 5072 3564 5130 nummi
3579 5071 3680 5130 illi.

2083 5162 2206 5215 volo
2233 5177 2365 5232 ergo
2379 5167 2444 5216 ut
2469 5161 2568 5216 des
2592 5159 2806 5216 decem.
2821 5160 2976 5218 Tunc
2994 5160 3133 5216 dicit
3154 5160 3292 5220 mihi
3309 5165 3367 5214 et
3383 5177 3524 5231 puer
3543 5160 3686 5220 sub-

2083 5251 2351 5305 ridendo:
2395 5250 2566 5314 Vade,
2619 5267 2719 5306 ora
2763 5249 2926 5306 furtis
2975 5251 3133 5308 meis.
3167 5250 3313 5306 Nam
3359 5265 3489 5305 vere
3516 5249 3686 5305 hodie

2086 5356 2198 5394 non
2225 5339 2560 5395 haberemus
2588 5355 2756 5410 quem
2797 5339 3295 5398 manducassemus
3314 5354 3534 5410 panem.
3574 5339 3687 5394 Sed

2085 5429 2132 5483 si
2163 5435 2249 5483 est
2276 5429 2367 5484 fur
2379 5430 2588 5498 justus,
2620 5445 2723 5499 ego
2752 5430 3072 5488 sum.Tuuc
3099 5444 3232 5499 ergo
3248 5427 3685 5498 dixit,quouiam

2085 5517 2370 5574 tremissia
2403 5517 2574 5574 dabat
2593 5522 2652 5572 et
2676 5517 2909 5588 siliquas
2929 5517 3120 5582 etiam,
3149 5533 3218 5578 ex
3255 5517 3368 5572 ﬁde
3395 5515 3564 5583 illius,
3597 5533 3687 5572 as-

2085 5605 2258 5672 suevi,
2287 5607 2534 5674 domine,
2571 5606 2641 5661 de
2668 5606 2856 5666 animo
2874 5607 3029 5668 dare.
3051 5607 3378 5668 (Ediﬁcatus
3401 5622 3533 5676 ergo
3553 5621 3686 5666 san-
