3942 6200
285 323 389 384 373

1205 279 1375 384 ἯἸἏ
1413 327 1670 387 SANC'I‘I
1708 328 2011 386 JOANNIS
2049 324 2651 382 ELEEMOSYNARII.

3460 329 3559 388 374

283 458 409 506 ctus
428 453 609 521 valde,
634 442 775 511 dixit
802 454 874 509 ad
903 469 1063 510 eum:
1109 456 1287 510 Crede
1321 456 1478 522 mihi,
1513 458 1720 511 multas
1748 472 1883 513 con-
1900 456 1949 514 Α
1968 468 2070 507 nos
2100 452 2279 516 ﬁctor,
2308 456 2366 506 et
2382 455 2608 521 peccato
2652 456 2710 505 et
2754 450 3136 509 inobedientia
3164 451 3423 523 deceptos
3453 452 3559 511 ite-

283 544 633 600 versationes
662 545 897 599 Patrum
928 546 1057 615 legi,
1089 546 1204 599 tale
1235 546 1442 617 aliquid
1472 564 1585 600 non
1604 548 1808 601 audivi.

354 634 491 686 CAP.
525 633 1175 689 XXXVIII.—Malitiam
1188 642 1567 690 reservantem
1585 637 1883 707 quemdam

285 722 620 789 illustrium,
652 728 847 777 contra
866 724 1038 778 alium
1055 725 1383 795 principem,
1409 726 1643 778 audiens
1664 726 1753 778 hic
1775 742 1889 779 ma-

282 828 433 882 gnus
462 813 725 878 Joannes,
752 813 975 866 monuit
1002 829 1130 867 eum
1164 830 1329 885 saepe,
1367 820 1425 868 et
1451 815 1631 868 suasit
1653 815 1723 868 ad
1754 830 1887 868 con-

284 901 560 963 cordiam,
593 907 652 955 et
688 918 800 955 non
838 902 1023 973 potuit
1054 918 1184 957 eum
1215 909 1536 957 convertere
1574 904 1644 957 ad
1670 919 1884 974 pacem.

285 989 479 1044 Semel
499 1007 636 1059 ergo
660 991 831 1044 mittit
860 995 918 1045 et
941 991 1169 1047 adducit
1188 1008 1316 1046 eum
1338 998 1584 1059 sanctus,
1610 993 1769 1063 quasi
1786 1009 1886 1063 pro

282 1095 344 1132 re
384 1079 613 1149 publica
637 1097 649 1131 :
684 1084 741 1133 et
760 1080 897 1134 facit
925 1081 1124 1135 missas
1152 1082 1211 1134 in
1241 1081 1485 1135 oratorio
1514 1097 1634 1147 suo,
1670 1082 1885 1138 nullum

280 1167 502 1223 habens
529 1169 637 1223 nisi
657 1170 981 1225 ministrum
1000 1187 1165 1224 suum
1200 1170 1333 1241 (8'2).
1366 1172 1508 1227 Cum
1539 1187 1673 1241 ergo
1694 1178 1888 1225 sancta

280 1256 669 1312 benedixisset
686 1258 1023 1329 patriarcha,
1042 1265 1099 1313 et
1108 1260 1421 1314 orationem
1439 1260 1788 1314 Dominicam
1806 1262 1889 1314 in-

278 1347 564 1413 choasset,
581 1354 871 1418 coeperunt
884 1348 1068 1402 dicere
1097 1355 1213 1402 tres
1230 1354 1453 1406 tantum
1476 1350 1576 1415 illi,
1601 1350 1770 1417 Pater
1784 1366 1886 1405 no-

279 1442 420 1489 ster.
453 1437 525 1489 Et
551 1452 679 1490 cum
706 1437 1054 1508 pervenisset
1069 1439 1139 1491 ad
1168 1454 1505 1503 sermonem,
1534 1454 1643 1509 quo
1658 1439 1881 1505 dicitur,

277 1524 523 1577 Dimitte
534 1524 694 1578 nobis
722 1524 914 1578 debita
938 1531 1151 1591 nostra,
1186 1526 1331 1580 sicut
1349 1531 1406 1580 et
1425 1543 1527 1582 nos
1547 1527 1886 1580 dimittimus

275 1612 634 1667 debitoribus
656 1613 882 1680 nostris,
916 1614 1103 1669 innuit
1129 1615 1434 1671 domestico
1461 1615 1798 1686 patriarcha,
1823 1620 1888 1669 ut

276 1705 519 1755 taceret.
564 1702 731 1756 Siluit
763 1720 895 1773 ergo
924 1708 982 1757 et
1010 1704 1348 1773 patriarcha,
1374 1709 1430 1757 et
1451 1705 1722 1758 remansit
1737 1705 1888 1775 prin-

1967 559 2094 597 rum
2123 540 2433 603 viviﬁcavit,
2456 545 2514 595 et
2532 545 2722 604 ’00
2736 542 2961 611 proprio
2976 541 3250 610 sanguine
3270 542 3510 601 redemit
3528 559 3564 601 α

1969 638 2169 697 morte,
2202 637 2260 685 et
2290 647 2513 688 omnem
2544 635 2753 686 terram
2785 635 2842 687 et
2858 631 3042 700 ipsum
3073 632 3273 691 ccelum
3306 631 3365 689 in
3397 630 3559 691 obse-

1969 722 2166 792 quium
2196 720 2491 777 hominum
2524 718 2793 784 subdidit,
2818 720 2914 774 sed
2940 726 2997 776 et
3011 737 3159 777 nunc
3177 720 3419 791 qualiter
3440 738 3563 791 pec-

1968 816 2161 866 cantes
2172 826 2284 865 non
2294 808 2545 880 dissipat,
2569 808 2666 865 sed
2681 808 3078 878 longanimiter
3090 810 3269 882 magis
3281 814 3566 880 exspectat

1968 899 2273 961 immobilis
2287 899 2386 956 illa
2400 904 2620 963 natura,
2655 902 2713 953 et
2730 896 2949 967 patiens
2969 898 3064 955 ille
3088 899 3299 964 oculus.
3323 905 3382 959 et
3400 898 3562 959 nobis

1968 990 2300 1060 plerumque
2310 985 2961 1058 blasphemantibusipse
2989 988 3308 1045 consolatur
3327 993 3384 1049 et
3410 988 3561 1050 blan—

1968 1078 2122 1133 ditur
2135 1094 2236 1149 per
2246 1077 2667 1133 miserationem
2687 1092 2866 1140 suam,
2892 1075 3188 1135 desursum
3207 1076 3422 1147 pluvias
3438 1094 3563 1148 pm—

1969 1172 2095 1238 pter
2116 1167 2286 1223 vitam
2315 1171 2566 1223 nostram
2587 1164 2862 1237 tribuens,
2898 1169 3138 1235 quantos
3164 1166 3344 1223 malos
3362 1181 3562 1238 opera-

1968 1257 2101 1319 rios,
2120 1260 2419 1327 pergentes
2440 1260 2505 1312 ut
2521 1254 2777 1311 occidant
2796 1258 2896 1311 aut
2907 1253 3185 1321 furentur,
3211 1254 3352 1324 tegit
3363 1260 3421 1314 et
3447 1271 3561 1316 non

1968 1345 2163 1410 tradit,
2186 1362 2257 1400 ne
2271 1343 2979 1415 capianturetpuniantur?
2998 1347 3239 1413 quantos
3257 1343 3561 1403 existentes

1968 1433 2025 1489 in
2060 1434 2293 1490 navibus
2315 1434 2374 1489 in
2388 1433 2604 1503 pelago,
2624 1431 3017 1502 utpraedentur
3031 1431 3319 1490 obviantes
3340 1431 3448 1491 sibi
3464 1447 3562 1492 na-

1966 1540 2080 1589 ves,
2133 1529 2190 1576 et
2218 1523 2475 1578 occidant
2513 1522 2608 1591 qui
2636 1521 2695 1577 in
2743 1520 2824 1575 eis
2852 1525 3002 1585 sunt.
3039 1536 3153 1579 non
3190 1521 3469 1591 permittit
3502 1522 3562 1582 in
3664 1522 3667 1523 ⁷

1967 1611 2307 1683 profundum
2333 1611 2604 1680 demergi,
2624 1610 2720 1667 sed
2750 1610 2995 1680 imperat
3013 1609 3155 1667 mari
3173 1626 3242 1667 ne
3262 1609 3562 1670 absorbent

1969 1718 2082 1767 eos,
2143 1706 2471 1771 exspectans
2512 1699 2933 1756 conversionem
2985 1698 3214 1756 malitiae
3252 1699 3559 1769 ipsorum?

276 1805 415 1860 ceps
444 1791 620 1855 solus,
649 1792 841 1847 dicens
885 1809 1137 1849 versum:
1176 1793 1409 1846 Dimitte
1440 1792 1618 1858 nobis,
1656 1794 1799 1847 sicut
1828 1779 1943 1849 etB
1968 1789 2162 1862 quanti
2218 1791 2473 1860 pejerant
2528 1805 2730 1858 corpus
2777 1786 2886 1855 (83)
2933 1792 2991 1845 et
3045 1788 3378 1857 sanguinem
3435 1789 3559 1857 ejus

276 1894 387 1931 nos
413 1878 775 1934 dimittimus.
794 1881 863 1934 Et
886 1882 1077 1935 statim
1093 1897 1392 1936 conversus
1406 1887 1651 1948 sanctus,
1680 1882 1817 1935 dicit
1831 1883 1884 1936 ei

277 1974 584 2023 mansueta
608 1985 772 2022 voce:
804 1970 945 2024 Vide
965 1971 1021 2023 in
1052 1970 1204 2041 quali
1228 1970 1466 2024 terribili
1490 1972 1628 2025 hora
1651 1971 1784 2041 quid
1804 1972 1884 2025 di-

276 2072 376 2109 cas
407 2048 557 2110 D80:
592 2058 868 2121 Quoniam
904 2059 1050 2113 sicut
1077 2076 1180 2129 ego
1205 2059 1450 2124 dimitto,
1492 2060 1574 2112 ita
1620 2066 1676 2113 et
1704 2064 1766 2114 tu
1804 2060 1884 2114 di-

275 2146 447 2199 mitte
479 2147 645 2203 mihi.
675 2148 971 2220 Tanquam
1001 2148 1070 2201 ab
1098 2150 1229 2219 igne
1259 2149 1449 2203 statim
1470 2149 1781 2203 cruciatum
1810 2149 1885 2203 fe-

274 2251 413 2288 rens
442 2235 748 2306 preedictus
778 2237 1053 2308 princeps,
1079 2238 1277 2291 cecidit
1302 2238 1360 2291 in
1394 2238 1592 2292 faciem
1614 2238 1684 2291 ad
1714 2238 1883 2308 pedes

274 2324 482 2388 sancti,
526 2325 749 2378 dicens:
774 2326 1131 2398 Quaecunque
1155 2328 1411 2396 jusseris,
1440 2327 1682 2391 domine,
1718 2327 1885 2382 faciet

275 2429 475 2467 servus
505 2418 657 2468 tuus.
688 2415 757 2469 Et
776 2416 1166 2470 reconciliatus
1183 2422 1268 2470 est
1288 2416 1517 2471 inimico
1534 2432 1635 2470 suo
1657 2433 1723 2469 ex
1743 2422 1879 2470 tunc

271 2517 404 2555 cum
428 2504 588 2556 omni
616 2504 870 2558 veritate.

326 2591 469 2644 CAP.
497 2592 1113 2664 XXXIX—Superbum
1132 2600 1321 2649 autem
1335 2595 1381 2649 si
1396 2595 1619 2649 videbat
1632 2596 1878 2666 aliquem

275 2680 502 2745 beatus,
522 2681 671 2737 hunc
688 2682 915 2752 quidem
938 2700 1050 2737 non
1080 2684 1355 2754 arguebat
1380 2684 1437 2737 in
1460 2684 1623 2739 facie:
1655 2685 1891 2755 quando

272 2775 467 2823 autem
492 2786 625 2823 eum
645 2771 702 2824 in
735 2776 949 2836 secreto
978 2789 1080 2826 suo
1100 2774 1389 2827 sedentem
1416 2772 1655 2838 videbat,
1687 2775 1879 2828 affere-

270 2857 371 2911 bat
388 2858 462 2912 de
484 2860 804 2914 humilitate
823 2877 1124 2927 sermones,
1158 2868 1223 2916 ut
1242 2879 1342 2933 per
1358 2864 1472 2917 tale
1487 2864 1876 2933 magisterium

271 2950 491 3003 sensim
518 2955 841 3020 percuteret
868 2951 1192 3021 superbum,
1221 2958 1279 3005 et
1298 2952 1618 3008 modestum
1647 2953 1873 3022 faceret,

270 3039 471 3093 dicens
499 3039 608 3093 ita:
636 3039 828 3105 Miror,
853 3040 1065 3094 domini
1092 3041 1220 3107 mei,
1253 3042 1532 3112 quomodo
1562 3058 1673 3095 non
1697 3059 1878 3096 recor-

1965 1884 2402 1944 sacrosanctum,
2467 1883 2524 1935 et
2584 1877 2798 1948 patitur
2853 1883 2912 1933 et
2974 1876 3372 1946 longanimiter
3416 1877 3553 1947 agit,

1967 1986 2079 2024 non
2118 1968 2360 2025 reddens
2402 1968 2482 2023 eis
2522 1967 2611 2023 hic
2652 1965 2866 2036 aliquid
2903 1965 3172 2023 difficile?
3222 1971 3463 2035 quantos
3500 1966 3559 2027 in

1964 2059 2165 2113 itinere
2195 2057 2594 2114 latrocinantes
2623 2072 2753 2114 non.
2782 2054 2957 2113 tradit
3006 2054 3067 2114 in
3107 2053 3292 2114 cibum
3336 2055 3559 2115 obvim-

1964 2148 2113 2203 tibus
2144 2146 2251 2205 sibi
2291 2146 2526 2203 bestiis?
2558 2150 2800 2217 quantos
2844 2148 3043 2203 euntes
3072 2143 3132 2203 in
3158 2159 3401 2203 concava
3448 2151 3559 2203 ter-

1963 2254 2173 2302 rarum,
2214 2242 2272 2291 et
2299 2236 2567 2292 itinerum
2606 2233 2909 2292 seditiones
2938 2237 3256 2303 sperantes.
3289 2234 3554 2304 protegit,

1966 2331 2031 2382 ut
2057 2342 2170 2381 non
2209 2329 2614 2381 consumantur
2638 2340 2673 2380 ει
2711 2319 3159 2380 custodientibus
3198 2321 3556 2386 canibusnel

1964 2415 2133 2470 etiam
2162 2413 2512 2471 hominibus?
2528 2415 2597 2469 Et
2608 2430 2697 2469 me
2708 2412 2992 2471 interdum
3004 2418 3105 2471 aut
3122 2428 3251 2471 cum
3261 2412 3556 2472 meretrice

1961 2504 2340 2565 recumbente.
2371 2510 2470 2559 aut
2498 2519 2624 2559 cum
2654 2501 2741 2558 his
2762 2501 2858 2571 qui
2880 2518 2940 2558 se
2971 2500 3271 2566 inebriant,
3299 2505 3401 2561 aut
3425 2516 3555 2561 cum

1960 2595 2151 2665 turpia
2178 2592 2535 2665 loquentibus
2559 2595 2943 2652 conversante.
2967 2595 3066 2647 aut
3083 2595 3284 2649 cetera
3306 2589 3557 2661 quolibet

1961 2684 2147 2739 saeculi
2164 2684 2332 2754 hujus
2354 2681 2639 2753 implicato
2659 2686 2907 2751 peccato,
2933 2678 3055 2750 apis
3077 2678 3306 2749 quidem
3322 2678 3555 2739 circum-

1961 2773 2158 2837 fertur,
2192 2778 2250 2827 et
2272 2772 2443 2826 valles
2469 2776 2526 2827 et
2553 2771 2739 2825 alveos
2758 2769 2975 2833 circuit,
3011 2784 3267 2838 quarens
3289 2768 3554 2839 colligere

1960 2861 2225 2927 fructum,
2260 2866 2325 2915 ut
2349 2860 2511 2915 dulce
2531 2858 2702 2915 faciat
2726 2856 2866 2915 mihi
2892 2861 3109 2927 guttur,
3146 2856 3296 2927 quod
3323 2855 3471 2916 fmda
3497 2863 3557 2917 et

1960 2949 2154 3021 iniqua
2179 2948 2508 3019 pronuntiat
2532 2967 2544 3014 ;
2576 2964 2684 3003 uva
2712 2952 2901 3003 autem
2929 2944 3161 3005 festinat
3188 2960 3289 3015 per
3307 2945 3553 3007 calorem

1961 3038 2255 3103 maturari,
2290 3044 2354 3092 ut
2375 3038 2588 3108 repleat
2616 3052 2678 3091 os
2708 3041 2765 3090 et
2786 3034 3032 3091 laetiﬂcet
3059 3050 3174 3100 cor,
3194 3034 3345 3104 quod
3373 3035 3550 3096 facto-

269 3128 447 3181 datur
466 3127 676 3181 misera
687 3129 874 3183 anima
891 3145 1018 3183 mea
1036 3130 1374 3183 humilitatis
1396 3129 1880 3200 quaidemonstra-
1895 3141 1938 3198 ο
1962 3144 2083 3181 rem
2128 3142 2295 3181 suum
2339 3124 2760 3196 praevaricatum
2797 3130 2904 3181 est.
2956 3124 3149 3182 Flores
3200 3122 3439 3183 invicem
3490 3139 3550 3181 se

268 3218 353 3270 vit
378 3216 543 3270 nobis
570 3233 740 3287 super
764 3224 975 3271 terram
997 3235 1269 3289 apparere
1289 3218 1493 3272 Filium
1514 3220 1633 3284 Dei,
1670 3220 1765 3274 sed
1786 3221 1874 3274 in-

265 3312 535 3360 tumesco
566 3312 623 3359 et
661 3308 897 3360 extollor
923 3323 1094 3378 super
1120 3308 1352 3361 fratrem
1382 3324 1591 3374 meum,
1625 3309 1671 3362 si
1716 3309 1872 3364 fuero

266 3390 559 3449 modicum
589 3401 689 3450 aut
707 3396 991 3466 pulchrior
1014 3414 1100 3461 eo,
1121 3402 1221 3452 aut
1239 3397 1425 3465 ditior,
1446 3404 1543 3452 aut
1554 3398 1866 3469 gloriosior,

264 3490 373 3538 aut
396 3484 775 3555 principatum
796 3484 1360 3556 officiicujuscunque
1383 3486 1771 3552 habuero,non
1789 3486 1872 3541 in-

263 3572 821 3643 telligens/divinam
854 3590 1064 3638 vocem,
1107 3590 1230 3645 quae
1258 3575 1427 3629 dicit:
1459 3576 1669 3633 Discite
1716 3593 1750 3629 a
1777 3594 1869 3631 me

263 3663 405 3732 quia
416 3662 571 3715 mitis
582 3679 707 3716 sum
718 3668 775 3715 et
784 3662 1015 3717 humilis
1024 3663 1209 3729 corde,
1234 3669 1291 3716 et
1306 3663 1601 3718 invenietis
1617 3666 1867 3735 requiem

262 3750 568 3805 animabus
596 3750 795 3805 vestris
823 3752 1035 3818 (Matth.
1061 3756 1354 3823 x1);neque
1376 3759 1695 3808 sanctorum
1710 3772 1868 3809 voces

259 3840 543 3909 cogitans,
573 3836 837 3910 quoniam
877 3841 1108 3911 quidam
1127 3842 1509 3903 terram(Gen.
1536 3846 1713 3909 XVIII),
1741 3844 1866 3914 qui-

263 3930 405 3983 dam
450 3929 716 3995 cinerem,
782 3930 1009 3999 quidam
1057 3947 1303 3984 vermem
1346 3937 1402 3984 et
1429 3947 1542 3985 non
1580 3933 1866 3987 hominem

268 4019 447 4084 (Psal.
503 4022 639 4087 χχι),
703 4018 932 4089 quidam
978 4024 1077 4073 aut
1108 4005 1577 4089 impeditioris'et
1602 4022 1868 4079 tardioris

264 4106 481 4175 linguai
526 4108 713 4171 (Exod.
761 4116 834 4175 IV)
875 4125 936 4161 se
976 4108 1372 4161 nominabant:
1407 4114 1464 4163 et
1496 4110 1630 4179 quia
1668 4111 1861 4169 Isaias.

265 4196 501 4265 quando
517 4196 696 4250 Deum
708 4197 896 4251 videre
923 4198 1220 4261 meruit,ut
1239 4198 1391 4268 capit
1410 4199 1738 4264 homo,tunc
1758 4200 1864 4253 im-

265 4282 487 4338 munda
516 4283 659 4339 labia
690 4302 750 4339 se
778 4285 986 4339 habere
1028 4286 1410 4357 pronuntiavit
1431 4289 1558 4353 (Isa.
1592 4290 1686 4357 vn).
1720 4288 1864 4352 Quid

262 4373 425 4427 enim
445 4378 503 4426 et
521 4390 646 4429 sum
666 4374 923 4430 humilis?
936 4375 1135 4429 Nonne
1156 4376 1224 4429 de
1249 4376 1365 4429 luto
1380 4376 1542 4430 ﬁctus
1563 4379 1864 4441 sum,unde

1957 3221 2366 3287 prmoccupant,
2398 3220 2462 3270 ut
2490 3214 2766 3271 delectent
2801 3213 3013 3277 oculos,
3043 3211 3141 3282 qui
3161 3211 3547 3273 fornicationi-

1954 3304 2058 3359 bus
2087 3310 2145 3359 at
2172 3304 2371 3358 alienis
2393 3301 2720 3357 mulieribus
2739 3302 2808 3356 ad
2824 3300 3105 3357 luxuriam
3136 3299 3360 3359 innuat.
3383 3300 3551 3359 Ficus

1954 3393 2218 3449 turbatur
2238 3392 2371 3459 (84),
2390 3397 2669 3462 quatenus
2688 3389 2991 3460 perveniat,
3007 3390 3300 3461 utrepleat
3316 3405 3548 3449 manum

1954 3501 2055 3556 per
2066 3482 2533 3553 magnitudinem,
2561 3484 2618 3534 et
2631 3496 2692 3534 os
2708 3495 2809 3550 per
2830 3476 3205 3545 dulcedinem,
3225 3479 3375 3550 quod
3390 3484 3548 3537 tenet

1953 3579 2009 3627 et
2054 3573 2236 3627 basiat
2279 3571 2523 3624 alienam
2571 3568 2884 3623 mulierem.
2936 3567 3095 3624 Talia
3133 3584 3286 3638 ergo,
3332 3568 3541 3640 inquit,

1950 3678 2122 3733 opera
2133 3662 2331 3715 fratres
2346 3666 2599 3730 agentes.
2614 3662 2672 3712 et
2696 3658 2838 3712 tales
2851 3657 3252 3715 retributiones
3266 3658 3545 3728 recipien-

1950 3756 2036 3806 tes
2063 3768 2099 3804 a
2125 3750 2366 3819 benigno
2388 3749 2522 3812 Deo,
2546 3746 2769 3817 qualem
2789 3745 3166 3801 debueramus
3187 3744 3394 3801 habere
3413 3762 3545 3816 pru-

1949 3840 2220 3904 dentiam,
2253 3838 2674 3892 considerantes
2687 3834 3046 3891 novissimam
3071 3838 3322 3893 nostram
3346 3840 3407 3892 et
3419 3836 3544 3894 hor-

1949 3930 2183 3984 rendam
2203 3927 2433 3981 horam?
2450 3926 2690 3981 Multum
2712 3924 2863 3979 enim
2889 3923 2961 3981 de
2981 3923 3255 3981 memoria
3273 3925 3472 3982 mortis
3487 3931 3544 3981 et

1951 4019 2100 4072 exitu
2130 4018 2334 4081 animai
2373 4013 2697 4085 disputabat
2729 4029 2953 4083 semper
2983 4013 3075 4069 ille
3114 4013 3330 4076 beatus.
3362 4014 3444 4071 ita
3478 4021 3543 4072 ut

1948 4108 2272 4177 frequenter
2300 4106 2529 4176 quidam
2561 4104 2632 4158 ad
2650 4119 2778 4158 eum
2801 4101 3043 4173 superbo
3070 4103 3352 4160 schemate
3370 4102 3542 4160 intra-

1948 4204 2077 4251 rent
2096 4202 2153 4251 et
2182 4195 2388 4251 ridenti
2416 4194 2594 4258 vultu,
2618 4192 3096 4250 etinconsiderato
3128 4192 3317 4257 oculo;
3351 4196 3412 4247 et
3427 4192 3538 4251 exi-

1950 4292 2076 4339 rent
2091 4285 2287 4339 humili
2302 4300 2479 4347 more,
2495 4288 2552 4336 et
2566 4285 2899 4350 compuncta
2919 4279 3076 4343 facie,
3101 4286 3161 4336 et
3179 4280 3537 4351 lacrymanti-

1946 4374 2051 4428 bus
2066 4375 2508 4444 oculis.Propter
2528 4370 2678 4441 quod
2690 4367 2979 4424 etdinebat
2993 4383 3008 4414 ε
3040 4368 3185 4432 Quia
3214 4372 3296 4435 (ut
3319 4367 3537 4425 testium

261 4466 405 4515 sunt
450 4466 506 4515 et
548 4463 779 4518 lateres?
809 4465 1007 4518 Nonne
1038 4480 1262 4518 omnem
1292 4482 1460 4536 quam
1492 4472 1626 4537 puto
1658 4467 1924 4560 habereD
1946 4480 2048 4535 ego
2070 4463 2323 4530 humilis}
2349 4458 2655 4560 suﬁicit‘ad
2686 4457 2927 4560 salutem
2957 4457 3256 4560 assidue‘et
3282 4456 3539 4556 dolenter

258 4551 527 4619 gloriam,
560 4558 625 4606 ut
637 4554 740 4606 ﬂos
759 4552 891 4606 foeni
924 4552 1214 4608 marcessit
1243 4555 1371 4617 (Isa.
1396 4555 1515 4623 XL)?
1536 4555 1633 4609 His
1653 4571 1788 4625 ergo
1808 4562 1866 4610 et
1879 4545 1922 4560 ”
1945 4554 2209 4623 cogitare,
2226 4557 2283 4606 et
2296 4548 2726 4611 sollicitudinem
2748 4545 2955 4601 habere
2970 4546 3041 4601 de
3062 4546 3535 4617 morte,quoniam

262 4640 613 4709 hujusmodi,
642 4648 699 4695 et
726 4642 852 4697 aliis
890 4642 1144 4713 pluribus
1172 4642 1354 4696 verbis
1391 4644 1857 4715 sapientissimus,

261 4730 431 4799 quasi
460 4730 530 4784 de
555 4747 614 4784 se
635 4731 845 4798 dicens,
865 4748 993 4786 eum
1013 4732 1107 4803 qui
1130 4733 1459 4803 languorem
1483 4734 1789 4787 inﬂationis
1807 4739 1864 4788 et

258 4818 542 4888 superbiae
564 4820 807 4874 habebat
825 4821 1075 4874 cauterio
1086 4821 1438 4885 comburens,
1462 4823 1724 4893 proderat
1740 4826 1861 4893 ejus

258 4909 489 4966 animaz.
507 4909 862 4979 Intelligebat
881 4910 1031 4964 enim
1059 4911 1109 4964 is
1125 4911 1221 4981 qui
1251 4912 1408 4965 ulcus
1437 4910 1679 4966 habebat
1710 4914 1858 4983 quod

256 4997 329 5051 de
355 5015 426 5051 eo
457 4998 777 5069 patriarcha
805 5000 920 5053 haec
936 4999 1246 5053 intimaret.

331 5087 467 5140 CAP.
488 5088 602 5141 XL.
638 5119 703 5128 —
736 5089 801 5142 Et
830 5089 935 5143 hoc
956 5089 1280 5160 frequenter
1301 5088 1393 5144 ille
1414 5106 1447 5143 a
1476 5091 1593 5144 Deo
1614 5091 1857 5145 honora-

256 5176 1423 5243 tus,aﬂ'erebatinmedium,adhumilitatis
1436 5186 1853 5249 argumentum,

256 5264 491 5320 dicens:
534 5266 694 5330 Quod
743 5266 790 5319 si
818 5267 1327 5322 considerassemus
1368 5273 1426 5322 et
1452 5269 1857 5338 cogitassemus

257 5353 363 5405 Dei
392 5368 530 5423 erga
547 5369 648 5407 nos
669 5354 1113 5409 misericordiam
1137 5361 1194 5409 et
1210 5355 1540 5420 bonitatem,
1564 5344 1667 5411 nec
1681 5357 1738 5411 in
1754 5375 1859 5411 cte-

256 5442 345 5496 los
376 5442 799 5498 sublevaremus
825 5444 1013 5499 oculos
1035 5449 1273 5511 nostros,
1299 5445 1396 5499 sed
1423 5463 1644 5517 semper
1670 5447 1727 5500 in
1757 5447 1859 5502 hu-

255 5531 382 5584 mili
404 5530 598 5585 habitu
612 5548 676 5585 ac
693 5533 991 5603 prudentia
1013 5534 1362 5604 degeremus.
1379 5535 1451 5589 Ut
1466 5535 1615 5588 enim
1634 5542 1859 5606 praeter-

253 5634 406 5685 eam,
451 5620 693 5690 qualiter
730 5637 844 5676 non
875 5622 1179 5677 existentes
1221 5628 1283 5677 ut
1314 5639 1566 5678 essemus
1597 5625 1860 5694 produxit

1944 4658 2110 4697 nemo
2140 4640 2298 4695 nobis
2321 4640 2378 4694 in
2398 4640 2495 4694 illa
2527 4638 2667 4692 hora
2695 4635 3086 4706 compatietur,
3120 4640 3221 4691 aut
3244 4635 3536 4695 comitabi-

1944 4738 2041 4786 tur
2069 4748 2133 4785 ex
2148 4731 2260 4784 vita
2276 4730 2405 4784 ista.
2437 4728 2545 4783 nisi
2564 4743 2738 4799 opera
2761 4725 2909 4780 bona
2927 4726 3139 4780 nostra.
3166 4723 3233 4781 Et
3255 4726 3535 4793 quomodo

1944 4821 2161 4891 angelis
2179 4817 2531 4874 venientibus
2567 4824 2625 4871 et
2650 4811 3079 4887 properantibus
3106 4810 3367 4869 turbatur
3399 4819 3536 4873 tunc

1945 4912 2153 4977 anima,
2187 4911 2237 4965 si
2268 4911 2497 4967 inventa
2526 4924 2638 4961 non
2669 4906 2839 4960 fuerit
2876 4903 3226 4975 pneparata?
3253 4907 3533 4976 quomodo

1939 5008 2104 5070 rogat
2113 5006 2178 5054 ut
2187 5000 2428 5053 addatur
2447 4996 2553 5050 sibi
2568 4994 2847 5053 modicum
2862 4992 3306 5064 tempusvitse,et
3314 4995 3529 5051 audiet:

1942 5090 2084 5153 Quid
2125 5088 2324 5142 enim?
2364 5087 2607 5155 Tempus
2654 5083 2803 5154 quod
2850 5082 3055 5149 vixisti,
3096 5081 3238 5139 bene
3275 5100 3533 5141 consum-

1940 5179 2142 5249 psisti?
2176 5179 2243 5232 Et
2272 5177 2476 5230 iterum
2519 5172 2741 5228 dicebat
2769 5180 3041 5242 tanquam
3078 5172 3148 5227 de
3179 5173 3479 5245 semetipso
3515 5194 3527 5228 :

1940 5268 2249 5333 Quomodo,
2274 5264 2501 5319 humilis
2529 5265 2791 5327 Joannes,
2825 5261 3067 5316 transire
3087 5261 3301 5333 poteris
3322 5262 3528 5319 bestias

1940 5356 2259 5412 arundineti
2293 5358 2450 5422 (Psal.
2488 5354 2670 5418 van),
2704 5351 2927 5422 quando
2950 5350 3256 5407 obviabunt
3271 5351 3375 5406 tibi
3403 5369 3527 5406 exa-

1940 5447 2157 5501 ctores?
2185 5446 2280 5499 Vae
2308 5445 2493 5514 qualis
2516 5443 2687 5496 timor
2715 5446 2773 5494 et
2800 5447 3012 5496 tremor
3039 5440 3257 5503 obtinet
3281 5440 3527 5495 animam

1939 5542 2073 5589 tunc
2100 5535 2374 5588 rationem
2398 5538 2717 5604 ponentem,
2750 5532 2924 5585 tantis
2953 5529 3385 5602 exquisitorihus
3412 5538 3528 5583 tam

1939 5623 2148 5689 amaris
2173 5628 2230 5677 et
2254 5620 2791 5677 immisericordibus
2812 5621 2836 5672 'I
2857 5619 3079 5674 Etenim
3105 5624 3333 5677 senem:
3351 5616 3531 5675 istoin
