3942 6200
469 301 580 360 875

1495 305 1589 360 DE
1624 305 1814 362 VITIS
1851 304 2148 360 PATRUM
2185 304 2399 360 LIBER
2435 303 2726 360 PRIMUS.

3592 315 3680 374 376

475 431 752 486 memoria
781 447 1002 501 semper
1022 429 1300 485 retinebat
1327 431 1475 502 quod
1504 438 1698 486 sancto
1726 431 1940 487 Simoni
1971 430 2360 503 quiAscopio.
2396 431 2580 484 Semel
2610 445 2743 500 ergo
2773 434 2829 484 et
2863 429 2946 484 bis
2994 430 3124 484 fecit
3147 429 3249 484 hoc
3289 431 3464 503 ipsum
3491 436 3679 496 schema

477 521 538 575 in
555 520 830 576 columnis
857 519 1014 574 stetit
1044 517 1174 586 (85),
1206 537 1306 591 per
1324 521 1726 576 revelationem
1753 521 1964 576 factum
1983 527 2072 577 est

475 615 704 664 notum:
735 608 878 672 Quia
908 611 990 678 (ut
1017 608 1113 677 ait)
1140 615 1377 664 exeunte
1407 611 1599 664 anima
1627 627 1658 665 e
1690 627 1942 682 corpore,
1975 611 2070 664 ob-

475 698 628 752 viant
657 697 708 751 ei
733 712 860 751 cum
888 697 1424 754 ascenderitaterra
1439 698 1499 754 in
1527 701 1746 766 coelum,
1780 700 1935 754 chori
1962 699 2068 754 dae-

473 786 938 858 monum,singuli
948 786 1007 840 in
1021 787 1245 858 proprio
1256 788 1450 843 ordine
1459 830 1468 842 .
1477 789 1680 844 Obviat
1689 789 1741 844 ei
1751 790 1954 846 chorus
1963 789 2071 845 dae-

473 875 792 930 moniorum
812 875 1105 946 superbiae,
1122 876 1420 946 investigat
1434 894 1580 946 eam,
1612 879 1661 932 si
1675 877 1882 934 habeat
1900 896 2071 950 opera

473 979 691 1019 eorum.
713 963 912 1020 Obviat
937 965 1141 1020 chorus
1161 966 1464 1036 spirituum
1493 967 1880 1022 detractionis:
1915 968 2066 1040 aspi-

469 1052 626 1108 ciunt
644 1052 690 1108 si
711 1053 936 1124 quando
957 1053 1216 1109 oblocuta
1229 1055 1387 1122 sit,et
1400 1056 1790 1126 paenitentiam
1806 1074 1919 1112 non
1934 1074 2064 1128 ege-

470 1141 566 1197 rit.
600 1141 842 1198 Obviant
858 1143 1067 1198 iterum
1087 1143 1345 1216 superius
1359 1145 1644 1200 dtemones
1661 1147 2062 1202 fornicationis:

471 1235 797 1286 scrutantur
822 1232 871 1286 si
899 1238 1298 1303 recognoscant
1320 1235 1379 1288 in
1399 1251 1468 1288 ea
1479 1235 1793 1306 voluptates
1820 1253 1971 1291 suas.
1999 1237 2067 1291 Et

474 1320 700 1391 quando
728 1337 764 1374 a
785 1327 940 1376 terra
959 1338 1138 1392 usque
1168 1323 1234 1376 ad
1267 1324 1465 1378 caelum
1489 1324 1696 1379 misera
1715 1325 1906 1380 anima
1924 1326 2067 1398 posi-

471 1414 606 1464 tura
633 1409 910 1464 rationem
925 1411 1258 1482 pervenerit,
1293 1429 1544 1466 seorsum
1566 1413 1636 1466 ab
1657 1430 1726 1468 ea
1753 1415 1930 1468 sancti
1961 1431 2066 1468 an-

473 1498 585 1568 geli
608 1497 855 1564 stabunt,
880 1506 938 1553 et
965 1516 1079 1554 non
1109 1501 1175 1554 ad
1177 1501 1456 1571 juvabunt
1495 1519 1621 1556 eam
1648 1503 1756 1557 nisi
1784 1503 2065 1558 bonitates

473 1603 610 1642 suae.
640 1587 770 1642 Haec
813 1588 1181 1643 considerans
1222 1590 1314 1644 hic
1345 1590 1565 1657 nobilis,
1595 1593 1928 1664 perterritus
1966 1611 2067 1664 pro

473 1675 574 1728 tali
597 1676 734 1730 hora
759 1677 1096 1732 etsollicitus
1123 1678 1305 1733 factus
1324 1686 1427 1746 est,
1454 1681 1638 1734 ferens
1666 1681 2065 1736 inmemoriam

2150 520 2245 574 ille
2272 519 2490 574 beatus.
2523 519 2776 574 Erudivit
2803 523 2862 572 et
2885 519 2942 572 in
2962 520 3068 572 hoc
3095 519 3309 590 plebem
3331 523 3613 594 magniﬁce,
3634 537 3682 584 et

2150 609 2470 664 emendavit
2493 627 2506 675 ;
2539 607 2814 662 timebant
2831 608 3003 674 enim,
3023 624 3096 662 ne
3109 607 3311 664 iterum
3322 609 3543 682 idipsum
3555 615 3682 671 sche-

2150 715 2245 752 ma
2274 697 2574 752 facereteis
2601 697 2694 751 ille
2718 713 2942 768 semper
2963 698 3371 753 memorandus.

2222 788 2354 842 Car.
2383 787 2554 841 XLII.
2591 816 2656 826 —
2685 786 2864 857 Loqui
2902 790 3094 841 autem
3131 786 3191 840 in
3227 787 3458 844 sacrario
3491 792 3682 848 omnino

2150 893 2264 932 non
2297 874 2677 947 permittebat,
2721 875 2817 929 sed
2853 875 2914 930 in
2961 880 3260 946 conspectu
3295 876 3527 933 omnium
3562 880 3683 936 foras

2151 965 2412 1020 mittebat
2431 981 2581 1030 eum,
2616 963 2834 1018 dicens:
2868 964 2926 1018 Si
2965 965 3193 1035 quidem
3229 971 3292 1020 ut
3318 982 3494 1021 orares
3519 969 3684 1025 venisti

2147 1055 2274 1121 huc,
2311 1054 2368 1108 in
2394 1055 2498 1108 hoc
2517 1059 2762 1108 mentem
2784 1059 2943 1116 tuam
2956 1059 3013 1108 et
3040 1069 3102 1108 os
3124 1059 3282 1108 tuum
3303 1071 3487 1110 vacare
3499 1065 3681 1128 erepta;

2148 1143 2194 1198 si
2224 1160 2355 1198 vero
2402 1148 2634 1214 propter
2663 1142 3023 1209 locutionem,
3055 1142 3324 1214 scriptum
3349 1149 3430 1199 est
3455 1162 3466 1197 :
3508 1145 3685 1202 Domus

2147 1233 2249 1288 Dei
2287 1233 2486 1287 domus
2533 1231 2804 1286 orationis
2841 1232 3130 1286 vocabitur
3163 1233 3374 1301 (Matth.
3412 1235 3558 1300 xXI);
3592 1236 3684 1289 noli

2148 1339 2282 1392 ergo
2309 1321 2492 1375 facere
2524 1337 2653 1375 eam
2682 1321 3010 1392 speluncam
3036 1321 3338 1376 latronum.

2217 1411 2347 1466 CAP.
2379 1411 2577 1465 XLIII.
2598 1440 2657 1452 -—
2675 1410 2793 1464 Hoc
2823 1414 3013 1464 autem
3041 1416 3167 1463 erat
3204 1409 3563 1465 admirabilius
3579 1428 3685 1466 san-

2149 1499 2384 1554 ctissimi
2402 1500 2572 1570 hujus
2585 1498 2936 1570 patriarchae,
2951 1499 3218 1569 quoniam
3235 1515 3334 1553 nec
3351 1499 3685 1555 monachicam

2151 1589 2319 1642 vitam
2343 1589 2570 1654 ducens,
2603 1603 2786 1658 neque
2813 1587 2872 1641 in
2923 1587 3072 1641 clero
3101 1593 3350 1642 moratus
3377 1588 3431 1642 in
3472 1589 3683 1654 ecclesia,

2149 1677 2248 1731 sed
2270 1683 2327 1730 et
2349 1677 2568 1731 feminae
2591 1675 2840 1746 legitime
2879 1675 3094 1730 dudum
3123 1677 3446 1746 conjunctus
3473 1676 3588 1743 (86),
3623 1677 3687 1731 ita

473 1769 532 1817 et
549 1765 726 1819 sancti
749 1766 1053 1820 Hilarionis
1073 1767 1358 1839 eloquium
1383 1771 1526 1837 (Vita
1547 1771 1933 1837 Hilarz'om's,c.
1951 1770 2062 1842 38);
2087 1767 2330 1849 Btenuit
2351 1766 2598 1836 vigorem
2619 1765 2863 1819 θοοὶθείω
2893 1764 2963 1818 8b
2984 1765 3105 1836 ipso
3121 1765 3283 1819 ίηίῒίο
3300 1782 3404 1836 quo
3415 1765 3688 1836 Patriam!“

474 1853 606 1924 quia
634 1870 760 1909 cum
787 1870 817 1910 e
837 1854 953 1910 vita
999 1873 1256 1926 egressus
1285 1863 1451 1923 esset,
1489 1858 1810 1914 formidavit
1839 1866 1898 1914 et
1925 1861 2064 1916 dixit
2154 1860 2514 1910 consecratus
2543 1860 2646 1921 est,
2675 1859 2732 1908 et
2757 1854 2817 1907 in
2845 1853 3017 1908 talem
3040 1853 3434 1909 sublimitatem
3457 1855 3688 1908 exaltatus

472 1943 680 1997 anima:
709 1959 854 1999 suae:
892 1945 1192 2016 Octoginta
1206 1962 1402 2013 annos,
1423 1964 1456 2002 ο
1477 1948 1709 2002 humilis
1737 1949 1944 2016 anima,
1969 1951 2067 2004 ha-

469 2031 569 2086 bes
592 2033 838 2088 serviens
868 2033 1112 2100 Christo,
1133 2041 1192 2089 et
1218 2037 1385 2090 times
1404 2037 1590 2091 exire?
1607 2038 1724 2102 Exi,
1751 2039 1885 2109 quia
1905 2039 2071 2094 mise-

471 2121 648 2176 ricors
673 2128 776 2176 est.
808 2123 878 2177 Et
899 2123 1120 2178 dicebat
1147 2124 1252 2178 sibi
1280 2127 1709 2197 patriarcha:Si
1729 2127 1776 2181 is
1806 2129 1901 2200 qui
1924 2135 2071 2183 octo-

470 2212 632 2282 ginta
659 2227 836 2268 annos
864 2213 1090 2268 servivit
1118 2214 1360 2283 Christo,
1393 2221 1451 2270 et
1478 2221 1730 2271 mortuos
1760 2213 2066 2285 suscitavit,

475 2307 534 2356 et
553 2301 715 2372 signa
737 2301 886 2367 fecit,
911 2303 1102 2357 timuit
1127 2319 1379 2358 amaram
1394 2306 1549 2359 illam
1581 2306 1796 2373 horam,
1817 2307 1950 2377 quid
1973 2308 2070 2362 ha-

474 2389 574 2444 bes
597 2396 680 2457 tu,
712 2390 944 2445 humilis
971 2392 1234 2459 Joannes,
1267 2393 1453 2448 dicere
1483 2399 1582 2448 aut
1609 2394 1812 2462 facere,
1845 2397 2069 2466 quando

475 2478 823 2534 obviaverint
848 2480 906 2534 in
933 2479 1132 2534 faciem
1161 2486 1319 2535 tuam
1352 2483 1606 2536 crudeles
1621 2483 1702 2537 illi
1732 2489 1790 2538 et
1825 2485 2071 2539 immise-

473 2567 718 2622 ricordes
729 2573 1019 2622 exactores
1029 2575 1087 2623 et
1102 2569 1490 2640 inquisitores?
1502 2572 1588 2626 Ad
1604 2578 1845 2642 quantos
1859 2575 2070 2644 poteris

473 2656 752 2710 rationem
776 2657 1107 2723 reddere,ad
1118 2675 1213 2712 eos
1223 2659 1320 2729 qui
1335 2660 1641 2730 exquirunt
1659 2660 1728 2714 de
1750 2663 2061 2724 mendacio,

475 2745 548 2800 ad
559 2761 655 2800 eos
673 2747 768 2817 qui
785 2746 854 2800 de
873 2747 1240 2812 detractione,
1255 2748 1322 2802 ad
1341 2765 1436 2802 eos
1451 2749 1545 2820 qui
1555 2750 1624 2803 de
1638 2751 2065 2818 crudelitate,ad

473 2849 571 2888 eos
593 2834 690 2905 qui
716 2835 786 2888 de
815 2835 1071 2899 avaritia,
1105 2836 1172 2890 ad
1206 2853 1301 2890 eos
1326 2838 1422 2908 qui
1443 2838 1512 2891 de
1534 2839 1806 2894 memoria
1821 2840 1975 2906 mali,
1996 2841 2065 2894 ad

475 2939 571 2979 eos
600 2923 696 2994 qui
716 2923 788 2978 de
817 2924 964 2990 odio,
990 2925 1063 2979 ad
1095 2941 1189 2980 eos
1220 2927 1316 2996 qui
1355 2927 1658 2997 exquirunt
1675 2928 1744 2982 de
1769 2928 2016 3000 perjurio
2045 2930 2069 2982 τ

476 3012 547 3067 Ει.
601 3013 958 3068 dementatus
1025 3014 1288 3068 dicebat:
1339 3015 1508 3082 Deus,
1556 3021 1622 3070 tu
1669 3033 1764 3071 eos
1820 3019 2064 3090 increpa,

2149 1951 2252 2010 est,
2266 1950 2332 1998 ut
2349 1945 2555 1998 multos
2571 1943 2936 1998 eremitarum
2953 1947 3010 1996 et
3029 1943 3088 1996 in
3115 1948 3269 1997 arcta
3281 1943 3390 1998 vita
3408 1943 3687 2013 degentium

2151 2038 2463 2105 superaret.

2223 2123 2354 2178 ΟΑρ.
2377 2122 2566 2177 XLIV.
2603 2154 2665 2166 --
2691 2121 2896 2175 Volens
2915 2125 3106 2175 autem
3130 2137 3233 2175 nec
3262 2121 3424 2192 hujus
3449 2120 3566 2175 boni
3590 2138 3688 2174 esse

2150 2211 2428 2282 inexpers,
2469 2209 2725 2264 videlicet
2749 2210 3086 2264 monachicae
3121 2209 3248 2264 vitae
3275 2211 3682 2265 connumeratio-

2151 2300 2257 2366 nis,
2301 2299 2491 2354 studet
2525 2316 2645 2352 rem
2676 2305 2907 2354 tamen:
2943 2299 3304 2370 Congregans
3343 2299 3474 2354 duos
3507 2299 3690 2354 ordines

2150 2395 2472 2444 sanctorum
2500 2389 2925 2454 monachorum,
2949 2389 3150 2442 statuit
3169 2388 3228 2442 in
3251 2389 3330 2442 eis
3351 2405 3554 2442 omnem
3573 2387 3692 2440 utili-

2150 2483 2326 2532 tatem
2347 2477 2519 2532 tribui
2546 2478 2616 2532 de
2643 2477 2786 2531 villis
2814 2477 2932 2531 suis
2951 2477 3012 2530 in
3035 2477 3258 2532 civitate
3287 2493 3386 2532 sua
3409 2496 3420 2530 :
3445 2483 3497 2532 et
3521 2477 3691 2532 faciens

2151 2568 2233 2622 eis
2256 2567 2486 2621 cellulas
2507 2567 2566 2620 in
2595 2565 2812 2620 duobus
2840 2566 3104 2620 oratoriis
3127 2567 3374 2621 Dominae
3397 2573 3578 2621 nostra:
3588 2581 3692 2619 san-

2155 2662 2258 2711 cta;
2305 2655 2406 2710 Dei
2443 2655 2756 2725 genitricis,
2796 2660 2855 2709 et
2889 2655 3068 2710 sancti
3114 2656 3362 2719 Joannis,
3402 2672 3514 2726 quae
3539 2656 3637 2726 ipse
3666 2670 3692 2707 a

2150 2745 2541 2800 fundamentis
2571 2743 2958 2811 aediﬁcaverat,
2981 2744 3172 2799 dicens
3197 2745 3577 2799 amantissimis
3600 2744 3692 2798 Deo

2149 2833 2438 2889 monachis
2467 2834 2575 2888 ita:
2605 2835 2720 2904 Ego
2745 2839 2872 2906 post
2882 2834 3062 2888 Deum
3076 2833 3378 2889 utilitatem
3395 2834 3691 2905 corporalem

2151 2931 2392 2978 vestram
2423 2922 2757 2994 procurabo,
2784 2939 2880 2976 vos
2910 2927 3099 2978 autem
3141 2923 3442 2995 spiritualis
3469 2922 3690 2976 habetote

2153 3030 2290 3068 meae
2319 3029 2513 3068 curam
2541 3012 2758 3067 salutis.
2789 3013 3124 3082 Vespertina
3161 3017 3221 3066 et
3249 3017 3508 3067 nocturna
3539 3009 3692 3080 vigilia

475 3117 609 3156 nam
655 3102 838 3157 omnis
879 3103 1148 3158 fortitudo
1197 3104 1487 3160 hominum
1535 3107 1617 3160 eis
1652 3107 1912 3162 resistere
1957 3102 2291 3169 nonCmihi
2311 3102 2461 3174 apud
2480 3102 2662 3156 Deum
2683 3103 3013 3172 imputetur:
3029 3100 3502 3173 quidquidveroin
3519 3098 3692 3153 cellulis

473 3191 641 3247 valet.
709 3193 815 3260 Tu,
886 3193 1144 3260 Domine,
1201 3194 1274 3247 da
1319 3193 1480 3248 nobis
1545 3196 1806 3250 ductores
1848 3203 2070 3252 sanctos

474 3277 728 3348 angelos,
777 3278 874 3349 qui
922 3279 1244 3334 custodiant
1271 3283 1328 3333 et
1356 3280 1676 3351 gubernent
1694 3297 1840 3347 nos;
1892 3283 2071 3337 multa

477 3366 748 3437 enimZest
792 3371 990 3422 contra
1022 3384 1125 3422 nos
1167 3385 1364 3423 eorum
1411 3369 1651 3436 insania,
1701 3371 1914 3425 multus
1951 3377 2070 3426 tre-

475 3472 619 3524 mor,
647 3456 860 3510 multus
880 3456 1068 3524 timor,
1093 3458 1333 3512 multum
1351 3459 1664 3529 periculum
1694 3459 1875 3530 pelagi
1924 3461 2070 3515 aeris

476 3545 666 3616 hujus.
683 3545 742 3600 Si
762 3546 912 3600 enim
934 3546 1004 3598 de
1025 3545 1247 3599 civitate
1274 3547 1333 3601 in
1355 3547 1639 3602 civitatem
1667 3565 1836 3618 super
1860 3555 2072 3604 terram

478 3633 833 3688 ambulantes
843 3634 1227 3704 ,deprecamur
1243 3651 1337 3688 eos
1351 3635 1447 3706 qui
1459 3635 1617 3690 nobis
1637 3636 1898 3691 ductores
1917 3644 2068 3705 sunt,

479 3737 550 3777 ne
579 3722 638 3776 in
668 3722 975 3792 praecipitia
995 3721 1283 3789 cadamus,
1307 3729 1408 3777 aut
1432 3725 1491 3777 in
1521 3725 1830 3794 agrestium
1861 3725 2071 3780 bestia-

481 3826 608 3863 rum
638 3809 778 3875 loca,
802 3810 968 3864 autin
998 3811 1236 3866 ﬂumina
1261 3812 1609 3880 inﬁnita,aut
1630 3813 1687 3866 in
1717 3813 2070 3870 inaccessibi-

481 3899 562 3950 les
595 3902 651 3950 et
679 3896 858 3951 invios
883 3904 1121 3962 montes,
1153 3905 1255 3952 aut
1275 3887 1628 3956 inlatronum
1651 3917 1871 3968 manus,
1895 3910 1995 3959 aut
2014 3905 2073 3959 in

483 4001 739 4040 eremum
761 3987 1381 4058 incomprehensibilem
1404 3997 1530 4054 πθ
1545 3999 1578 4056 Ι
1609 3992 2072 4064 autinaquosam,

482 4080 540 4130 et
565 4091 881 4146 pereamus.
905 4076 1054 4140 Quot
1075 4077 1401 4133 ductoribus
1415 4079 1650 4134 fortibus
1666 4086 1723 4134 et
1753 4082 1954 4136 divinis
1974 4100 2072 4137 cu-

479 4163 733 4220 stodibus
763 4181 902 4236 opus
929 4165 1219 4233 habemus,
1253 4172 1548 4238 pergentes
1579 4169 1747 4240 longa
1767 4171 1856 4224 via
1877 4171 1985 4226 hac
2018 4178 2078 4226 et

480 4259 712 4320 aeterna,
744 4253 1016 4320 videlicet,
1049 4272 1172 4327 quae
1192 4273 1258 4310 ex
1273 4274 1504 4328 corpore
1521 4263 1608 4312 est
1626 4259 1892 4328 egressio,
1928 4265 1986 4314 et
2003 4261 2073 4314 ad

2155 3192 2350 3246 vestris
2379 3190 2546 3244 ofﬁcii
2569 3190 2832 3255 feceritis,
2851 3206 2952 3261 pro
2975 3189 3180 3245 vestris
3197 3191 3271 3244 sit
3290 3188 3580 3244 animabus.
3598 3187 3692 3241 Hoc

2152 3287 2342 3335 autem
2361 3280 2508 3345 fecit,
2539 3280 2730 3333 volens
2758 3277 3110 3334 sollicitiores
3139 3279 3358 3333 efﬁcere
3389 3278 3484 3334 Dei
3509 3277 3684 3330 amicos

2152 3369 2474 3424 monachos.
2499 3369 2657 3424 Unde
2678 3374 2736 3422 et
2746 3368 3056 3438 permansit
3073 3369 3192 3422 Deo
3210 3368 3337 3422 talis
3345 3373 3501 3438 grata
3525 3364 3693 3420 consti-

2152 3460 2297 3514 tutio
2313 3458 2593 3523 ordinum;
2616 3463 2674 3511 et
2694 3458 2766 3511 ad
2786 3457 3216 3511 similitudinem
3227 3455 3535 3511 monasterii
3552 3471 3609 3508 ex
3624 3453 3691 3506 his

2154 3549 2346 3603 civitas
2367 3563 2509 3618 pene
2540 3547 2692 3613 vivit,
2723 3546 2783 3600 in
2829 3545 3064 3601 diversis
3086 3546 3227 3601 locis
3269 3545 3544 3618 pervigiles
3565 3543 3693 3614 hym-

2154 3637 2352 3692 nodias
2380 3637 2496 3691 Deo
2527 3635 2794 3690 referens.

2227 3727 2357 3780 Car.
2389 3725 2551 3780 XLV.
2578 3755 2644 3766 -—
2674 3725 2744 3779 Et
2769 3725 2874 3780 hoc
2903 3724 3102 3780 beatus
3131 3725 3242 3779 iste
3271 3725 3352 3779 ita
3377 3739 3554 3778 omnes
3570 3721 3696 3774 doce-

2154 3815 2269 3881 bat,
2300 3821 2358 3870 et
2383 3813 2804 3868 contestabatur
2831 3813 3052 3868 dicens:
3082 3814 3416 3868 Nullatenus
3442 3807 3696 3882 aliquando

2156 3904 2545 3958 haereticorum
2555 3903 2985 3970 communionis,
3009 3903 3124 3956 imo
3138 3900 3585 3974 coinquinationis
3597 3913 3696 3969 par-

2155 3993 2670 4064 ticipemini,etiam
2697 3993 2744 4046 si
2768 3991 2923 4046 omni
2952 3991 3064 4046 vita
3097 3998 3285 4046 vestra
3313 4009 3376 4045 ex
3413 3990 3585 4061 aliqua
3619 3987 3700 4040 im-

2155 4082 2411 4154 pulsione
2462 4082 2545 4136 vel
2571 4081 2904 4135 necessitate
2955 4081 3406 4134 communionem
3453 4075 3702 4132 catholica)

2156 4170 2411 4226 Ecclesiae
2451 4187 2564 4224 non
2620 4169 2986 4236 invenientes,
3037 4169 3160 4224 sine
3189 4169 3566 4224 communione
3601 4179 3699 4236 per-

2156 4260 2494 4315 manseritis.
2529 4259 2586 4313 Si
2619 4259 2788 4313 enim.
2821 4259 2920 4324 ait,
2945 4275 3180 4314 uxorem
3235 4257 3566 4330 corporalem
3588 4251 3698 4321 legi-

481 4343 684 4398 caalum
710 4344 996 4399 ascensio?
1025 4345 1124 4399 Hae
1153 4351 1285 4400 sunt
1320 4347 1598 4418 sapientia
1628 4348 1805 4418 plenae
1826 4347 1976 4402 beati
2003 4349 2072 4403 ad
2095 4346 2666 4420 Dtimepossidentes,
2683 4348 2742 4402 in
2754 4348 2985 4417 regione
2996 4347 3200 4419 aliqua
3213 4347 3509 4418 longinqua
3524 4342 3694 4410 absque

481 4449 543 4487 se
563 4437 620 4487 et
642 4432 714 4488 ad
745 4449 944 4488 omnes
971 4433 1238 4489 doctrinae
1261 4453 1274 4500 ;
1310 4434 1396 4488 ha:
1428 4442 1563 4490 sunt
1585 4437 1708 4507 ejus
1737 4438 2077 4508 quotidianae

482 4539 631 4578 curae
651 4527 822 4594 atque
842 4523 1256 4578 meditationes.

551 4612 684 4668 ΟΑΡ.
716 4612 858 4668 XLI.
893 4641 956 4654 -
986 4612 1221 4667 Multam
1237 4618 1427 4667 autem
1447 4618 1505 4668 et
1533 4615 1603 4668 de
1625 4621 1822 4671 sancta
1835 4617 2078 4671 statione

479 4716 679 4755 curam
689 4700 952 4769 habebat,
973 4707 1032 4756 et
1049 4701 1484 4756 sollicitudinem
1498 4703 1935 4759 demonstrabat.
1951 4707 2076 4760 Una

479 4788 633 4843 enim
661 4789 882 4844 dierum
908 4790 1098 4844 volens
1117 4791 1324 4845 multos
1345 4798 1686 4857 resecare,ut
1705 4809 1818 4848 non
1843 4795 2070 4863 egrede-

477 4880 678 4930 rentur
706 4884 832 4948 post
859 4879 1196 4934 solutionem
1221 4880 1399 4934 sancti
1417 4881 1701 4951 Evangelii
1729 4882 1800 4935 de
1817 4883 2070 4950 ecclesia,

481 4967 540 5017 et
575 4965 769 5020 otiosis
809 4967 1162 5023 sermonibus
1205 4986 1307 5043 pro
1335 4969 1590 5024 oratione
1617 4977 1898 5038 vacarent,
1943 4972 2076 5042 quid

478 5051 613 5106 fecit
629 5054 654 5106 ?
683 5055 933 5126 Reliquit
969 5073 1114 5123 mox,
1138 5064 1436 5130 postquam
1463 5059 1672 5114 lectum
1697 5065 1784 5114 est
1817 5067 2074 5116 sanctum

479 5142 864 5212 Evangelium,
899 5145 1218 5214 ecclesiam;
1252 5154 1310 5202 et
1335 5149 1455 5219 ipse
1499 5149 1652 5213 exiit,
1687 5156 1744 5203 et
1771 5151 1918 5204 sedit
1945 5167 2076 5204 cum

477 5230 664 5285 turba.
699 5232 972 5288 Omnibus
985 5250 1115 5288 vero
1135 5235 1578 5308 obstupentibus,
1598 5237 1741 5292 dixit
1767 5239 1837 5292 ad
1851 5256 1945 5293 eos
1957 5241 2077 5310 jus-

475 5323 603 5374 tus:
637 5319 840 5386 Filioli,
887 5319 983 5374 ubi
1016 5337 1161 5388 oves,
1212 5323 1327 5377 illic
1358 5330 1414 5378 et
1457 5330 1670 5396 pastor.
1712 5328 1828 5380 Aut
1866 5327 2075 5382 intrate

473 5407 642 5475 intro,
679 5413 736 5463 et
763 5409 1174 5480 ingrediemur;
1207 5417 1307 5465 aut
1333 5419 1558 5468 manete
1595 5414 1706 5480 hic,
1741 5420 1800 5468 et
1829 5415 1920 5470 hic
1958 5433 2074 5470 ma-

474 5497 638 5552 nebo.
672 5499 789 5570 Ego
824 5504 1057 5570 propter
1084 5515 1180 5553 vos
1209 5500 1484 5555 descendo
1529 5502 1590 5557 in
1617 5509 1871 5558 sanctam
1903 5506 2074 5560 eccle-

473 5588 635 5655 siam,
663 5605 798 5644 nam
827 5593 1083 5661 poteram
1125 5588 1308 5643 facere
1339 5589 1602 5646 mihimet
1628 5593 1829 5647 missas
1857 5593 1918 5648 in
1949 5595 2070 5666 epi-

2157 4437 2266 4492 ista
2285 4443 2536 4509 tempore
2551 4437 2728 4490 multo
2740 4442 3044 4500 morantes,
3073 4435 3390 4507 relinquere
3410 4437 3543 4488 hanc
3557 4435 3606 4484 et
3621 4426 3696 4481 alii

2157 4527 2425 4598 copulari,
2457 4544 2492 4580 a
2519 4527 2635 4580 Deo
2663 4531 2722 4580 et
2747 4525 2964 4596 legibus
2987 4525 3368 4596 prohibemur,
3401 4524 3445 4577 si
3471 4537 3585 4576 vero
3613 4519 3695 4572 hoc

2158 4617 2458 4688 egerimus,
2500 4615 2768 4686 punimur
2801 4633 2812 4681 ;
2847 4614 3127 4685 quomodo
3166 4621 3352 4686 putas,
3382 4613 3490 4668 Deo
3516 4626 3602 4681 per
3621 4623 3692 4660 re-

2155 4711 2301 4759 ctam
2339 4705 2506 4758 ﬁdem
2537 4709 2594 4758 et
2647 4703 2981 4757 catholicam
3021 4701 3323 4757 Ecclesiam
3350 4696 3624 4770 conjuncti.
3651 4697 3700 4747 ut

2157 4794 2238 4848 ait
2263 4793 2596 4864 Apostolus:
2629 4791 2832 4863 Aptavi
2855 4808 2952 4846 vos
2976 4791 3074 4845 uni
3102 4791 3222 4846 viro
3251 4791 3514 4862 virginem
3528 4791 3699 4841 castam

2157 4882 2416 4937 exhibere
2446 4882 2668 4940 Christo
2699 4881 2770 4948 (II
2786 4881 2908 4936 Cor.
2941 4883 3038 4951 χι),
3073 4881 3121 4934 si
3151 4879 3509 4934 orthodoxam
3533 4880 3698 4930 etsan-

2157 4977 2306 5026 ctam
2331 4971 2498 5026 fidem
2521 4969 2970 5024 adulteraveritis
2991 4987 3093 5042 per
3110 4968 3545 5024 communionem
3563 4964 3701 5018 haere—

2158 5060 2418 5125 ticorum,
2451 5075 2563 5114 non
2592 5059 2650 5112 in
2669 5059 2860 5112 futuro
2874 5058 3074 5113 saeculo
3089 5058 3377 5123 tormenti,
3395 5054 3532 5127 quod
3548 5061 3702 5119 exspe-

2157 5155 2275 5204 ctat
2302 5148 2612 5214 haereticos,
2639 5148 2852 5202 erimus
2871 5147 3003 5202 facti
3040 5147 3343 5220 participes
3372 5136 3699 5200 ?Communio

2159 5239 2330 5304 enim,
2353 5238 2452 5302 ait,
2487 5237 2612 5292 ideo
2640 5237 2866 5303 dicitur,
2899 5253 2966 5290 eo
2989 5237 3138 5308 quod
3176 5249 3519 5290 communem
3547 5227 3696 5284 iaciat.

2159 5334 2217 5382 et
2243 5329 2432 5382 ﬁrmet
2471 5331 2978 5381 commumcantem
3011 5325 3214 5398 quibus
3234 5319 3605 5379 communicat.
3635 5313 3700 5369 Ne

2155 5417 2350 5487 igitur,
2387 5433 2594 5488 quaeso,
2630 5415 2731 5483 ait,
2777 5431 2810 5470 ο
2839 5415 2958 5481 filii,
2990 5413 3313 5486 hujusmodi
3364 5407 3604 5467 oratoriis
3625 5418 3701 5473 ap-

2154 5505 2394 5578 plicetis.

2225 5595 2356 5649 Car.
2390 5595 2580 5650 XLVI.
2614 5622 2686 5638 υ-
2714 5597 2858 5650 Cum
2897 5594 3156 5650 omnibus
3192 5592 3353 5648 bonis
3381 5589 3493 5646 suis
3536 5589 3588 5638 et
3618 5582 3701 5634 hoc
3768 5627 3774 5634 .
