3942 6200
299 295 398 353 377

1201 306 1372 362 VITA
1409 307 1550 363 SAN
1553 308 1667 366 ΟΤΙ
1713 308 2019 366 JOANNIS
2059 307 2662 365 ELEEMOSYNARII.

3462 307 3566 365 378

297 424 496 481 beatus
546 426 636 481 hic
671 428 1012 499 possidebat,
1045 431 1193 502 quod
1237 435 1323 497 (ut
1376 434 1588 489 dictum
1634 438 1736 507 est)
1779 454 1890 492 non
1909 441 1956 498 A
1976 442 2110 490 sunt
2135 454 2279 503 eam,
2308 436 2768 490 abrenuntiantes
2788 434 3019 499 mundo,
3043 449 3169 488 cum
3191 450 3256 487 ea
3269 440 3567 504 pergentes

295 514 696 571 condemnaret
722 519 1060 588 proximum,
1084 537 1187 575 nec
1217 523 1656 579 condemnantes
1682 526 1893 597 recipe-

294 609 397 657 ret.
420 604 618 659 Dicam
643 622 774 660 vero
810 613 867 661 et
900 609 1020 679 ejus
1048 609 1361 666 doctrinam
1399 612 1469 667 de
1497 614 1603 668 hoc
1632 614 1891 669 omnibus

293 694 650 764 proﬁcuam:
706 697 935 751 Juvenis
993 698 1222 769 quidam
1267 701 1492 771 rapiens
1533 704 1885 770 monacham,

292 781 437 853 fugit
480 783 1044 856 Constantinopolim.
1092 787 1212 841 Hoc
1248 788 1438 843 dicens
1476 791 1685 860 justus,
1715 792 1892 847 tristis

291 869 472 924 factus
501 876 589 924 est
615 888 792 943 usque
822 874 892 929 ad
926 881 1186 930 mortem.
1226 877 1502 949 Tempore
1539 897 1669 935 vero
1702 882 1891 953 aliquo

290 965 598 1024 transacto,
633 962 969 1017 consedente
1000 980 1065 1018 eo
1096 981 1211 1019 una
1239 966 1457 1021 dierum
1486 968 1546 1022 in
1577 970 1890 1025 honorabili

290 1046 659 1103 cimiliarchio
689 1067 818 1105 cum
859 1051 1194 1122 quibusdam
1221 1055 1457 1121 clericis,
1490 1062 1547 1110 et
1572 1075 1889 1114 sermonem

290 1136 495 1191 animae
531 1138 731 1193 utilem
759 1146 1034 1208 movente,
1067 1143 1220 1197 venit
1246 1143 1305 1198 in
1322 1145 1572 1200 medium
1593 1153 1650 1201 et
1674 1165 1888 1204 memo-

288 1224 374 1278 ria
402 1227 627 1295 juvenis
655 1228 752 1298 qui
781 1230 1042 1285 ancillam
1072 1231 1173 1285 Dei
1200 1240 1484 1304 rapuerat,
1518 1240 1575 1289 et
1602 1244 1891 1308 cmperunt

289 1314 390 1384 qui
419 1320 615 1369 sancto
634 1317 997 1373 considebant
1022 1321 1502 1378 anathematizare
1531 1325 1701 1379 talem
1725 1327 1889 1396 juve-

286 1418 441 1467 nem,
476 1409 749 1475 tanquam
780 1406 875 1478 qui
911 1408 1051 1463 duas
1087 1410 1305 1466 animas
1344 1412 1683 1482 perdiderat,
1727 1432 1890 1469 suam

286 1492 555 1546 videlicet
575 1499 632 1547 et
648 1496 1113 1551 sanctimonialis.
1139 1500 1492 1571 Compescuit
1513 1519 1645 1572 ergo
1667 1509 1723 1558 et
1743 1521 1891 1559 rese-

286 1580 437 1634 cavit
466 1598 564 1636 eos
591 1582 805 1650 beatus,
839 1585 1029 1641 dicens
1063 1606 1073 1639 :
1108 1588 1191 1642 Ne
1229 1589 1325 1655 sic,
1359 1591 1476 1656 lilii,
1516 1608 1585 1646 ne
1614 1593 1722 1660 sic;
1757 1602 1889 1648 nam

287 1672 590 1726 ostendam
649 1672 801 1727 vobis
850 1676 984 1746 quia
1020 1681 1077 1730 et
1121 1695 1217 1732 vos
1263 1679 1375 1733 duo
1403 1687 1631 1751 peccata
1676 1681 1885 1738 facitis:

1972 525 2030 579 in
2057 525 2462 579 monasterium
2491 526 2631 595 ejus.
2673 525 2876 579 Servus
2903 523 3053 576 enim
3093 523 3194 576 Dei
3236 523 3562 590 monachus,

1973 615 2069 686 qui
2097 615 2419 669 tetenderat
2457 630 2600 685 eam,
2633 617 2929 684 postquam
2972 611 3243 665 satisfecit
3284 612 3562 680 omnibus,

1974 704 2208 759 tradidit
2235 704 2351 757 Deo
2371 703 2631 774 spiritum
2660 702 2718 755 in
2738 717 2892 772 pace.
2918 702 3067 767 Ideo,
3095 700 3298 771 inquit,
3322 702 3444 756 dico
3477 718 3568 756 vo-

1975 792 2079 860 bis,
2126 793 2244 859 filii,
2276 809 2347 846 ne
2386 792 2696 863 praecipites
2741 791 2813 844 ad
2851 790 3277 844 condemnanda
3313 796 3370 844 et
3410 791 3566 860 judi-

1973 881 2153 937 canda
2178 882 2299 935 sitis
2312 882 2514 936 aliena.
2547 880 2831 936 Multoties
2856 880 3004 933 enim
3025 885 3312 950 peccatum
3334 878 3567 933 fornica-

1972 971 2142 1026 tionis
2171 972 2430 1039 vidimus,
2464 969 2859 1042 paenitentiam
2885 985 3016 1022 vero
3046 970 3184 1038 ejus,
3228 984 3398 1039 quam
3434 968 3565 1023 fecit

1972 1062 2201 1121 occulte,
2236 1077 2347 1115 non
2376 1059 2712 1131 aspeximus.
2745 1059 2815 1113 Et
2843 1063 2928 1111 est
2955 1057 3088 1127 quia
3114 1058 3329 1122 furtum
3355 1056 3560 1112 facien-

1970 1155 2087 1204 tem
2117 1149 2418 1220 quemdam
2446 1149 2707 1214 vidimus,
2756 1146 2999 1219 suspiria
3029 1162 3159 1200 vero
3203 1152 3260 1200 et
3288 1146 3565 1217 lacrymas

1971 1254 2112 1308 quas
2144 1238 2406 1309 produxit
2430 1239 2545 1291 Deo
2571 1237 2873 1291 nescimus.
2916 1236 2985 1289 Et
3008 1251 3110 1289 nos
3139 1234 3365 1304 quidem
3392 1234 3562 1288 habe-

1971 1343 2098 1382 mus
2125 1344 2253 1380 eum
2285 1326 2508 1397 qualem
2544 1325 2783 1379 vidimus
2814 1324 2988 1388 illum,
3020 1327 3222 1387 iurem,
3254 1310 3356 1375 aut
3398 1322 3566 1376 forni-

1972 1421 2243 1483 catorem,
2264 1420 2364 1470 aut
2381 1417 2673 1486 perjurum
2694 1433 2706 1481 ;
2734 1414 2881 1484 apud
2899 1413 3078 1467 Deum
3100 1428 3229 1466 vero
3247 1416 3472 1481 recepta
3482 1417 3569 1464 est

1972 1507 2189 1560 occulta
2217 1507 2340 1575 ejus
2365 1505 2636 1559 confessio
2667 1510 2724 1557 et
2751 1503 3098 1573 poenitentia,
3134 1507 3191 1556 et
3220 1507 3308 1556 est
3343 1501 3414 1554 ab
3444 1501 3565 1571 ipso

1971 1594 2268 1663 pretiosus.
2284 1594 2492 1648 Omnes
2504 1592 2677 1663 igitur
2686 1591 3116 1645 admirabantur
3124 1606 3294 1661 super
3313 1589 3569 1645 doctrina

1971 1682 2235 1736 industrii
2263 1681 2503 1753 pastoris
2531 1683 2699 1752 hujus
2724 1687 2893 1751 atque
2914 1679 3190 1750 magistri.

287 1772 492 1822 unum,
535 1758 670 1828 quia
715 1761 1173 1831 transgredimini
1213 1764 1541 1819 mandatum
1590 1767 1828 1823 dicentis
1869 1762 1949 1823 :B
2039 1770 2168 1824 CAP.
2198 1771 2424 1827 XLVII.
2464 1802 2525 1812 --
2567 1769 2795 1824 Duobus
2822 1769 3035 1823 clericis
3071 1769 3448 1823 calceamenta
3480 1767 3564 1821 fa-

287 1845 769 1917 Nolitejudicare,
797 1855 859 1903 ut
871 1865 984 1903 non
1000 1850 1332 1920 judicemini
1357 1854 1574 1922 (Matth.
1604 1862 1716 1926 v11);
1740 1857 1893 1912 dein-

287 1934 382 1997 de,
417 1935 555 2005 quia
580 1937 807 2001 nescitis
837 1938 1043 1993 certius
1080 1940 1129 1993 si
1159 1957 1337 2012 usque
1364 1941 1530 1997 hodie
1557 1952 1804 2015 peccent,
1837 1952 1894 2001 et

284 2040 405 2078 non
438 2025 764 2095 paniteant.

364 2113 505 2183 Legi
554 2114 706 2168 enim
739 2114 912 2169 vitam
947 2117 1131 2171 Patris
1160 2118 1371 2189 aliquid
1401 2122 1512 2175 tale
1541 2122 1838 2178 habentem
1875 2143 1886 2177 :

288 2203 428 2274 quia
455 2202 517 2257 in
544 2203 768 2257 civitate
814 2205 1057 2275 quadam
1094 2206 1205 2263 duo
1250 2210 1507 2264 monachi
1545 2211 1806 2267 abierunt
1832 2213 1891 2268 in

286 2293 695 2348 ministerium.
720 2293 785 2347 Et
811 2310 938 2348 cum
966 2296 1237 2351 transiret
1257 2315 1400 2353 unus
1422 2316 1521 2370 per
1548 2301 1752 2369 locum,
1785 2303 1893 2357 cla-

274 2383 492 2461 lmabat
509 2383 561 2436 ei
579 2398 696 2436 una
718 2382 1037 2451 fornicaria,
1057 2385 1251 2443 dicens
1272 2405 1283 2439 :
1309 2388 1472 2442 Salva
1491 2407 1598 2457 me,
1624 2391 1811 2459 Pater,
1828 2398 1892 2446 ut

288 2473 554 2528 Christus
583 2471 955 2527 meretricem.
990 2474 1089 2527 Ille
1118 2492 1249 2529 vero
1281 2477 1573 2533 hominum
1612 2480 1893 2535 confusio-

288 2579 426 2617 nem
456 2567 647 2628 τθπ
675 2562 904 2615 omnino
941 2578 1053 2617 non
1091 2580 1311 2631 curans,
1348 2567 1491 2621 dixit
1517 2569 1568 2622 ei
1604 2587 1614 2622 :
1649 2571 1894 2640 Sequere

289 2669 405 2705 me.
438 2652 511 2706 Et
538 2658 738 2707 tenens
766 2671 890 2709 eam
939 2674 1038 2728 per
1079 2672 1311 2712 manum
1339 2660 1480 2728 ejus,
1516 2659 1648 2714 exiit
1674 2659 1893 2730 publice

288 2740 366 2794 de
404 2741 649 2801 civitate.
680 2746 939 2801 omnibus
983 2747 1400 2818 aspicientibus.
1434 2749 1605 2803 Facta
1644 2753 1731 2803 est
1761 2766 1893 2820 ergo

290 2829 451 2884 fama
484 2832 616 2902 quia
660 2833 831 2888 abbas
868 2837 1079 2907 accepit
1122 2837 1421 2892 mulierem
1458 2838 1726 2892 domnam
1754 2840 1893 2893 Por-

288 2920 559 2991 phyriam
594 2923 697 2990 (ita
737 2924 885 2979 enim
927 2925 1228 2981 vocabatur
1251 2927 1497 2995 mulier).
1528 2928 1897 2997 Pergentibus

291 3026 435 3079 ergo
459 3011 558 3077 eis,
586 3018 652 3067 ut
683 3012 935 3069 mitteret
960 3031 1086 3069 eam
1114 3016 1173 3070 in
1224 3017 1649 3083 monasterium,
1685 3019 1896 3073 invenit

1972 1859 2265 1926 cientibus,
2312 1865 2371 1913 et
2398 1861 2562 1929 juxta
2598 1875 2658 1911 se
2695 1858 3097 1923 laborantibus,
3144 1874 3290 1911 unus
3340 1856 3568 1927 quidem

1973 1947 2216 2002 habebat
2236 1948 2380 2003 filios
2411 1949 2635 2012 multos,
2662 1953 2717 2001 et
2731 1963 2980 2013 uxorem,
3008 1952 3065 2000 et
3089 1951 3327 2017 patrem,
3357 1951 3415 2000 et
3444 1960 3566 1997 ma-

1972 2041 2117 2091 trem
2150 2054 2162 2089 :
2191 2037 2424 2091 vacabat
2450 2053 2581 2091 vero
2611 2038 2855 2095 ecclesia:
2887 2036 3006 2090 sine
3033 2034 3472 2104 intermissione,
3508 2037 3567 2087 et

1973 2143 2168 2181 omnes
2193 2131 2320 2197 post
2360 2128 2542 2181 Deum
2579 2125 2765 2179 alebat
2808 2126 2877 2179 de
2923 2131 3044 2179 arte
3097 2141 3219 2179 sua.
3252 2124 3410 2178 Alter
3436 2138 3568 2176 vero

1974 2215 2227 2287 quamvis
2256 2214 2471 2269 doctior
2498 2215 2770 2280 essetillo,
2802 2231 2867 2268 eo
2897 2214 3046 2285 quod
3075 2230 3187 2268 non
3209 2216 3569 2284 permaneret

1974 2305 2033 2358 in
2071 2303 2320 2369 ecclesia,
2348 2304 2446 2358 sed
2494 2303 2664 2357 etiam
2703 2303 3007 2357 Dominicis
3035 2302 3232 2357 diebus
3260 2301 3564 2366 laboraret,

1974 2410 2076 2447 nec
2099 2393 2346 2463 seipsum
2376 2396 2598 2447 tantum
2628 2393 2844 2446 nutrire
2864 2391 3101 2445 valebat.
3124 2390 3414 2445 Invidebat
3433 2405 3567 2458 ergo

1973 2483 2080 2537 iste
2108 2482 2286 2536 vicino
2315 2498 2435 2536 suo.
2471 2482 2540 2535 Et
2558 2498 2671 2535 una
2686 2482 2801 2534 vice
2830 2498 2942 2534 non
2974 2481 3244 2535 suﬁ‘erens
3274 2478 3562 2543 invidiam,

1975 2571 2113 2626 dicit
2138 2571 2189 2626 ei
2218 2587 2346 2625 cum
2371 2570 2453 2624 ira
2488 2588 2499 2623 :
2532 2570 2691 2625 Unde
2735 2576 2798 2624 tu
2826 2569 2905 2623 sic
2930 2570 3084 2623 dives
3109 2569 3289 2622 factus
3320 2584 3379 2621 es
3402 2567 3427 2619 ’ἶ
3454 2567 3568 2636 Ego

1976 2677 2105 2714 vero
2125 2676 2326 2714 vacans
2348 2660 2473 2731 plus
2493 2659 2601 2713 arti
2627 2675 2765 2712 meae
2796 2674 2964 2729 quam
2984 2662 3066 2721 tu,
3096 2657 3153 2710 in
3179 2659 3568 2726 paupertatem

1976 2749 2192 2803 deveni.
2224 2749 2372 2804 Dicit
2398 2766 2527 2803 vero
2556 2749 2626 2815 ei,
2659 2748 2846 2801 volens
2873 2749 3054 2800 facere
3093 2762 3222 2799 eum
3251 2760 3449 2798 vacare
3478 2759 3572 2796 ec-

1976 2839 2156 2893 clesiae
2188 2858 2202 2894 :
2235 2838 2461 2894 Invenio
2489 2838 2733 2909 pretium
2761 2836 2821 2890 in
2849 2840 3021 2901 terra,
3054 2839 3111 2889 et
3138 2833 3268 2888 inde
3299 2831 3569 2904 paulatim

1979 2929 2132 2983 dives
2150 2928 2329 2981 factus
2348 2944 2503 2994 sum;
2525 2927 2620 2981 sed
2638 2926 2684 2979 si
2714 2926 2815 2992 vis,
2848 2941 3069 2995 semper
3097 2939 3230 2977 voco
3256 2927 3330 2988 te,
3364 2927 3423 2975 et
3444 2920 3570 2974 veni

1978 3033 2218 3081 mecum;
2239 3021 2297 3070 et
2307 3015 2577 3087 quidquid
2592 3013 2988 3079 invenerimus,
3002 3012 3241 3082 accipies
3250 3010 3568 3064 dimidium.

288 3099 507 3154 mulier
532 3100 592 3155 in
607 3117 722 3155 una
737 3104 968 3157 ecclesia
986 3121 1224 3176 puerum
1244 3106 1302 3159 in
1322 3111 1532 3161 terram
1560 3109 1894 3178 projectum,
1916 3118 1965 3181 Ο
1982 3107 2123 3161 Cum
2149 3122 2281 3175 ergo
2301 3105 2677 3175 acquiesceret
2699 3103 2812 3169 ille,
2848 3106 2906 3156 et
2929 3106 3261 3171 sequeretur
3286 3115 3417 3153 eum
3439 3114 3573 3152 eun-

288 3194 357 3243 et
383 3190 827 3247 sustuliteumut
840 3193 1083 3248 nutriret
1104 3194 1281 3249 illum.
1314 3197 1511 3267 Itaque
1529 3202 1656 3267 post
1683 3214 1894 3252 annum

291 3278 532 3348 quidam
558 3287 837 3336 venerunt
854 3282 912 3336 in
945 3284 1210 3354 patriam,
1228 3284 1324 3339 ubi
1345 3292 1468 3339 erat
1487 3285 1659 3340 abbas
1680 3292 1738 3341 et
1765 3288 1897 3341 Por-

290 3366 521 3439 phyria,
573 3385 696 3440 quae
740 3370 925 3425 fuerat
973 3373 1042 3426 de
1088 3374 1510 3442 meretricibus;
1561 3381 1618 3430 et
1646 3376 1897 3430 videntes

290 3473 427 3512 eam
449 3457 654 3513 habere
680 3461 996 3530 puerulum,
1032 3462 1224 3516 dicunt
1253 3462 1303 3517 ei
1328 3481 1338 3516 :
1374 3464 1661 3519 Veraciter
1686 3465 1893 3520 bonum

291 3546 488 3601 abbati
505 3548 720 3619 pullum
737 3550 1002 3619 genuisti.
1020 3552 1285 3606 Nondum
1303 3553 1453 3607 enim
1472 3559 1727 3608 sanctum
1745 3555 1898 3609 sche-

292 3652 397 3690 ma
419 3644 727 3707 acceperat.
762 3638 970 3692 Euntes
993 3655 1125 3709 ergo
1143 3640 1355 3710 Tyrum
1376 3641 1471 3711 qui
1493 3642 1749 3696 viderant
1771 3660 1897 3696 eam

294 3725 459 3792 (inde
506 3727 658 3781 enim
701 3726 872 3781 abbas
920 3728 1131 3782 tulerat
1183 3728 1383 3799 illam),
1444 3730 1891 3796 diti‘amavenunt,

296 3815 439 3885 quia
464 3816 662 3885 genuit
691 3815 761 3870 de
800 3815 1002 3871 abbate
1057 3817 1388 3889 Porphyria,
1433 3823 1491 3872 et
1517 3835 1618 3874 nos
1659 3820 1898 3875 vidimus

296 3905 602 3974 puerulum
626 3905 800 3959 oculis
820 3905 1027 3960 nostris
1047 3907 1391 3961 similantem
1414 3907 1486 3961 ei.
1511 3908 1746 3972 Quando
1766 3925 1899 3978 ergo

294 3994 560 4065 cognovit
589 4004 656 4047 ex
681 3995 797 4049 Deo
827 3995 998 4049 abbas
1027 3995 1243 4050 obitum
1271 4013 1473 4064 suum;
1521 3997 1657 4051 dicit
1700 4014 1900 4051 nonnae

298 4084 563 4153 Pelagiae,
597 4085 677 4137 sic
705 4083 855 4138 enim
881 4084 1120 4139 mutavit
1145 4101 1349 4139 nomen
1370 4087 1512 4155 ejus,
1534 4086 1758 4156 quando
1789 4091 1901 4140 tra-

297 4173 451 4227 didit
485 4174 536 4227 ei
572 4184 829 4228 sanctum
863 4174 1125 4228 schema:
1154 4174 1362 4230 Eamus
1380 4175 1609 4246 Tyrum,
1645 4176 1779 4246 quia
1807 4176 1902 4229 ha-

305 4263 413 4316 beo
458 4262 568 4316 illic
597 4279 947 4334 responsum,
980 4269 1037 4317 et
1063 4263 1185 4317 volo
1214 4269 1279 4318 ut
1304 4264 1496 4318 venias
1524 4280 1766 4318 mecum.
1798 4265 1903 4319 Illa

299 4369 439 4407 vero
463 4368 575 4406 non
601 4353 790 4406 valens
814 4352 1195 4407 contradicere
1223 4353 1296 4419 ei,
1320 4359 1513 4408 secuta
1540 4358 1627 4407 est
1650 4370 1781 4407 eum
1808 4372 1819 4408 :
1845 4360 1902 4409 et

1976 3200 2091 3249 tem
2120 3196 2191 3248 ad
2229 3193 2536 3258 ecclesiam,
2570 3193 2691 3246 sine
2729 3190 3144 3245 intermissione
3191 3187 3477 3242 benedixit
3522 3186 3573 3239 ei

1979 3286 2146 3350 Deus,
2165 3288 2223 3337 et
2250 3283 2480 3336 divitem
2509 3281 2641 3335 fecit
2667 3297 2815 3334 eum.
2848 3281 3005 3334 Tunc
3022 3278 3163 3333 dixit
3190 3278 3242 3332 ei
3273 3277 3366 3331 ille
3391 3275 3572 3330 bonus

1977 3371 2362 3427 consiliarius:
2397 3370 2618 3436 Vidisti,
2654 3369 2845 3434 frater,
2877 3383 3053 3422 unum
3074 3365 3427 3421 mendacium
3450 3380 3574 3434 pro-

1979 3466 2103 3532 pter
2130 3462 2310 3515 Deum
2335 3457 2442 3529 (88)
2470 3464 2743 3530 quantum
2772 3457 2981 3529 profuit
3008 3456 3209 3511 animae
3230 3460 3341 3509 tuae
3366 3459 3424 3508 et
3446 3452 3573 3506 sub—

1979 3550 2199 3605 stantiae
2223 3549 2374 3603 tuae?
2412 3548 2608 3614 Crede,
2642 3547 2783 3601 nihil
2809 3545 3157 3603 inveniebam
3190 3542 3489 3613 aliquando
3517 3541 3575 3594 in

1978 3644 2149 3704 terra,
2183 3643 2249 3693 ut
2272 3637 2563 3692 aestimasti
2581 3637 2768 3707 gratia
2787 3636 2954 3707 pretii
2980 3654 2993 3702 ;
3022 3635 3119 3688 sed
3150 3632 3415 3704 quoniam
3437 3629 3578 3683 dixit

1978 3728 2252 3783 Dominus
2276 3746 2286 3780 :
2314 3726 2556 3792 Quaerite
2574 3726 2819 3797 primum
2844 3740 3082 3795 regnum
3100 3722 3204 3777 Dei
3226 3728 3283 3775 et
3296 3719 3577 3791 justitiam

1981 3819 2124 3888 ejus,
2159 3823 2216 3872 et
2258 3817 2375 3872 haec
2417 3815 2608 3870 omnia
2643 3814 2982 3885 adjicientur
3018 3812 3170 3867 vobis
3203 3811 3419 3878 (Matth.
3462 3812 3574 3877 v1);

1979 3906 2186 3961 idcirco
2233 3905 2581 3960 occasionem
2611 3904 2732 3970 feci,
2766 3908 2989 3958 tantum
3018 3907 3084 3956 ut
3124 3901 3451 3955 seducerem
3478 3894 3573 3966 ωξ

1982 4001 2040 4050 et
2067 4012 2192 4049 ecce
2234 4011 2346 4049 non
2376 3995 2497 4049 sine
2540 4011 2713 4048 causa
2763 3992 3028 4057 laboravi,
3060 3991 3160 4044 sed
3206 3989 3488 4053 invenisti,
3521 3993 3579 4042 et

1982 4083 2433 4155 superinvenisti.
2469 4084 2585 4137 Hoc
2612 4083 2786 4153 igitur
2814 4076 3030 4134 discens
3076 4084 3301 4134 sanctus
3337 4077 3577 4148 patriar-

1983 4174 2105 4238 cha,
2138 4172 2269 4227 fecit
2298 4173 2456 4227 illum
2487 4172 2696 4225 bonum
2736 4169 3119 4223 consiliarium
3165 4168 3577 4239 presbyterum,

1982 4267 2271 4332 tamquam
2292 4262 2556 4331 dignum;
2590 4264 2713 4313 erat
2740 4258 2891 4312 enim
2922 4259 3115 4311 lector.

2053 4352 2185 4405 CAP.
2210 4351 2454 4405 XLVIII.
2486 4380 2550 4389 —
2573 4349 2641 4402 Et
2664 4346 2892 4417 quidem
2922 4347 3191 4399 hactenus
3211 4349 3342 4397 ante
3371 4359 3580 4397 memo-

300 4448 583 4496 venerunt
612 4440 797 4508 ambo,
830 4439 1101 4496 habentes
1129 4447 1186 4495 et
1214 4443 1513 4512 puerulum
1550 4449 1766 4513 septem
1797 4436 2142 4497 an-Dratus
2193 4439 2294 4494 Dei
2337 4439 2520 4493 cultor
2563 4441 2807 4502 Mennas,
2842 4436 2939 4506 qui
2983 4434 3167 4488 fuerat
3202 4431 3580 4486 vicedominus

302 4547 513 4586 norum
542 4531 895 4586 existentem.
928 4532 1072 4585 Cum
1108 4548 1242 4600 ergo
1286 4536 1613 4602 aegrotasset
1643 4531 1815 4586 abbas
1844 4532 1903 4587 in

303 4620 639 4674 inﬁrmitate
660 4620 731 4674 ad
751 4625 1010 4685 mortem,
1034 4620 1409 4675 ascenderunt
1426 4620 1497 4674 ad
1519 4621 1903 4676 visitationem

303 4709 433 4777 ejus
460 4706 534 4779 de
558 4706 778 4761 civitate
805 4724 983 4779 usque
1010 4708 1080 4762 ad
1107 4714 1333 4762 centum
1363 4708 1600 4762 animas.
1626 4709 1697 4763 Et
1723 4709 1860 4763 dicit
1889 4727 1899 4762 :

302 4796 519 4850 Aﬂ'erte
538 4813 767 4868 prunas.
790 4798 987 4868 Itaque
1009 4814 1136 4851 cum
1160 4797 1402 4852 venisset
1419 4797 1769 4853 thuribulum
1790 4795 1901 4868 (87)

305 4881 539 4951 plenum
570 4882 785 4953 prunis,
828 4882 959 4936 tulit
985 4887 1043 4935 et
1071 4882 1359 4937 evacuavit
1395 4899 1490 4937 eas
1517 4883 1576 4937 in
1605 4883 1907 4937 vestimen-

306 4978 438 5024 tum
456 4987 642 5037 suum,
659 4976 717 5025 et
734 4971 876 5025 dixit
896 4990 907 5024 :
928 4971 1171 5037 Credite,
1198 4971 1418 5038 fratres,
1443 4973 1577 5042 quia
1597 4972 1743 5026 sicut
1758 4973 1907 5027 Deus

308 5060 518 5114 rubum
549 5060 847 5115 custodivit
881 5060 1296 5115 incombustum
1326 5060 1395 5114 ab
1433 5061 1582 5131 igne,
1625 5060 1769 5115 sicut
1806 5078 1909 5116 nec

309 5150 562 5204 tunicam
594 5151 738 5204 hanc
789 5167 975 5204 meam
1013 5150 1385 5205 incenderunt
1433 5167 1625 5221 prunas
1654 5150 1794 5217 istae,
1829 5152 1911 5205 ita

311 5256 419 5294 nec
467 5256 570 5309 ego
607 5240 807 5309 agnovi
835 5246 1125 5310 peccatum
1172 5239 1447 5305 mulieris,
1478 5255 1544 5293 ex
1592 5256 1701 5310 quo
1741 5245 1908 5295 natus

310 5344 466 5383 sum.
500 5328 569 5382 Et
595 5345 791 5383 omnes
815 5329 1003 5383 mirati
1030 5334 1186 5393 sunt,
1219 5329 1498 5399 quomodo
1532 5344 1646 5382 non
1676 5328 1911 5383 ardebat

296 5419 704 5472 vestimentum
736 5417 806 5471 ab
834 5418 965 5488 igne
993 5438 1005 5485 ;
1037 5423 1095 5472 et
1121 5418 1573 5489 glorificaverunt
1600 5418 1779 5472 Deum
1809 5419 1911 5472 ha-

302 5508 531 5562 bentem
557 5508 806 5563 occultos
836 5524 1042 5562 servos.
1074 5508 1157 5562 Ex
1181 5507 1468 5562 occasione
1489 5512 1679 5562 autem
1705 5524 1906 5562 nonnae

300 5597 548 5667 Pelagia:
577 5598 859 5670 quondam
880 5597 1210 5665 meretricis,
1232 5597 1356 5652 aliae
1367 5596 1680 5653 fornicariaa
1700 5603 1904 5652 secutae

1985 4528 2349 4583 sanctissimae
2377 4527 2623 4581 ecclesia:
2652 4524 3161 4579 Alexandrinorum
3200 4538 3419 4591 magnae
3445 4520 3579 4574 civi-

1985 4616 2140 4683 tatis,
2171 4616 2458 4671 enarravit
2484 4614 2663 4670 nobis.
2694 4612 2999 4684 Sequentia
3019 4617 3209 4666 autem
3237 4610 3425 4663 vilitas
3453 4625 3582 4663 mea

1985 4706 2261 4777 depinxit;
2298 4705 2554 4777 quaedam
2566 4721 2698 4759 vero
2728 4720 2761 4756 a
2791 4703 3145 4773 quibusdam,
3179 4698 3382 4769 quibus
3412 4697 3581 4767 digne

1986 4795 2325 4850 credendum
2342 4800 2444 4861 est,
2468 4793 2674 4848 audivi.
2698 4791 3021 4847 Dicentibus
3035 4806 3169 4859 ergo
3185 4788 3343 4842 nobis
3364 4788 3422 4841 in
3445 4804 3581 4858 prae-

1988 4885 2151 4939 dictis
2180 4885 2239 4939 in
2259 4884 2502 4955 quodam
2531 4881 2774 4953 capitulo
2801 4882 2977 4949 (Sup.,
3011 4897 3058 4933 c.
3087 4879 3201 4945 11),
3222 4878 3368 4948 quod
3403 4878 3583 4931 multa

1989 4974 2267 5046 spirituali
2295 4973 2591 5027 dilectione
2629 4970 2949 5042 patriarcha
2985 4974 3043 5023 et
3086 4969 3285 5023 Niceta
3313 4967 3582 5039 patricius

1990 5065 2060 5117 ad
2090 5063 2323 5117 invicem
2361 5060 2607 5131 colligati
2639 5065 2843 5125 essent,
2885 5058 3117 5129 dignum
3155 5057 3423 5112 indicium
3454 5056 3584 5112 talis

1991 5151 2344 5208 exhibitionis
2363 5166 2605 5222 praesens
2631 5149 2820 5204 existit
2843 5149 3171 5221 capitulum.

2063 5242 2316 5306 Quando,
2334 5240 2697 5312 permittente
2714 5241 2828 5293 Deo
2846 5237 3082 5310 (89),pro
3095 5237 3337 5309 peccatis
3355 5236 3579 5299 nostris,

1991 5331 2241 5385 futurum
2268 5335 2389 5383 erat
2409 5335 2471 5383 ut
2491 5329 2810 5382 traderetur
2823 5328 3158 5381 Alexandria
3178 5327 3298 5381 sine
3326 5327 3440 5381 Deo
3456 5325 3585 5378 Per-

1990 5420 2085 5485 sis,
2105 5418 2468 5472 reminiscens
2492 5423 2685 5488 pastor
2712 5417 2949 5471 dicentis
2972 5435 2982 5469 :
3008 5418 3148 5471 Cum
3179 5413 3458 5486 persecuti
3488 5429 3582 5464 vos

1988 5508 2198 5562 fuerint
2223 5508 2280 5562 in
2322 5507 2545 5562 civitate
2582 5507 2707 5573 ista,
2746 5506 2924 5575 fugite
2954 5506 3012 5560 in
3052 5506 3219 5560 aliam
3254 5503 3474 5575 (Matth.
3506 5506 3577 5567 x),

1984 5598 2177 5667 fugam
2234 5597 2476 5669 arripuit
2510 5597 2570 5652 in
2618 5596 2905 5668 propriam
2935 5595 3197 5667 patriam,
3232 5590 3485 5647 videlicet
3522 5588 3579 5640 in
