3942 6200
431 320 539 378 879

1455 318 1549 374 DE
1583 317 1773 375 VITIS
1811 318 2108 376 PATRUM
2143 319 2358 376 LIBER
2393 319 2683 379 PRIMUS.

3573 327 3660 385 380

435 451 703 522 Cyprum,
736 451 793 504 in
847 448 1127 502 civitatem
1179 462 1363 501 suam.
1412 445 1572 501 Unde
1619 445 1905 500 occasione
1937 444 2430 514 ac-Agloriﬁcabo
2461 448 2513 505 (I
2532 447 2654 513 Reg.
2693 446 2774 511 η).
2809 445 2954 499 Vere
2984 440 3135 500 énim
3169 447 3447 516 magniﬁce
3476 450 3658 518 εισι-ἰῇ-

435 544 616 610 cepta,
650 539 910 610 praefatus
941 537 1136 591 Niceta
1159 535 1426 607 patricius
1458 535 1604 588 dixit
1641 534 1712 588 ad
1738 539 2024 588 sanctum:

436 629 696 686 Obsecro.
731 628 778 680 si
815 625 1005 680 inveni
1041 625 1283 694 gratiam
1315 630 1445 678 ante
1494 631 1566 685 te,
1604 640 1673 677 ne
1712 623 2030 693 dedignaris

433 716 657 786 fatigari
686 731 862 785 usque
889 714 959 768 ad
1001 713 1254 784 reginam
1300 713 1602 777 civitatem,
1647 718 1704 766 et
1749 712 1890 766 bene
1935 727 2029 764 ac-

434 809 623 875 ceptas
653 821 844 874 preces
874 808 1002 857 tuas
1028 805 1237 857 donare
1277 803 1542 874 piissimis
1573 801 2024 873 imperatoribus.

435 889 534 942 Ille
561 904 692 942 vero
719 889 910 943 multa:
944 888 1072 944 ﬁdei
1107 893 1296 953 '03
1323 888 1427 940 viri
1475 887 1852 949 consentiens,
1897 887 2030 940 obe-

433 977 594 1030 diens
626 978 699 1031 ad
731 978 836 1033 hoc
876 978 1054 1032 factus
1092 982 1180 1030 est
1207 978 1322 1030 Deo
1351 983 1410 1030 et
1440 975 1712 1030 voluntati
1743 977 1883 1044 ejus,
1914 982 1970 1028 et
1999 993 2035 1029 ει

433 1081 492 1118 se
509 1065 706 1120 datum
725 1066 1000 1120 honorem
1021 1071 1295 1136 quantum
1308 1070 1430 1118 erat
1448 1065 1596 1120 circa
1609 1064 1833 1118 beatum
1854 1070 2035 1118 osten-

434 1153 568 1208 dere
598 1155 836 1209 volente.
869 1155 1126 1224 Fatigata
1155 1154 1326 1224 igitur
1353 1153 1480 1208 navi
1511 1153 1892 1223 multipliciter
1923 1171 1951 1206 a
1985 1154 2031 1206 vi

435 1248 749 1316 ventorum,
781 1244 838 1300 in
876 1260 989 1314 qua
1024 1249 1250 1297 sanctus
1279 1259 1406 1297 cum
1449 1242 1681 1314 patricio
1711 1246 1850 1304 erat,
1887 1247 1944 1295 et
1973 1242 2033 1296 in

435 1331 778 1402 profundum
809 1332 1102 1398 mittenda,
1141 1332 1293 1386 videt
1321 1347 1470 1402 saepe
1494 1337 1838 1388 memoratus
1858 1331 2033 1402 patri-

436 1421 576 1486 cius,
618 1426 676 1474 et
703 1421 1002 1492 optimates
1031 1421 1128 1491 qui
1156 1437 1282 1478 cum
1313 1437 1378 1475 eo
1408 1426 1587 1484 erant,
1620 1437 1734 1474 una
1763 1426 1942 1482 nocte,
1977 1420 2035 1474 in

439 1525 552 1579 qua
579 1514 883 1580 tempestas
909 1510 1056 1563 facta
1083 1515 1186 1574 est,
1212 1511 1590 1580 patriarcham
1623 1509 1787 1566 modo
1809 1509 2034 1580 quidem

436 1615 566 1653 cum
597 1599 938 1669 pauperibus
969 1616 1068 1668 per
1119 1599 1303 1652 navim
1345 1598 1552 1669 ubique
1592 1599 2034 1653 circumcurren—

435 1694 571 1752 tem,
604 1687 770 1741 modo
807 1693 998 1742 autem
1034 1687 1240 1742 iterum
1257 1704 1387 1744 cum
1419 1687 1499 1740 eis
1521 1704 1719 1742 manus
1745 1688 1806 1742 in
1835 1689 2036 1742 malum

2111 533 2257 586 cavit
2285 539 2542 588 sanctum
2572 535 2738 602 hunc,
2769 535 2864 605 qui
2890 535 2948 588 in
2977 536 3094 590 suis
3115 553 3332 607 semper
3347 535 3495 591 bonis
3518 541 3661 609 glori-

2112 624 2311 676 flcatus
2337 629 2422 677 est
2447 623 2738 678 Dominus.
2773 625 2898 678 Non
2925 625 3074 678 enim
3127 625 3304 678 ferens
3350 625 3534 680 nobilis
3568 630 3658 694 hic,

2111 712 2407 782 temporali
2426 712 2538 765 vita
2557 728 2660 766 sua
2669 713 3063 783 conquiescere
3083 718 3274 767 sancta
3289 719 3342 767 et
3353 713 3510 784 digna
3525 716 3667 772 laude

2113 799 2278 864 bona,
2313 801 2449 872 quid
2481 801 2598 871 egit
2617 802 2642 854 ?
2665 801 3042 867 Xenodochia,
3076 801 3495 871 gerontocomia,
3523 810 3667 876 atque

2115 890 2458 943 monasteria
2485 907 2519 944 a
2547 890 2928 944 fundamentis
2957 890 3255 956 zediﬁcans,
3280 896 3335 945 et
3353 892 3534 946 choros
3559 910 3670 949 san-

2115 983 2332 1031 ctorum
2389 980 2793 1033 monachorum
2833 983 3106 1044 statuens,
3137 979 3508 1034 incessabilem
3549 999 3670 1038 vers:

2111 1067 2346 1136 justitiee
2368 1069 2699 1122 memoriam
2721 1069 2989 1140 possidet,
3009 1085 3110 1139 per
3133 1085 3200 1122 ea
3218 1085 3338 1139 qum
3357 1069 3672 1125 celebrantur

2117 1155 2174 1209 in
2202 1156 2284 1210 eis
2301 1155 2448 1210 bona
2466 1173 2656 1228 opera.
2677 1157 2839 1222 Quod
2853 1158 3002 1211 enim
3022 1157 3092 1210 de
3120 1157 3206 1210 his
3227 1157 3320 1231 qui
3349 1158 3490 1212 mala
3503 1166 3670 1231 agunt,

2117 1249 2174 1299 et
2190 1261 2536 1300 successores
2557 1247 2914 1318 propriorum
2948 1247 3225 1302 malorum
3247 1252 3370 1317 post
3387 1253 3604 1302 mortem
3623 1249 3670 1302 in

2115 1333 2228 1386 vita
2253 1334 2355 1389 hac
2383 1334 2728 1406 relinquunt,
2763 1335 2842 1388 ait
2871 1335 3108 1388 Domino
3138 1335 3332 1406 plenus
3368 1336 3672 1406 Apostolus:

2117 1422 2394 1486 Quoniam
2427 1425 2802 1492 quorumdam
2835 1429 3061 1494 peccata
3085 1423 3378 1477 manifesta
3405 1429 3542 1489 sunt,
3561 1441 3674 1495 prae-

2117 1513 2371 1566 cedentia
2385 1513 2455 1567 ad
2473 1513 2753 1583 judicium
2777 1532 2789 1580 ;
2813 1513 3086 1586 quosdam
3098 1519 3287 1568 autem
3309 1519 3365 1567 et
3378 1513 3681 1586 subsequun-

2116 1593 2227 1655 tur.
2251 1603 2365 1656 Hoc
2377 1603 2635 1668 ocontra(
2640 1600 2736 1671 93)
2751 1603 2820 1656 de
2833 1602 2937 1656 hoc
2949 1601 3114 1656 beato
3130 1602 3421 1656 dicendum
3432 1608 3511 1656 est
3525 1622 3533 1654 :
3557 1603 3678 1667 Quo-

2118 1691 2273 1744 niam
2295 1692 2669 1762 quorumdam
2681 1692 2916 1762 justitiaa
2929 1691 3239 1745 manifestae
3251 1697 3378 1744 sunt
3392 1691 3668 1761 praeceden-

435 1775 848 1840 extendentem,
883 1783 938 1830 et
975 1776 1046 1829 ab
1074 1777 1188 1830 alto
1217 1777 1560 1846 adiutorium
1589 1763 2096 1831 abstrahentem.B
2123 1785 2212 1833 tes
2233 1781 2290 1834 in
2321 1797 2556 1850 regnum
2585 1780 2853 1834 caelorum
2882 1782 2934 1848 (Ι
2955 1781 3119 1845 Tim,
3143 1782 3214 1845 v),
3243 1779 3499 1849 quosdam
3517 1785 3678 1834 autem

435 1864 690 1934 Cumque
719 1864 778 1918 in
811 1865 1070 1919 Rhodum
1093 1863 1208 1932 (90)
1233 1865 1616 1936 pervenissent
1639 1865 2022 1932 ascendentes,

433 1952 586 2006 videt
613 1953 1034 2023 expergefactus
1057 1969 1091 2006 a
1107 1954 1223 2008 Deo
1244 1963 1473 2008 vocatus
1505 1954 1593 2007 hic
1613 1955 1913 2024 quemdam
1947 1972 2042 2010 eu-

435 2042 685 2096 nuchum
708 2047 1094 2096 coruscantem
1118 2043 1317 2108 forma,
1337 2049 1394 2096 et
1411 2058 1645 2097 aureum
1677 2049 1958 2114 sceptrum
1981 2044 2038 2098 in

435 2130 633 2184 dextra
653 2136 959 2196 tenentem,
977 2131 1334 2185 assistentem
1356 2131 1458 2185 sibi
1474 2138 1531 2185 et
1547 2132 1851 2189 dicentem:
1873 2134 2038 2202 Veni,

431 2219 567 2289 jube
597 2218 728 2286 (9|),
762 2221 876 2276 Rex
895 2221 1256 2290 regnantium
1282 2221 1483 2291 quaerit
1501 2227 1578 2274 te.
1604 2222 1754 2274 Nihil
1775 2238 1911 2292 ergo
1931 2229 2040 2278 sta-

434 2308 536 2361 tim
567 2309 879 2378 negligens,
915 2310 1148 2363 advocat
1176 2309 1476 2379 patricium
1509 2310 1784 2374 Nicetam,
1818 2318 1875 2364 et
1903 2312 2042 2366 dicit

435 2396 487 2452 ei
516 2413 644 2451 cum
673 2399 868 2452 multis
904 2399 1168 2469 lacrymis
1203 2418 1217 2453 :
1245 2400 1328 2452 Tu
1360 2399 1605 2469 quidem,
1641 2416 1672 2452 o
1703 2400 1945 2464 domine,
1968 2401 2038 2454 ad

436 2491 727 2541 terrenum
747 2488 1148 2558 imperatorem
1172 2505 1262 2542 me
1292 2488 1531 2547 vocasti;
1565 2489 1662 2541 sed
1697 2490 2039 2558 praeveniens

331 2580 338 2588 ’
440 2575 701 2640 cmlestis,
735 2583 866 2630 ante
892 2577 1106 2630 vocavit
1128 2577 1492 2648 exiguitatem
1519 2593 1724 2633 meam.
1754 2578 1820 2631 Et
1847 2579 2043 2632 retulit

437 2669 494 2717 et
525 2665 786 2730 eunuchi,
829 2666 944 2718 imo
986 2666 1171 2735 angeli
1203 2666 1492 2728 visionem,
1529 2683 1651 2736 quae
1702 2673 2042 2736 apparuerat

437 2751 562 2807 sibi.
597 2753 834 2808 Gavisus
866 2771 999 2824 ergo
1029 2761 1086 2808 et
1111 2754 1289 2808 tristis
1321 2754 1500 2808 factus
1530 2755 1679 2808 idem
1699 2756 2040 2824 gloriosissi-

437 2859 564 2896 mus
594 2843 696 2907 vir,
730 2843 1002 2914 impedire
1030 2849 1286 2897 sanctum
1307 2859 1421 2898 non
1449 2843 1652 2914 potuit.
1676 2843 1911 2898 Abunde
1941 2845 2043 2915 igi-

438 2936 534 2984 tur
562 2931 769 2985 sanctis
816 2933 938 3001 ejus
981 2932 1226 3002 repletus
1252 2931 1614 2995 orationibus,
1650 2938 1706 2985 et
1734 2932 2040 3003 imperato-

439 3019 594 3074 ribus
623 3021 723 3074 has
751 3019 1024 3086 deferens,
1059 3037 1188 3074 cum
1218 3020 1393 3075 multo
1422 3021 1636 3078 honore
1683 3022 1866 3075 redire
1901 3023 1952 3076 ei
1982 3023 2059 3094 in.

439 3111 688 3181 Cyprum
715 3111 907 3180 jussit.

512 3199 648 3256 CAP.
697 3200 886 3254 XLIX.
921 3228 987 3239 —
1015 3200 1360 3254 Adveniente
1391 3215 1524 3269 ergo
1555 3216 1621 3254 eo
1645 3202 1704 3254 in
1752 3201 2038 3272 propriam

439 3287 738 3352 civitatem,
765 3305 888 3359 quae
903 3289 1251 3343 Amathunta
1270 3286 1389 3358 (9‘2)
1399 3288 1718 3356 vocabatur,
1736 3296 2042 3344 testamen-

437 3383 562 3432 tum
592 3378 882 3448 proprium
905 3377 1145 3432 scribere
1167 3379 1276 3432 cito
1307 3378 1580 3432 ministris
1609 3379 1724 3433 suis
1753 3380 2034 3450 praecepit.

440 3466 719 3520 Velociter
731 3482 862 3520 vero
886 3473 944 3520 et
969 3467 1090 3521 sine
1112 3468 1382 3524 dilatione
1398 3468 1652 3522 chartam
1681 3473 1738 3520 et
1759 3469 2038 3525 calamum

441 3555 928 3626 praesentantibus,
962 3557 1225 3626 praecepit
1264 3573 1483 3610 sacrum
1517 3556 1654 3609 illud
1704 3573 1765 3609 os
1796 3557 2039 3610 scribere

441 3644 519 3698 sic
554 3661 565 3695 :
602 3663 626 3695 α
659 3645 904 3698 Joannes
933 3661 1144 3710 servus,
1179 3653 1409 3716 propter
1437 3662 1560 3698 eam
1592 3661 1722 3698 vero
1751 3663 1874 3715 quae
1905 3664 2037 3718 sup-

439 3731 624 3802 posita
642 3738 724 3787 est
739 3732 872 3785 mihi
886 3733 1182 3788 sacerdotii
1195 3733 1549 3802 dignitatem,
1565 3733 1665 3787 Dei
1676 3735 1860 3803 gratia
1877 3735 2034 3790 liber.

443 3821 668 3872 Gratias
679 3837 802 3888 ago,
826 3821 993 3887 Deus,
1016 3821 1142 3886 tibi,
1163 3822 1430 3891 quoniam
1453 3822 1728 3876 exaudisti
1751 3823 2038 3879 miseriam

444 3921 646 3970 meam,
694 3912 986 3976 rogantem
1037 3908 1343 3963 bonitatem
1372 3915 1552 3966 tuam.
1593 3927 1664 3964 ne
1692 3911 2040 3967 inveniretur

443 3994 707 4048 morienti
740 3995 880 4048 mihi
911 3996 1018 4050 nisi
1041 4012 1185 4050 unus
1205 3998 1500 4051 tremissis.
1532 4000 1856 4054 Inveniente
1886 4002 2035 4057 enim

442 4099 533 4138 me
577 4083 635 4137 in
679 4084 991 4138 honorabili
1039 4086 1316 4157 episcopio
1368 4087 1730 4142 sanctissimae
1778 4090 2035 4146 Ecclesia;

441 4173 945 4230 Alexandrinorum
976 4191 1193 4245 magna;
1221 4175 1479 4240 civitatis,
1505 4192 1674 4247 quam
1717 4193 1820 4248 per
1846 4178 2034 4233 indul-

439 4261 690 4331 gentiam
716 4263 816 4316 Dei
846 4264 1086 4334 suscepi,
1115 4263 1342 4334 quando
1361 4265 1419 4318 in
1436 4281 1504 4320 ea
1527 4272 1882 4324 consecratus
1909 4284 2035 4322 sum

441 4351 752 4423 episcopus,
778 4352 1002 4406 circiter
1019 4353 1304 4423 octoginta
1323 4355 1648 4409 centenaria
1661 4354 1803 4419 auri,
1833 4362 1888 4410 et
1914 4374 2036 4427 quae

2125 1875 2182 1922 et
2221 1868 2654 1939 subsequuntur,
2681 1870 2749 1923 de
2771 1869 2973 1940 quibus
3004 1885 3151 1923 unus
3181 1875 3238 1922 et
3262 1868 3364 1922 iste
3391 1867 3602 1922 exstitit.
3620 1868 3675 1923 Et

2123 1956 2390 2026 quoniam
2420 1971 2532 2009 non
2558 1955 2766 2021 fabula,
2819 1972 3002 2027 neque
3034 1955 3104 2009 ad
3133 1955 3374 2025 gratiam
3419 1961 3513 2020 est,
3551 1957 3674 2026 quod

2122 2045 2332 2098 dictum
2359 2050 2598 2110 constat,
2640 2045 3028 2099 testimonium
3051 2044 3212 2098 nobis
3243 2043 3519 2114 perhibeat
3543 2044 3678 2114 plane

2123 2134 2269 2204 quod
2301 2150 2427 2187 mox
2472 2133 2529 2187 in
2557 2134 2804 2205 pretiosa
2833 2136 2954 2208 ejus
2993 2133 3332 2187 dormitione
3367 2141 3569 2203 gestum
3609 2139 3677 2186 est

2123 2223 2460 2294 prodigium.
2483 2223 2762 2277 Tradente
2786 2223 2934 2276 enim
2967 2240 3032 2276 eo
3064 2229 3121 2276 et
3147 2222 3556 2276 commendante
3578 2237 3679 2292 pro-

2123 2311 2300 2380 priam
2325 2311 2571 2364 animam
2600 2311 2658 2363 in
2681 2327 2852 2363 manu
2874 2309 3115 2375 Domini,
3141 2315 3210 2364 ut
3235 2310 3315 2363 ait
3343 2309 3530 2364 alicubi
3548 2325 3676 2364 sacra

2121 2399 2334 2453 Littera
2353 2415 2363 2450 :
2381 2400 2668 2452 Justorum
2687 2399 2890 2452 animae
2907 2399 2965 2452 in
2991 2415 3161 2452 manu
3180 2398 3284 2452 Dei
3306 2399 3576 2468 sunt(Sap.
3592 2400 3674 2461 ιιι),

2122 2494 2179 2541 et
2207 2488 2348 2540 hanc
2377 2488 2426 2541 ei
2448 2493 2512 2540 ut
2539 2487 2872 2541 sacrificium
2904 2487 3259 2540 immolatum
3282 2487 3547 2550 oﬂ'erente,
3572 2501 3676 2539 cum

2121 2575 2322 2630 recond
2329 2576 2432 2628 end
2441 2592 2534 2628 um
2547 2581 2694 2628 esset
2703 2575 3029 2630 honorabile
3046 2577 3169 2645 ejus
3181 2592 3383 2646 corpus
3393 2575 3675 2636 honoriﬁce,

2121 2669 2179 2717 et
2206 2681 2330 2720 cum
2365 2681 2614 2734 congruo
2645 2664 3024 2718 sacerdotibus
3045 2665 3159 2718 ritu
3179 2664 3241 2718 in
3267 2664 3497 2735 quodam
3523 2667 3674 2716 orato-

2125 2753 2208 2808 rio
2253 2754 2430 2807 sancti
2461 2754 2859 2808 miraculorum
2903 2753 3130 2808 factoris
3173 2753 3445 2824 Tychonis
3473 2751 3588 2817 (94},
3625 2752 3676 2803 ﬁt

2126 2843 2405 2912 quoddam
2437 2843 2551 2896 tale
2581 2843 2808 2910 signum
2836 2843 3167 2911 gloriosum.

2194 2931 2324 2984 CAP.
2357 2932 2419 2986 L.
2450 2959 2508 2972 -—
2535 2930 2805 2984 Jacebant
2830 2931 2888 2985 in
2908 2931 3150 3002 quodam
3178 2931 3416 2994 tumulo,
3440 2929 3526 2983 ubi
3547 2933 3596 2982 et
3605 2929 3677 2998 ju-

2123 3025 2243 3074 stus
2273 3020 2360 3073 hic
2389 3020 2743 3091 reponendus
2771 3025 2912 3084 erat,
2935 3020 3174 3074 duorum
3201 3019 3476 3090 quondam
3503 3017 3680 3088 episco-

2064 3121 2342 3181 Cporum,
2375 3109 2470 3180 qui
2512 3115 2642 3163 ante
2670 3109 3035 3174 dormierant,
3068 3115 3266 3163 sancta
3305 3108 3556 3162 veraciter
3577 3119 3678 3159 cor-

2122 3215 2260 3268 pora
2287 3204 2642 3254 sanctorum:
2673 3215 2796 3268 quae
2825 3204 2886 3252 et
2905 3198 2961 3251 in
2991 3203 3200 3252 natura
3221 3197 3461 3252 exanimi
3486 3193 3681 3249 interim

2121 3288 2400 3358 degentia,
2429 3293 2699 3358 tanquam
2733 3287 2778 3340 si
2818 3287 2938 3341 viva
2968 3303 3167 3342 revera
3207 3293 3410 3351 essent,
3443 3284 3679 3355 aequalem

2120 3383 2314 3431 sancto
2341 3378 2611 3431 honorem
2630 3376 2970 3430 tribuerunt.
3006 3377 3148 3430 Cum
3173 3376 3326 3430 enim
3349 3374 3491 3430 beati
3512 3386 3680 3442 corpus

2119 3467 2270 3520 inter
2282 3465 2423 3520 duos
2436 3466 2560 3519 illos
2575 3466 3021 3536 componendum
3039 3469 3206 3530 esset,
3217 3465 3540 3520 honorantes
3557 3476 3680 3513 sum-

2121 3571 2274 3608 mum
2313 3560 2594 3626 pastorem
2635 3559 2907 3624 pastores,
2941 3559 2997 3607 et
3024 3554 3266 3608 multam
3293 3554 3414 3622 ejus
3444 3550 3677 3607 ﬁduciam

2120 3645 2268 3714 apud
2297 3645 2473 3698 Deum
2494 3649 2832 3706 reverentes,
2867 3643 3035 3696 simul
3065 3649 3122 3696 et
3150 3643 3440 3703 mirantes,
3469 3639 3559 3694 Dei
3579 3640 3682 3706 jus-

2121 3733 2276 3786 sione
2297 3739 2567 3803 tanquam
2590 3731 2690 3785 vivi
2706 3747 3053 3802 corporasua
3067 3728 3580 3801 separantes(95),in
3594 3741 3686 3778 me-

2121 3821 2212 3874 dio
2238 3837 2461 3875 sacrum
2510 3822 2659 3874 hunc
2704 3825 3089 3890 susceperunt,
3127 3820 3399 3874 honorem
3437 3823 3490 3871 et
3523 3815 3618 3886 ipsi
3641 3815 3684 3867 ei

2120 3911 2492 3980 praeceptione
2521 3910 2620 3962 Dei
2650 3909 2796 3963 sicut
2817 3925 2851 3962 a
2872 3909 2986 3962 Deo
3007 3907 3287 3962 honorato
3317 3909 3609 3966 offerentes,
3635 3909 3681 3958 et

2121 3999 2381 4053 omnibus
2409 3999 2601 4053 statim
2630 3999 2989 4052 ostendentes
3033 4015 3155 4068 quae
3187 4015 3223 4051 a
3260 3998 3376 4052 Deo
3413 3996 3462 4050 ei
3509 3995 3685 4048 donata

2119 4095 2205 4142 est
2232 4089 2470 4160 gloriam
2493 4094 2661 4157 atque
2690 4087 3112 4141 sublimitatem.
3147 4087 3308 4150 Quod
3339 4085 3624 4140 maximum
3640 4085 3684 4133 et

2115 4177 2582 4248 gloriosissimum
2614 4176 2965 4239 miraculum,
2987 4191 3098 4229 non
3119 4191 3288 4239 unus,
3304 4189 3482 4245 neque
3499 4172 3682 4231 decem,

2117 4283 2299 4336 neque
2321 4271 2546 4320 centum
2574 4266 2850 4328 viderunt,
2885 4265 2982 4318 sed
3023 4264 3207 4318 omnis
3232 4263 3399 4320 turba
3429 4277 3544 4332 qua:
3571 4273 3682 4311 con-

2116 4355 2271 4408 venit
2297 4355 2362 4408 ad
2397 4355 2701 4425 pretiosam
2731 4355 2854 4423 ejus
2890 4353 3264 4424 sepulturam.

439 4441 794 4495 intraverunt
814 4441 950 4494 mihi
980 4441 1050 4495 ab
1081 4443 1276 4496 amicis
1306 4443 1532 4508 Christi,
1569 4461 1710 4515 pene
1737 4462 2034 4500 numerum
2057 4434 2100 4492 ο
2190 4444 2319 4497 CAP.
2339 4444 2426 4498 LI.
2447 4474 2486 4482 υ
2515 4442 2882 4508 πθιΙΑιίυά
2899 4449 3088 4495 autem
3105 4442 3231 4511 ejus
3244 4433 3683 4511 gloriosius,un

443 4530 686 4585 hominis
705 4530 1136 4591 transcendunt;
1153 4531 1210 4584 in
1226 4531 1466 4602 seipsam
1489 4539 1735 4587 mentem
1749 4533 2035 4604 colligens,

442 4625 500 4672 et
511 4636 854 4690 cognoscens
878 4620 995 4673 hinc
1013 4620 1203 4673 omnia
1221 4620 1589 4675 dominatoris
1613 4623 1864 4676 omnium
1887 4641 2030 4687 esse,

440 4707 699 4763 festinavi
722 4725 789 4763 ea
818 4725 943 4781 qum
973 4709 1074 4762 Dei
1101 4715 1265 4768 erant
1291 4708 1407 4763 Deo
1438 4709 1590 4763 dare.
1618 4711 1776 4766 Unde
1805 4716 1862 4766 et
1889 4713 2036 4783 quod

443 4799 716 4854 remansit
743 4799 880 4852 mihi
905 4799 1009 4852 hoc
1035 4798 1311 4864 tremisse,
1338 4797 1437 4852 Dei
1464 4805 1522 4852 et
1547 4799 1652 4852 hoc
1673 4801 1934 4862 existens.
1949 4803 2065 4872 ju-‘

443 4882 546 4938 beo
565 4884 686 4938 dari
708 4886 796 4940 his
825 4887 918 4957 qui
949 4892 1080 4942 sunt
1107 4887 1226 4942 Dei.
1266 4905 1289 4938 ι
1323 4887 1369 4942 Ο
1396 4889 1643 4958 gloriosa
1667 4890 1784 4944 res!
1819 4907 1852 4943 o
1875 4891 2038 4944 devo-

443 4972 656 5025 tionem
684 4973 888 5028 sancti!
923 4976 1046 5030 Non
1075 4977 1334 5038 attendit.
1365 4977 1510 5032 sicut
1537 4976 1837 5039 debuisset,
1872 4979 1988 5034 suis
2021 4997 2032 5045 ;

445 5061 594 5131 quod
612 5061 826 5116 faciunt
846 5064 1007 5117 multi
1027 5066 1122 5134 qui
1153 5066 1210 5120 in
1231 5065 1439 5120 divitiis
1468 5072 1618 5132 sunt,
1647 5067 1742 5137 qui
1772 5068 1872 5121 Dei
1889 5069 2036 5121 dona

446 5153 546 5202 aut
574 5165 640 5202 ex
671 5150 950 5219 injustitia
979 5152 1227 5219 collecta,
1257 5160 1524 5224 tanquam
1551 5155 1795 5226 prOpria,
1830 5163 1887 5209 et
1907 5161 2034 5209 tan-

443 5251 612 5307 quam
631 5237 679 5290 si
700 5253 768 5291 ea
784 5255 971 5293 secum
993 5240 1139 5294 ferre
1160 5248 1412 5312 possunt,
1431 5244 1832 5309 thesaurizant,
1855 5250 1912 5299 et
1924 5262 2036 5299 non

443 5326 595 5396 large
614 5325 806 5397 egenis
826 5326 1078 5397 praebent
1099 5348 1110 5388 :
1137 5330 1234 5382 sed
1254 5329 1350 5383 illa
1372 5333 1658 5401 quaerebat
1677 5350 1800 5404 qua;
1817 5350 2040 5404 semper

443 5420 758 5482 manent,et
770 5415 1070 5486 aliquando
1082 5433 1194 5470 non
1210 5419 1560 5476 minuuntur.
1571 5421 1728 5476 Unde
1742 5423 1865 5476 sine
1884 5439 2039 5477 men—

443 5503 602 5558 dacio
631 5503 1156 5575 repromissionibus
1175 5522 1290 5560 non
1309 5513 1394 5560 est
1419 5509 1730 5576 fraudatus,
1749 5528 1871 5582 quae
1891 5529 2040 5566 asse-

447 5589 666 5655 derant,
691 5606 758 5644 ex
777 5589 1433 5662 persona.Dei,quoniam
1451 5593 1545 5662 qui
1571 5595 1902 5663 gloriﬁcant
1925 5613 2034 5663 me,

2122 4532 2349 4602 quidem
2371 4532 2437 4585 ad
2447 4533 2554 4585 huc
2578 4531 2770 4584 vivens
2789 4531 2846 4585 in
2867 4546 3033 4584 carne
3049 4529 3220 4598 coepit
3238 4527 3582 4590 miraculum,
3604 4520 3684 4576 sed

2120 4626 2417 4690 postquam
2434 4620 2694 4691 migravit
2716 4620 2787 4672 ad
2807 4621 3002 4684 Deum,
3026 4617 3349 4688 complevit,
3376 4630 3552 4670 sermo
3563 4625 3689 4666 com-

2120 4725 2434 4763 memorare
2460 4708 2718 4763 tentabit.
2751 4708 2954 4762 Mulier
2971 4707 3227 4778 quaedam
3254 4707 3325 4760 de
3356 4721 3422 4758 ea
3447 4718 3562 4774 quae
3579 4713 3683 4753 san-

2121 4804 2272 4852 ctum
2303 4799 2536 4869 protulit
2572 4798 2795 4852 civitate
2847 4797 3110 4861 existens,
3143 4811 3272 4849 cum
3307 4794 3550 4850 audisset
3574 4802 3682 4842 eum

2119 4887 2334 4941 venisse
2370 4905 2403 4940 a
2449 4887 2644 4942 Rhodo
2675 4885 2805 4954 (96),
2838 4891 2894 4942 et
2930 4885 3195 4956 angelum
3224 4884 3278 4938 ei
3311 4883 3513 4938 ibidem
3541 4890 3684 4948 appa-

2119 4977 2316 5042 ruisse,
2363 4983 2420 5031 et
2447 4975 2794 5030 vocationem
2823 4975 2893 5029 ad
2933 4988 3291 5028 communem
3320 4970 3608 5026 Dominum
3640 4962 3682 5016 ei

2117 5065 2495 5130 denuntiasse,
2528 5080 2826 5135 peccamen
2849 5062 3246 5134 gravissimum
3278 5061 3337 5114 in
3365 5075 3426 5113 se
3451 5067 3683 5123 recogno-

2118 5170 2297 5218 scens,
2331 5155 2478 5224 quod
2504 5170 2604 5208 nec
2635 5153 2862 5207 auditus
2881 5151 3170 5205 hominum
3201 5164 3367 5220 posse
3393 5147 3592 5200 intrare
3611 5139 3680 5193 af-

2119 5239 2398 5305 firmabat,
2433 5240 2600 5293 iidem
2641 5239 3026 5309 inambiguam
3067 5251 3316 5298 sumens,
3347 5234 3417 5290 ad
3457 5234 3680 5287 sanctum

2118 5329 2326 5382 cursim
2349 5328 2631 5400 pervenit;
2660 5336 2718 5382 et
2735 5328 2903 5398 pedes
2925 5328 3048 5398 ejus
3064 5322 3554 5394 comprehendens,
3572 5328 3678 5370 cum

2119 5418 2381 5488 lacrymis
2411 5418 2602 5472 multis
2621 5416 2917 5480 clamabat,
2947 5422 3005 5469 et
3023 5413 3213 5467 dicens
3241 5417 3453 5466 secreto
3475 5409 3646 5461 sancto
3667 5418 3676 5450 ε

2121 5508 2439 5572 Peccatum,
2465 5525 2496 5561 ο
2523 5511 2611 5561 ter
2639 5505 2820 5570 beate,
2839 5504 3022 5559 habeo
3042 5502 3267 5566 misera,
3283 5499 3430 5571 quod
3452 5495 3519 5551 ad
3536 5505 3678 5548 aures

2121 5595 2416 5650 hominum
2454 5595 2646 5650 venire
2677 5611 2790 5649 non
2832 5599 3040 5665 potest,
3067 5595 3128 5646 et
3169 5590 3282 5645 scio
3314 5586 3478 5659 quod.
3521 5583 3564 5638 si
3591 5580 3674 5641 vis,
