3942 6200
1704 428 1855 476 JULII
1899 427 2033 473 VIII.

1037 572 1496 696 VITA
1551 570 2694 697 SANGTORUM

536 806 1617 957 EPICTETI
1715 804 3195 958 PRESBYTERI

1818 1043 1936 1121 ET

870 1233 1720 1429 ASTIONIS
1812 1234 2662 1368 MONACHI
2770 1306 2879 1383 (υ,

1326 1469 1861 1568 AUGTOBE
1918 1468 2041 1564 IN
2045 1468 2438 1565 CEBTO.

285 1778 483 1833 CAPUT
502 1794 801 1835 pamuu.-
815 1781 1184 1852 Temporibus
1207 1781 1541 1839 Diocletiani
1556 1784 1827 1855 profanis-
1839 1784 2033 1842 Acum
2051 1783 2254 1854 pignus
2264 1798 2365 1854 per
2382 1787 2538 1837 tuam
2554 1783 2798 1854 gratiam
2809 1799 3142 1855 recuperare
3160 1782 3217 1837 in
3247 1783 3493 1854 priorem

213 1867 345 1922 simi
374 1868 739 1941 imperatoris
772 1868 869 1939 (‘2),
892 1876 1016 1925 erat
1029 1871 1256 1943 quidam
1271 1871 1564 1945 presbyter
1581 1874 1822 1945 inparti-
1902 1871 2157 1925 habitum
2169 1871 3194 1943 dignare,utagnoscathaecgeneratio
3209 1872 3495 1927 incredula

212 1956 317 2011 bus
379 1957 654 2024 Orientis,
688 1958 918 2013 nomine
966 1960 1273 2031 Epictetus,
1296 1961 1619 2032 religiosam
1648 1963 1820 2017 vitam
1903 1965 1961 2013 et
1971 1976 2251 2031 perversa,
2274 1965 2535 2015 sanctum
2549 1967 2605 2015 et
2620 1961 2869 2015 terribile
2883 1978 3086 2017 nomen
3099 1967 3263 2043 tuum
3287 1962 3490 2031 colere,

211 2062 411 2116 agens,
451 2052 508 2101 et
537 2051 724 2101 castus
741 2047 800 2101 in
821 2048 1089 2103 omni‘sua
1115 2050 1532 2105 conversatione
1556 2051 1819 2108 existens.
1903 2053 1961 2103 et
1988 2065 2252 2103 enarrare
2278 2048 2668 2104 mirabiliatua
2693 2050 2753 2104 in
2781 2051 2935 2105 omni
2960 2056 3233 2122 tempore.
3258 2050 3497 2107 Etﬁnita

212 2134 316 2188 Hic
346 2152 602 2208 namque
623 2153 657 2190 a
679 2154 854 2208 parva
882 2142 1047 2192 aetate
1060 2138 1119 2192 in
1136 2139 1360 2193 servitio
1371 2140 1594 2193 Domini
1606 2140 1821 2195 enutri-

212 2228 326 2289 tus,
366 2224 739 2280 exercebatur
784 2226 843 2280 in
883 2226 1141 2283 omnibus
1164 2228 1662 2298 justiﬁcationibus
1688 2230 1821 2283 Jesu

215 2312 433 2369 Christi
484 2316 652 2382 (Psal.
717 2314 925 2376 cxvm).
985 2316 1129 2369 Cum
1183 2321 1373 2370 autem
1419 2317 1490 2370 ad
1540 2323 1822 2372 maturam

216 2402 579 2472 pervenisset
615 2408 859 2471 aetatem,
910 2409 976 2458 ut
1028 2404 1254 2458 Samuel
1299 2404 1582 2475 quondam
1640 2406 1822 2477 ephod

216 2492 574 2546 sacerdotale
598 2492 909 2564 promeruit
934 2498 1161 2564 portare
1211 2496 1264 2562 (Ῑ
1287 2496 1410 2562 Reg.
1434 2502 1515 2560 II),
1576 2511 1642 2548 eo
1674 2494 1821 2566 quod

216 2580 407 2634 multa
463 2580 628 2650 signa
677 2597 742 2635 ac
787 2580 1045 2652 prodigia
1088 2599 1189 2652 per
1232 2599 1363 2637 eum
1400 2582 1588 2637 divina
1638 2583 1835 2654 gratia

217 2667 276 2721 in
334 2668 610 2723 omnibus
675 2669 1036 2741 operabatur.
1075 2670 1327 2741 Denique
1364 2687 1638 2727 caecorum
1674 2688 1823 2743 saepe

219 2758 418 2812 oculos
450 2757 799 2813 orationibus
827 2757 1201 2825 illuminabat,
1234 2759 1332 2813 sed
1369 2765 1425 2814 et
1458 2761 1708 2832 leprosos
1752 2760 1823 2814 ad

217 2863 276 2899 se
299 2846 603 2901 venientes
632 2847 994 2915 emundabat,
1021 2847 1359 2919 paralyticos
1387 2848 1642 2917 sanabat,
1673 2849 1825 2904 acde

219 2934 474 2990 obsessis
500 2936 828 3008 corporibus
852 2936 1128 2991 daemonia
1156 2937 1457 3008 ell‘ugabat.

285 3024 432 3081 CAP.
455 3024 784 3095 II.-Igitur
810 3041 926 3079 una
963 3042 994 3079 e
1020 3024 1236 3091 diebus,
1269 3025 1404 3080 dum
1446 3026 1598 3081 solus
1627 3043 1732 3081 sua
1765 3025 1826 3080 in

1903 2138 2172 2203 oratione,
2182 2139 2250 2193 de
2259 2139 2603 2194 sanctiﬁcato
2615 2140 2737 2194 oleo
2754 2140 2952 2211 puellae
2962 2139 3214 2195 membra
3234 2140 3497 2195 universa

1902 2227 2183 2297 perunxit.
2198 2228 2333 2291 Quae
2348 2227 2492 2282 hanc
2505 2228 2800 2282 sanitatem
2813 2244 2877 2282 ac
2887 2228 3163 2282 medelam
3174 2234 3489 2295 consecuta,

1902 2332 2018 2369 una
2029 2332 2153 2369 cum
2167 2316 2496 2387 parentibus
2505 2317 2621 2371 suis
2638 2316 2940 2371 Dominum
2954 2316 3496 2371 benedicebat.Tunc

1903 2408 2129 2458 sanctus
2166 2404 2450 2475 Epictetus
2471 2406 2734 2476 praecepit
2754 2405 2900 2476 patri
2934 2406 3133 2477 puellae
3174 2406 3402 2460 dicens:
3435 2406 3495 2461 Si

1903 2494 2079 2564 cupis,
2109 2510 2142 2546 ο
2161 2493 2489 2547 charissime
2500 2493 2596 2559 mi,
2612 2494 2842 2548 utnulla
2866 2494 2935 2548 de
2948 2495 3165 2566 reliquo
3198 2494 3496 2549 inﬁrmitas

1905 2598 2004 2635 seu
2033 2581 2247 2636 vexatio
2274 2582 2464 2653 aliqua
2477 2582 2537 2636 in
2553 2582 2718 2636 domo
2731 2587 2833 2636 tua
2851 2584 3165 2653 praevaleat,
3199 2600 3298 2654 per
3309 2583 3497 2654 singu-

1906 2670 1990 2724 las
2009 2670 2351 2741 septimanas
2361 2687 2489 2725 cum
2511 2670 2663 2725 omni
2680 2677 2781 2725 tua
2792 2670 3003 2725 familia
3016 2671 3296 2726 dominica
3307 2689 3497 2727 sacra-

1906 2765 2101 2813 menta
2120 2776 2252 2813 cum
2280 2759 2572 2814 devotione
2589 2759 2790 2814 intima
2817 2764 2876 2814 et
2901 2761 3111 2815 mundo
3134 2761 3300 2815 corde
3315 2761 3498 2833 perci-

1906 2864 2041 2918 pere
2059 2848 2280 2902 testina.
2307 2848 2437 2902 Haec
2452 2865 2579 2902 cum
2614 2849 2862 2915 dixisset,
2887 2849 3078 2903 laetum
3118 2866 3247 2903 eum
3273 2854 3332 2904 et
3352 2849 3498 2905 bono

1908 2935 2098 2989 animo
2128 2952 2254 2989 cum
2285 2936 2543 2991 omnibus
2581 2937 2651 2990 ad
2682 2937 2909 3008 propria
2938 2937 3091 2991 abire
3119 2938 3380 3010 imperat.

1979 3024 2111 3080 CAP.
2146 3025 2329 3079 III.—
2349 3026 2490 3079 Item
2514 3025 2624 3079 alio
2643 3032 2916 3096 tempore,
2957 3026 3333 3081 daemoniacus
3382 3027 3503 3099 qui-

218 3112 365 3167 cella
391 3112 765 3179 resideret,ac
776 3114 971 3168 solitas
985 3114 1267 3169 orationes
1283 3114 1504 3169 Christo
1520 3114 1822 3181 exhiberet,
1910 3112 2040 3166 dam
2053 3113 2124 3167 ad
2146 3130 2275 3167 eum
2305 3113 2596 3168 deductus.
2622 3115 2798 3177 Quem
2810 3131 2939 3168 cum
2958 3131 3149 3169 secum
3177 3116 3379 3186 degere
3399 3117 3503 3171 Dei

216 3202 485 3271 quaedam
497 3203 686 3274 puella
699 3202 919 3257 comitis
930 3203 1226 3273 cujusdam
1239 3202 1641 3270 ﬁlia,omnibus
1657 3220 1829 3258 mem-
1907 3201 2076 3255 homo
2107 3201 2346 3267 fecisset,
2371 3202 2534 3273 carpit
2546 3202 2797 3257 triduum
2817 3203 3006 3257 taliter
3019 3203 3273 3258 diabolus
3289 3204 3361 3258 ad
3371 3221 3502 3261 eum

215 3288 330 3345 bris
353 3295 577 3362 praeter
598 3291 851 3363 linguam
863 3296 987 3346 tota
1000 3301 1227 3346 mortua
1254 3292 1324 3346 ad
1339 3308 1465 3346 eum
1479 3292 1824 3364 perducitur.
1908 3289 2198 3344 vociferari
2219 3296 2277 3344 et
2303 3290 2489 3344 dicere
2522 3308 2534 3343 :
2569 3291 2615 3346 Ο
2640 3308 2791 3357 crux,
2825 3308 2857 3345 ο
2885 3296 3189 3359 tormenta,
3229 3310 3351 3363 quae
3380 3293 3504 3348 sine

218 3379 486 3450 Cumque
508 3397 611 3451 pro
631 3380 844 3435 foribus
872 3381 993 3451 ejus
1015 3385 1177 3452 pater
1204 3381 1376 3435 ﬁliam
1403 3382 1704 3453 posuisset,
1734 3364 1855 3435 in:
1910 3395 2077 3434 causa
2108 3378 2310 3450 patior.
2343 3379 2522 3443 Quam
2556 3379 2698 3434 bene
2727 3380 2865 3434 mihi
2904 3396 3127 3451 semper
3154 3381 3213 3434 in
3243 3382 3502 3452 Phrygiae

212 3484 455 3538 gressus
482 3469 605 3540 ipse
629 3470 700 3523 ad
730 3470 1258 3540 sanctum,genibus
1274 3470 1587 3540 ejussubito
1603 3470 1828 3524 advolu—
1906 3467 2159 3539 partibus
2187 3471 2326 3533 erat,
2357 3468 2634 3539 quomodo
2679 3468 2925 3539 quotidie
2951 3468 3270 3524 hominibus
3315 3476 3505 3538 πιω

218 3561 331 3623 tus,
366 3557 566 3611 taliter
578 3559 826 3612 clamans
839 3559 1126 3613 etdicens:
1152 3559 1421 3614 Miserere
1450 3559 1581 3627 mei,
1606 3576 1638 3613 ο
1659 3559 1825 3613 homo
1907 3572 2097 3611 meum
2129 3556 2466 3610 sacriﬁcium
2497 3557 2781 3628 ritumque
2825 3557 3126 3612 suadebam
3144 3559 3169 3611 ?
3192 3558 3251 3612 in
3278 3559 3505 3630 quantis

217 3646 322 3701 Dei
351 3647 582 3714 excelsi,
615 3664 680 3702 eo
704 3648 851 3719 quod
865 3648 1016 3703 Deus
1055 3651 1205 3714 tuus,
1242 3652 1395 3702 totus
1434 3647 1751 3702 misericors
1770 3652 1829 3702 et

219 3737 533 3791 miserator
561 3753 595 3791 a
625 3736 799 3791 servis
828 3737 945 3791 suis
974 3736 1396 3807 pronuntiatur.
1444 3737 1529 3792 Ne
1558 3737 1695 3790 velis
1718 3752 1828 3802 me,

220 3842 436 3895 quaeso,
460 3827 735 3897 projicere
751 3825 934 3880 afacie
944 3831 1063 3892 tua,
1090 3842 1217 3880 cum
1238 3826 1333 3879 ille
1343 3830 1637 3896 gratanter
1652 3825 1830 3880 susci-

218 3914 339 3984 piat
370 3931 575 3968 omnes
604 3914 674 3968 ad
704 3931 765 3968 se
784 3914 1188 3984 confugientes.
1242 3915 1357 3985 Ego
1411 3914 1559 3969 enim
1605 3914 1827 3969 unicam

219 4002 405 4059 habeo
429 4004 607 4058 ﬁliam
638 4019 815 4058 annos
838 4003 954 4058 fere
973 4021 1041 4057 xv
1068 4003 1252 4058 aetatis
1279 4007 1560 4073 agentem,
1589 4003 1687 4057 sed
1711 4003 1829 4056 haec

216 4110 320 4163 per
332 4092 654 4148 triennium
668 4092 936 4164 temporis
951 4109 985 4147 a
994 4092 1170 4147 nimia
1177 4091 1423 4164 paralysi
1436 4091 1711 4146 dissoluta
1721 4096 1824 4146 est.

215 4182 427 4253 Itaque
462 4198 580 4237 non
592 4181 789 4236 dubito
806 4182 956 4253 quod
995 4182 1090 4235 ille
1107 4181 1203 4253 qui
1220 4195 1298 4235 x11
1328 4181 1830 4235 annorumﬂuxum

1912 3645 2103 3716 itaque
2122 3644 2430 3699 honoribus
2456 3661 2559 3715 ego
2587 3645 2759 3699 miser
2777 3645 2889 3699 illic
2909 3645 3203 3717 degebam,
3233 3647 3331 3702 sed
3355 3664 3506 3702 nunc

1912 3749 2089 3804 usque
2110 3750 2221 3788 non
2249 3733 2516 3797 intellexi,
2554 3750 2619 3788 eo
2666 3734 2817 3804 quod
2842 3734 3069 3789 levitate
3101 3735 3346 3805 quadam
3374 3735 3506 3790 inde

1912 3822 2115 3877 recessi
2144 3822 2323 3877 ethuc
2346 3822 2591 3893 perveni.
2625 3822 2819 3893 Eg0(3)
2838 3840 3081 3895 namque
3108 3840 3234 3879 sum
3261 3824 3373 3892 ille,
3409 3824 3507 3896 qui

1907 3927 2010 3981 per
2035 3912 2364 3965 Montanum
2402 3911 2645 3983 plurima
2669 3912 2856 3979 verba,
2891 3918 2949 3967 et
2968 3913 3318 3985 blasphemia
3340 3914 3508 3986 plena

1908 3999 2136 4070 protuli.
2156 4000 2270 4070 Ego
2292 4016 2392 4070 per
2405 4000 2769 4055 Maximillam
2794 4001 3013 4057 diversa
3039 4003 3356 4074 perpetravi
3385 4019 3507 4057 sce-

1909 4086 2046 4141 lera.
2074 4089 2189 4158 Ego
2209 4094 2386 4142 totam
2416 4089 2571 4143 illam
2600 4090 2890 4160 regionem
2918 4091 2990 4145 ad
3009 4108 3195 4146 meam
3226 4092 3507 4148 culturam

1913 4176 2221 4248 sordesque
2247 4177 2482 4232 detraxi.
2505 4179 2622 4249 Ego
2637 4196 2738 4250 per
2751 4180 2949 4234 Arium
2967 4180 3402 4235 Alexandrinam
3413 4198 3506 4236 ur-

215 4270 526 4341 sanguinis
566 4270 857 4325 restrinxit
873 4270 1089 4337 (Matth.
1114 4269 1211 4338 Ix),
1246 4269 1472 4340 poterit,
1503 4268 1550 4322 si
1570 4268 1828 4335 voluerit,
1912 4264 2042 4319 bem
2078 4265 2277 4332 invasi,
2307 4271 2477 4337 atque
2496 4273 2562 4320 ut
2580 4267 2783 4321 Filium
2808 4269 2909 4325 Dei
2938 4269 3043 4323 vivi
3071 4276 3387 4325 creaturam
3418 4272 3507 4325 di-

221 4366 281 4413 et
292 4359 431 4415 ﬁlia:
447 4374 588 4414 meae
602 4364 769 4430 perte
784 4359 1063 4430 integram
1078 4358 1525 4413 incolumitatem
1541 4362 1826 4429 praestare,
1914 4359 2083 4420 ceret,
2098 4355 2373 4426 persuasi.
2393 4357 2510 4425 Ego
2523 4371 2624 4426 per
2638 4356 2862 4410 Manem
2878 4357 3314 4413 Manichaeorum
3334 4360 3509 4414 haere—

221 4465 289 4503 eo
314 4448 483 4523 quod
512 4448 645 4502 ﬁdei
665 4447 840 4521 ipsius
861 4464 965 4502 nos
982 4448 1252 4514 vovimus,
1288 4452 1345 4501 et
1372 4447 1473 4501 ﬁlii
1502 4453 1708 4502 sanctae
1731 4443 1893 4505 Ec-C
1913 4442 2021 4498 sim
2071 4442 2312 4510 institui,
2341 4448 2509 4515 atque
2536 4448 2602 4498 ut
2634 4443 2772 4498 mihi
2822 4446 3043 4517 jejunia
3091 4454 3502 4516 consecrarent,

219 4537 416 4592 clesiae
433 4536 746 4605 existimus,
778 4543 949 4609 atque
968 4537 1027 4591 in
1056 4537 1284 4591 nomine
1313 4536 1498 4591 Patris
1539 4541 1597 4590 et
1621 4536 1748 4591 Filii
1776 4542 1834 4591 et
1913 4532 2152 4589 ostendi.
2173 4533 2292 4602 Ego
2317 4549 2419 4603 per
2438 4533 2725 4588 Donatum
2742 4534 3177 4590 totamAfricam
3203 4537 3505 4591 devastavi.

225 4627 483 4698 Spiritus
502 4627 684 4681 sancti
709 4643 906 4681 sumus
924 4625 1212 4698 baptizati.
1261 4626 1377 4680 Hoc
1394 4624 1627 4679 audiens
1655 4641 1835 4679 sacer-
1914 4621 1984 4675 Et
2007 4638 2151 4688 ecce,
2175 4632 2325 4676 nimc
2353 4620 2422 4675 ab
2437 4638 2549 4676 uno
2569 4622 2780 4678 famulo
2794 4629 2892 4678 tuo
2916 4628 2982 4679 ut
2996 4625 3341 4696 mancipium
3360 4625 3507 4697 fugi-

220 4715 329 4769 dos
348 4714 604 4781 Domini,
615 4716 1040 4787 jussitpuellam
1050 4715 1200 4769 intro
1218 4714 1288 4768 ad
1310 4731 1370 4769 se
1386 4713 1636 4785 perduci.
1652 4713 1833 4777 Quam
1912 4709 2088 4764 tivum
2115 4711 2319 4781 ligatus
2333 4716 2549 4777 teneor,
2575 4728 2607 4765 ο
2621 4712 2861 4766 Christe.
2881 4714 3011 4767 Haec
3029 4719 3087 4767 et
3113 4714 3277 4785 plura
3303 4715 3503 4769 horum

220 4820 358 4859 cum
388 4810 527 4859 ante
545 4803 722 4875 ipsius
742 4802 1388 4876 pedespaterposuisset,
1421 4801 1614 4856 taliter
1636 4819 1737 4873 pro
1766 4819 1835 4857 ea
1915 4798 2166 4854 daemone
2189 4800 2544 4868 vociferante,
2577 4817 2612 4854 a
2649 4800 2811 4855 beato
2835 4801 2955 4855 viro
2984 4802 3323 4873 increpatus,
3340 4804 3509 4859 tertio

220 4894 406 4948 homo
420 4892 529 4948 Dei
546 4893 1085 4965 precesprofuditad
1105 4892 1409 4947 Dominum
1423 4892 1603 4945 Deum
1620 4891 1830 4946 dicens:
1915 4887 2007 4941 die
2052 4905 2088 4942 a
2141 4905 2242 4943 suo
2285 4889 2565 4943 domicilio
2593 4889 2839 4955 recessit,
2890 4896 3237 4961 purgataque
3270 4908 3514 4965 persona

221 4981 385 5037 Deus
414 4987 643 5047 aeterne,
663 4982 909 5053 agitator
921 4979 1227 5046 cherubim,
1254 4980 1350 5050 qui
1367 4979 1436 5033 de
1448 4980 1585 5034 coelo
1615 4980 1838 5035 descen-
1921 4977 2144 5032 Christo
2169 4978 2407 5032 Domino
2434 4978 2648 5050 gratias
2680 4977 2976 5033 referebat.

221 5072 387 5136 dixti,
419 5077 488 5126 ut
514 5071 775 5143 paradiso
800 5071 1086 5125 exulatum
1133 5069 1192 5123 in
1231 5068 1521 5139 antiquam
1540 5067 1838 5124 reduceres
1993 5067 2121 5120 CAP.
2148 5067 2243 5120 IV.
2279 5098 2344 5107 —
2372 5067 2498 5120 Alio
2519 5083 2712 5120 rursus
2737 5072 2992 5138 tempore
3029 5084 3173 5124 caeca
3200 5070 3406 5125 mulier
3440 5071 3513 5126 ad

220 5161 670 5232 possessionem,
691 5160 788 5232 qui
816 5176 916 5231 per
935 5157 1306 5214 humanitatis
1326 5162 1438 5212 tuae
1467 5157 1839 5228 dispensatio-
1924 5170 2051 5208 eum
2079 5153 2347 5226 perducta
2366 5160 2468 5222 est,
2492 5160 2548 5208 et
2567 5159 2723 5210 stans
2759 5172 2948 5210 coram
2976 5156 3117 5228 ipso,
3136 5159 3327 5213 taliter
3349 5160 3519 5215 deﬂe-

219 5266 360 5304 nem
378 5255 634 5305 nostram
650 5249 1038 5304 inﬁrmitatem
1059 5246 1454 5318 suscepisti,ut
1465 5251 1522 5300 te
1548 5263 1652 5301 nos
1672 5247 1731 5301 in
1746 5263 1843 5301 no-
1924 5242 2020 5297 bat
2045 5242 2235 5297 dicens
2258 5261 2269 5295 :
2296 5243 2403 5307 Qui
2418 5242 2512 5309 sis,
2544 5260 2818 5314 agnosco;
2857 5246 2956 5299 sed
2979 5251 3035 5300 et
3063 5252 3336 5318 quantum
3367 5249 3515 5320 apud

224 5339 371 5394 stris
389 5337 546 5393 vasis
567 5338 831 5393 ﬁctilibus
843 5337 1128 5410 possidere
1159 5350 1602 5407 promereamur,
1634 5351 1836 5405 quaeso,
1923 5332 2105 5387 Deum
2130 5333 2335 5397 valeas,
2360 5331 2544 5386 credo.
2585 5333 2669 5387 Ne
2686 5350 2820 5404 ergo
2839 5334 2974 5389 velis
3009 5335 3298 5408 despicere
3319 5338 3516 5392 ﬂetum

220 5427 496 5492 Domine,
530 5444 737 5498 quaeso,
770 5427 1004 5498 dignare
1024 5426 1301 5497 respicere
1330 5423 1390 5477 in
1423 5423 1590 5477 ﬁdem
1639 5422 1901 5498 famuliD
1926 5438 2135 5486 meum,
2155 5438 2258 5475 nec
2290 5421 2348 5475 in
2383 5438 2586 5475 vanum
2617 5422 2818 5477 ducere
2840 5423 3280 5480 obsecrationem
3309 5442 3514 5480 meam.

222 5516 312 5572 tui
347 5535 365 5584 ;
399 5522 459 5570 et
481 5515 629 5571 sicut
658 5516 835 5571 ﬁliam
863 5512 1293 5586 archisynagogi
1323 5512 1393 5567 de
1426 5511 1624 5566 mortis
1644 5512 1836 5583 januis
1924 5511 2118 5567 Totius
2161 5526 2403 5581 namque
2431 5510 2726 5582 provinciae
2757 5511 2927 5582 hujus
2942 5514 3144 5568 medici
3173 5530 3333 5569 suam
3350 5514 3408 5567 in
3429 5530 3518 5567 me

218 5603 515 5662 revocasti
541 5604 613 5660 ad
640 5605 814 5660 vitam
836 5606 1030 5675 (Marc.
1061 5604 1136 5675 v),
1156 5602 1240 5659 ita
1277 5607 1335 5657 et
1353 5618 1504 5658 nunc
1528 5600 1697 5673 hujus
1718 5602 1839 5657 uni-
1921 5598 2278 5673 prudentiam
2302 5599 2749 5671 industriamque
2767 5606 3106 5671 exercentes,
3128 5602 3189 5657 in
3214 5602 3367 5658 nullo
3394 5616 3531 5677 pro:

491 5706 761 5770 PATROL.
805 5704 1083 5768 LXXIII.
3207 5702 3282 5760 I3
