3946 6192
497 318 602 376 395

1507 313 1604 368 DE
1639 313 1829 369 VITIS
1866 311 2163 367 PATRUM
2199 311 2413 366 LIBER
2449 311 2738 367 PRIMUS.

3650 312 3751 371 396

496 445 657 500 desse
685 444 990 516 potuerunt
1013 459 1026 508 ;
1059 438 1156 494 sed
1181 441 1238 492 et
1253 441 1526 508 quantum
1546 436 1604 490 in
1616 453 1706 491 me
1732 454 1890 492 suam
1903 442 2083 490 artem
2164 433 2408 506 partitur
2435 436 2624 490 dicens
2649 455 2660 490 :
2681 436 2899 492 Suadeo
2918 435 3020 489 tibi
3036 452 3266 490 emerea
3288 452 3377 489 me
3397 451 3599 490 aurum
3610 435 3754 507 igni-

495 534 1040 594 demonstraverunt,
1073 529 1132 582 in
1161 532 1382 582 tantum
1411 538 1515 605 ego
1557 525 1765 582 misera
1802 525 2086 582 doloribus

495 618 1019 678 dissolvebar.Unde
1039 617 1268 672 obsecro
1281 609 1807 668 sanctitatemtuam
1820 615 1884 668 ut
1895 614 2086 684 digne-

493 712 574 766 ris
605 708 1002 764 tantummodo
1043 707 1487 760 dexteramtuam
1512 720 1682 775 super
1711 703 2083 780 oculosmeos

491 801 550 854 in
579 799 804 854 nomine
825 795 1035 852 Christi
1062 793 1148 850 tui
1183 794 1491 866 imponere,
1521 797 1578 846 et
1596 791 1762 850 credo
1783 791 1928 863 quod
1955 793 2083 847 mox

491 904 746 942 meorum
774 883 1052 940 luminum
1083 883 1221 936 visio
1249 865 1352 952 per
1371 886 1426 934 te
1450 865 1588 936 mihi
1607 879 1906 934 tribuatur.
1929 881 2082 933 Tunc

489 982 717 1032 sanctus
770 973 1055 1046 Epictetus
1101 971 1386 1025 admirans
1442 969 1611 1039 hujus
1641 968 1860 1022 femina:
1890 969 2076 1036 fidem,

489 1067 778 1120 dexteram
807 1079 966 1118 suam
995 1077 1164 1131 super
1177 1060 1366 1114 oculos
1396 1059 1518 1128 ejus
1536 1057 1740 1128 posuit,
1759 1056 2079 1127 gloriﬁcans

487 1153 715 1213 Domini
744 1151 1074 1214 bonitatem,
1107 1155 1164 1203 et
1207 1147 1396 1202 dicens
1425 1147 1496 1200 ad
1535 1163 1656 1224 eam
1685 1164 1696 1198 :
1761 1145 2078 1200 Secundum

488 1243 634 1315 quod
659 1239 966 1304 credidisti,
992 1255 1024 1292 o
1053 1237 1190 1303 ﬁlia,
1221 1238 1318 1291 ﬁat
1337 1235 1460 1290 tibi.
1483 1235 1681 1291 Adhuc
1709 1229 1878 1290 verba
1899 1232 1960 1315 in
1981 1223 2078 1288 ore

485 1331 693 1391 Christi
723 1329 1028 1384 sacerdotis
1046 1325 1427 1392 volvebantur,
1462 1332 1519 1379 et
1536 1329 1767 1395 repente
1785 1323 2076 1395 patefactis

487 1421 666 1477 oculis
717 1418 921 1473 mulier
967 1417 1158 1470 lumen
1185 1413 1417 1484 aspexit,
1446 1414 1696 1494 clamans
1742 1418 1800 1468 et
1837 1413 2070 1494 dicens:

485 1510 679 1566 Gloria
705 1508 824 1574 tibi,
857 1507 1007 1561 Deus
1043 1503 1512 1568 Christianorum,
1550 1485 1645 1573 qui
1689 1517 1802 1556 non
1835 1485 2076 1570 despicis

482 1604 802 1671 peccatores
848 1597 908 1650 in
957 1611 1144 1649 errore
1173 1593 1402 1664 positos,
1427 1591 1524 1645 sed
1555 1596 1783 1662 propter
1811 1606 2074 1659 magnam

482 1685 925 1742 misericordiam
952 1691 1110 1738 tuam
1135 1681 1369 1752 suscipis
1383 1686 1439 1734 et
1460 1681 1640 1734 salvas
1668 1679 1738 1733 ad
1767 1685 1822 1732 te
1851 1695 2074 1732 conver-

2163 530 2288 597 tum
2318 525 2635 600 probatum,
2657 530 2726 582 ut
2751 526 2994 600 locuples
3027 527 3130 580 ﬁas
3160 531 3216 578 et
3249 525 3595 579 vestimentis
3619 525 3759 579 albis

2165 598 2436 680 induaris,
2460 611 2526 668 ut
2551 629 2662 668 non
2693 598 2964 685 apparéat
3017 614 3267 668 confusio
3323 613 3593 668 nuditatis
3645 619 3755 668 tua

2168 703 2350 771 (Apoc.
2371 704 2708 772 m).Aurum
2737 720 2870 773 ergo
2888 703 2992 756 hoc
3021 701 3262 772 ignitum
3290 701 3586 773 probatum
3599 702 3757 756 Chri-

2165 792 2285 848 stus
2312 791 2582 847 Dominus
2609 797 2798 850 noster
2826 795 2928 844 cst.
2955 777 3150 857 Et,ﬁli,
3177 777 3278 862 qui
3295 791 3533 846 voluerit
3551 807 3681 844 eum
3698 791 3756 844 in

2163 882 2292 936 sede
2321 868 2407 935 sui
2429 881 2670 952 pectoris
2685 879 2908 947 habere,
2921 881 3116 934 statim
3131 863 3356 933 divitias
3371 880 3622 934 caelestes
3632 897 3758 950 pro-

2163 969 2488 1034 merebitur,
2513 976 2570 1024 et
2587 969 2933 1024 vestimentis
2952 968 3094 1022 albis
3109 968 3392 1034 induetur,
3411 969 3468 1023 id
3487 974 3594 1035 est,
3623 969 3752 1036 ﬁde,

2163 1077 2260 1130 spe
2289 1065 2346 1112 et
2373 1059 2666 1127 charitate,
2692 1075 2792 1129 per
2811 1075 2949 1128 quas
2979 1058 3048 1110 de
3068 1057 3285 1128 reliquo
3313 1075 3425 1111 non
3451 1058 3604 1118 hunc
3628 1057 3757 1112 visi-

2161 1147 2331 1202 bilem
2343 1148 2615 1202 mundum
2627 1152 2870 1216 tantum,
2894 1147 2990 1217 sed
3005 1151 3062 1200 et
3075 1145 3378 1212 diabolum,
3397 1163 3563 1217 quem
3578 1163 3680 1200 vos
3691 1153 3759 1201 ut

2161 1236 2448 1294 dominum
2467 1237 2669 1302 colitis,
2684 1215 3098 1292 cumuniversis
3132 1235 3350 1306 angelis
3374 1215 3496 1306 ejus
3540 1236 3756 1308 poteris

2159 1342 2444 1396 superare.
2481 1323 2624 1378 Nam
2681 1331 2746 1396 et.
2785 1331 2948 1396 pater
2971 1330 3102 1378 tuus
3127 1323 3232 1378 iste
3267 1324 3362 1394 qui
3382 1324 3620 1391 videtur,
3647 1325 3751 1392 ﬁli,

2157 1430 2269 1484 non
2298 1419 2384 1470 est
2437 1430 2602 1468 verus
2647 1419 2823 1484 pater,
2855 1413 2953 1466 sed
2989 1413 3341 1483 omnipotens
3367 1411 3575 1466 dicitur
3602 1413 3758 1467 Deus

2155 1487 2326 1556 l’ater
2343 1486 2494 1568 tuus,
2525 1508 2582 1556 et
2606 1491 2732 1556 ideo
2759 1502 2904 1556 alius
2923 1501 3253 1564 diciturille,
3271 1507 3328 1554 et
3346 1500 3490 1555 alius
3503 1501 3610 1556 iste
3627 1519 3758 1572 pro-

2157 1591 2498 1646 nuntiatur.l
2505 1591 2575 1644 lle
2585 1596 2645 1654 σι
2659 1597 2699 1656 ι
2713 1596 2772 1656 3
2783 1607 3026 1660 namque
3039 1589 3330 1644 invisibilis
3341 1596 3397 1644 et
3407 1590 3759 1645 inenarrabi-

2155 1679 2224 1732 lis
2245 1680 2450 1744 existit,
2484 1679 2575 1733 hic
2593 1697 2720 1733 vero
2753 1679 2981 1734 visibilis
3011 1686 3067 1734 et
3094 1679 3474 1750 corruptibilis
3511 1686 3616 1734 est.
3649 1681 3758 1735 Ille

477 1765 662 1834 tentes
682 1789 762 1829 se.
793 1763 864 1829 Et
883 1787 1009 1828 cum
1031 1771 1146 1826 haec
1174 1748 1422 1834 dixisset,
1457 1773 1650 1822 statim
1673 1783 1801 1822 cum
1813 1767 2072 1822 universa
2094 1748 2140 1808 Β
2157 1767 2736 1840 incomprehensibilis
2755 1774 3046 1840 permanet
3065 1769 3122 1822 et
3138 1748 3492 1832 immortalis,
3513 1767 3605 1822 hic
3623 1786 3756 1824 cor-

478 1853 645 1918 d‘omo
673 1879 776 1918 sua
786 1861 1090 1918 crediditin
1101 1857 1282 1916 Deum
1297 1859 1659 1914 Salvatorem.
1693 1857 1764 1910 Et
1783 1856 1916 1926 quia
1935 1856 2071 1909 satis

475 1955 707 2024 longum
716 1951 874 2020 est,si
885 1950 1120 2006 velimus
1132 1949 1392 2004 universa
1405 1945 1686 2000 mirabilia
1697 1963 1818 2016 quae
1831 1962 1918 2016 pet
1940 1959 2070 1999 eum

475 2033 748 2098 Dominus
765 2045 1032 2112 operatus
1053 2045 1138 2093 est
1159 2039 1410 2092 studioso
1423 2035 1615 2090 lectori
1635 2049 1930 2106 eXponere,
1952 2033 2069 2088 haec

473 2122 701 2186 interim
723 2132 904 2202 'pauca
923 2125 990 2183 de
1021 2127 1212 2182 multis
1239 2127 1300 2179 in
1328 2131 1657 2179 transcursu
1676 2122 2070 2194 perstrimnsse

473 2219 730 2276 sufﬁciat.
753 2217 916 2274 Nunc
926 2234 1056 2271 vero
1077 2215 1145 2270 ad
1168 2215 1514 2288 prapositum
1538 2230 1678 2286 opus
1697 2217 2064 2266 revertamur.

543 2311 674 2364 CAP.
706 2302 982 2362 V.—Una
1001 2307 1192 2376 itaque
1223 2321 1252 2358 e
1282 2302 1496 2367 diebus,
1521 2302 1655 2356 dum
1681 2301 1909 2374 quidam
1932 2301 2068 2354 ado-

471 2395 684 2453 lescens
711 2395 952 2450 nimium
985 2393 1219 2448 decorus
1248 2393 1423 2457 vultu,
1474 2397 1530 2445 et
1553 2389 1789 2462 pulcher
1815 2395 2064 2460 aspectu,

468 2481 668 2542 Astion
688 2485 934 2550 nomine,
954 2481 1287 2536 visitationis
1299 2480 1483 2552 gratia
1502 2479 1572 2532 ad
1593 2495 1721 2533 eum
1755 2478 2066 2532 devenisse-t

469 2576 638 2646 atque
653 2576 813 2645 juxta
841 2587 900 2626 se
913 2587 1044 2626 eum
1057 2570 1252 2624 sedere
1269 2569 1468 2623 beatus
1479 2563 1774 2638 presbyter
1783 2571 2054 2636 rogasset,

468 2665 683 2735 ponens
699 2678 928 2716 manum
950 2673 1120 2730 super
1138 2663 1308 2730 caput
1335 2659 1474 2728 ejus,
1501 2655 1667 2727 coepit
1695 2672 1824 2709 eum
1844 2653 2063 2708 blandis

466 2751 817 2807 sermonibus
828 2749 1018 2804 taliter
1031 2749 1101 2802 ad
1114 2747 1282 2802 ﬁdem
1299 2745 1520 2800 Domini
1532 2743 1813 2798 cohortari
1831 2743 2020 2798 dicens
2047 2761 2058 2796 :

468 2830 622 2906 Quis,
653 2839 855 2910 inquit,
888 2855 948 2892 es
975 2833 1058 2904 tu,
1093 2851 1126 2892 ο
1155 2835 1473 2890 dulcissime
1503 2834 1600 2896 ﬁli,
1625 2838 1688 2887 et
1715 2830 1864 2887 unde
1885 2833 2059 2899 venis,

470 2935 570 2985 aut
593 2945 703 3000 quo
732 2916 910 2982 vadis?
924 2932 1025 2982 aut
1053 2927 1212 2996 cujus
1233 2925 1382 2979 ﬁlius
1403 2941 1500 2978 seu
1527 2923 1752 2994 generis
1768 2922 1844 2976 sis
1873 2919 2062 2976 indica

463 3017 627 3074 mihi.
649 3017 723 3072 At
743 3017 838 3072 ille
869 3014 1218 3088 respondens
1246 3015 1386 3068 dixit
1403 3010 1472 3067 ad
1493 3029 1620 3068 eum
1641 3031 1652 3065 :
1671 3011 1959 3082 Originem
1973 3011 2058 3065 vel

2153 1857 2436 1928 ruptibilis
2455 1863 2514 1912 et
2531 1857 2784 1912 mortalis
2813 1854 2871 1911 in
2899 1855 3156 1912 omnibus
3178 1857 3350 1927 degit.
3370 1856 3758 1928 Perilliusigi-

2151 1951 2250 2001 tur
2275 1947 2751 2018 dispensationem
2766 1946 3312 2007 constantuniversa,
3331 1959 3433 2018 per
3443 1946 3756 2001 istiusvero

2153 2036 2565 2090 ordinationem
2589 2035 2727 2090 nihil
2755 2039 3050 2106 permanet
3073 2035 3405 2089 stabilitum.
3429 2033 3528 2090 Ille
3551 2035 3750 2106 jussit,

2153 2129 2210 2179 et
2229 2124 2410 2179 factus
2439 2142 2527 2192 es;
2551 2124 2854 2184 mandavit.
2875 2129 2934 2178 et
2961 2123 3020 2178 in
3053 2129 3214 2178 utero
3246 2130 3444 2178 matris
3471 2123 3756 2179 formatus

2151 2229 2211 2268 es
2231 2214 2531 2284 ;praecepit,
2565 2217 2622 2267 et
2651 2229 2910 2284 egressus
2941 2229 2999 2267 es
3024 2232 3037 2280 ;
3076 2213 3393 2284 imperavit,
3425 2211 3483 2267 et
3509 2213 3580 2267 ad
3601 2214 3754 2268 hanc

2144 2300 2448 2374 juvenilem
2485 2307 2711 2357 atatem
2731 2300 3034 2373 perductus
3060 2300 3214 2356 es.Et
3232 2300 3458 2370 quidem
3481 2301 3589 2356 iste
3619 2301 3755 2356 visi-

2148 2383 2274 2444 bilis
2295 2389 2828 2460 paterhonorandus
2850 2395 2961 2457 est,
2977 2389 3076 2456 ﬁli,
3095 2405 3206 2444 non
3233 2396 3425 2444 tamen
3441 2389 3586 2444 sicut
3604 2389 3704 2445 ille
3735 2410 3749 2459 ;

2147 2495 2211 2532 eo
2243 2479 2391 2549 quod
2414 2479 2508 2534 ille
2529 2479 2600 2533 ad
2621 2480 2926 2550 imaginem
2943 2485 2998 2534 et
3014 2477 3442 2533 similitudinem
3463 2491 3627 2534 suam
3643 2495 3752 2534 nos

2145 2567 2396 2623 condidit
2411 2575 2467 2623 et
2485 2568 3065 2633 creavit,intellectum
3079 2583 3299 2641 quoque
3310 2569 3752 2640 acprudentiam

2145 2657 2390 2724 donavit,
2415 2673 2642 2712 sensum
2661 2657 3010 2728 pervigilem,
3032 2661 3089 2710 et
3105 2657 3436 2711 memoriam
3464 2656 3750 2713 bonorum

2145 2743 2352 2801 habere
2373 2747 2664 2812 concessit,
2686 2749 2854 2816 atque
2889 2763 3058 2817 super
3089 2745 3278 2800 omnia
3307 2762 3478 2816 opera
3505 2763 3612 2800 sua
3639 2761 3750 2801 nos

2145 2837 2435 2892 constituit
2484 2838 2880 2902 dominatores,
2927 2853 2992 2890 ex
3031 2837 3204 2890 servis
3220 2837 3280 2890 in
3297 2836 3440 2890 ﬁlios
3460 2841 3520 2890 et
3533 2835 3750 2892 fratres

2145 2932 2313 2997 atque
2343 2927 2551 2980 amicos
2561 2943 2664 2980 nos
2679 2926 2783 2980 sibi
2803 2941 2906 2996 per
2925 2941 3086 2979 suam
3097 2926 3340 2995 gratiam
3361 2925 3672 2998 adoptavit;
3691 2929 3752 2980 et

2141 3015 2266 3069 ideo
2295 3016 2443 3069 hunc
2462 3031 2655 3070 verum
2685 3020 2924 3085 patrem,
2973 3015 3069 3084 qui
3097 3013 3256 3068 nobis
3284 3019 3448 3068 tanta
3476 3014 3751 3085 praestitit

462 3103 642 3180 genus
663 3120 870 3171 meum,
907 3105 1152 3176 qualiter
1188 3103 1524 3158 beatitudini
1553 3109 1666 3156 tuae
1696 3103 1988 3172 exponam,
2025 3117 2056 3154 ο
2075 3077 2118 3136 C
2141 3104 2306 3170 bona,
2347 3119 2570 3174 semper
2617 3103 2889 3167 convenit,
2939 3103 3038 3169 ﬁli,
3063 3119 3365 3173 agnoscere
3389 3101 3445 3156 et
3475 3103 3743 3158 adorare.

462 3191 787 3250 beatissime
817 3199 996 3266 pater,
1033 3193 1253 3264 ignoro.
1287 3188 1404 3246 Hoc
1431 3208 1564 3262 ergo
1591 3190 1740 3262 quod
1769 3189 1903 3255 scio,
1933 3195 2057 3242 tan-

460 3275 754 3340 tummodo
774 3283 1016 3338 breviter
1026 3287 1082 3336 et
1099 3283 1158 3336 in
1172 3288 1501 3336 transcursu
1523 3279 1627 3334 tibi
1645 3278 1920 3333 indicabo.
1947 3279 2054 3332 Pa-

461 3369 550 3428 ter
579 3390 739 3428 meus
754 3372 1063 3444 primarius
1073 3369 1228 3426 urbis
1248 3371 1416 3441 hujus
1427 3375 1483 3423 et
1493 3369 1730 3422 nimium
1748 3367 2056 3422 ditissimus

461 3459 730 3530 habetur;
763 3465 944 3516 mater
969 3477 1097 3515 vero
1115 3460 1184 3515 de
1206 3459 1511 3514 illustrium
1533 3473 1739 3528 genere
1761 3463 1817 3510 et
1843 3453 2053 3510 Juliani

461 3551 738 3607 Senatoris
753 3550 968 3605 exstitit
979 3550 1110 3614 ﬁlia,
1145 3549 1240 3619 qui
1265 3565 1356 3602 me
1377 3547 1626 3618 quotidie
1641 3545 1801 3616 quasi
1823 3545 2054 3598 unicum

457 3641 666 3712 pignus
684 3657 748 3693 ac
777 3639 1238 3710 pretiosissimam
1256 3634 1970 3708 inspiciunt,margaritam.
1987 3633 2056 3686 Et

460 3736 688 3783 sanctus
727 3719 796 3781 ad
840 3727 991 3781 haec:
1017 3725 1168 3780 Bene
1197 3725 1406 3789 dixisti,
1440 3724 1517 3777 mi
1561 3728 1712 3786 nate,
1744 3723 1875 3794 quia
1902 3721 2056 3776 velut

461 3815 826 3888 margaritam
846 3815 1187 3886 inspiciunt;
1217 3831 1330 3868 non
1360 3813 1508 3866 enim
1534 3813 1653 3884 jam
1675 3811 1884 3864 habent
1909 3829 1921 3879 ;
1955 3810 2052 3864 sed

461 3904 766 3976 inspiciunt
795 3903 1204 3969 tantummodo,
1257 3919 1322 3956 eo
1367 3901 1514 3974 quod
1544 3900 1838 3954 benedicta
1863 3900 2054 3953 anima

459 3991 560 4048 tua
575 3993 872 4065 pretiosior
883 3993 1033 4046 omni
1047 3992 1355 4062 margarita
1367 4007 1454 4044 om
1463 3990 1632 4060 nique
1647 3989 1872 4043 metallo
1885 3987 2054 4042 habe-

457 4079 813 4147 tur'Christo,
833 4095 998 4152 quam
1015 4080 1255 4151 sibiipse
1282 4079 1536 4135 Salvator
1579 4083 1770 4132 noster
1820 4079 1940 4147 jam
1994 4077 2054 4130 in

459 4172 624 4227 Suum
651 4170 1028 4226 ministerium
1051 4175 1108 4234 et
1125 4169 1194 4224 ad
1212 4169 1568 4223 serviendum
1583 4166 1769 4238 elegit,
1785 4173 1851 4220 ut
1871 4165 2047 4219 video.

457 4261 599 4314 Veni
631 4275 784 4331 ergo,
805 4259 884 4313 mi
915 4263 1066 4326 nate,
1099 4263 1154 4312 et
1179 4273 1380 4330 respue
1405 4273 1472 4310 ea
1501 4271 1626 4329 quae
1645 4257 1705 4310 in
1724 4255 1934 4310 mundo
1947 4253 2054 4308 hoc

2138 3194 2282 3246 Nam
2329 3197 2394 3246 et
2419 3193 2527 3246 isto
2555 3191 2760 3246 visibili
2780 3191 2926 3263 patri
2957 3189 3028 3246 ad
3057 3192 3162 3245 hoc
3189 3196 3415 3245 tantum
3444 3188 3630 3246 honor
3655 3197 3750 3247 est

2110 3279 2493 3347 .deferendus,
2537 3279 2685 3351 quod
2711 3280 2858 3335 servi
2890 3278 3268 3334 ministerium
3293 3293 3430 3350 erga
3459 3293 3562 3334 nos
3587 3294 3747 3351 saepe

2138 3370 2388 3424 exercuit
2404 3371 2464 3424 in
2490 3386 2661 3442 parva
2686 3375 2852 3424 etate
2885 3369 3236 3436 constitutos,
3286 3369 3615 3439 frequenter
3633 3385 3747 3424 nos

2137 3459 2272 3513 dum
2295 3459 2466 3530 pavit,
2499 3459 2702 3530 saepius
2731 3459 2867 3512 dum
2897 3457 3164 3512 sollicitus
3191 3455 3299 3511 fuit
3325 3456 3398 3511 ad
3425 3473 3492 3512 ea
3514 3464 3640 3528 quae
3655 3457 3748 3512 in-

2135 3548 2322 3603 fantia:
2349 3553 2554 3602 nostra:
2583 3553 2746 3602 erant
2779 3547 3110 3613 necessaria,
3168 3545 3306 3600 dum
3353 3547 3606 3600 osculata
3650 3551 3748 3601 est

2136 3655 2263 3692 caro
2301 3652 2424 3708 quae
2445 3637 2628 3691 carnis
2656 3637 2946 3702 sunt,dum
2960 3635 3390 3690 sollicitudinem
3407 3633 3614 3690 habuit
3633 3653 3745 3708 pro

2135 3726 2441 3780 visceribus
2477 3726 2736 3797 propriis.
2773 3727 2910 3780 Ecce
2962 3725 3154 3796 itaque
3177 3739 3280 3796 pro
3310 3724 3519 3779 talibus
3547 3726 3745 3780 causis

2134 3815 2316 3870 honor
2340 3815 2391 3868 ei
2421 3814 2753 3869 deferendus
2787 3819 2894 3868 est.

2207 3904 2316 3958 Sed
2367 3908 2424 3958 et
2468 3910 2651 3957 mater
2690 3908 2884 3957 nostra
2905 3901 3018 3957 alia
3054 3901 3309 3969 habetur,
3332 3903 3432 3957 ﬁli.
3458 3903 3584 3957 Non
3617 3901 3746 3960 haec

2135 3992 2386 4058 visibilis,
2441 3992 2539 4046 sed
2565 3991 2900 4046 immortalis
2926 3997 3256 4062 permanet;
3307 3997 3365 4046 et
3399 4008 3522 4064 quae
3559 3992 3745 4063 digne

2138 4081 2411 4136 Salvatori
2449 4087 2644 4136 nostro
2675 4087 2760 4136 est
2794 4081 3147 4152 desponsata,
3175 4086 3344 4151 atque
3371 4097 3475 4152 per
3497 4078 3746 4152 angelos

2135 4175 2220 4224 est
2247 4171 2538 4235 adornata,
2569 4185 2673 4242 per
2702 4169 3002 4242 prophetas
3016 4176 3300 4235 exornata,
3317 4181 3422 4241 per
3445 4171 3745 4241 apostolos

2132 4261 2462 4332 gloriﬁcata,
2478 4275 2578 4331 per
2601 4265 2880 4332 martyres
2910 4264 2967 4312 et
2987 4258 3332 4314 confessores
3353 4258 3622 4325 exaltata,
3653 4265 3747 4314 at-

453 4349 752 4415 habentur,
783 4354 850 4402 ut
867 4362 995 4402 cum
1009 4346 1492 4402 sanctisomnibus
1513 4347 1611 4400 illa
1633 4345 1692 4398 in
1721 4344 1912 4398 futuro
1931 4359 2104 4420 per-h
2137 4365 2243 4420 que
2261 4349 2321 4403 in
2344 4349 2590 4412 Christo,
2623 4353 2680 4402 et
2705 4363 2808 4419 per
2851 4346 3138 4402 Christum
3158 4345 3218 4402 in
3235 4347 3447 4402 caglesti
3479 4344 3743 4402 thalamo

457 4439 630 4510 cipias
659 4411 782 4510 quae
802 4438 894 4492 hic
921 4453 1034 4492 non
1061 4437 1339 4492 videntur.
1370 4433 1486 4491 Ista
1514 4435 1664 4489 enim
1711 4433 1899 4488 omnia
1934 4411 2222 4503 quaaDést
2240 4439 2471 4504 elevata,
2505 4455 2628 4509 quae
2654 4411 2802 4492 etab
2820 4433 3141 4491 hominibus
3177 4433 3296 4492 haec
3324 4443 3519 4490 sancta
3548 4444 3746 4492 mater

455 4527 868 4592 hicintuentur,
887 4525 1355 4582 transitoriasunt
1374 4530 1430 4578 et
1443 4525 1696 4596 peritura
1715 4523 1838 4590 ;illa
1859 4527 2048 4576 autem

457 4617 582 4688 quae
612 4619 761 4672 Deus
791 4615 896 4670 sibi
939 4613 1308 4668 servientibus
1346 4613 1700 4684 pracparavit,
1731 4615 1964 4666 manent
1988 4611 2048 4664 in

457 4713 754 4772 aeternum,
778 4701 1056 4777 quomodo
1081 4709 1138 4758 et
1159 4703 1280 4776 ipse
1292 4707 1484 4756 manet
1497 4701 1555 4756 in
1583 4707 1876 4757 aeternum.
1901 4703 2048 4756 Nam

455 4811 657 4850 aurum
684 4795 808 4849 hoc.
839 4793 943 4859 ﬁli,
971 4791 1120 4864 quod
1147 4791 1384 4856 videtur,
1417 4807 1530 4845 non
1561 4797 1646 4845 est
1696 4807 1909 4856 verum,
1951 4789 2048 4843 sed

457 4883 714 4954 quaedam
757 4881 977 4936 vanitas
1034 4885 1119 4935 est
1170 4879 1500 4951 phantasiae,
1534 4895 1636 4951 per
1677 4897 1847 4951 quam
1867 4879 1924 4933 in
1945 4879 2049 4932 hoc

457 4973 666 5025 mundo
695 4971 1012 5024 illuduntur
1027 4969 1230 5024 anima:
1245 4969 1548 5038 justorum.
1583 4968 1853 5023 Similiter
1882 4973 1938 5022 et
1964 4985 2052 5021 ar-

450 5069 686 5131 gentum
721 5059 869 5134 quod
900 5058 1020 5112 istis
1049 5057 1222 5111 oculis
1251 5057 1518 5123 cernitur,
1547 5057 1750 5111 falsum
1798 5057 2050 5128 possidet

449 5149 680 5214 nomen,
705 5148 853 5220 quod
884 5146 954 5201 ab
983 5145 1240 5201 omnibus
1253 5145 1564 5201 fabricatur
1580 5145 1892 5214 etlimatur,
1917 5151 2045 5200 tan-

449 5234 747 5292 tummodo
772 5243 836 5292 ut
855 5233 1097 5308 decipiat
1123 5251 1352 5306 rapaces
1369 5241 1425 5289 et
1447 5234 2044 5306 suadeatinsipientes.

453 5326 594 5380 Veni
625 5342 774 5397 ergo,
830 5330 888 5379 et
935 5325 1067 5379 audi
1105 5341 1212 5388 me,
1247 5324 1324 5378 ﬁli
1354 5323 1692 5391 dulcissime,
1727 5329 1784 5378 et
1812 5339 1914 5394 ego
1941 5323 2044 5377 tibi

455 5415 686 5470 ostendo
715 5415 880 5486 quale
905 5428 1108 5468 aurum
1134 5413 1238 5466 tibi
1260 5419 1344 5468 est
1368 5413 1708 5484 eligendum,
1749 5413 1836 5466 vel
1881 5413 2045 5482 quale

453 5493 752 5576 argentum
791 5505 866 5558 sit
891 5503 1412 5576 concupiscendum,
1463 5502 1606 5557 illud
1648 5501 1858 5556 scilicet
1897 5502 2046 5572 quod

447 5589 723 5652 Dominus
749 5599 940 5650 noster
967 5601 1136 5666 atque
1157 5593 1412 5650 Salvator
1423 5579 1488 5649 in
1499 5609 1556 5650 se
1573 5591 1928 5648 credentibus
1939 5593 2046 5650 im-

2129 4527 2375 4584 Ecclesia
2399 4527 2815 4599 pronuntiatur.
2848 4525 3023 4596 Cujus
3049 4541 3171 4591 vox,
3192 4529 3256 4580 ut
3283 4523 3522 4580 turturis
3551 4525 3745 4580 habe-

2129 4623 2242 4684 tur,
2265 4618 2334 4672 ad
2357 4617 2516 4687 cujus
2533 4612 2682 4670 labia
2701 4613 2974 4669 distillant
2989 4617 3261 4680 aromata,
3277 4613 3488 4689 scilicet
3501 4619 3743 4685 aposto-

2130 4707 2312 4760 lorum
2325 4705 2596 4760 doctrina.
2611 4703 2788 4775 Cujus
2800 4703 2966 4769 oculi,
2985 4703 3095 4757 duo
3112 4707 3245 4758 sunt
3254 4699 3377 4757 οωΙί
3399 4702 3740 4758 luminaria!

2130 4798 2291 4867 cujus
2315 4797 2508 4850 dentes
2524 4799 2656 4848 sunt
2670 4792 2912 4859 candidi,
2937 4797 2994 4847 et
3007 4792 3168 4864 quasi
3185 4791 3404 4846 lavacro
3425 4789 3746 4847 ascenden-

2130 4885 2222 4939 tis.
2253 4885 2432 4948 Quem
2469 4883 2769 4955 mysticum
2784 4889 3012 4936 sensum
3031 4879 3228 4952 viginti
3244 4885 3489 4952 quatuor
3499 4879 3632 4934 libri
3651 4881 3749 4948 (4)

2133 4973 2510 5028 sacratissima
2555 4969 2766 5026 habent
2796 4971 2857 5024 in
2903 4969 3108 5040 ﬁgura.
3133 4964 3418 5040 De‘cujus
3462 4967 3744 5023 manibus

2130 5063 2308 5117 stillat
2331 5059 2733 5133 myrrha,quod
2753 5065 2840 5114 est
2873 5057 3096 5130 justitia
3111 5061 3168 5112 et
3189 5058 3328 5112 ﬁdes
3357 5074 3508 5112 vera.
3551 5058 3746 5128 Cujus

2129 5153 2320 5206 decem
2342 5151 2524 5221 digiti,
2551 5149 2804 5218 decalogi
2822 5147 3088 5201 virtutem
3117 5146 3408 5202 continent
3432 5152 3492 5201 et
3533 5163 3743 5202 sm-

2128 5248 2284 5296 ment
2301 5239 2626 5310 um.Cujusi
2652 5238 2829 5292 ubera
2855 5236 2967 5290 duo
2999 5241 3134 5291 sunt
3162 5235 3540 5302 Testamenta,
3561 5233 3746 5308 Moy-

2129 5330 2278 5384 saica
2308 5329 2518 5384 scilicet
2543 5328 2648 5388 lex.
2707 5333 2764 5382 et
2786 5325 3076 5396 Evangelii
3104 5323 3308 5396 gratia.
3341 5325 3519 5396 Cujus
3545 5323 3746 5398 pedes

2128 5419 2341 5472 similes
2382 5423 2515 5472 sunt
2567 5415 2915 5484 aurichalco;
2949 5415 3110 5484 cujus
3139 5420 3338 5469 venter
3366 5420 3423 5468 et
3451 5414 3748 5468 interiora

2129 5501 2714 5558 sacratissimifontem
2727 5498 3002 5571 Baptismi
3018 5495 3336 5555 etomnium
3357 5499 3614 5570 gentium
3629 5497 3750 5554 de.

2129 5583 2349 5649 clarant
2395 5589 2900 5665 regenerationem.
2934 5587 3076 5644 Veni
3105 5593 3258 5662 ergo,
3291 5586 3614 5644 dulcissiine
3637 5590 3746 5643 mi
