3946 6192
238 306 322 365 397

655 310 823 364 VITA
862 310 1302 365 SANC'I‘ORUM
1340 310 1663 365 EPICTETI
1703 306 2145 364 PRESBYTERI
2186 288 2645 361 ET-ASTIONIS
2683 302 3036 357 MONACHI.

3370 300 3480 362 398

236 438 367 495 nate,
393 437 453 485 et
474 431 647 502 hujus
672 435 975 489 verissima}
1004 435 1201 489 matris
1219 442 1328 490 tum
1357 436 1531 490 ubera
1560 452 1697 505 suge
1719 453 1731 500 ;
1756 442 1813 488 et
1828 430 1871 495 Ᾱ
1896 442 2256 503 devenerunt,
2304 440 2397 493 ubi
2429 440 2613 493 nullus
2641 444 2763 492 erat
2792 439 2887 509 qui
2916 456 3010 501 eos
3043 439 3129 493 vel
3158 454 3351 495 eorum
3370 448 3483 513 'p'a—

236 521 577 591 acquiescens
605 524 1023 590 monitionibus,
1046 542 1247 596 respue
1263 542 1385 596 quae
1407 526 1463 579 in
1492 526 1597 578 hoc
1614 526 1813 579 smnio

236 611 497 673 videntur,
532 618 594 665 ut
622 612 732 666 illis
759 612 872 666 frui
913 614 1201 678 merearis,
1236 631 1358 685 qum
1399 615 1455 667 in
1485 615 1673 669 futura
1704 614 1813 667 vita

235 702 338 753 suis
360 700 490 754 ﬁliis
516 717 577 754 se
606 702 754 755 Deus
776 702 1099 771 repromisit
1127 703 1355 756 donare.
1400 704 1510 757 Sed
1543 709 1601 756 et
1619 718 1813 757 verum

236 790 446 843 Patrem
479 796 735 843 nostrum
756 791 887 844 audi
906 791 1185 845 dicentem
1212 809 1223 844 :
1253 792 1348 845 Exi
1369 793 1438 846 de
1456 798 1610 845 terra
1624 798 1740 853 tua,
1760 798 1818 844 et

232 880 294 933 de
320 880 653 950 cognatione
694 885 811 945 tua,
846 886 902 934 et
939 882 1065 934 veni
1096 881 1154 935 in
1192 882 1347 934 illam
1387 887 1616 941 terram,
1648 897 1816 951 quam

232 970 680 1023 demonstravero
710 969 813 1022 tibi
840 969 987 1031 (Gen.
1023 971 1147 1037 xn);
1182 970 1237 1023 in
1265 976 1475 1023 terram
1502 970 1712 1023 scilicet
1736 971 1817 1023 vi-

232 1059 559 1121 ventium,et
573 1058 854 1127 regionem
877 1064 1225 1113 sanctorum:
1247 1059 1306 1112 in
1329 1062 1536 1112 terram
1553 1060 1818 1112 fluentem

231 1146 365 1201 lacte
388 1156 447 1200 et
486 1148 672 1211 melle,
723 1148 777 1200 id
809 1153 915 1212 est,
964 1146 1021 1200 in
1070 1148 1323 1201 doctrina
1355 1149 1734 1219 apostolorum
1764 1159 1821 1201 et

234 1237 648 1306 prophetarum.
674 1237 743 1290 Et
770 1253 899 1291 cum
928 1238 1189 1291 universa
1208 1254 1330 1307 quae
1357 1236 1459 1290 tibi
1480 1243 1819 1307 praeceperat

232 1326 551 1396 expleveris,
582 1331 718 1379 tunc
742 1326 929 1379 tradet
966 1326 1344 1396 passessiones
1382 1326 1647 1396 paradisi,
1680 1342 1818 1395 pan-

234 1415 322 1468 det
342 1413 442 1467 tibi
468 1420 823 1467 sacramenta
842 1415 1111 1481 caelestia,
1129 1414 1358 1468 donabit
1376 1415 1534 1483 regni
1556 1415 1821 1467 caelorum

236 1503 896 1573 gloriam,demonstrabit
914 1504 1292 1574 apostolorum
1325 1504 1657 1557 immensam
1680 1503 1822 1556 laeti-

235 1594 707 1662 tiam,martyrum
737 1593 954 1655 choros,
980 1594 1305 1662 angelorum
1329 1599 1496 1663 atque
1523 1594 1824 1661 archange-

1896 532 2065 585 triam
2098 537 2283 602 posset
2304 546 2623 598 agnoscere.

1972 619 2100 671 CAP.
2137 617 2255 671 VII.
2276 651 2329 658 ο-
2356 617 2535 687 Igitur
2555 634 2679 670 cum
2708 619 2851 671 hanc
2871 624 3121 673 sanctam
3141 620 3331 692 fugam
3358 618 3488 675 bea«

1897 705 2101 759 tissimi
2136 706 2237 757 viri
2268 712 2703 775 perpetrassent,
2738 713 3025 777 cceperunt
3062 714 3323 778 parentes
3354 726 3485 763 san-

1898 794 1973 848 cti
2002 794 2246 848 Astionis
2271 811 2371 864 per
2399 794 2617 848 diversa
2644 795 2767 848 loca
2795 812 2921 848 eum
2953 796 3256 866 requirere,
3290 804 3347 852 et
3391 810 3485 853 no-

1900 900 2028 936 men
2074 884 2214 953 ejus,
2275 882 2385 936 huc
2431 883 2672 953 illucque
2721 883 3112 950 discurrentes,
3148 902 3271 940 cum
3314 886 3490 941 nimio

1902 989 2141 1025 mcerore
2167 972 2496 1028 inclamare.
2522 972 2810 1043 Siquidem
2837 976 3130 1044 paterejus
3158 974 3491 1029 vociferaba-

1902 1066 2012 1123 tur,
2045 1061 2233 1114 dicens
2267 1080 2277 1114 :
2313 1061 2416 1114 Fili
2448 1058 2784 1126 dulcissime,
2819 1067 2875 1115 et
2916 1063 3143 1116 unicum
3188 1056 3379 1118 meum'
3404 1065 3490 1136 pi-

1900 1167 2066 1220 gnus,
2091 1151 2287 1204 Astion
2330 1150 2673 1212 charissime,
2706 1150 2840 1221 quid
2887 1152 2988 1204 tibi
3036 1153 3243 1205 factum
3274 1159 3375 1217 est,
3407 1155 3491 1208 vel

1902 1239 2081 1310 qualis
2101 1239 2228 1292 fera
2248 1244 2303 1293 te
2334 1238 2516 1292 subito
2536 1240 2834 1301 devoravit,
2852 1246 2916 1293 ut
2934 1257 3034 1293 nec
3062 1246 3263 1311 parum
3285 1240 3494 1311 aliquid

1902 1328 2269 1398 reliquiarum
2297 1333 2526 1381 tuarum
2560 1329 2837 1398 potuerim
2870 1330 3116 1399 reperire
3137 1331 3162 1383 ἲ
3191 1329 3235 1383 Ο
3264 1329 3495 1385 baculus

1904 1416 2204 1471 senectutis
2236 1435 2390 1481 mea),
2426 1424 2482 1470 et
2509 1417 2781 1471 viscerum
2804 1435 3057 1472 meorum
3080 1420 3292 1483 lumen,
3320 1419 3414 1474 ubi
3442 1422 3497 1474 te

1900 1508 2018 1577 jam
2048 1507 2285 1560 ulterius
2314 1506 2599 1576 requiram
2622 1506 2821 1570 nescio,
2849 1514 2905 1561 et
2934 1507 2988 1560 in
3019 1524 3185 1578 quam
3210 1510 3497 1579 regionem

1906 1601 2133 1665 propter
2160 1600 2215 1648 te
2244 1612 2398 1647 meos
2430 1594 2649 1649 mittam
2690 1596 2925 1649 famulos
2971 1595 3183 1665 ignoro.
3216 1597 3302 1651 Tu
3348 1596 3496 1651 enim

238 1682 409 1734 lorum
438 1681 814 1750 frequentiam
835 1681 1037 1752 saepius
1055 1681 1492 1735 declarabit.Sed
1520 1698 1687 1752 super
1707 1682 1825 1734 haec
1843 1751 1877 1754 _
1904 1701 2029 1737 eras
2069 1682 2221 1737 urbis
2254 1683 2422 1753 hujus
2461 1684 2863 1754 pretiosissima
2906 1684 3231 1754 margarita,
3266 1690 3324 1738 tu
3351 1685 3498 1739 inter

239 1770 436 1834 omnia,
455 1776 520 1823 ut
542 1770 722 1824 ﬁlium
752 1777 808 1824 et
834 1771 1064 1824 fratrem
1092 1775 1148 1823 te
1171 1770 1276 1823 sibi
1308 1787 1407 1840 per
1424 1751 1665 1839 gratiam
1693 1770 1824 1823 ado-
1842 1751 2030 1827 Btuos
2054 1772 2198 1825 cives
2222 1778 2286 1825 ut
2312 1751 2569 1825 columba
2597 1772 2969 1843 pulcherrima
3000 1751 3294 1827 incedebas
3317 1793 3329 1841 ;
3354 1779 3416 1828 tu
3435 1780 3500 1829 ut

240 1858 426 1929 ptabit.
463 1860 597 1913 Haec
623 1860 858 1913 audiens
876 1859 1097 1929 juvenis
1114 1859 1825 1929 sapientissimus,procidit

241 1949 301 2002 ad
330 1949 478 2002 senis
502 1965 707 2018 genua,
725 1956 783 2002 et
801 1965 999 2018 rogare
1020 1965 1149 2002 eum
1178 1949 1362 2018 ccepit,
1386 1954 1450 2002 ut
1466 1948 1620 2001 illise
1640 1948 1825 2018 potius

239 2037 568 2104 oll‘erret,cui
607 2037 728 2107 ipse
758 2037 827 2091 ab
854 2038 1085 2097 ineunte
1116 2043 1278 2091 aetate
1311 2037 1740 2107 deserviret,qui
1772 2042 1828 2089 et

238 2132 396 2180 tantae
425 2127 695 2197 potentiae
724 2132 780 2180 et
804 2127 1207 2197 magnitudinis
1236 2128 1386 2181 solus
1414 2126 1734 2180 haberetur.
1760 2127 1827 2179 Et

241 2216 363 2285 quia
385 2222 620 2286 propter
648 2233 835 2270 servos
852 2234 949 2271 seu
976 2217 1423 2286 ministros,quia
1438 2216 1507 2269 ad
1533 2218 1654 2286 ejus
1665 2220 1825 2269 erant

242 2303 582 2374 obsequium,
616 2320 688 2357 ne
717 2304 997 2375 quispiam
1013 2321 1209 2359 eorum
1229 2306 1346 2358 haec
1363 2305 1510 2375 patri
1530 2303 1822 2370 indicaret,

242 2393 470 2463 amplius
516 2393 657 2446 nihil
701 2394 898 2447 Astion
944 2395 1002 2447 in
1030 2394 1121 2448 die
1157 2393 1253 2447 illa
1301 2394 1371 2447 ad
1408 2394 1695 2447 hominem
1727 2393 1828 2447 Dei

246 2482 448 2535 locutus
477 2488 583 2539 est.

307 2574 431 2626 Cap.
466 2573 641 2626 VI.—
669 2573 797 2626 Alia
816 2589 944 2644 vero
974 2574 1063 2626 die
1091 2588 1328 2642 surgens
1350 2572 1530 2641 primo
1560 2572 1823 2637 diluculo,

244 2667 301 2714 ut
324 2661 439 2732 apis
467 2661 931 2732 prudentissima,
953 2662 1023 2714 ad
1052 2662 1312 2714 eumdem
1342 2662 1526 2713 locum
1555 2660 1705 2714 unde
1733 2661 1828 2714 he-

244 2756 419 2804 sterna
447 2750 539 2803 die
568 2752 823 2804 caelestes
850 2751 1016 2803 ﬂores
1037 2749 1221 2803 fuerat
1247 2750 1530 2819 depastus,
1557 2764 1823 2819 propera-

243 2840 334 2896 vit.
370 2838 437 2894 Et
464 2841 755 2910 ingressus
786 2838 841 2891 in
868 2838 1216 2892 mansionem
1240 2838 1546 2891 sacerdotis
1577 2837 1821 2903 Domini,

245 2929 418 2982 taliter
443 2946 573 2982 eum
607 2928 892 2993 salutavit,
925 2928 1149 2981 dicens:
1185 2929 1321 2991 Ave,
1341 2944 1372 2981 0
1401 2927 1650 2997 apostolo
1672 2927 1827 2981 Chri-

245 3018 323 3083 sti,
341 3024 395 3072 et
420 3019 549 3072 novi
580 3017 925 3072 Testamenti
953 3017 1229 3073 minister.
1254 3017 1323 3070 Et
1337 3021 1566 3070 sanctus
1585 3016 1652 3069 ad
1680 3017 1824 3070 haec:

1908 1861 2097 1914 radius
2120 1862 2250 1914 solis
2280 1860 2428 1914 inter
2456 1878 2650 1914 omnes
2678 1861 2961 1931 fulgebas;
2992 1868 3056 1915 tu
3085 1868 3149 1916 ut
3169 1856 3499 1932 splendidis-

1908 1948 2053 2003 sima
2071 1951 2205 2003 luna
2228 1948 2376 2003 inter
2392 1951 2661 2021 populare
2680 1951 2882 2020 vulgus
2905 1951 3251 2017 coruscabas;
3275 1958 3339 2005 tu
3352 1952 3501 2005 inter

1909 2038 2189 2108 sapientes
2215 2038 2523 2109 sapientior
2552 2039 2847 2093 existebas.
2882 2040 2950 2093 Et
2978 2039 3111 2110 quid
3143 2036 3361 2093 multa?
3393 2041 3501 2097 Per
3560 2040 3575 2049 “

1909 2133 2007 2181 tua
2036 2128 2305 2181 melliflua
2334 2127 2501 2181 verba
2530 2129 2814 2182 universos
2845 2128 2914 2182 ad
2944 2130 3027 2182 tui
3057 2128 3264 2182 amoris
3286 2129 3502 2183 deside-

1907 2217 2053 2270 rium
2084 2216 2440 2287 provocabas.
2476 2218 2604 2271 Ilmc
2634 2217 2858 2287 quidem
2892 2222 3069 2287 pater.
3095 2218 3200 2271 Sed
3235 2222 3291 2271 et
3320 2210 3502 2272 mater

1908 2306 2166 2359 scindens
2195 2305 2526 2359 vestimenta
2550 2321 2670 2369 sua,
2690 2322 2754 2358 ac
2782 2304 2986 2359 feriens
3006 2305 3263 2360 manibus
3283 2313 3498 2378 pectus,

1911 2395 2009 2447 tali
2041 2394 2206 2447 modo
2235 2393 2497 2457 deflebat,
2516 2393 2706 2448 dicens
2732 2412 2742 2446 :
2774 2394 2911 2458 Quis
2940 2400 2996 2448 te
3026 2411 3056 2448 a
3086 2411 3173 2448 me
3195 2396 3495 2466 separavit,

1912 2484 1997 2537 vel
2022 2483 2145 2554 quis
2164 2482 2427 2536 seduxit?
2447 2500 2545 2536 seu
2569 2483 2751 2553 qualis
2778 2482 2893 2536 avis
2923 2484 3155 2537 demens
3175 2485 3243 2537 de
3271 2480 3500 2554 gremiis

1911 2572 2114 2643 rapuit,
2150 2590 2183 2624 ο
2211 2572 2531 2625 dulcissime
2562 2572 2641 2625 ﬁli
2669 2572 2885 2637 Astion,
2904 2572 3119 2641 ignoro.
3137 2571 3267 2637 Sed,
3286 2579 3351 2626 ut
3378 2589 3502 2627 sus-

1910 2661 2080 2731 picor,
2111 2661 2253 2714 forte
2282 2661 2376 2714 ille
2405 2661 2852 2714 Christianorum
2877 2662 3043 2725 Deus,
3062 2666 3239 2714 unum
3259 2660 3414 2715 misit
3433 2661 3502 2715 de

1908 2750 2044 2814 suis,
2062 2754 2119 2802 et
2145 2750 2415 2819 pervertit
2439 2766 2534 2803 cor
2554 2755 2735 2811 tuum,
2751 2755 2807 2803 et
2827 2748 3165 2803 abalienavit
3187 2754 3243 2803 te.
3266 2764 3299 2803 a
3320 2749 3497 2804 nobis.

1908 2837 1976 2891 Et
2003 2854 2152 2890 nunc
2183 2855 2261 2891 vae
2286 2838 2423 2890 mihi
2457 2855 2672 2892 miserae
2694 2839 2813 2900 soli,
2842 2855 2906 2892 eo
2928 2839 3075 2910 quod
3096 2839 3315 2893 inﬁnita
3332 2836 3505 2893 tristi-

1907 2925 2005 2991 tia,
2031 2931 2086 2979 et
2116 2926 2481 2980 intolerabilis
2511 2928 2671 2980 dolor
2709 2944 2795 2981 me
2826 2926 3216 2999 apprehendit,
3234 2933 3290 2981 et
3312 2914 3500 2982 tanto-

1909 3032 2032 3069 rum
2057 3031 2331 3068 annorum
2365 3014 2522 3069 labor
2546 3016 2728 3070 inanis
2758 3017 3018 3070 inventus
3050 3022 3151 3070 est.
3175 3016 3388 3070 Cecidit
3405 3032 3497 3070 co-

246 3107 344 3159 Ave
374 3115 431 3161 et
457 3114 540 3170 tu,
571 3106 817 3177 juvenis,
843 3106 937 3177 qui
957 3106 1213 3176 martyrii
1245 3106 1444 3159 stolam
1479 3110 1535 3158 et
1562 3097 1882 3159 coronamC
1908 3120 2048 3158 rona
2073 3104 2271 3174 capitis
2294 3104 2591 3159 mei.Aruit
2607 3106 2882 3175 siquidem
2901 3105 3117 3159 fructus
3138 3104 3345 3159 ventris
3366 3102 3497 3171 mei,

249 3196 395 3249 rariis
420 3197 663 3266 gemmis
690 3201 1006 3249 contextam
1033 3195 1092 3248 in
1117 3195 1298 3265 capite
1325 3200 1538 3264 gestas.
1574 3195 1826 3266 Cumque

243 3285 385 3353 juxta
415 3302 475 3338 se
504 3301 636 3338 eum
664 3284 861 3337 sedere
891 3278 1128 3349 fecisset,
1155 3283 1344 3336 taliter
1373 3283 1442 3336 ad
1463 3299 1590 3336 eum
1612 3283 1828 3336 locutus

248 3378 344 3426 est:
367 3374 513 3437 Quid
533 3379 638 3437 est,
664 3373 743 3426 ﬁli
763 3373 788 3425 7
804 3374 1006 3427 Semen
1017 3372 1547 3442 Dominicum,quod
1567 3371 1830 3425 hesterna

248 3462 327 3515 die
350 3464 405 3516 in
427 3470 641 3516 terram
672 3462 853 3515 cordis
877 3462 961 3516 tui
988 3477 1089 3531 per
1117 3460 1363 3514 divinam
1394 3460 1635 3529 gratiam
1666 3460 1831 3513 semi-

248 3552 509 3615 navimus,
541 3551 796 3605 ascendit
815 3550 883 3604 ad
905 3550 1167 3613 fructum,
1187 3565 1259 3602 an
1280 3549 1460 3602 adhuc
1480 3548 1827 3602 inﬁdelitatis

250 3641 368 3694 vitio
403 3641 694 3695 detinetur
720 3640 743 3692 ?
772 3641 842 3693 Et
870 3640 1067 3693 Astion
1099 3638 1179 3692 ait
1210 3657 1221 3690 :
1254 3638 1330 3692 Ut
1357 3638 1511 3691 novit
1537 3636 1828 3691 beatitudo

249 3736 350 3795 tua,
379 3749 412 3785 o
442 3730 797 3785 sanctissime
826 3733 1010 3800 pater,
1036 3728 1235 3781 unicus
1268 3726 1377 3780 mei
1418 3726 1710 3797 genitoris,
1738 3725 1830 3780 ni-

248 3820 524 3890 miumque
544 3819 749 3872 Charus
774 3817 951 3871 existo
976 3836 988 3883 ;
1023 3822 1080 3870 et
1103 3816 1237 3869 satis
1262 3815 1458 3881 timeo,
1481 3814 1528 3868 si
1559 3814 1831 3868 Christia-

248 3924 340 3961 nus
368 3909 599 3963 effectus
619 3907 795 3972 fuero,
829 3906 920 3959 ille
947 3921 1062 3976 prae
1093 3904 1271 3958 nimia
1296 3903 1705 3974 desperatione,
1736 3907 1834 3956 aut

246 3998 433 4067 spiritu
459 3997 740 4050 violenter
765 4001 971 4061 careat,
1002 4000 1102 4048 aut
1124 3993 1182 4047 in
1205 3992 1543 4063 profundum
1564 3992 1737 4045 maris
1752 4008 1833 4046 se-

246 4087 539 4157 metipsum
562 4085 908 4157 przecipitet;
933 4090 990 4138 et
1017 4089 1115 4137 aut
1144 4100 1288 4147 vere,
1325 4083 1471 4153 quod
1503 4082 1667 4141 absit,
1700 4098 1831 4151 pro-

246 4182 362 4245 pter
388 4193 477 4229 me
508 4191 706 4228 amens
731 4174 1006 4227 efﬁciatur
1030 4190 1043 4238 ;
1067 4179 1236 4243 atque
1256 4172 1409 4226 unde
1429 4171 1565 4224 mihi
1596 4171 1837 4224 salutem

247 4281 397 4334 spero
424 4264 709 4325 devenire,
736 4263 817 4318 illi
863 4266 1104 4316 mortem
1132 4267 1460 4332 perpetuam
1491 4266 1547 4313 et
1568 4260 1838 4329 gehennae

246 4370 547 4425 praeparcm
578 4354 754 4423 ignes.
784 4353 931 4422 Ergo
961 4351 1008 4405 si
1037 4350 1287 4421 dignaris
1325 4348 1619 4403 consilium
1646 4363 1836 4401 meum

1909 3198 1967 3246 et
1992 3193 2158 3246 sedeo
2188 3199 2252 3246 ut
2279 3193 2472 3246 civitas
2502 3194 2771 3247 desolata.
2807 3194 2987 3247 Mater
3009 3193 3089 3247 fui
3119 3210 3294 3264 usque
3332 3192 3499 3248 hodie

1910 3298 2011 3353 per
2038 3288 2112 3347 te,
2146 3282 2225 3334 ﬁli
2251 3282 2348 3347 mi,
2383 3298 2446 3334 ac
2477 3282 2688 3351 regina.
2724 3282 2780 3335 et
2810 3298 2957 3335 nunc
2984 3288 3040 3336 te
3082 3282 3363 3348 amittens,
3386 3299 3500 3351 nec

1910 3370 2118 3439 reginae
2144 3371 2400 3440 gloriam,
2436 3386 2535 3423 nec
2563 3369 2758 3423 matris
2784 3371 3052 3440 gaudium
3084 3370 3279 3424 habeo.
3305 3371 3415 3425 Sed
3445 3376 3503 3425 et

1909 3464 1993 3525 tu,
2023 3465 2154 3512 nate
2184 3459 2520 3524 dulcissime,
2550 3457 2716 3512 arbor
2743 3459 2917 3524 fuisti,
2954 3464 3009 3513 et
3033 3460 3213 3513 excisa
3233 3478 3320 3527 es;
3354 3477 3506 3513 mar-

1908 3549 2111 3618 garita,
2137 3554 2239 3601 eta
2264 3548 2504 3601 Galilzeis
2525 3548 2605 3618 (6,)
2626 3547 2841 3602 furatus
2861 3566 2946 3614 es;
2979 3566 3205 3618 gemma
3231 3550 3497 3621 pretiosa,

1910 3644 1967 3691 et
1996 3637 2055 3691 in
2087 3637 2319 3691 obscuro
2348 3637 2649 3691 collocatus
2677 3655 2768 3705 es;
2803 3644 2867 3691 ut
2882 3637 3118 3710 lampas,
3149 3644 3205 3692 et.
3234 3639 3505 3693 exstincta

1913 3742 2006 3794 es;
2041 3727 2302 3779 columna
2330 3743 2473 3789 eras,
2501 3731 2553 3780 et
2585 3726 2834 3795 dejectus
2865 3744 2951 3789 es;
2984 3726 3188 3795 regalis
3211 3731 3415 3793 statua,
3450 3734 3507 3780 et

1915 3831 2140 3868 eversus
2159 3831 2236 3868 es.
2271 3815 2339 3868 Et
2369 3815 2501 3885 quid
2532 3814 2754 3867 multa?
2784 3815 2962 3869 Ilomo
3004 3814 3177 3882 fuisti,
3211 3821 3267 3870 et
3293 3815 3352 3870 in
3381 3832 3505 3871 mo-

1914 3904 2087 3957 menti
2118 3905 2273 3967 hora,
2293 3903 2647 3972 ut‘suspicor,
2664 3903 2847 3958 subito
2878 3909 3132 3959 mortuus
3159 3922 3235 3958 es.
3270 3905 3338 3959 Et
3361 3922 3508 3959 nunc

1915 3999 2143 4063 propter
2169 3999 2243 4053 te,
2294 3992 2373 4045 fili
2406 4008 2503 4055 m1,
2544 4009 2736 4046 amens
2786 3993 2979 4050 effecta
3009 4011 3153 4056 sum,
3186 3999 3249 4047 ut
3286 4011 3388 4047 nec
3421 3995 3506 4048 vel

1914 4082 2101 4146 vitam,
2137 4082 2223 4135 vel
2252 4098 2456 4135 nomen
2489 4098 2676 4134 meum
2705 4080 3036 4152 intelligam.
3078 4082 3206 4136 Hmc
3236 4088 3292 4136 et
3316 4082 3510 4153 hujus-

1919 4171 2068 4223 niodi
2114 4169 2283 4222 verba
2328 4175 2488 4240 pater
2534 4171 2655 4239 ejus
2703 4174 2759 4222 et
2802 4177 2984 4223 mater
3029 4171 3294 4234 dicentes,
3355 4170 3508 4224 nullo

1919 4259 2081 4312 modo
2110 4275 2169 4311 se
2198 4263 2458 4328 poterant
2482 4274 2514 4310 a
2543 4274 2781 4312 maerore
2819 4258 3066 4311 maximo
3097 4258 3361 4314 relevare.

1989 4349 2117 4401 Car.
2152 4346 2561 4417 VIII.—Igitur
2580 4363 2704 4400 cum
2736 4345 2791 4400 in
2816 4353 3125 4401 memorata
3154 4346 3312 4410 urbe,
3330 4346 3509 4402 sancti

247 4444 505 4514 accipere,
563 4442 732 4495 facito
776 4440 1004 4494 interim
1035 4456 1158 4510 quae
1200 4439 1343 4492 dico.
1377 4438 1518 4491 Jube
1546 4452 1636 4490 me
1666 4436 1833 4490 hodie
1855 4410 2015 4490 DDei
2042 4436 2298 4490 homines
2327 4435 2647 4489 mansiones
2674 4434 2778 4489 sibi
2808 4442 2968 4507 aptas
2991 4435 3352 4502 invenissent,
3368 4436 3425 4490 in
3442 4454 3510 4491 ea

248 4532 360 4586 ﬁeri
393 4532 886 4595 catechumenum,
932 4535 988 4583 et
1030 4529 1259 4599 impone
1293 4526 1433 4580 mihi
1465 4524 1746 4595 jejunium
1772 4524 1833 4577 in

250 4628 479 4692 quantos
502 4619 747 4674 volueris
774 4619 914 4685 dies,
929 4624 985 4673 et
1000 4626 1128 4689 post
1154 4618 1273 4671 dies
1297 4615 1557 4669 definitos
1586 4612 1723 4667 mihi
1743 4624 1834 4666 sa-

250 4716 595 4765 cramentum
624 4707 978 4780 baptismatis
1001 4706 1207 4760 tribue.
1228 4705 1481 4775 Cumque
1509 4703 1698 4757 omnia
1714 4718 1836 4772 quae

252 4800 577 4854 Christianae
608 4797 897 4869 pertinent
923 4795 1183 4865 religioni
1214 4794 1674 4864 explevero,tunc
1703 4806 1833 4861 pre-

250 4904 337 4941 cor
363 4895 426 4943 ut
442 4890 661 4959 pariter
688 4886 759 4939 ab
784 4886 893 4938 hac
925 4883 1067 4938 urbe
1092 4882 1257 4937 ambo
1288 4881 1663 4951 egrediamur,
1699 4885 1755 4933 et
1775 4880 1835 4933 in

249 4978 523 5046 regionem
550 4976 939 5046 longinquam,
963 4977 1153 5039 ﬂl4
1179 4970 1277 5025 ubi
1304 4986 1406 5024 nos
1440 4969 1682 5041 Spiritus
1711 4984 1836 5022 san-

249 5072 363 5119 ctus
393 5064 737 5138 perduxerit,
766 5076 1150 5135 prOperemus,
1180 5076 1253 5114 ne
1272 5059 1689 5113 immaculatam
1710 5074 1836 5111 con—

251 5155 530 5211 scientiam
577 5169 767 5210 meam
815 5169 916 5223 per
953 5168 1081 5206 suas
1106 5151 1385 5220 lacrymas
1414 5148 1628 5218 polluat
1654 5151 1833 5217 pater.

252 5243 496 5315 Cumque
527 5244 587 5298 in
614 5240 1053 5314 prudentissimo
1074 5240 1300 5310 juvene,
1333 5254 1455 5307 quae
1484 5237 1838 5306 disposuerat

254 5331 385 5401 ipse,
416 5337 806 5387 consummata
833 5329 1089 5393 fuissent,
1138 5333 1264 5399 post
1292 5326 1410 5380 dies
1454 5342 1678 5396 paucos,
1711 5341 1837 5378 ora-

255 5420 399 5475 tione
429 5423 496 5476 ad
525 5421 813 5477 Christum
862 5419 1168 5491 praemissa,
1200 5415 1364 5470 ambo
1393 5415 1462 5468 ab
1502 5414 1641 5468 urbe
1688 5429 1842 5483 egre-

259 5508 483 5565 diuntur
505 5530 516 5564 ε
543 5517 599 5566 et
620 5509 1025 5565 descendentes
1042 5507 1248 5571 navim,
1273 5504 1331 5559 in
1344 5502 1680 5576 Scytharum
1702 5502 1841 5556 ﬁnes

258 5596 485 5668 ingressi
511 5604 665 5671 sunt,
697 5604 870 5673 atque
892 5598 955 5653 in
984 5594 1443 5652 Almiridensium
1463 5593 1743 5648 civitatem
1766 5591 1839 5661 (5)

1916 4524 2228 4595 gratiarum
2275 4525 2521 4579 actiones
2563 4522 2667 4579 soli
2704 4523 2825 4579 Deo
2879 4522 3230 4579 exhibebant.
3270 4525 3339 4580 Et
3378 4526 3508 4597 quia

1919 4612 2188 4685 scriptum
2210 4619 2322 4667 est:
2349 4614 2475 4667 Non
2489 4616 2681 4685 potest
2701 4614 2893 4667 civitas
2904 4612 3509 4685 abscondisupermon-

1919 4709 2033 4757 tem
2068 4702 2246 4774 posita
2270 4702 2479 4769 (Matth.
2508 4706 2776 4773 v),neque
2804 4702 2989 4756 divina
3004 4701 3197 4772 gratia.
3214 4702 3390 4757 latere
3407 4704 3510 4759 sub

1916 4792 2122 4858 modio,
2155 4792 2323 4862 coepit
2354 4790 2559 4845 iterum
2601 4790 2841 4845 caelestis
2890 4790 3066 4845 virtus
3110 4809 3212 4863 per
3254 4776 3510 4847 sanetum

1916 4880 2230 4951 Epictetum
2252 4882 2415 4951 plura
2431 4880 2590 4950 signa
2612 4884 2668 4933 et
2695 4878 2949 4949 prodigia
2968 4879 3025 4933 in
3039 4880 3265 4951 regione
3282 4876 3515 4953 Scytha-

1918 4986 2062 5035 rum,
2100 4986 2268 5040 quam
2290 4984 2354 5022 ea
2384 4985 2506 5039 quae
2526 4968 2585 5021 in
2617 4967 2861 5022 Orientis
2880 4968 3133 5039 partibus
3159 4970 3367 5024 fecerat
3383 4988 3510 5043 ope-

1919 5059 2049 5111 rari.
2080 5059 2225 5111 Nam
2256 5074 2364 5111 una
2394 5057 2613 5110 dierum
2643 5056 2901 5126 quaedam
2931 5058 3134 5112 mulier
3163 5059 3233 5112 ad
3259 5076 3387 5113 eum
3416 5077 3511 5114 ve-

1918 5147 2100 5209 niens,
2125 5146 2327 5200 obtulit
2354 5145 2403 5198 ei
2435 5144 2611 5198 filium
2640 5162 2824 5210 suum,
2857 5162 3134 5200 annorum
3154 5148 3268 5202 fere
3288 5164 3373 5211 xv,
3394 5165 3512 5202 mu-

1920 5242 2041 5290 tum
2055 5240 2112 5289 et
2129 5234 2380 5297 surdum,
2403 5239 2458 5287 et
2479 5233 2699 5287 aridum
2722 5234 3048 5289 existentem
3067 5255 3078 5304 ;
3102 5237 3512 5308 projiciensque

1924 5340 2051 5377 eum
2083 5323 2152 5376 ad
2184 5322 2351 5393 pedes
2381 5322 2558 5375 sancti
2591 5322 2843 5392 Epicteti,
2887 5323 3079 5377 taliter
3106 5325 3174 5377 ad
3226 5322 3383 5379 illum
3426 5324 3509 5377 lo-

1924 5410 2421 5482 quebatur,dicens
2453 5428 2463 5463 :
2498 5410 2657 5464 Unde
2685 5411 2976 5466 adveneris
3005 5412 3383 5477 nescio,velde
3404 5428 3512 5481 qua

1924 5500 2152 5570 regione
2196 5499 2401 5553 existas
2455 5498 2672 5568 ignoro.
2728 5500 2847 5554 Hoc
2893 5506 3081 5553 autem
3122 5497 3511 5555 tantummodo

1923 5588 2107 5655 credo,
2124 5587 2255 5659 quia
2283 5589 2330 5642 si
2360 5584 2461 5655 vis,
2495 5595 2657 5660 potes
2683 5588 3080 5660 languentibus
3111 5582 3368 5642 sanitatis
3399 5587 3512 5641 me-
