3946 6192
378 367 384 372 ’
471 329 646 412 399'

1487 330 1583 386 DE
1618 327 1808 385 VITIS
1845 275 2142 382 PATRUhi
2175 325 2391 382 LIBER
2425 325 2716 381 PRIMUS.

3593 326 3682 384 400

473 476 660 531 delam
679 474 964 545 praestare,
985 481 1052 520 eo
1080 441 1230 534 quod
1257 457 1483 514 habitus
1511 460 1645 511 tuus
1671 459 1841 524 atque
1863 449 2059 521 religio

2214 469 2344 522 CAP.
2367 468 2437 522 X.
2463 497 2528 508 —
2557 469 2700 522 Item
2737 463 2846 520 alio
2868 467 3125 534 tempore
3152 460 3287 516 vidit
3312 461 3574 518 hominem
3601 467 3684 536 qui

471 538 747 621 Nazareni
773 558 922 612 illius
950 559 1008 609 te
1029 567 1149 608 esse
1177 547 1512 620 discipulum
1538 543 1801 598 declaret.
1833 538 2060 594 Audivi-

471 670 596 708 mus
607 649 883 721 siquidem
895 647 1108 716 quanta
1122 640 1286 710 signa
1295 642 1352 691 et
1361 633 1616 710 prodigia
1633 631 1728 686 alii
1739 631 1808 684 de
1823 644 2059 684 numero

469 749 571 798 tuo
599 741 660 794 in
674 719 839 792 “illius
868 739 1003 789 sunt
1028 729 1254 786 nomine
1284 725 1519 798 operati.
1563 723 1710 792 Ergo
1740 719 1874 790 quia
1913 733 2059 772 unus

467 849 531 886 ex
561 829 712 883 illius
758 821 1045 895 discipulis
1091 816 1334 880 haberis,
1365 811 1594 869 subveni
1635 805 2060 864 inﬁrmitatibus

465 917 700 975 nostris.
737 912 985 970 Praedica
1040 907 1204 964 nobis
1251 905 1320 960 de
1365 899 1716 956 mirabilibus
1753 897 1922 962 illius,
1963 912 2058 949 ex-

463 1025 608 1080 pone
647 1005 717 1060 de
763 1002 993 1058 natione
1021 997 1216 1070 ipsius,
1252 1011 1352 1048 seu
1391 989 1701 1046 divinitatis
1739 1001 2059 1040 sacramen-

463 1102 607 1163 tum,
629 1099 696 1150 ut
713 1098 772 1148 et
794 1108 896 1146 nos
911 1087 1057 1144 servi
1078 1087 1200 1158 ejus
1223 1100 1322 1155 per
1340 1087 1398 1136 te
1418 1079 1562 1136 efﬁci
1582 1075 2060 1132 mereamur.Hzec

459 1183 694 1240 audiens
725 1179 983 1236 sacerdos
1010 1173 1257 1238 Domini,
1271 1171 1462 1226 taliter
1480 1165 1703 1222 mulieri
1718 1165 1937 1220 locutus
1951 1167 2054 1226 est,

457 1274 648 1330 dicens
673 1289 685 1325 :
711 1269 770 1326 Si
799 1267 1026 1324 credere
1041 1264 1124 1318 vis
1153 1261 1357 1316 mulier
1374 1259 1434 1314 in
1452 1274 1582 1314 eum
1603 1271 1772 1327 quem
1795 1269 1898 1323 ego
1919 1267 2060 1324 prae-

457 1364 582 1418 dico
596 1363 800 1426 Deum,
815 1363 873 1413 et
890 1356 1108 1412 nullum
1139 1353 1404 1422 deinceps
1414 1347 1766 1402 inﬁdelitatis
1786 1343 1986 1397 vitium
1997 1341 2058 1395 in

467 1451 656 1507 animo
683 1455 783 1504 tuo
806 1443 1098 1508 resederit,
1111 1441 1210 1497 sed
1229 1437 1530 1494 credideris
1561 1453 1628 1490 ex
1649 1439 1768 1488 toto
1783 1431 1950 1487 corde
1959 1435 2058 1484 tuo

469 1540 618 1612 quod
641 1539 760 1610 ipse
788 1536 864 1592 sit
880 1533 1137 1590 conditor
1163 1529 1286 1584 coeli
1313 1532 1372 1583 et
1388 1523 1752 1590 terrae,maris
1768 1536 1988 1593 quoque
2000 1523 2058 1573 et

464 1627 706 1684 fontium
731 1639 1026 1696 aquarum,
1056 1625 1112 1675 et
1140 1617 1392 1674 omnium
1415 1631 1538 1686 quae
1567 1613 1627 1668 in
1655 1611 1735 1666 eis
1763 1614 1914 1675 sunt,
1950 1607 2060 1662 erit

465 1716 616 1789 quod
643 1713 852 1787 petisti.
887 1713 1004 1767 Nec
1025 1709 1175 1766 enim
1201 1709 1367 1777 longe
1397 1710 1484 1760 est
1503 1703 1578 1758 ab
1597 1714 1935 1770 unoquoque
1965 1712 2061 1750 no-

2141 557 2210 611 de
2221 557 2399 612 nimia
2417 556 2713 612 altitudine
2731 551 3381 624 lapsus,semimortuusa
3399 553 3688 622 parentibus

2140 645 2200 700 in
2219 646 2448 700 domum
2471 644 2754 716 propriam
2779 641 3104 697 ducebatur.
3139 639 3383 710 Cumque
3410 640 3689 696 intueretur

2141 734 2266 788 illos
2285 735 2355 789 de
2385 734 2678 805 repentino
2698 732 2842 786 facto
2861 729 3100 784 nimium
3114 727 3426 793 lamentari,
3449 728 3536 799 pia
3549 729 3691 784 mise-

2139 821 2357 876 ratione
2376 826 2710 887 commotus,
2724 819 2952 874 secessit
2969 817 3028 872 in
3042 815 3338 889 quemdam
3355 817 3526 872 locum
3539 819 3694 873 occul-

2139 915 2260 966 tum
2281 929 2294 979 ;
2318 916 2377 964 et
2403 916 2576 977 stans,
2598 909 2788 964 taliter
2807 907 3108 963 Dominum
3128 910 3376 960 nostrum
3400 922 3494 976 pro
3512 923 3571 960 eo
3589 924 3695 978 pre-

2141 1005 2300 1054 catus
2357 1004 2461 1066 est,
2520 999 2746 1052 dicens:
2798 996 3019 1052 Christe
3048 994 3216 1059 Deus,
3255 994 3349 1065 qui
3377 1011 3472 1065 per
3496 993 3696 1050 beatum

2141 1089 2380 1143 Paulum
2402 1085 3063 1160 apostolum,Eutychum
3085 1083 3154 1138 de
3173 1083 3412 1137 fenestra
3427 1089 3657 1138 ruentem
3669 1102 3699 1139 a

2141 1177 2340 1232 mortis
2383 1177 2582 1248 januis.
2616 1175 2885 1231 revocasti
2916 1174 2984 1228 ad
3013 1174 3188 1227 vitam
3233 1173 3366 1237 (Act.
3398 1175 3508 1242 xx),
3537 1179 3589 1226 et
3617 1173 3700 1244 qui

2139 1266 2327 1320 [Eneaz
2343 1265 2414 1319 ab
2436 1265 2600 1320 annis
2621 1279 2766 1319 Lxxx
2781 1264 2839 1318 in
2862 1263 3098 1334 grabato
3109 1262 3338 1332 jacenti,
3357 1279 3454 1334 per
3469 1268 3700 1317 sanctum

2139 1355 2371 1408 Petrum
2401 1353 2770 1428 stabilitatem
2790 1351 3037 1406 tribuisti
3057 1341 3514 1416 membrorum,et
3529 1351 3703 1406 claudo

2139 1458 2206 1497 ex
2230 1448 2392 1498 utero
2416 1443 2614 1497 matris
2635 1441 2896 1496 existenti
2915 1441 3188 1510 integram
3212 1439 3501 1494 sanitatem
3516 1439 3703 1510 praesti-

2141 1531 2530 1599 tisti(Act.1n),
2564 1536 2622 1586 et
2641 1547 2806 1597 nunc,
2833 1546 3040 1601 quaeso,
3062 1527 3528 1600 Domine,respice
3554 1545 3704 1599 super

2138 1620 2311 1674 istum
2339 1620 2646 1685 hominem,
2661 1619 2757 1691 qui
2779 1636 2880 1690 per
2900 1618 3106 1673 diaboli
3125 1617 3501 1688 operationem
3521 1633 3552 1670 a
3569 1622 3710 1670 tanta

2141 1709 2343 1764 cecidit
2369 1709 2697 1776 altitudine;
2731 1709 2882 1763 dona
2908 1707 2959 1762 ei
2979 1707 3259 1778 integram
3281 1707 3586 1770 sanitatem,
3599 1704 3712 1759 faci-

462 1811 743 1870 strum,eo
763 1801 914 1874 quod
943 1800 1002 1854 in
1030 1799 1150 1870 ipso
1181 1812 1394 1861 sumus,
1409 1791 1663 1856 vivimus,
1687 1795 1746 1844 et
1771 1801 2064 1842 movemur

2152 1803 2312 1868 toque
2339 1813 2468 1851 eum
2502 1813 2624 1851 esse
2651 1797 2722 1850 de
2752 1813 2984 1850 numero
3013 1811 3249 1866 gregum
3274 1793 3640 1864 tuorum,quia
3658 1798 3713 1848 tu

463 1897 602 1964 (Act.
636 1891 894 1961 vn).Haec
923 1889 1130 1955 dicens,
1147 1901 1384 1958 puerum
1413 1881 1748 1937 dissolutum
1765 1876 1930 1948 jubet
1945 1875 2060 1929 ele-

462 1983 614 2052 vari;
655 1987 716 2037 et
749 1977 1050 2036 sublevatis
1082 1975 1257 2031 oculis
1285 1973 1355 2027 ad
1379 1971 1602 2035 ccelum,
1635 1967 1826 2022 taliter
1865 1981 1966 2037 pro
1995 1981 2061 2018 eo

462 2072 765 2128 Dominum
790 2065 1213 2140 deprecabatur,
1245 2063 1467 2118 dicens:
1501 2057 1869 2128 Omnipotens
1890 2055 2058 2118 Deus,

463 2160 561 2233 qui
592 2178 651 2215 es
672 2160 982 2214 immensus
1001 2161 1060 2210 et
1079 2151 1393 2214 invisibilis,
1427 2145 1818 2203 inenarrabilis
1839 2157 2061 2214 quoque

461 2232 520 2305 et
567 2243 1164 2320 incomprehensibilis,
1210 2242 1363 2296 salus
1407 2236 1872 2298 Christianorum,
1907 2232 2064 2286 inﬁr-

460 2338 738 2394 mantium
758 2319 1034 2399 medicus,
1060 2331 1404 2403 gubernator
1423 2325 1830 2397 navigantium.
1843 2319 2062 2394 pericli-

462 2427 706 2483 tantium
751 2430 968 2498 portus,
1001 2423 1193 2476 lumen
1221 2433 1512 2481 caecorum,
1553 2431 1652 2486 pes
1705 2411 2055 2476 claudorum,

461 2517 553 2572 via
579 2515 913 2580 errantium,
932 2510 1163 2582 respice,
1183 2523 1388 2580 quaeso,
1423 2503 1680 2567 Domine,
1717 2517 1888 2572 super
1909 2500 2060 2554 hunc

463 2607 740 2662 famulum
766 2609 948 2668 tuum,
998 2606 1056 2654 et
1083 2599 1232 2653 solve
1265 2594 1546 2650 vinculum
1577 2591 1783 2661 linguae
1809 2587 1959 2642 illius
1988 2587 2058 2641 ad

463 2693 687 2749 laudem
713 2689 960 2746 nominis
989 2687 1093 2742 tui.
1117 2683 1287 2756 Aperi
1317 2697 1537 2754 quoque
1569 2695 1735 2734 aures
1763 2677 1956 2749 ipsius,
1991 2673 2062 2728 ad

465 2780 808 2839 audiendum
835 2785 936 2834 tua
959 2775 1210 2831 coelestia
1233 2774 1605 2828 sacramenta.
1627 2766 1778 2823 Sana
1799 2765 2064 2820 universa

468 2869 724 2926 membra
742 2869 866 2939 ejus
883 2864 1270 2929 contrita,tam
1297 2860 1545 2916 animam
1571 2872 1742 2929 quam
1753 2853 1924 2909 etiam
1945 2867 2063 2907 cor-

467 2976 590 3033 pus,
615 2958 761 3014 sicut
781 2955 930 3010 illius
944 2951 1240 3026 paralytici
1261 2966 1426 3021 quem
1449 2951 1575 3020 post
1617 2944 1850 3016 triginta
1867 2947 1924 2996 et
1939 2946 2062 2995 octo

2144 1903 2203 1940 es
2240 1891 2434 1956 pastor
2461 1891 2668 1952 noster,
2705 1902 2866 1940 verus
2890 1885 3183 1952 Dominus,
3206 1883 3303 1954 qui
3333 1883 3391 1936 in
3420 1887 3514 1936 tuo
3541 1894 3711 1936 sancto

2144 1974 2442 2045 Evangelia
2470 1973 2690 2028 locutus
2705 1990 2786 2040 es,
2818 1973 3007 2028 dicens
3031 1974 3208 2042 (Joan.
3231 1978 3280 2038 x)
3305 1971 3464 2042 :Ego
3485 1987 3600 2025 sum
3626 1987 3713 2041 pa-

2143 2069 2262 2118 stor
2288 2062 2487 2128 bonus,
2517 2067 2574 2116 et
2600 2079 2873 2134 cognosco
2911 2079 3066 2116 meas
3103 2077 3260 2128 oves,
3301 2065 3359 2116 et
3402 2064 3717 2130 cognoscunt

2144 2169 2236 2206 me
2259 2169 2417 2207 meae.
2457 2151 2614 2207 Sicut
2641 2152 2796 2206 novit
2821 2168 2912 2206 me
2939 2151 3126 2222 Pater,
3157 2155 3216 2204 et
3243 2167 3348 2221 ego
3374 2165 3602 2220 agnosco
3631 2149 3718 2202 Pa-

2141 2246 2306 2307 trem,
2337 2246 2394 2296 et
2420 2241 2668 2296 animam
2701 2257 2887 2295 meam
2919 2257 3064 2312 pono
3093 2256 3194 2311 pro
3227 2239 3420 2294 ovibus
3444 2237 3718 2292 meis.0ra-

2141 2329 2296 2383 tione
2319 2329 2498 2395 ﬁnita,
2513 2329 2781 2384 accedens
2801 2329 2965 2400 juxta
2985 2328 3296 2394 hominem,
3317 2327 3502 2382 taliter
3523 2325 3588 2380 ad
3603 2340 3716 2380 eum

2142 2418 2360 2472 locutus
2390 2423 2493 2485 est,
2509 2418 2698 2472 dicens
2723 2437 2734 2472 :
2768 2420 2834 2473 In
2863 2418 3092 2472 nomine
3110 2417 3246 2472 Jesu
3264 2416 3472 2472 Christi
3501 2430 3653 2485 surge
3671 2418 3720 2466 et

2141 2505 2385 2560 ambula.
2417 2507 2487 2562 Et
2513 2507 2866 2578 apprehensa
2893 2508 3016 2577 ejus
3049 2523 3223 2561 manu
3247 2507 3474 2561 dextera
3503 2501 3716 2558 elevavit

2143 2611 2308 2663 eum;
2371 2600 2428 2650 et
2475 2595 2732 2666 protinus
2783 2595 3140 2650 consolidatze
3182 2601 3320 2650 sunt
3347 2594 3506 2648 bases
3535 2593 3647 2663 ejus
3673 2595 3722 2644 et

2143 2683 2432 2754 plantae,et
2452 2682 2691 2737 exsilivit
2710 2690 2766 2737 et
2793 2682 3122 2738 ambulavit.
3137 2683 3208 2737 Et
3235 2683 3463 2738 veniens
3488 2697 3598 2736 una
3613 2695 3726 2734 cum

2147 2771 2476 2843 parentibus
2504 2771 2622 2826 suis
2667 2787 2846 2843 usque
2890 2771 2962 2826 ad
2992 2771 3376 2826 habitaculum
3405 2773 3721 2831 sanctorum,

2147 2860 2479 2914 exclamavit
2498 2875 2704 2930 magna
2734 2876 2886 2924 voce,
2907 2859 3098 2914 dicens
3128 2877 3139 2912 :
3165 2860 3328 2914 Unus
3349 2860 3496 2914 Deus
3511 2855 3728 2928 Epicteti

2145 2952 2202 3002 et
2229 2948 2497 3016 Astionis,
2527 2965 2658 3003 vere
2685 2965 2835 3003 unus
2880 2949 3030 3004 Deus
3060 2949 3514 3002 Christianorum
3543 2964 3556 3013 ;
3583 2945 3722 2999 ideo-

467 3065 646 3103 annos
673 3053 805 3102 tuus
823 3041 1156 3121 venerabilis
1175 3039 1448 3094 adventus
1476 3037 1698 3106 integra
1723 3030 1948 3087 donavit
1971 3045 2064 3084 sa-
2148 3053 2258 3107 que
2305 3053 2419 3091 ῃοη
2466 3037 2666 3092 recedo
2709 3037 2856 3104 hinc,
2891 3037 3000 3091 nisi
3029 3037 3196 3092 hodie
3237 3037 3584 3092 Christianus
3613 3049 3726 3087 cum

469 3135 647 3191 nitate
681 3137 860 3203 (Joan.
899 3133 974 3200 γ),
1003 3135 1070 3185 ut
1107 3113 1416 3198 agnoscant
1443 3139 1648 3179 nomen
1684 3125 1846 3176 tuum
1883 3118 1980 3189 qui
2010 3121 2066 3171 te
2084 3113 2128 3174 Ο
2150 3126 2291 3180 meis
2322 3125 2652 3197 parentibus
2678 3126 2837 3182 fuero
2865 3127 3115 3181 effectus.
3146 3127 3307 3181 Tunc
3353 3125 3606 3180 sacerdos
3631 3123 3730 3176 Do-

469 3241 584 3281 non
611 3225 906 3287 noverunt,
930 3225 1042 3285 ιιι
1058 3224 1121 3284 5
1140 3223 1198 3272 et.
1224 3215 1458 3270 credant
1485 3212 1618 3284 quia
1646 3215 1711 3264 tu
1739 3226 1798 3264 es
1827 3207 1979 3262 solus
2009 3210 2066 3260 et

471 3331 636 3369 verus
663 3309 936 3382 Deus,qui
963 3323 1170 3378 regnas
1194 3311 1252 3361 et
1275 3318 1572 3376 permanes
1601 3317 1716 3354 una
1738 3314 1865 3352 cum
1897 3296 2066 3350 Patre

471 3409 529 3458 et
543 3401 758 3474 Spiritu
780 3404 972 3454 sancto
1003 3398 1062 3451 in
1089 3394 1292 3450 saecula
1307 3391 1662 3448 saeculorum.
1684 3387 1915 3458 Expleta
1936 3401 2065 3439 ora-

469 3492 642 3564 tione,
669 3487 891 3560 exspuit
917 3493 1005 3540 ter
1033 3485 1092 3538 in
1121 3501 1182 3538 os
1212 3481 1460 3546 infantis,
1498 3484 1669 3548 atque
1710 3477 2065 3543 interrogans

473 3563 622 3647 eum,
655 3577 798 3632 dixit
829 3594 840 3630 :
867 3574 994 3640 Fili,
1025 3573 1084 3626 in
1112 3588 1278 3642 quem
1323 3569 1500 3624 Deum
1528 3583 1630 3621 nos
1657 3563 1915 3619 convenit
1943 3578 2066 3616 cre-

471 3669 624 3730 dere,
655 3666 714 3720 in
735 3664 886 3718 idola
913 3679 1036 3732 qua:
1056 3659 1128 3714 ab
1148 3657 1469 3712 hominibus
1499 3657 1660 3720 ﬁunt,
1682 3658 1782 3707 aut
1801 3652 1860 3706 in
1873 3652 2068 3705 Jesum

473 3757 762 3813 Christum
789 3749 1134 3814 cruciﬁxum,
1169 3747 1266 3818 qui
1291 3752 1348 3800 te
1380 3744 1544 3799 hodie
1573 3758 1774 3797 sanare
1805 3740 2069 3810 dignatus

477 3845 597 3900 est?
625 3845 700 3898 At
728 3842 820 3896 ille
849 3855 978 3894 cum
1008 3852 1216 3908 magna
1241 3851 1370 3889 voce
1399 3831 1729 3888 exclamavit
1755 3830 1945 3884 dicens
1973 3828 2069 3882 :In

476 3935 506 3989 J
511 3949 670 3988 esum
693 3928 980 3985 Christum
1010 3943 1111 3980 nos
1139 3921 1396 3979 convenit
1421 3921 1666 3986 credere,
1689 3916 2070 3982 obeatissime,

479 4020 579 4094 qui
605 4025 770 4076 tanta
792 4013 1065 4072 beneﬁcia
1103 4028 1326 4084 semper
1353 4017 1411 4066 et
1435 4025 1612 4082 usque
1642 4009 1702 4062 in
1737 4011 2074 4079 praesentem

481 4110 630 4166 diem
659 4107 717 4163 in
744 4104 1066 4162 hominibus
1095 4106 1380 4176 operatur.
1413 4101 1666 4170 Cumque
1697 4097 1802 4151 hoc
1829 4095 2074 4150 miracu-

480 4200 600 4254 lum
627 4199 882 4254 cerneret
915 4191 1374 4248 Almiridensium
1419 4185 1743 4252 multitudo,
1775 4184 1930 4239 dedit
1953 4185 2078 4255 glo-

483 4287 628 4343 riam
656 4289 793 4354 Deo,
825 4289 884 4339 et
909 4281 1205 4354 plusquam
1231 4278 1384 4334 mille
1413 4277 1614 4332 animae
1633 4275 1694 4330 in
1719 4274 1820 4328 illa
1845 4273 1936 4328 die
1965 4289 2080 4326 cre-

483 4378 750 4433 diderunt
776 4374 834 4428 in
863 4369 1163 4428 Dominum
1188 4369 1552 4424 Salvatorem.

2147 3214 2285 3268 mini
2310 3232 2608 3270 assumens
2621 3215 2927 3281 hominem,
2943 3232 3070 3270 cum
3085 3215 3366 3270 universis
3381 3214 3477 3286 qui
3496 3213 3727 3276 aderant,

2148 3303 2345 3358 eadem
2384 3304 2524 3358 hora
2549 3304 2980 3358 catechumenos
3027 3304 3229 3369 effecit,
3282 3309 3343 3358 et
3385 3309 3512 3374 post
3549 3316 3734 3373 paucos

2147 3391 2266 3446 dies
2291 3397 2705 3447 sacramentum
2737 3393 2818 3446 eis
2845 3391 3109 3464 baptismi
3139 3393 3396 3447 tradidit.

2218 3481 2348 3534 CAP.
2363 3481 2458 3534 XI.
2475 3510 2527 3521 --
2547 3481 2674 3552 Alio
2686 3497 2908 3552 quoque
2931 3487 3204 3552 tempore,
3225 3481 3366 3536 dum
3394 3480 3468 3534 ad
3485 3477 3732 3534 haurien-

2148 3568 2279 3622 dam
2301 3585 2506 3638 aquam
2523 3585 2589 3622 ex
2608 3569 2844 3623 ﬂumine
2864 3569 2985 3640 ipse
3008 3569 3374 3624 beatissimus
3394 3568 3606 3632 Astion,
3628 3565 3735 3620 sine

2142 3655 2396 3727 jussione
2409 3657 2496 3710 vel
2515 3657 3002 3712 commendatione
3022 3657 3172 3712 senis
3189 3657 3550 3730 perrexisset,
3573 3651 3736 3724 turpis

2150 3745 2404 3815 quaedam
2425 3745 2689 3816 cogitatio
2715 3745 2775 3800 in
2804 3746 2894 3800 via
2921 3753 3091 3802 eunte
3118 3747 3237 3815 illo,
3265 3753 3489 3802 mentes
3516 3747 3632 3816 ejus
3649 3759 3736 3796 su-

2150 3833 2268 3888 bito
2296 3833 2520 3889 invasit.
2549 3834 2619 3888 Et
2646 3851 2773 3889 cum
2803 3852 2904 3906 per
2931 3835 3183 3890 triduum
3206 3837 3300 3891 hic
3326 3837 3460 3891 talis
3477 3851 3542 3890 ac
3563 3836 3737 3888 tantus

2153 3923 2240 3976 vir
2265 3936 2378 3976 non
2407 3923 2682 3994 potuisset
2697 3923 2766 3978 de
2786 3941 2888 3979 suo
2906 3929 3129 3995 pectore
3158 3941 3288 3980 eam
3320 3925 3632 3988 extrudere,
3657 3919 3736 3974 ni-

2155 4011 2335 4066 mium
2355 4011 2535 4066 tristis
2554 4012 2782 4067 effectus
2807 4018 2908 4078 est,
2917 4019 2976 4068 et
2988 4013 3175 4068 vultus
3205 4016 3334 4086 ejus
3358 4013 3519 4068 valde
3534 4027 3629 4084 pro
3647 4009 3740 4062 hoc

2155 4099 2524 4172 permanebat
2541 4100 2825 4156 confusus.
2859 4101 3039 4166 Quem
3058 4102 3290 4158 intuens
3321 4101 3651 4158 venerabilis
3669 4114 3743 4152 se-

2157 4189 2303 4254 nior,
2328 4189 2410 4244 ait
2437 4189 2508 4244 ad
2535 4206 2698 4244 eum:
2727 4190 2872 4255 Quid
2893 4197 2981 4245 est
3003 4191 3126 4258 hoc',
3151 4192 3418 4264 ﬁli,quod
3448 4192 3526 4246 sic
3539 4189 3742 4246 tristem

2158 4284 2216 4333 te
2253 4278 2493 4346 intueor,
2523 4284 2582 4333 et
2619 4279 2846 4334 insolito
2874 4296 3116 4335 mcerore
3143 4281 3363 4352 aspicio
3393 4281 3699 4336 confectum
3724 4275 3746 4327 7

2160 4369 2291 4422 Haec
2308 4367 2584 4438 siquidem
2596 4367 2982 4440 tristitia,quze
2999 4375 3057 4424 te
3070 4386 3222 4424 nunc
3241 4371 3505 4426 detinere
3523 4368 3741 4428 videtur,

559 4467 689 4521 ΟΜ».
704 4465 874 4520 IX.—
895 4461 1020 4516 Non
1035 4457 1216 4513 solum
1235 4457 1410 4528 igitur
1423 4460 1650 4510 sanctus
1671 4451 2081 4526 Epictetus,sed
2097 4467 2272 4526 Dnon
2301 4461 2388 4510 est
2411 4456 2508 4511 illa
2536 4473 2706 4527 quam
2734 4459 2914 4512 sancti
2937 4459 3118 4514 solent
3145 4458 3365 4515 habere
3391 4459 3454 4514 in
3481 4458 3652 4523 vultu,
3673 4452 3748 4508 vel

488 4561 547 4610 et
567 4552 927 4610 beatissimus
955 4544 1151 4602 Astion
1179 4544 1426 4616 plurima
1452 4543 1725 4598 miracula
1751 4543 1810 4596 in
1851 4541 2077 4596 nomine

487 4641 713 4698 Domini
736 4633 1359 4710 operabatur.Denique
1381 4632 1584 4687 collata
1615 4635 1702 4686 est
1729 4630 1810 4685 eis
1837 4629 2083 4702 plurima

491 4731 678 4803 gratia
695 4727 962 4783 adversus
975 4740 1172 4780 omnes
1195 4719 1676 4788 inﬁrmitates,sed
1698 4724 1756 4773 et
1773 4731 1966 4772 contra
1979 4719 2086 4772 dae-

493 4835 690 4875 mones
715 4815 958 4870 maxima
985 4812 1096 4868 illis
1118 4815 1366 4884 potestas
1392 4809 1606 4864 tributa
1632 4813 1736 4862 est.
1769 4807 1894 4862 Una
1914 4805 2088 4876 igitur

496 4923 528 4961 e
555 4904 772 4970 diebus,
803 4902 940 4958 dum
973 4901 1043 4956 ad
1074 4898 1450 4956 hauriendum
1491 4913 1698 4968 aquam
1725 4899 1987 4966 pergeret
2013 4893 2085 4948 ad

497 4993 836 5057 Danubium,
881 4990 1124 5045 occurrit
1155 4989 1208 5044 ei
1235 4989 1403 5043 homo
1435 4985 1530 5056 qui
1558 5001 1594 5039 a
1619 4983 1894 5040 daemonio
1922 4999 2087 5038 vexa-

493 5081 680 5137 batur.
713 5082 784 5136 Et
803 5079 1171 5152 approprians
1193 5079 1356 5148 juxta
1385 5075 1566 5139 illum,
1599 5079 1656 5128 et
1683 5089 1851 5128 orans
1891 5088 1992 5144 pro
2023 5087 2087 5126 eo

497 5170 854 5234 sufﬁcienter,
883 5167 1130 5223 salutare
1158 5165 1381 5236 signum
1413 5163 1472 5218 in
1495 5163 1677 5216 fronte
1699 5161 1822 5232 ejus
1853 5160 2000 5226 fecit,
2033 5165 2091 5214 et

500 5277 602 5333 per
622 5258 884 5312 universa
896 5255 1148 5310 membra
1166 5255 1215 5324 ej
1225 5271 1289 5308 us
1308 5252 1577 5324 depinxit.
1603 5250 1710 5314 Qui
1731 5249 1929 5304 eadem
1951 5249 2092 5304 hora

496 5364 754 5420 egressus
790 5351 877 5400 est
913 5344 982 5399 ab
1011 5361 1097 5398 eo.
1131 5342 1376 5412 Fugiens
1417 5346 1608 5396 autem
1641 5337 1917 5404 diabolus,
1948 5337 2094 5392 dice-

499 5439 620 5493 bat:
645 5436 810 5492 Fides
837 5439 954 5500 tua,
975 5450 1008 5488 o
1025 5432 1322 5498 Astion,ac
1342 5429 1558 5502 puritas
1578 5427 1802 5494 mentis,
1823 5443 2091 5498 magnam

501 5528 768 5582 adversus
797 5539 976 5595 genus
1002 5525 1260 5576 nostrum
1289 5536 1322 5573 a
1353 5517 1642 5574 Salvatore
1669 5516 1885 5588 accepit
1912 5520 2094 5588 potes-

497 5621 696 5674 tatem.
728 5613 798 5670 Et
823 5612 944 5668 hinc
965 5610 1175 5680 dicens,
1206 5624 1485 5680 nusquam
1512 5603 1844 5682 comparuit.

2158 4545 2494 4616 poenitentes
2519 4563 2622 4617 pro
2649 4563 2751 4600 sua
2775 4547 3059 4603 communi
3085 4548 3302 4616 salute;
3334 4549 3438 4604 sed
3460 4551 3595 4620 puto
3620 4545 3748 4598 hanc

2163 4650 2284 4688 esse
2310 4634 2462 4688 illam
2477 4635 2823 4690 mortiferam
2841 4635 3148 4704 tristitiam,
3171 4654 3300 4709 quae
3327 4643 3434 4693 aut
3453 4639 3752 4708 apostatam

2164 4723 2193 4778 J
2199 4723 2370 4778 udam
2397 4725 2609 4791 (Matth.
2640 4729 2796 4794 xvu),
2848 4725 2936 4780 vel
2972 4725 3309 4798 Achitophel
3353 4726 3752 4782 consiliatorem

2165 4811 2460 4866 Absalonis
2503 4813 2723 4866 necavit
2762 4812 2878 4885 (III
2915 4815 3039 4882 Reg.
3078 4819 3238 4884 xvii).
3266 4817 3434 4872 Tunc
3455 4815 3552 4871 ille
3581 4832 3594 4869 :
3626 4813 3757 4868 Ante

2167 4900 2274 4954 hoc
2301 4899 2570 4964 triduum,
2595 4901 2819 4972 quando
2843 4907 2944 4958 tua
2964 4903 3367 4960 venerabilitas
3385 4922 3517 4960 cum
3538 4899 3758 4958 homini-

2167 4988 2272 5043 bus
2299 4988 2408 5044 illis
2436 4989 2507 5043 de
2533 4990 2742 5044 caelesti
2770 4992 3040 5062 mysterio
3071 4992 3437 5064 loquebatur,
3459 4992 3668 5066 pudore
3679 5003 3759 5042 ve-

2168 5082 2346 5144 tante,
2379 5094 2500 5149 ego,
2533 5083 2590 5133 te
2618 5079 2922 5146 nesciente,
2956 5081 3028 5134 ad
3059 5080 3441 5137 hauriendam
3471 5097 3672 5154 aquam
3698 5075 3761 5130 ad

2172 5166 2404 5220 ﬂuvium
2415 5167 2843 5238 perrexi.Eunte
2860 5186 2950 5224 me
2966 5187 3096 5224 vero
3112 5170 3172 5225 in
3186 5171 3299 5240 via,
3315 5172 3506 5244 turpis
3521 5167 3762 5242 quaedam

2174 5261 2232 5354 et
2258 5257 2395 5310 satis
2416 5256 2638 5354 sordida
2659 5257 2951 5354 cogitatio,
2975 5265 3051 5325 et,
3082 5265 3147 5314 ut
3166 5265 3328 5330 puto,
3361 5278 3470 5332 per
3497 5257 3764 5314 diabolum

2173 5344 2232 5397 in
2259 5351 2506 5399 mentem
2535 5344 2674 5399 mihi
2701 5347 2969 5401 ascendit.
2993 5348 3064 5402 Et
3083 5364 3229 5403 nunc
3257 5349 3481 5421 itaque,
3513 5365 3638 5404 ecce
3655 5347 3765 5417 jam

2172 5448 2274 5504 per
2300 5433 2572 5500 triduum,
2606 5440 2880 5505 quantum
2909 5437 3064 5492 valeo
3093 5455 3222 5492 cum
3249 5438 3532 5510 lacrymis
3559 5443 3618 5492 et
3658 5450 3768 5490 ora-

2176 5521 2329 5576 tione
2353 5522 2772 5595 Scripturarum
2800 5523 2992 5580 laboro
3014 5527 3087 5582 ad
3103 5527 3502 5599 expellendam
3531 5541 3674 5591 eam,
3712 5527 3765 5575 et

2178 5610 2332 5666 nullo
2360 5611 2526 5668 modo
2554 5613 2712 5669 valeo
2740 5630 3028 5686 superare.
3043 5615 3200 5674 Tunc
3225 5622 3468 5675 sanctus
3497 5615 3772 5689 Epictetus
