3942 6200
324 294 428 349 401

780 294 950 349 VITA
986 294 1426 352 SANCI‘ORUM
1462 298 1787 356 EPICTETI
1824 298 2267 356 PRESBYTERI
2306 298 2394 354 ET
2429 297 2764 355 ASTIONIS
2801 267 3156 355 MONACHI.

3489 298 3593 357 402

319 417 636 473 terribilem
666 418 718 473 ei
746 434 913 474 suum
939 421 1157 475 vultum
1187 423 1507 490 ostendens,
1531 430 1588 479 et
1619 425 1918 497 indignans
1932 430 2122 492 Anus,
2153 425 2259 479 hoc
2276 395 2492 496 patria;
2516 427 2574 479 et
2592 423 2733 478 nihil
2752 422 2906 477 aliud
2934 437 3150 489 sumus,
3174 436 3344 492 quam
3364 422 3477 476 veri
3490 422 3594 477 Dei

322 508 738 580 quodammodo
758 509 1025 564 adversus
1044 510 1371 577 daemonem,
1392 514 1583 568 taliter
1601 514 1671 568 ad
1692 528 1822 569 eum
1842 517 1920 569 lo-

318 599 484 650 cutus
513 603 617 664 est,
651 597 877 652 dicens:
912 599 981 653 Et
1008 616 1182 671 quare
1220 600 1430 672 absque
1473 619 1601 657 mea
1641 604 1921 658 sententia

318 685 533 740 ostium
561 686 774 742 cellulae
800 704 1059 758 egressus
1086 705 1165 756 es,
1192 690 1280 744 vel
1298 691 1420 745 sine
1438 692 1691 747 oratione
1710 693 1918 748 Christi

315 775 629 830 sacerdotis
657 776 951 847 perrexisti
980 777 1052 831 ad
1088 779 1317 833 fluvium
1340 780 1364 834 ?
1385 781 1475 834 An
1515 781 1742 851 ignoras
1785 783 1920 854 quia

317 864 736 919 commendatio
756 866 1040 936 praepositi
1062 869 1608 938 semperjunioribus
1622 887 1818 925 murus
1835 871 1919 925 in-

316 952 727 1023 expugnabilis,
743 959 801 1008 et
809 954 983 1008 lorica
992 954 1142 1020 ﬁdei,
1159 955 1227 1009 ad
1242 958 1623 1028 superandum
1633 958 1919 1014 diabolum

317 1041 557 1096 existit?
585 1042 657 1096 Et
680 1042 797 1097 haec
825 1043 1036 1111 dicens,
1063 1044 1227 1115 jubet
1254 1061 1383 1099 eum
1403 1047 1618 1117 pariter
1644 1063 1833 1102 secum
1860 1048 1919 1103 in

315 1131 575 1185 oratione
604 1138 736 1186 ante
760 1132 1062 1187 Dominum
1107 1139 1483 1204 prosternere.
1521 1136 1774 1207 Cumque
1820 1137 1917 1191 diu

313 1220 674 1292 multumque
698 1221 1002 1275 Salvatoris
1024 1227 1215 1288 216
1236 1222 1679 1278 misericordiam
1706 1225 1917 1296 precati

313 1308 575 1375 fuissent,
608 1310 836 1363 etfinita
862 1309 1115 1365 oratione
1135 1327 1201 1365 ex
1230 1312 1349 1365 solo
1369 1312 1761 1379 surrexissent,
1775 1314 1917 1369 vidit

310 1396 516 1451 beatus
538 1398 735 1453 Astiou
763 1414 999 1469 puerum
1030 1400 1331 1470 quemdam
1358 1400 1584 1472 nigrum
1597 1418 1724 1455 cum
1751 1403 1918 1472 ignea

309 1485 500 1541 facula
526 1487 596 1541 de
624 1504 726 1541 suo
755 1487 881 1541 sinu
910 1488 1312 1556 egredientem,
1340 1504 1405 1543 ac
1424 1489 1562 1543 talia
1589 1489 1696 1544 sibi
1725 1490 1917 1545 dicen-

310 1581 432 1629 tem
456 1595 469 1630 :
502 1575 789 1631 Confessio
812 1582 930 1644 tua,
970 1577 1186 1643 Astion,
1218 1594 1453 1648 magnas
1482 1595 1637 1632 meas
1655 1580 1915 1635 contrivit

311 1664 485 1718 hodie
506 1665 669 1730 vires,
694 1670 753 1720 et
770 1682 884 1720 una
898 1666 1078 1721 oratio
1101 1672 1284 1720 vestra
1305 1683 1395 1721 me
1418 1666 1693 1722 inermem
1712 1669 1773 1723 in
1793 1685 1915 1723 om-

2002 514 2264 567 cultores.
2289 513 2358 567 Et
2376 512 2609 566 iterum:
2633 511 2693 566 Si
2711 510 2872 565 nobis
2892 511 3172 581 posthanc
3191 508 3594 564 confessionem

2000 602 2275 673 supplicia
2298 600 2533 672 jusserit
2561 599 2835 664 adhiberi,
2867 600 3008 654 nihil
3037 599 3190 653 aliud
3210 600 3269 653 in
3298 599 3594 653 tormentis

2000 691 2167 762 positi
2182 690 2455 756 dicamus,
2479 689 2589 743 nisi
2608 706 2619 741 :
2640 688 2876 743 Domine
2886 689 2915 743 J
2921 704 3036 755 esu,
3061 693 3159 742 tua
3178 689 3434 742 voluntas
3451 705 3596 743 sem-

1999 796 2102 853 per
2124 782 2225 834 fiat
2248 780 2307 833 in
2335 778 2512 834 nobis.

2072 870 2202 923 CAP.
2225 869 2377 924 XIII.
2407 896 2471 908 --
2496 868 2677 938 Igitur
2703 866 2814 920 alia
2840 865 2949 933 die,
2981 866 3163 936 primo
3182 866 3425 921 diluculo
3431 866 3595 937 jubet

2002 958 2376 1013 Latronianus
2414 957 2524 1012 dux
2551 955 2799 1011 tribunal
2826 954 3131 1026 praeparari
3156 955 3215 1009 in
3244 955 3429 1010 media
3456 956 3592 1009 civi-

2001 1051 2138 1113 tate,
2170 1051 2227 1100 et
2253 1044 2601 1117 praeconibus
2638 1044 2881 1116 imperat
2907 1048 2972 1098 ut
2999 1060 3124 1098 cum
3153 1044 3329 1098 nimio
3348 1045 3592 1099 clamore

2001 1135 2071 1188 ad
2100 1140 2217 1188 tam
2237 1135 2539 1190 nefandum
2561 1139 2618 1188 et
2634 1133 2927 1188 horridum
2940 1133 3321 1204 spectaculum
3341 1134 3595 1188 multitu-

1997 1224 2186 1278 dinem
2214 1224 2406 1295 populi
2436 1223 2755 1277 invitarent.
2778 1223 2848 1278 Et
2872 1223 3017 1277 facta
3040 1223 3160 1292 jam
3185 1222 3325 1275 hora
3350 1221 3463 1276 diei
3481 1228 3592 1276 ter-

1997 1312 2098 1378 tia,
2132 1313 2293 1383 quasi
2325 1312 2628 1366 furibunda
2642 1311 2819 1366 bestia
2839 1311 3213 1366 Latronianus
3232 1309 3501 1380 procedit.
3523 1311 3594 1364 Et

1998 1402 2205 1472 populo
2226 1402 2474 1472 undique
2493 1405 2866 1472 exspectante,
2889 1400 3089 1454 sedens
3102 1415 3203 1470 pro
3222 1398 3493 1452 tribunali
3503 1399 3594 1467 ju-

1996 1489 2091 1543 bet
2121 1490 2321 1544 adduci
2349 1496 2569 1544 sanctos
2595 1489 2654 1543 in
2683 1494 2982 1559 conspectu
3011 1504 3131 1541 suo.
3158 1488 3411 1558 Cumque
3441 1486 3593 1540 exhi-

1997 1577 2097 1632 biti
2124 1595 2313 1632 coram
2344 1595 2408 1633 eo
2437 1582 2705 1643 astarent,
2740 1594 2865 1631 mox
2895 1583 2960 1630 ut
2984 1576 3123 1630 vidit
3150 1592 3263 1641 eos,
3310 1592 3344 1629 a
3386 1591 3592 1645 pavore

1996 1667 2169 1721 nimio
2207 1672 2360 1721 totus
2381 1666 2657 1735 obriguit;
2687 1682 2799 1720 non
2815 1666 2966 1719 enim
2985 1671 3207 1737 poterat
3227 1664 3521 1718 intendere
3531 1663 3589 1718 in

310 1753 480 1807 nibus
494 1754 739 1808 reddidit
766 1771 831 1809 ac
854 1755 1185 1810 desolatum.
1211 1757 1455 1827 Ideoque
1475 1772 1734 1826 egressus
1760 1758 1908 1825 hinc,
1929 1745 1975 1804 Β
1993 1761 2236 1821 sanctos,
2269 1772 2333 1810 eo
2354 1755 2503 1826 quod
2522 1755 2701 1809 instar
2714 1754 2865 1821 solis,
2889 1770 3002 1825 prae
3022 1753 3197 1807 nimia
3212 1752 3399 1822 gratia
3419 1767 3590 1822 quam

305 1842 538 1897 intrabo
566 1843 624 1898 in
647 1860 743 1897 cor
758 1845 1083 1900 Latroniani
1099 1844 1257 1900 ducis
1285 1843 1378 1915 (7),
1415 1851 1472 1899 et
1501 1846 1754 1901 excitabo
1782 1864 1912 1901 eum

304 1932 613 1987 adversum
649 1949 745 1987 vos
776 1934 1052 2001 celeriter,
1086 1939 1144 1989 et
1175 1950 1277 2006 per
1320 1935 1476 1989 varia
1511 1936 1911 2007 suppliciorum

294 2037 525 2091 genera
550 2038 646 2075 vos
668 2022 960 2093 expendet,
991 2039 1057 2077 eo
1084 2023 1232 2094 quod
1256 2024 1494 2094 ingressi
1524 2024 1677 2090 estis,
1710 2030 1774 2078 ut
1794 2026 1913 2096 qui-

297 2110 444 2164 dam
471 2111 717 2164 latrones
736 2112 851 2166 sive
877 2111 1135 2178 maleﬁci,
1162 2112 1221 2166 in
1250 2112 1593 2183 provinciam
1623 2113 1818 2185 ipsius,
1853 2120 1911 2169 et

297 2200 523 2254 multos
536 2200 791 2254 homines
806 2217 840 2253 a
851 2201 1073 2255 cultura
1083 2200 1317 2255 deorum
1328 2201 1505 2271 ipsius
1521 2218 1622 2272 per
1640 2203 1907 2257 veneficia

294 2295 499 2342 vestra
529 2290 993 2356 avertentes,Deo
1011 2294 1193 2344 vestro
1219 2289 1463 2344 sociatis.
1489 2290 1558 2344 Et
1578 2290 1693 2345 haec
1716 2292 1906 2346 dicens

294 2377 548 2443 daemon,
572 2378 722 2432 ultra
744 2395 858 2433 non
875 2379 1208 2451 comparuit.

377 2466 516 2521 CAP.
546 2467 667 2521 XII.
702 2498 766 2508 —
794 2468 975 2538 Igitur
1001 2485 1126 2522 cum
1150 2468 1538 2539 hujuscemodi
1560 2469 1904 2539 spiritalibus

293 2554 585 2609 exercitiis
603 2557 782 2610 sancti
802 2556 902 2611 Dei
916 2557 1112 2611 famuli
1130 2563 1611 2623 conversarentur,
1637 2564 1694 2612 et
1718 2557 1904 2612 Salva-

291 2644 415 2697 tori
445 2650 637 2699 nostro
665 2645 798 2699 Jcsu
828 2645 1049 2699 Christo
1076 2646 1135 2700 in
1178 2646 1409 2716 psalmis
1451 2650 1508 2699 et
1557 2646 1901 2701 orationibus

287 2733 647 2787 unanimiter
673 2734 1018 2788 deservirent
1042 2753 1056 2802 ;
1087 2750 1153 2788 ac
1175 2735 1355 2789 multa
1382 2733 1661 2788 mirabilia
1686 2752 1799 2789 non
1816 2753 1901 2790 so-

288 2822 420 2876 lum
458 2821 518 2876 in
546 2822 882 2889 hominibus,
917 2839 1110 2877 verum
1140 2822 1310 2877 etiam
1336 2829 1393 2877 et
1420 2823 1477 2878 in
1507 2823 1798 2895 pecoribus
1820 2824 1900 2877 di-

286 2911 428 2965 vina
456 2911 643 2981 gratia
671 2928 773 2982 per
800 2912 1026 2966 eosdem
1056 2918 1402 2983 operaretur,
1451 2912 1635 2966 subito
1674 2912 1899 2967 advenit

284 3001 432 3055 Latr
440 3000 679 3054 onianus
707 3001 817 3055 dux
829 3001 887 3054 in
896 3001 1357 3055 Almiridensium
1368 3001 1672 3055 civitatem.
1688 3002 1760 3055 Et
1768 3017 1895 3055 cum

1992 1844 2281 1913 gerebant,
2313 1843 2602 1915 fulgebant
2650 1844 2818 1897 facies
2865 1859 3077 1897 eorum.
3133 1842 3269 1896 Erat
3310 1841 3587 1912 siquidem

1993 1938 2220 1987 sanctus
2248 1933 2535 2005 Epictetus
2561 1948 2839 1987 annorum
2869 1932 2985 1986 fere
3010 1931 3319 2000 sexaginta,
3369 1934 3589 1983 statura

1991 2038 2276 2093 procerus,
2309 2021 2484 2076 barba
2503 2021 2734 2093 prolixa,
2768 2027 2826 2075 et
2853 2020 3147 2091 splendore
3161 2018 3393 2073 caniciei
3419 2019 3586 2072 deco-

1993 2116 2168 2166 ratus.
2209 2112 2484 2167 Similiter
2521 2116 2578 2165 et
2619 2110 2976 2165 beatissimus
3014 2109 3213 2163 Astion
3253 2107 3580 2172 monachus,

1990 2205 2210 2254 statura
2237 2205 2294 2254 et
2322 2200 2441 2271 ipse
2469 2215 2736 2271 procerus
2761 2198 3034 2253 existebat
3057 2216 3070 2265 ;
3096 2197 3194 2252 sed
3242 2202 3300 2251 et
3342 2196 3583 2249 nimium

1989 2289 2221 2360 pulcher
2233 2305 2298 2342 ac
2315 2289 2606 2355 delicatus,
2631 2293 2689 2342 et
2706 2288 2865 2359 quasi
2888 2286 3124 2357 triginta
3137 2286 3384 2357 quinque
3403 2299 3582 2338 annos

1987 2377 2168 2432 aetatis
2180 2394 2371 2448 agens.
2390 2378 2644 2448 Cumque
2658 2376 2988 2432 uniushorae
2998 2374 3243 2446 spatium
3262 2372 3574 2437 transisset,

1983 2466 2351 2536 interrogavit
2369 2483 2464 2520 eos
2490 2465 2863 2520 Latronianus
2881 2463 3012 2528 dux,
3037 2463 3226 2517 dicens
3249 2478 3262 2513 :
3293 2462 3427 2526 Quae
3447 2466 3580 2515 sunt

1983 2554 2252 2609 vocabula
2283 2560 2486 2621 vestra,
2519 2555 2667 2626 quod
2682 2570 2879 2624 genus,
2903 2568 3002 2606 seu
3022 2552 3091 2606 de
3113 2551 3264 2623 quali
3294 2550 3580 2622 provincia

1982 2659 2079 2698 vos
2095 2643 2229 2697 estis
2244 2644 2487 2709 oriundi,
2511 2643 2670 2697 nobis
2690 2643 2748 2698 in
2761 2646 3058 2712 conspectu
3076 2641 3246 2711 hujus
3257 2639 3577 2694 multitudi-

1982 2732 2069 2786 nis
2097 2733 2411 2804 explanate.
2446 2733 2864 2804 Respondentes
2909 2730 3107 2796 sancti,
3138 2729 3428 2784 dixerunt:
3459 2729 3576 2784 Nos

1981 2821 2287 2875 Curistiani
2317 2837 2530 2887 sumus,
2564 2827 2622 2876 et
2646 2821 2715 2874 de
2737 2819 3063 2892 parentibus
3082 2818 3201 2873 nati
3216 2817 3572 2885 Christianis,

1980 2914 2151 2980 atque
2179 2910 2248 2963 de
2277 2908 2724 2964 Christianorum
2755 2910 2942 2981 patria
2968 2925 3070 2963 nos
3100 2924 3295 2963 sumus
3327 2906 3570 2962 oriundi.

1979 2997 2350 3052 Latronianus
2380 2999 2493 3052 dux
2519 2997 2692 3051 dixit:
2726 2999 2842 3068 Ego
2870 2997 3101 3052 nomina
3140 3001 3324 3050 vestra
3340 2996 3572 3050 interim

288 3104 404 3160 per
429 3088 679 3143 triduum
710 3106 881 3160 opera
909 3089 1129 3160 publica
1157 3095 1214 3144 et
1242 3090 1559 3161 imperialia
1578 3090 1893 3145 ministeria
1912 3060 1954 3120 Ο
1976 3087 2123 3140 volui
2153 3086 2367 3141 audire.
2401 3087 2546 3141 Nam
2571 3103 2635 3140 eo
2653 3060 2803 3157 quod
2818 3087 2888 3140 de
2900 3086 2998 3140 illa
3017 3086 3315 3140 maledicta
3330 3084 3572 3155 perﬁdia

286 3194 423 3247 quae
461 3177 670 3231 ibidem
698 3183 860 3232 erant
883 3179 1233 3249 pervidisset,
1263 3185 1467 3250 quarta
1481 3179 1571 3234 die
1598 3180 1893 3233 nuntiave-

283 3272 430 3319 runt
462 3266 512 3319 ei
540 3266 768 3337 quidam
789 3267 859 3320 de
878 3267 1062 3322 ofﬁcio
1085 3268 1154 3321 de
1181 3266 1517 3322 beatissimis
1530 3268 1682 3335 viris,
1708 3269 1894 3347 dicen-

283 3362 379 3409 tes
408 3355 482 3420 ei,
502 3361 558 3409 et
578 3355 727 3426 quod
758 3356 994 3410 malefici
1010 3362 1142 3410 sunt
1156 3363 1213 3410 et
1240 3357 1412 3426 magi,
1439 3357 1645 3411 multos
1674 3374 1775 3429 per
1789 3374 1893 3412 sua

282 3444 561 3498 veneficia
588 3449 906 3498 averterent
927 3446 1047 3514 jam
1077 3462 1111 3498 a
1145 3445 1432 3500 sacriﬁciis
1472 3446 1726 3500 deorum.
1761 3447 1891 3500 Hac

281 3550 420 3586 cum
440 3533 535 3586 ille
564 3532 832 3599 audisset,
866 3533 1129 3587 continuo
1156 3533 1399 3604 imperat
1421 3534 1638 3605 aliquos
1660 3551 1725 3589 ex
1746 3552 1891 3605 qua:-

284 3621 599 3686 stionariis,
631 3627 699 3675 ut
727 3626 852 3693 post
871 3622 1003 3676 solis
1023 3638 1280 3677 occasum
1310 3628 1611 3693 pergerent
1637 3624 1707 3678 ad
1737 3623 1891 3678 habi-

280 3710 541 3765 taculum
572 3715 913 3776 sanctorum,
947 3716 1005 3765 et
1028 3711 1458 3782 comprehensos
1484 3728 1580 3766 eos
1607 3712 1755 3766 ferro
1775 3713 1892 3766 vin-

280 3804 408 3853 ctos
439 3799 812 3870 perducerent
838 3799 897 3853 in
930 3798 1242 3854 custodiam
1271 3800 1529 3854 carceris.
1584 3802 1725 3855 Cum
1756 3818 1889 3872 ergo

281 3887 1201 3958 eomprehensibeatissimiviri,in
1210 3888 1889 3959 vinculatorium(8)duce‘

286 3984 508 4043 rentur,
532 3977 847 4048 psallebant
865 3977 1112 4031 dicentes
1130 3995 1141 4029 :
1158 3978 1308 4031 Deus
1324 3984 1518 4031 noster
1537 3976 1815 4048 refugium
1832 3985 1889 4034 et

286 4065 490 4131 virtus,
513 4066 603 4135 adj
612 4066 810 4120 utorin
827 4065 1282 4120 tribulationibus
1298 4083 1419 4137 qua:
1435 4066 1769 4120 invenerunt
1784 4082 1885 4121 nos

284 4154 463 4207 nimis
491 4155 660 4221 (Psal.
688 4162 835 4214 XLV).
860 4154 1172 4208 Etiterum:
1208 4155 1480 4209 Dominus
1500 4154 1768 4209 virtutum
1791 4170 1888 4208 no-

196 4230 203 4239 ’
284 4242 527 4307 hiscum,
562 4248 851 4314 susceptor
878 4248 1072 4296 noster
1097 4243 1247 4297 Deus
1275 4242 1444 4297 Iacob
1487 4241 1696 4313 (Ibid).
1739 4242 1888 4296 Rur-

285 4347 567 4402 sumque:
598 4332 787 4386 Multze
816 4331 1205 4386 tribulationes
1230 4333 1532 4402 justorum,
1564 4336 1621 4385 et
1646 4348 1760 4386 non
1784 4332 1888 4387 im-

1976 3176 2127 3242 estis,
2162 3182 2219 3229 et
2237 3192 2339 3245 ego
2368 3176 2514 3241 novi,
2545 3180 2603 3229 et
2622 3175 2865 3230 universi
2880 3175 3324 3229 circumstantes.
3340 3173 3428 3228 Ad
3452 3173 3570 3227 huic

1974 3264 2152 3318 sancti
2181 3270 2456 3335 martyres
2484 3264 2774 3318 dixerunt:
2809 3265 2925 3318 Nos
2953 3262 3259 3317 Christiani
3272 3278 3487 3327 sumus,
3511 3267 3569 3316 et

1973 3356 2163 3410 Jesum
2186 3355 2472 3410 Christum
2501 3354 2803 3408 Dominum
2832 3358 3107 3419 nostrum,
3156 3352 3217 3406 in
3256 3353 3417 3422 cujus
3465 3368 3566 3423 po-

1971 3448 2174 3498 testate
2203 3449 2401 3497 cuncta
2428 3442 2726 3513 habentur,
2757 3442 3111 3512 agnoscimus
3158 3446 3216 3495 et
3241 3441 3562 3507 adoramus,
3660 3498 3665 3503 ,

1972 3532 2233 3587 universa
2258 3533 2408 3586 idola
2431 3538 2531 3586 tua
2557 3531 2967 3597 abominamur,
2999 3530 3218 3584 dicente
3233 3529 3522 3601 Scriptura
3547 3547 3560 3583 :

1973 3621 2195 3675 Similes
2221 3621 2332 3674 illis
2362 3621 2501 3675 ﬁant
2521 3621 2617 3691 qui
2645 3620 2860 3674 faciunt
2885 3636 2970 3686 ea,
2997 3619 3095 3673 sed
3122 3624 3179 3673 et
3224 3634 3419 3673 omnes
3466 3618 3563 3688 qui

1970 3710 2259 3764 confidunt
2286 3710 2345 3764 in
2373 3709 2453 3764 eis
2485 3712 2647 3780 (Psal.
2679 3711 2857 3779 cxm).
2890 3709 3021 3763 Haec
3046 3708 3282 3786 audiens
3311 3708 3444 3772 dux,
3473 3708 3563 3762 ni-

1971 3798 2146 3852 mium
2174 3798 2352 3853 iratus
2383 3804 2486 3865 est,
2515 3803 2572 3853 et
2598 3799 2841 3869 imperat
2866 3803 2931 3852 ut
2958 3797 3292 3868 exspoliatos
3344 3796 3565 3851 fortiter

1970 3886 2345 3942 verberarent.
2376 3888 2629 3959 Cumque
2656 3904 2690 3940 a
2717 3886 2991 3941 ministris
3031 3886 3238 3941 Christi
3285 3890 3563 3958 martyres

1969 3976 2332 4043 caederentur,
2357 3977 2646 4030 oculorum
2667 3993 2905 4031 suorum
2928 3976 3186 4031 obtutum
3200 3975 3562 4030 elevantesad

1969 4065 2190 4129 caelum,
2226 4065 2419 4119 taliter
2439 4064 2697 4119 dicebant
2721 4083 2734 4118 :
2760 4065 2998 4120 Domine
3008 4066 3037 4120 J
3043 4082 3159 4133 esu,
3174 4066 3444 4136 magister
3457 4080 3558 4125 no-

1968 4166 2102 4220 ster,
2133 4160 2233 4208 tua
2257 4155 2512 4209 voluntas
2540 4156 2639 4209 fiat
2666 4155 2724 4208 in
2752 4154 2929 4208 nobis.
2962 4155 3071 4209 Sed
3108 4172 3236 4209 cum
3265 4156 3362 4210 diu
3408 4155 3558 4210 mul-

1968 4249 2203 4314 tumque
2221 4244 2584 4308 caederentur,
2604 4249 2660 4296 et
2669 4243 2808 4296 nihil
2819 4245 2939 4312 ejus
2962 4243 3284 4298 immanitas
3294 4244 3561 4299 adversus

1967 4332 2068 4385 Dei
2097 4332 2337 4386 cultores
2381 4331 2776 4402 praevaluisset,
2806 4331 2998 4384 taliter
3024 4331 3203 4385 iratus
3232 4334 3560 4387 contra'eos

286 4420 555 4491 piorum;
586 4420 683 4473 sed
712 4426 904 4474 tamen
932 4437 997 4474 ex
1044 4419 1304 4475 omnibus
1351 4420 1438 4474 his
1484 4420 1745 4474 liberabit
1790 4414 2337 4475 eosDLatronianus
2365 4420 2582 4474 locutus
2616 4424 2718 4485 est,
2751 4420 2966 4475 dicens:
2999 4419 3106 4474 Ubi
3153 4425 3239 4474 est
3285 4420 3560 4475 mirabilis

285 4508 585 4564 Dominus.
599 4508 856 4563 Custodit
865 4509 1137 4563 Dominus
1148 4509 1338 4563 omnia
1346 4525 1471 4564 ossa
1481 4525 1697 4577 eorum,
1711 4525 1885 4564 unum

288 4614 360 4651 ex
376 4597 466 4651 his
480 4613 591 4651 non
612 4602 934 4651 conteretur
955 4598 1115 4666 (Psal.
1142 4602 1361 4665 χχχιιι).
1386 4598 1638 4668 Cumque
1649 4597 1885 4668 ingressi

286 4688 531 4742 fuissent
558 4686 617 4740 in
645 4702 946 4750 carcerem,
976 4690 1154 4740 totam
1176 4692 1397 4741 noctem
1420 4703 1575 4741 more
1604 4686 1886 4741 sibisolito

286 4776 351 4830 in
362 4776 595 4847 psalmis
611 4782 667 4830 et
677 4774 1023 4830 orationibus
1033 4780 1447 4846 transcgerunt.
1463 4776 1595 4830 Post
1610 4777 1886 4847 expletam

287 4871 483 4919 autem
517 4865 833 4935 vigiliarum
864 4865 1297 4931 solemnitatem,
1332 4866 1437 4920 hoc
1464 4866 1630 4920 modo
1659 4873 1885 4922 sanctus

290 4954 583 5025 Epictetus
610 4954 681 5008 ad
708 4953 932 5008 beatum
961 4954 1251 5008 Astionem
1280 4954 1500 5009 locutus
1530 4960 1632 5021 est,
1654 4954 1841 5009 dicens
1868 4975 1884 5010 :

291 5043 352 5097 Si
383 5059 508 5099 nos.
541 5059 575 5097 ο
603 5042 920 5097 dulcissime
948 5043 1046 5109 ﬁli,
1077 5043 1322 5096 crastino
1350 5042 1440 5097 die
1459 5042 1889 5114 interrogaverit

283 5131 482 5201 judex,
509 5130 716 5185 dicens:
750 5131 910 5194 Quod
936 5147 1135 5201 genus,
1161 5132 1245 5185 vel
1278 5147 1401 5201 quae
1430 5131 1662 5187 nomina
1679 5138 1882 5197 vestra,

292 5220 377 5272 vel
408 5235 474 5273 ex
500 5208 617 5289 qua
634 5219 916 5289 provincia
939 5220 1090 5285 estis,
1114 5224 1172 5272 et
1192 5219 1342 5273 unde
1366 5219 1476 5274 huc
1502 5218 1768 5273 venistis?
1786 5236 1888 5273 nos

292 5307 439 5362 nihil
466 5307 546 5360 illi
571 5307 794 5378 penitus
814 5308 1255 5378 respondeamus
1280 5325 1292 5375 ;
1318 5323 1498 5379 neque
1513 5324 1693 5378 genus
1712 5308 1781 5373 ei,
1804 5308 1889 5362 vel

292 5396 530 5451 nomina
550 5405 742 5450 nostra
758 5397 1093 5464 indicemus;
1112 5397 1208 5451 sed
1227 5414 1330 5451 nec
1346 5398 1606 5468 patriam,
1631 5397 1780 5451 unde
1801 5414 1891 5451 su-

294 5503 426 5540 mus
446 5486 687 5551 oriundi,
708 5486 788 5540 illi
803 5485 1106 5555 fateamur;
1130 5486 1237 5540 nisi
1254 5486 1359 5541 hoc
1374 5491 1596 5540 tantum
1615 5486 1885 5552 dicamus,

295 5575 435 5647 quia
462 5574 768 5631 Christiani
797 5591 1011 5644 smnus,
1044 5580 1101 5629 et
1125 5575 1230 5630 hoc
1257 5574 1655 5641 nomennobis,
1679 5575 1785 5629 hoc
1796 5590 1891 5642 ge-

1968 4510 2061 4563 ille
2090 4515 2274 4563 vester
2299 4509 2575 4573 defensor,
2607 4525 2774 4579 quem
2803 4509 2924 4564 sine
2944 4508 3252 4563 cessatione
3270 4514 3328 4572 2
3343 4515 3380 4574 Ι
3403 4515 3453 4575 α
3469 4526 3561 4564 vo-

1967 4597 2053 4652 bis
2073 4597 2131 4651 in
2152 4597 2422 4652 auxilium
2447 4597 2744 4651 invocastis
2764 4596 2789 4649 'I
2813 4596 3015 4650 Veniat
3032 4597 3223 4668 itaque
3244 4612 3412 4664 nunc,
3435 4602 3493 4652 et
3509 4597 3558 4652 si

1967 4691 2168 4758 potest,
2202 4686 2271 4740 de
2292 4686 2431 4740 meis
2452 4703 2544 4741 vos
2562 4685 2766 4757 eripiat
2780 4684 3054 4739 manibus.
3074 4685 3263 4740 Sancti
3281 4691 3559 4758 martyres

1966 4775 2252 4830 dixerunt:
2283 4774 2587 4830 Christiani
2606 4791 2820 4840 sumus,
2845 4790 2876 4828 ο
2895 4779 3153 4845 tyranne,
3186 4776 3288 4828 ﬁat
3303 4775 3560 4831 voluntas

1969 4864 2070 4918 Dei
2098 4864 2277 4919 nostri
2304 4865 2364 4918 in
2392 4863 2572 4918 nobis.
2606 4864 2735 4917 Haec
2757 4879 2884 4917 cum
2903 4862 3554 4933 audissetLatronianus,

1963 4951 2134 5023 jussit
2159 4969 2254 5007 eos
2278 4953 2336 5006 in
2365 4952 2617 5006 eculeum
2647 4950 2837 5017 levari,
2871 4956 2927 5005 et
2953 4950 3175 5005 fortiter
3201 4952 3426 5022 ungulis
3454 4953 3561 5007 fer-

1969 5041 2080 5095 reis
2094 5041 2228 5096 radi.
2253 5042 2505 5111 Cumque
2517 5040 2863 5104 raderentur,
2880 5039 3086 5094 iterum
3099 5039 3359 5095 dicebant
3372 5060 3384 5095 :
3403 5042 3561 5097 Chri-

1967 5130 2136 5184 stiani
2164 5145 2378 5195 sumus,
2420 5146 2452 5183 o
2481 5134 2720 5200 tyranne
2760 5128 3121 5198 Latroniane,
3154 5131 3256 5184 ﬁat
3305 5131 3561 5186 voluntas

1969 5218 2071 5273 Dei
2101 5217 2276 5272 nostri
2305 5218 2362 5271 in
2394 5216 2574 5272 nobis.
2605 5218 2765 5272 Tunc
2793 5217 2993 5271 deinde
3007 5218 3180 5288 jussit
3206 5224 3481 5291 tyrannus
3496 5226 3562 5275 ut

1969 5307 2257 5378 lampades
2285 5306 2564 5371 ardentes,
2595 5322 2721 5360 cum
2742 5306 2923 5360 adhuc
2944 5306 3003 5360 in
3016 5308 3207 5361 eculeo
3231 5309 3559 5379 penderent,

1972 5397 2044 5449 ad
2070 5396 2249 5449 latera
2278 5411 2474 5450 eorum
2506 5395 2870 5465 applicarent.
2918 5396 3171 5467 Cumque
3219 5402 3277 5449 et
3304 5396 3408 5450 hoc
3440 5401 3561 5449 tor-

1974 5484 2147 5538 menti
2197 5501 2378 5554 genus
2429 5478 2864 5554 magnanimiter
2896 5485 3221 5555 tolerarent,
3264 5484 3559 5537 dicebant:

1974 5572 2277 5629 Christiani
2306 5590 2522 5641 sumus,
2556 5591 2588 5627 ο
2617 5578 2876 5644 tyranne,
2908 5575 3009 5628 ﬁat
3054 5573 3311 5627 voluntas
3358 5570 3459 5625 Dei
3504 5570 3564 5624 in
