3946 6192
433 287 544 346 eos

1453 289 1550 346 DE
1583 289 1772 344 VITIS
1809 287 2106 350 PATRUH
2141 286 2358 346 LIBER
2392 287 2680 344 PRIMUS.

3560 290 3650 350 illi

434 411 617 470 nobis.
651 416 723 470 Et
747 431 874 470 cum
899 415 1021 484 jam
1045 413 1186 468 hora
1203 411 1444 483 septima
1459 411 1608 468 facta
1627 412 1843 479 fuisset,
1857 412 2241 483 jussitAdine
2267 411 2422 466 verbi
2447 409 2638 475 divini,
2663 413 2720 466 et
2739 407 2810 464 de
2828 408 2924 462 illo
2952 423 3102 479 pane
3117 407 3212 478 qui
3231 408 3297 464 de
3313 410 3654 470 cmlodrscen‘

435 521 533 559 eos
557 504 928 559 Latronianus
957 503 1027 558 de
1055 503 1247 556 eculeo
1277 501 1499 572 deponi,
1532 507 1590 556 et
1614 502 1671 558 in
1713 502 2024 556 custodiam

433 593 672 648 carceris
698 592 948 662 perddci.

507 683 638 737 Car.
650 681 796 735 XIV.
811 711 880 722 —-
898 681 1056 736 Unus
1074 685 1263 736 autem
1275 697 1340 736 ex
1353 679 1780 751 quzestionariis,
1797 681 2024 734 nomine

433 769 791 840 Vigilantius,
813 769 1047 824 audiens
1065 769 1214 823 hunc
1235 769 1566 826 versiculum
1583 775 1802 824 sanctos
1817 774 2026 841 marty-

433 875 526 913 res
553 858 612 918 in
639 858 939 912 tormentis
958 857 1187 928 positos,
1210 858 1534 928 frequenter
1555 864 1612 910 et
1629 857 1831 928 saepius
1859 857 2024 911 itera-

433 964 512 1014 re,
548 947 606 1001 id
633 952 738 1010 est,
769 946 1074 1001 Christiani
1101 956 1316 1012 sumus,
1343 951 1634 1017 otyranne
1663 945 2020 1011 Latroniano,

433 1038 534 1091 ﬁat
560 1035 816 1091 voluntas
835 1035 1132 1092 Deinostri.
1144 1035 1204 1091 in
1223 1034 1404 1099 nobis,
1427 1035 1751 1089 existimans
1761 1035 1908 1106 quod
1927 1035 2025 1089 ali-

434 1138 602 1196 quam
623 1124 934 1194 magniﬁca:
957 1123 1408 1195 praecantationis
1437 1123 1491 1178 in
1512 1140 1577 1177 se
1601 1122 1836 1178 haberet
1855 1123 2026 1178 virtu-

434 1219 567 1278 tem,
604 1213 738 1284 quia
762 1213 1022 1268 dicebant
1048 1213 1203 1268 nullo
1232 1213 1400 1268 modo
1429 1229 1592 1284 posse
1625 1212 2026 1268 meditantibus

433 1318 564 1356 eum
593 1302 842 1356 dolorem
874 1302 1286 1372 sentire,c¢npit
1299 1301 1448 1356 hunc
1477 1301 1660 1372 ipsum
1687 1301 2024 1356 versiculum

433 1389 750 1445 incessabili
778 1390 1142 1445 meditatione
1173 1390 1476 1454 ruminare,
1493 1389 1637 1444 infra
1653 1390 1883 1444 domum
1899 1389 2024 1444 etin

433 1477 653 1550 plateis,
685 1478 969 1532 dormiens
989 1483 1156 1548 atque
1184 1495 1507 1548 exsurgens,
1537 1484 1595 1533 et
1612 1478 1669 1533 in
1698 1479 1849 1534 omni
1877 1483 2023 1532 tem-

435 1583 572 1638 pore
599 1567 915 1620 decantare.
949 1567 1204 1636 Cumque
1236 1583 1337 1636 per
1371 1566 1621 1621 triduum
1657 1567 1872 1637 jugiter
1913 1582 2025 1622 non

435 1655 1127 1726 quiesceretdecantando,
1141 1660 1342 1724 quarta
1363 1656 1588 1709 demum
1607 1656 1697 1710 die
1717 1656 1886 1726 coepit
1896 1673 2025 1710 voce

2107 501 2208 566 dit,
2243 499 2493 570 quotidie
2519 497 2932 562 reficiebantur,
2961 501 3131 567 atque
3159 496 3516 554 indesinenter
3529 505 3652 571 psal-

2105 587 2312 652 lebant,
2345 587 2620 642 dicentes:
2651 587 2800 642 Deus
2827 586 3160 642 misereatur
3177 587 3367 652 nostri,
3396 587 3656 644 etbenedi-

2105 682 2198 732 cat
2220 675 2410 743 nobis;
2447 676 2728 732 illuminet
2745 675 2962 730 vultum
2989 691 3155 730 suum
3182 691 3344 744 super
3368 691 3480 741 nos,
3503 681 3554 732 et
3570 679 3656 732 mi-

2105 772 2361 824 sereatur
2381 765 2557 820 nostri
2575 784 2588 831 ;
2603 770 2666 823 ut
2689 780 3088 834 cognoscamus
3108 763 3168 821 in
3185 767 3336 820 terra
3350 763 3490 820 viam
3497 770 3654 832 tuam,

2105 855 2166 910 in
2191 853 2454 910 omnibus
2485 853 2750 924 gentibus
2773 853 3021 908 salutare
3037 858 3220 908 tuum.

2178 945 2307 1002 CAP.
2323 943 2468 1000 XVI.
2486 971 2548 985 ~—
2563 943 2742 1012 Igitur
2750 959 2876 998 cum
2889 942 2944 998 in
2957 940 3097 997 urbe
3106 941 3660 1000 Almiridcnsiumsan-

2106 1031 2182 1087 cti
2213 1038 2488 1103 martyres
2517 1032 2635 1086 haec
2660 1035 2944 1088 tormenta
2962 1047 3063 1102 pro
3081 1030 3288 1086 Christi
3305 1030 3518 1084 nomine
3543 1032 3662 1085 tole-

2108 1128 2318 1186 rarent,
2351 1121 2577 1190 quidam
2600 1121 2926 1192 peregrinus
2956 1119 3196 1190 quodam
3227 1118 3314 1172 die
3336 1118 3518 1174 videns
3545 1119 3663 1174 beas

2104 1210 2386 1264 tissimum
2415 1209 2702 1264 Astionem
2724 1216 2856 1264 ante
2883 1207 3130 1263 tribunal
3154 1207 3356 1279 judicis
3383 1209 3662 1263 consisten-

2105 1307 2240 1364 tem,
2266 1306 2323 1354 et
2341 1315 2680 1369 cognoscens
2699 1299 2826 1369 quis
2845 1299 3114 1368 cujusque
3131 1297 3349 1367 generis
3369 1295 3662 1362 haberetur,

2105 1388 2437 1442 festinanter
2463 1387 2730 1458 navigans
2751 1387 2808 1442 in
2833 1386 3084 1457 partibus
3116 1385 3360 1441 Orientis
3386 1385 3663 1450 descendit,

2107 1484 2163 1530 et
2189 1477 2416 1531 veniens
2445 1477 2502 1530 in
2527 1476 2808 1530 civitatem
2825 1476 3104 1530 undeerat
3117 1474 3668 1538 oriundus,nuntiavit

2108 1567 2254 1637 patri
2284 1567 2405 1636 ejus
2422 1571 2480 1618 et
2506 1565 2672 1620 matri
2699 1565 2818 1618 haec
2830 1565 3090 1620 universa
3117 1581 3241 1634 quae
3260 1563 3339 1616 illi
3359 1563 3665 1630 acciderant,

2108 1655 2298 1709 dicens
2335 1671 2462 1709 eum
2495 1671 2622 1708 cum
2652 1671 2786 1715 sene
2814 1653 3054 1724 quodam
3080 1652 3414 1718 Christiano,
3446 1652 3668 1723 Epicteto

433 1743 658 1814 publica
676 1743 1042 1814 proclamare,
1078 1743 1293 1798 dicens:
1316 1745 1430 1814 Ego
1463 1745 1816 1799 Christianus
1827 1762 1970 1810 sum,
1993 1762 2026 1798 ο
2043 1729 2089 1788 Β
2107 1744 2354 1809 nomine,
2387 1743 2444 1797 in
2460 1743 2730 1814 martyrio
2757 1742 3080 1796 consistere.
3105 1740 3374 1796 Similiter
3392 1756 3587 1794 nomen
3601 1740 3670 1793 ci-

432 1836 676 1903 tyranue
692 1832 1052 1896 Latroniane,
1067 1833 1166 1886 fiat
1186 1833 1442 1888 voluntas
1461 1833 1562 1887 Dei
1583 1834 1758 1888 nostri
1771 1833 1827 1887 in
1847 1834 2024 1888 nobis.

433 1921 506 1976 Et
534 1921 865 1991 perveniens
893 1921 966 1975 ad
987 1921 1342 1976 beatissimos
1367 1927 1644 1993 martyres
1678 1923 1738 1976 in
1777 1923 2032 1977 custodia

434 2009 691 2073 careeris,
722 2009 1070 2077 signaculum
1083 2010 1207 2064 vitae
1219 2009 1288 2064 ab
1301 2009 1381 2065 e's
1394 2011 1996 2081 promeruitpercipere
2013 2030 2026 2077 ;

437 2102 496 2151 et
513 2114 642 2151 cum
656 2098 810 2152 omni
827 2097 996 2152 domo
1020 2115 1120 2152 sua
1135 2099 1368 2152 credens
1383 2099 1439 2152 in
1461 2100 1638 2153 Deum
1660 2084 2025 2165 Salvatorem,

437 2185 731 2240 beatorum
759 2191 955 2240 sancta
983 2203 1218 2256 corpora
1243 2187 1364 2258 ipse
1389 2188 1744 2258 postmodum
1777 2205 1904 2242 cum
1935 2189 2030 2242 ho-

438 2290 578 2328 nore
605 2273 848 2328 maximo
875 2274 1147 2344 sepelivit.

511 2363 644 2416 0st.
675 2363 792 2416 XV.
819 2391 883 2402 —-
902 2363 1083 2431 Igitur
1095 2369 1220 2434 post
1239 2363 1492 2434 quintam
1517 2364 1741 2420 demum
1759 2365 1928 2428 diem,
1948 2382 2031 2418 se-

437 2450 577 2504 dens
603 2450 809 2504 iterum
841 2450 1218 2506 Latronianus
1246 2451 1357 2506 dux
1387 2469 1488 2522 pro
1518 2451 1808 2518 tribunali,
1861 2452 2032 2522 jussit

439 2543 692 2593 sanctum
717 2537 1028 2608 Epictetum
1060 2539 1470 2610 presbyterum,
1503 2545 1560 2595 et
1587 2541 1876 2596 Astionem
1908 2557 2028 2596 mo-

439 2626 680 2682 nachum
693 2627 750 2680 in
765 2633 1064 2698 conspectu
1077 2645 1178 2682 suo
1188 2629 1432 2699 perduci.
1451 2629 1704 2699 Cumque
1714 2646 1746 2683 a
1759 2629 2031 2683 ministris

439 2715 757 2771 dmtnonum
785 2716 1141 2781 ducerentur,
1175 2717 1502 2788 psallebant,
1535 2718 1820 2772 dicentes:
1866 2720 1929 2772 In
1976 2724 2032 2772 te

441 2803 700 2860 inimicos
711 2809 934 2859 nostros
950 2805 1362 2870 ventilabimus,
1381 2807 1635 2871 Domine,
1661 2813 1718 2860 et
1738 2807 1795 2860 in
1806 2807 2034 2862 nomine

441 2900 544 2949 tuo
569 2910 901 2966 spernemus
930 2895 1286 2964 insurgentes
1313 2895 1370 2950 in
1411 2895 1588 2950 nobis.
1615 2897 1740 2950 Non
1775 2895 1924 2950 enim
1975 2895 2035 2952 in

442 2998 576 3038 areu
604 2987 797 3038 nostro
825 2999 1136 3054 speramus,
1169 2990 1226 3038 et
1247 2983 1470 3055 gladius
1503 2985 1783 3040 humanus
1820 3000 2032 3055 nequa-

446 3087 614 3144 quam
643 3073 858 3127 salvere
877 3089 980 3126 nos
1006 3073 1247 3143 poterit;
1278 3073 1376 3130 sed
1395 3073 1620 3128 dextera
1650 3080 1767 3138 tua,
1800 3079 1857 3126 et
1903 3073 2032 3128 bra-

443 3159 629 3214 chium
651 3164 834 3223 tuum,
867 3165 925 3215 et
961 3160 1298 3216 illuminatio
1317 3162 1504 3218 vultus
1531 3162 1634 3228 tui,
1677 3163 1942 3234 quoniam
1970 3169 2034 3218 tu

445 3248 830 3318 complacuisti
849 3249 910 3304 in
929 3248 1091 3304 nobis
1113 3251 1278 3316 (Psal.
1295 3253 1479 3318 XLIII).
1495 3251 1748 3322 Cumque
1767 3258 1900 3306 ante
1910 3251 2037 3308 sub-

446 3337 666 3395 sellium
695 3337 1071 3410 profanissimi
1100 3338 1257 3393 ducis
1282 3339 1491 3395 Christi
1517 3345 1794 3412 martyres
1823 3341 2034 3396 astitis-

445 3430 592 3492 sent,
612 3426 774 3482 aitad
799 3443 894 3480 eos
914 3427 1289 3485 Latronianus
1316 3428 1456 3484 dux:
1486 3429 1854 3498 Acquiescitis
1875 3429 2031 3496 mihi,

445 3519 503 3568 et
521 3514 847 3570 sacrificatis
867 3515 992 3578 diis,
1018 3532 1090 3569 an
1119 3517 1301 3574 adhuc
1321 3516 1379 3570 in
1398 3522 1584 3572 vestra
1597 3517 1818 3572 insania
1836 3518 2038 3588 perdu-

449 3603 628 3658 ratis?
658 3603 895 3658 Sanctus
922 3605 1205 3674 Epictetus
1234 3605 1554 3675 respondit:
1591 3607 1808 3678 Saepius
1832 3607 2034 3664 nosin-

451 3692 743 3763 errogasti.
797 3697 1133 3762 frequenter
1160 3693 1320 3747 nobis
1363 3693 1646 3748 blanditus
1703 3711 1780 3759 es,
1830 3696 2038 3750 multo-

442 3779 664 3849 tiesque
681 3781 831 3838 dona
849 3781 1094 3852 plurima
1114 3787 1170 3836 et
1191 3782 1430 3838 honores
1452 3782 1610 3838 nobis
1629 3783 1900 3838 maximos
1917 3801 2041 3856 pro-

446 3868 647 3924 misisti
678 3875 735 3924 et
763 3874 953 3924 tamen
983 3870 1208 3940 penitus
1237 3871 1377 3925 nihil
1407 3871 1558 3926 aliud
1586 3888 1621 3926 a
1649 3872 1810 3928 nobis
1845 3873 2040 3928 audire

446 3957 698 4026 potuisti,
721 3957 828 4014 nisi
842 3957 976 4027 quia
999 3958 1302 4014 Christiani
1321 3976 1534 4022 sumus,
1559 3966 1616 4016 et
1629 3978 1752 4015 ecce
1769 3978 1917 4017 nunc
1935 3962 2040 4018 hoc

446 4043 632 4116 ipsum
660 4045 866 4100 iterare
885 4063 996 4102 non
1027 4048 1384 4118 quiescimus.
1403 4049 1543 4103 Cum
1574 4055 1762 4106 autem
1793 4051 2041 4108 audisset

2108 1832 2297 1886 vitatis
2323 1832 2382 1886 in
2422 1849 2536 1902 qua
2562 1837 2767 1897 essent,
2801 1830 3230 1900 diligentissime
3260 1846 3352 1883 eos
3372 1829 3672 1882 edocuit.At

2110 1919 2189 1974 illi
2222 1921 2338 1975 haec
2366 1921 2677 1986 audientes,
2709 1937 2834 1974 mox
2856 1920 2926 1973 ad
2946 1935 3131 1988 genua
3160 1918 3268 1974 sibi
3283 1919 3386 1973 ista
3406 1917 3674 1972 referentis

2111 2010 2510 2076 advolvuntur;
2545 2017 2602 2064 ct
2624 2009 2843 2062 fortiter
2861 2025 2990 2064 eum
3004 2025 3204 2078 rogare
3221 2011 3519 2078 cmperunt,
3541 2010 3599 2060 ut
3617 2021 3675 2058 ea

2112 2116 2233 2168 quae
2263 2115 2392 2154 vera
2409 2104 2595 2154 essent
2625 2099 2704 2152 eis
2731 2098 2958 2152 diceret.
2985 2098 3060 2151 At
3077 2097 3168 2152 ille
3192 2095 3674 2166 jurejurandovera

2111 2187 2227 2242 haec
2257 2204 2378 2242 esse
2409 2186 2746 2240 afﬁrmabat.
2775 2187 2933 2242 Tunc
2954 2186 3120 2258 coepit
3135 2185 3324 2240 dicere
3351 2191 3506 2256 pater
3531 2185 3669 2254 ejus:

2112 2276 2170 2331 Si
2202 2293 2304 2345 ego
2335 2276 2524 2330 infelix
2552 2275 2788 2330 meritus
2815 2277 2971 2330 fuero
3001 2280 3066 2330 ut
3095 2274 3312 2328 videam
3352 2273 3537 2326 faciem
3587 2271 3674 2326 filii

2111 2365 2241 2429 mei,
2275 2365 2544 2435 quidquid
2568 2365 2702 2418 illud
2725 2370 2810 2418 est
2834 2364 2982 2435 quod
3011 2363 3151 2418 mihi
3172 2361 3575 2418 mandaveritet
3593 2360 3678 2414 do-

2111 2453 2306 2519 cuerit,
2331 2454 2433 2508 hoc
2459 2453 2581 2508 sine
2604 2454 2790 2524 aliqua
2813 2470 2970 2508 mora
2988 2453 3240 2508 facturus
3267 2468 3410 2506 sum.
3433 2449 3677 2505 Similiter

2111 2559 2242 2595 vero
2263 2548 2318 2596 et
2347 2547 2529 2596 mater
2541 2541 2764 2598 dicebat
2785 2565 2796 2598 :
2824 2543 2938 2611 Ego
2963 2541 3302 2596 miserabilis
3327 2546 3386 2596 et
3407 2539 3678 2594 humiliata

2113 2647 2212 2702 per
2231 2630 2439 2696 omnia,
2461 2631 2508 2684 si
2531 2631 2690 2684 illum
2703 2631 2954 2686 adhucin
2971 2631 3075 2684 hoc
3094 2647 3328 2701 corpore
3338 2627 3678 2684 meritafuero

2113 2719 2343 2784 intueri,
2367 2726 2426 2786 '3.
2440 2726 2478 2786 ι
2496 2726 2554 2784 δ
2583 2725 2640 2773 et
2666 2720 2894 2789 domum
2919 2719 3353 2790 universamque
3369 2734 3544 2772 meam
3569 2715 3681 2770 sub-

2115 2807 2382 2862 stantiam
2415 2808 2822 2878 derelinquam,
2846 2814 2902 2862 et
2922 2807 3001 2862 illi
3023 2807 3126 2861 soli
3151 2805 3537 2864 adhaerebaeo
3549 2802 3681 2875 quod

2116 2913 2285 2967 super
2313 2897 2430 2952 haec
2459 2897 2650 2952 omnia
2668 2897 2788 2967 ipse
2817 2897 2970 2952 solus
2998 2897 3136 2950 mihi
3165 2896 3390 2952 charior
3412 2899 3468 2948 et
3491 2893 3682 2952 dulcior

2117 2985 2408 3040 habeatur.
2444 2985 2604 3050 Quod
2629 2989 2688 3039 et
2713 2985 2760 3039 si
2782 3001 2870 3038 me
2913 2985 3274 3056 imperaverit
3302 2985 3421 3040 fieri
3435 2981 3680 3038 Christia-

2116 3091 2268 3138 nam,
2304 3091 2406 3130 nec
2426 3074 2530 3130 hoc
2549 3072 2816 3128 recusabo
2846 3073 3048 3139 facere,
3081 3079 3137 3126 et
3165 3090 3294 3128 cum
3321 3073 3440 3144 ipso
3463 3077 3682 3144 postmo-

2116 3164 2272 3230 dum,
2303 3162 2351 3218 si
2371 3163 2626 3232 voluerit,
2659 3168 2858 3234 parata
2877 3178 2999 3218 sum
3021 3167 3310 3216 tormenta
3335 3161 3616 3224 sustinere,
3637 3163 3684 3210 et

2116 3258 2356 3308 mortem
2382 3257 2674 3322 gratanter
2700 3253 2970 3322 accipere.
2987 3252 3056 3306 Et
3077 3251 3192 3306 haec
3202 3251 3467 3315 dicentes,
3489 3249 3684 3304 univer-

2119 3357 2238 3396 sam
2265 3340 2608 3398 subtantiam
2638 3357 2796 3396 suam
2827 3357 2891 3394 ac
2928 3341 3152 3394 divitias
3190 3339 3296 3398 sub
3339 3337 3607 3394 actoribus
3639 3341 3688 3390 et

2121 3430 2576 3500 procuratoribus
2598 3430 2964 3500 reliquerunt.
3003 3430 3072 3484 Et
3111 3429 3324 3498 egressi
3359 3444 3484 3482 cum
3528 3425 3686 3480 tribus

2122 3519 2309 3589 pueris
2329 3519 2398 3572 de
2427 3519 2592 3574 domo
2621 3535 2742 3584 sua,
2767 3518 2952 3572 navim
2968 3517 3227 3589 protinus
3247 3515 3685 3576 conscenderunt,

2122 3614 2179 3662 et
2197 3608 2459 3678 navigare
2477 3613 2784 3678 coeperunt,
2805 3607 2934 3664 utin
2961 3607 3302 3678 Scytharum
3323 3613 3527 3660 terram
3538 3607 3688 3672 atque

2121 3697 2180 3752 in
2207 3698 2664 3754 Almiridensium
2695 3698 2974 3754 civitatem
3007 3697 3353 3752 devenirent.
3389 3696 3556 3765 Cujus
3583 3707 3691 3764 pro-

2119 3785 2311 3840 vinciae
2341 3793 2473 3844 tunc
2500 3786 2745 3858 pontifex
2770 3792 2828 3842 et
2863 3786 3194 3858 praepositus
3241 3791 3554 3840 sanctarum
3602 3779 3689 3834 Dei

2121 3875 2502 3941 ecclesiarum,
2517 3875 2878 3932 beatissimus
2899 3875 3262 3945 Evangelicus
3285 3875 3357 3940 19;
3380 3870 3687 3928 habebatur.

2193 3964 2322 4018 CAP.
2349 3965 2518 4020 XVII.
2535 3993 2600 4004 —
2616 3963 2796 4033 Igitur
2823 3963 3043 4034 expleto
3067 3979 3307 4017 numero
3337 3960 3564 4031 triginta
3585 3955 3690 4012 die-

2121 4069 2268 4116 rum,
2301 4053 2471 4122 jussit
2496 4058 2771 4124 tyrannus
2800 4057 2862 4108 ut
2905 4052 3082 4106 sancti
3125 4058 3409 4123 martyres
3437 4064 3614 4104 coram
3641 4060 3692 4098 se

446 4133 820 4192 Latronianus
848 4135 963 4190 haec
979 4136 1170 4190 omnia
1183 4135 1368 4201 verba,
1394 4137 1548 4192 dedit
1566 4138 1842 4208 mugitum
1860 4140 2037 4207 utleo;
2127 4141 2538 4196 exhiberentur.
2568 4141 2675 4205 Qui
2704 4158 2830 4196 cum
2854 4141 3018 4196 hilari
3047 4141 3238 4194 animo
3269 4147 3327 4194 et
3348 4139 3500 4194 vultu
3524 4137 3692 4206 splen-

449 4227 509 4278 et
537 4223 852 4281 exclamans
878 4240 1008 4277 voce
1038 4241 1259 4294 magna,
1291 4226 1483 4281 taliter
1501 4227 1568 4282 ad
1590 4243 1720 4281 suos
1742 4227 1946 4282 milites
1965 4228 2045 4282 lo-
2125 4229 2256 4284 dido
2285 4246 2471 4286 coram
2501 4229 2597 4284 illo
2617 4229 3016 4295 constitissent,
3049 4228 3128 4284 sic
3148 4229 3221 4282 ad
3243 4224 3698 4282 eosLatronianus

447 4317 612 4368 cutus
640 4318 744 4379 est,
775 4313 966 4368 dicens
995 4331 1006 4370 :
1034 4313 1328 4380 Velociter,
1351 4332 1384 4368 ο
1403 4315 1648 4370 ministri
1677 4316 1844 4386 hujus
1865 4317 2046 4387 splen-
2126 4318 2236 4372 dux
2265 4319 2484 4372 locutus
2513 4323 2616 4382 est,
2653 4317 2842 4374 dicens
2867 4337 2883 4372 :
2918 4317 3130 4388 Saepius
3158 4334 3258 4370 vos
3303 4317 3372 4372 de
3431 4313 3694 4368 nominum

455 4400 732 4460 didissimi
748 4402 1027 4467 culminis,
1043 4403 1126 4458 sal
1139 4408 1197 4456 et
1233 4409 1451 4458 acetum
1469 4405 1576 4458 huc
1589 4405 1802 4470 afferte,
1822 4406 2042 4476 etprio-
2060 4441 2108 4500 Β
2128 4411 2438 4460 vestrorum
2459 4405 2724 4458 vocabulo
2740 4405 3098 4475 interrogavi,
3113 4406 3198 4460 vel
3217 4420 3446 4475 genere,
3460 4417 3555 4456 seu
3567 4398 3697 4454 unde

452 4489 610 4546 ribus
627 4507 821 4546 eorum
843 4491 1276 4546 lacerationibus
1311 4493 1630 4555 confricata,
1655 4495 1935 4565 simulque
1963 4486 2106 4565 pi-u
2127 4493 2260 4548 estis
2291 4493 2530 4556 oriundi,
2562 4502 2621 4548 et
2648 4510 2937 4564 nunquam
2967 4493 3104 4548 mihi
3141 4493 3438 4551 veritatem
3482 4486 3696 4547 dixistis.

453 4579 1219 4650 cemetadipemincacabum
1235 4582 1688 4648 aeneummittile,
1713 4589 1906 4638 etcum
1938 4599 2044 4636 coe-
2125 4583 2284 4636 Nunc
2316 4582 2525 4652 itaque,
2553 4599 2680 4638 cum
2694 4599 2797 4640 nec
2808 4582 3208 4653 patriamnovi,
3242 4596 3532 4651 necgenus
3548 4590 3698 4646 agno-

450 4667 1188 4738 peritfortiterebullire,eos
1205 4668 1264 4722 in
1281 4669 1540 4723 eumdem
1557 4671 1855 4726 mittiteEt
1869 4671 2044 4726 sancti
2125 4689 2241 4732 sco.
2269 4672 2365 4726 sed
2386 4689 2488 4726 nec
2517 4671 2745 4726 nomina
2771 4679 2956 4726 vestra
2986 4671 3141 4742 potui
3169 4671 3480 4736 addiscere,
3505 4668 3602 4720 hoc
3625 4679 3700 4718 co-

450 4756 570 4810 haac
587 4756 878 4812 audientes
889 4756 1169 4812 dicebant.
1187 4757 1490 4812 Christiani
1503 4775 1714 4824 sumus,
1732 4776 1764 4812 ο
1781 4765 2038 4830 tyranne,

452 4844 554 4898 fiat
578 4844 834 4899 voluntas
856 4845 955 4900 Dei
985 4846 1043 4900 in
1067 4845 1247 4900 nobis.
1266 4848 1520 4918 Cumque
1541 4847 1643 4901 hoc
1661 4850 1926 4902 tormenti
1942 4866 2041 4919 ge-

453 4948 560 4986 nus
570 4948 670 5002 pro
692 4932 900 4988 Christi
914 4935 1142 4992 nomine
1163 4936 1600 5006 magnanimiter
1617 4937 1968 5002 tolerassent,
1985 4945 2043 4992 et

452 5020 512 5074 in
541 5021 694 5074 nullo
715 5021 938 5090 penitus
962 5023 1076 5078 laesi
1119 5023 1376 5088 fuissent,
1427 5025 1669 5096 imperat
1703 5026 2040 5082 saevissimus

449 5114 727 5179 tyrannus
751 5114 816 5163 ut
841 5109 972 5164 inde
996 5127 1092 5166 eos
1116 5113 1402 5182 ejicerent,
1428 5119 1486 5168 et
1513 5114 1570 5170 in
1592 5115 1903 5168 custodiam
1923 5132 2042 5174 car-

449 5197 593 5254 ceris
619 5197 802 5254 denuo
832 5200 1237 5268 perducerent:
1269 5203 1353 5258 Ne
1381 5203 1542 5268 forte,
1578 5203 1781 5274 inquit,
1813 5209 1871 5257 et
1916 5221 2044 5258 con-

450 5286 662 5343 stantia
686 5302 880 5340 eorum
910 5288 1069 5344 nobis
1097 5290 1464 5358 ignominiam
1493 5298 1550 5348 et
1577 5293 1913 5348 Christianis
1939 5311 2042 5348 au-

451 5373 667 5430 daciam
691 5391 963 5444 generare
988 5377 1262 5434 videatur.
1294 5379 1365 5434 Et
1381 5381 1461 5434 sic
1483 5380 1652 5450 jussit
1681 5387 1746 5436 ut
1788 5398 1890 5452 per
1930 5397 2039 5436 xxx

449 5463 570 5518 dies
598 5464 788 5520 nullus
817 5465 887 5520 ad
912 5481 1008 5519 eos
1037 5466 1312 5534 introiret,
1345 5484 1526 5539 neque
1556 5469 1626 5522 ab
1653 5470 1842 5542 aliquo
1881 5471 2040 5525 cibus

447 5556 726 5623 potusque
751 5552 1082 5612 deferretur.
1105 5555 1216 5609 Sed
1243 5556 1467 5612 athleta:
1494 5558 1702 5616 Christi
1715 5559 1785 5612 de
1802 5559 2042 5630 plenitu-

2121 4761 2452 4831 gitaviapud
2481 4761 2894 4831 memetipsum,
2918 4760 3134 4816 dicens:
3152 4760 3230 4816 Eo
3252 4759 3405 4832 quod
3419 4749 3698 4812 nihilaliud

2125 4867 2219 4903 vos
2251 4866 2373 4904 esse
2401 4849 2687 4916 videmini,
2720 4849 2828 4904 nisi
2855 4849 3107 4920 corporei
3135 4849 3437 4913 daemones,
3467 4845 3558 4916 qui
3593 4843 3700 4898 sine

2125 4939 2352 4992 nomine
2362 4939 2446 4992 vel
2465 4954 2672 5008 genere
2693 4954 2814 4992 esse
2835 4943 3142 4994 noscuntur
3158 4956 3172 5007 ;
3191 4943 3249 4993 et
3264 4937 3394 4994 ideo
3414 4933 3698 4990 secundum

2123 5027 2272 5098 quod
2301 5027 2456 5096 digni
2487 5026 2639 5093 estis,
2673 5027 2777 5082 hoc
2813 5044 2908 5082 vos
2949 5025 3215 5086 vocabulo
3257 5022 3610 5095 nuncupabo.
3641 5019 3701 5072 Et

2125 5116 2330 5186 adjecit
2358 5115 2542 5170 dicere
2580 5115 2650 5170 ad
2688 5132 2818 5170 eos:
2856 5115 3034 5172 Dicite
3063 5115 3200 5174 mihi
3231 5132 3349 5182 vos,
3396 5131 3428 5168 ο
3468 5125 3698 5182 corpom

2125 5205 2422 5269 daemones,
2458 5204 2628 5262 sinon
2657 5203 2982 5258 sacriﬁcatis
2995 5203 3410 5260 immortalibus
3429 5201 3552 5266 diis,
3575 5195 3700 5252 facio

2125 5293 2290 5348 hodie
2299 5299 2364 5348 ut
2381 5293 2566 5364 capita
2585 5299 2769 5348 vestra
2780 5291 3197 5348 abscinduntur.
3211 5291 3425 5346 Christi
3443 5295 3700 5358 martyres

2123 5381 2409 5435 dixerunt:
2430 5382 2544 5435 Nos
2566 5380 2871 5436 Christiani
2894 5397 3108 5446 sumus,
3122 5381 3244 5435 etin
3265 5379 3496 5434 nomine
3508 5371 3698 5432 Christi

2121 5470 2420 5534 daemones,
2456 5486 2594 5540 quos
2620 5486 2716 5524 vos
2746 5474 2810 5524 ut
2835 5470 2969 5524 deos
2999 5465 3244 5524 adoratis
3285 5476 3344 5523 et
3372 5467 3569 5530 colitis,
3608 5477 3699 5518 nos

2121 5559 2190 5613 de
2218 5558 2460 5614 obsessis
2503 5557 2828 5629 corporibus
2875 5559 3208 5628 eil‘ugamus.
3257 5557 3492 5616 Utinam
3545 5555 3602 5608 in
3649 5556 3700 5606 te
