  <div class='ocr_page' id='page_1' title='image "/cluster/home/n/w/nwhite01/storage/ocr_20150623/73/hvd.32044054758776/208.png"; bbox 0 0 3946 6192; ppageno 0'>
   <div class='ocr_carea' id='block_1_1' title="bbox 225 295 309 354">
    <p class='ocr_par' dir='ltr' id='par_1_1' title="bbox 225 295 309 354">
     <span class='ocr_line' id='line_1_1' title="bbox 225 295 309 354; baseline 0.048 -4"><span class='ocrx_word' id='word_1_1' title='bbox 225 295 309 354; x_wconf 73' lang='grc'><strong>405</strong></span> 
     </span>
    </p>
   </div>
   <div class='ocr_carea' id='block_1_2' title="bbox 635 275 3016 378">
    <p class='ocr_par' dir='ltr' id='par_1_2' title="bbox 635 275 3016 378">
     <span class='ocr_line' id='line_1_2' title="bbox 635 275 3016 378; baseline 0.003 -25"><span class='ocrx_word' id='word_1_2' title='bbox 635 297 805 354; x_wconf 85' lang='lat' dir='ltr'><strong>VITA</strong></span> <span class='ocrx_word' id='word_1_3' title='bbox 843 299 1281 360; x_wconf 80' lang='lat' dir='ltr'><strong>SANCTORUM</strong></span> <span class='ocrx_word' id='word_1_4' title='bbox 1320 303 1646 378; x_wconf 71' lang='lat' dir='ltr'><strong>EPICTETI</strong></span> <span class='ocrx_word' id='word_1_5' title='bbox 1684 275 2127 377; x_wconf 60' lang='lat' dir='ltr'><strong>PRESBYTERI</strong></span> <span class='ocrx_word' id='word_1_6' title='bbox 2166 305 2254 366; x_wconf 87' lang='lat' dir='ltr'><strong>ET</strong></span> <span class='ocrx_word' id='word_1_7' title='bbox 2290 305 2624 362; x_wconf 79' lang='lat' dir='ltr'><strong>ASTIONIS</strong></span> <span class='ocrx_word' id='word_1_8' title='bbox 2663 303 3016 360; x_wconf 84' lang='lat' dir='ltr'><strong>MONACHI.</strong></span> 
     </span>
    </p>
   </div>
   <div class='ocr_carea' id='block_1_3' title="bbox 3363 306 3470 378">
    <p class='ocr_par' dir='ltr' id='par_1_3' title="bbox 3363 306 3470 378">
     <span class='ocr_line' id='line_1_3' title="bbox 3363 306 3470 378; baseline 0 0"><span class='ocrx_word' id='word_1_9' title='bbox 3363 306 3470 378; x_wconf 70' lang='lat'><strong>40.6</strong></span> 
     </span>
    </p>
   </div>
   <div class='ocr_carea' id='block_1_4' title="bbox 222 421 3466 512">
    <p class='ocr_par' dir='ltr' id='par_1_4' title="bbox 222 421 3466 512">
     <span class='ocr_line' id='line_1_4' title="bbox 222 421 3466 512; baseline 0.002 -39"><span class='ocrx_word' id='word_1_10' title='bbox 222 421 411 474; x_wconf 69' lang='lat' dir='ltr'><strong>daemon</strong></span> <span class='ocrx_word' id='word_1_11' title='bbox 427 423 708 505; x_wconf 74' lang='lat' dir='ltr'><strong>pessimus</strong></span> <span class='ocrx_word' id='word_1_12' title='bbox 727 441 837 479; x_wconf 90' lang='lat' dir='ltr'><strong>non</strong></span> <span class='ocrx_word' id='word_1_13' title='bbox 851 425 1148 480; x_wconf 79' lang='lat' dir='ltr'><strong>habitaret.</strong></span> <span class='ocrx_word' id='word_1_14' title='bbox 1169 428 1286 482; x_wconf 86' lang='lat' dir='ltr'><strong>Hoc</strong></span> <span class='ocrx_word' id='word_1_15' title='bbox 1305 427 1785 483; x_wconf 88' lang='lat' dir='ltr'><strong>audiensvesanus</strong></span> <span class='ocrx_word' id='word_1_16' title='bbox 1805 431 1932 490; x_wconf 88' lang='lat' dir='ltr'><strong>Ain</strong></span> <span class='ocrx_word' id='word_1_17' title='bbox 1955 429 2121 483; x_wconf 90' lang='lat' dir='ltr'><strong>bono.</strong></span> <span class='ocrx_word' id='word_1_18' title='bbox 2147 429 2216 485; x_wconf 90' lang='lat' dir='ltr'><strong>Et</strong></span> <span class='ocrx_word' id='word_1_19' title='bbox 2242 445 2408 492; x_wconf 92' lang='lat' dir='ltr'><strong>nunc,</strong></span> <span class='ocrx_word' id='word_1_20' title='bbox 2441 445 2784 499; x_wconf 57' lang='lat' dir='ltr'><strong>quaesumus,</strong></span> <span class='ocrx_word' id='word_1_21' title='bbox 2816 428 3072 492; x_wconf 84' lang='lat' dir='ltr'><strong>Domine,</strong></span> <span class='ocrx_word' id='word_1_22' title='bbox 3104 427 3323 512; x_wconf 75' lang='lat' dir='ltr'><strong>suscipe</strong></span> <span class='ocrx_word' id='word_1_23' title='bbox 3362 443 3466 481; x_wconf 90' lang='lat' dir='ltr'><strong>nos</strong></span> 
     </span>
    </p>
   </div>
   <div class='ocr_carea' id='block_1_5' title="bbox 220 509 1792 587">
    <p class='ocr_par' dir='ltr' id='par_1_5' title="bbox 220 509 1792 587">
     <span class='ocr_line' id='line_1_5' title="bbox 220 509 1792 587; baseline 0.007 -26"><span class='ocrx_word' id='word_1_24' title='bbox 220 509 311 568; x_wconf 83' lang='lat' dir='ltr'><strong>ille,</strong></span> <span class='ocrx_word' id='word_1_25' title='bbox 328 515 380 563; x_wconf 83' lang='lat' dir='ltr'><strong>et</strong></span> <span class='ocrx_word' id='word_1_26' title='bbox 408 509 744 579; x_wconf 88' lang='lat' dir='ltr'><strong>horrendus,</strong></span> <span class='ocrx_word' id='word_1_27' title='bbox 768 513 1006 569; x_wconf 92' lang='lat' dir='ltr'><strong>nimium</strong></span> <span class='ocrx_word' id='word_1_28' title='bbox 1026 517 1288 570; x_wconf 75' lang='lat' dir='ltr'><strong>efferatus</strong></span> <span class='ocrx_word' id='word_1_29' title='bbox 1303 521 1406 584; x_wconf 90' lang='lat' dir='ltr'><strong>est;</strong></span> <span class='ocrx_word' id='word_1_30' title='bbox 1430 523 1488 570; x_wconf 90' lang='lat' dir='ltr'><strong>et</strong></span> <span class='ocrx_word' id='word_1_31' title='bbox 1501 518 1673 587; x_wconf 83' lang='lat' dir='ltr'><strong>jussit</strong></span> <span class='ocrx_word' id='word_1_32' title='bbox 1687 518 1792 572; x_wconf 90' lang='lat' dir='ltr'><strong>mi-</strong></span> 
     </span>
    </p>
   </div>
   <div class='ocr_carea' id='block_1_6' title="bbox 221 591 1793 678">
    <p class='ocr_par' dir='ltr' id='par_1_6' title="bbox 221 591 1793 678">
     <span class='ocr_line' id='line_1_6' title="bbox 221 591 1793 678; baseline 0.006 -27"><span class='ocrx_word' id='word_1_33' title='bbox 221 598 384 652; x_wconf 87' lang='lat' dir='ltr'><strong>nistris</strong></span> <span class='ocrx_word' id='word_1_34' title='bbox 399 597 517 654; x_wconf 85' lang='lat' dir='ltr'><strong>suis</strong></span> <span class='ocrx_word' id='word_1_35' title='bbox 547 608 612 655; x_wconf 91' lang='lat' dir='ltr'><strong>ut</strong></span> <span class='ocrx_word' id='word_1_36' title='bbox 640 619 768 670; x_wconf 87' lang='lat' dir='ltr'><strong>cum</strong></span> <span class='ocrx_word' id='word_1_37' title='bbox 789 603 1068 678; x_wconf 85' lang='lat' dir='ltr'><strong>lapidibus</strong></span> <span class='ocrx_word' id='word_1_38' title='bbox 1093 623 1192 660; x_wconf 89' lang='lat' dir='ltr'><strong>ora</strong></span> <span class='ocrx_word' id='word_1_39' title='bbox 1217 591 1540 662; x_wconf 86' lang='lat' dir='ltr'><strong>sanctorum</strong></span> <span class='ocrx_word' id='word_1_40' title='bbox 1561 612 1793 660; x_wconf 84' lang='lat' dir='ltr'><strong>contun-</strong></span> 
     </span>
    </p>
   </div>
   <div class='ocr_carea' id='block_1_7' title="bbox 221 688 1792 767">
    <p class='ocr_par' dir='ltr' id='par_1_7' title="bbox 221 688 1792 767">
     <span class='ocr_line' id='line_1_7' title="bbox 221 688 1792 767; baseline 0.006 -26"><span class='ocrx_word' id='word_1_41' title='bbox 221 688 409 742; x_wconf 84' lang='lat' dir='ltr'><strong>derent.</strong></span> <span class='ocrx_word' id='word_1_42' title='bbox 443 689 660 762; x_wconf 86' lang='lat' dir='ltr'><strong>Deinde</strong></span> <span class='ocrx_word' id='word_1_43' title='bbox 698 691 994 764; x_wconf 82' lang='lat' dir='ltr'><strong>imperavit</strong></span> <span class='ocrx_word' id='word_1_44' title='bbox 1020 699 1085 749; x_wconf 91' lang='lat' dir='ltr'><strong>ut</strong></span> <span class='ocrx_word' id='word_1_45' title='bbox 1109 695 1294 767; x_wconf 79' lang='lat' dir='ltr'><strong>virgas</strong></span> <span class='ocrx_word' id='word_1_46' title='bbox 1333 695 1599 754; x_wconf 72' lang='lat' dir='ltr'><strong>afferrent</strong></span> <span class='ocrx_word' id='word_1_47' title='bbox 1624 695 1792 750; x_wconf 84' lang='lat' dir='ltr'><strong>fraxi-</strong></span> 
     </span>
    </p>
   </div>
   <div class='ocr_carea' id='block_1_8' title="bbox 221 779 1788 863">
    <p class='ocr_par' dir='ltr' id='par_1_8' title="bbox 221 779 1788 863">
     <span class='ocr_line' id='line_1_8' title="bbox 221 779 1788 863; baseline 0.007 -34"><span class='ocrx_word' id='word_1_48' title='bbox 221 793 350 845; x_wconf 89' lang='lat' dir='ltr'><strong>neas,</strong></span> <span class='ocrx_word' id='word_1_49' title='bbox 367 783 425 831; x_wconf 92' lang='lat' dir='ltr'><strong>et</strong></span> <span class='ocrx_word' id='word_1_50' title='bbox 443 779 524 863; x_wconf 78' lang='lat' dir='ltr'><strong>si:</strong></span> <span class='ocrx_word' id='word_1_51' title='bbox 551 797 618 833; x_wconf 80' lang='lat' dir='ltr'><strong>ex</strong></span> <span class='ocrx_word' id='word_1_52' title='bbox 650 780 730 835; x_wconf 90' lang='lat' dir='ltr'><strong>eis</strong></span> <span class='ocrx_word' id='word_1_53' title='bbox 750 787 864 838; x_wconf 85' lang='lat' dir='ltr'><strong>tam</strong></span> <span class='ocrx_word' id='word_1_54' title='bbox 890 781 986 838; x_wconf 91' lang='lat' dir='ltr'><strong>diu</strong></span> <span class='ocrx_word' id='word_1_55' title='bbox 1013 801 1108 838; x_wconf 88' lang='lat' dir='ltr'><strong>eos</strong></span> <span class='ocrx_word' id='word_1_56' title='bbox 1128 783 1505 851; x_wconf 89' lang='lat' dir='ltr'><strong>verberarent,</strong></span> <span class='ocrx_word' id='word_1_57' title='bbox 1541 786 1788 856; x_wconf 89' lang='lat' dir='ltr'><strong>quandiu</strong></span> 
     </span>
    </p>
   </div>
   <div class='ocr_carea' id='block_1_9' title="bbox 221 863 1791 947">
    <p class='ocr_par' dir='ltr' id='par_1_9' title="bbox 221 863 1791 947">
     <span class='ocr_line' id='line_1_9' title="bbox 221 863 1791 947; baseline 0.007 -30"><span class='ocrx_word' id='word_1_58' title='bbox 221 863 458 947; x_wconf 74' lang='lat' dir='ltr'><strong>spiritum</strong></span> <span class='ocrx_word' id='word_1_59' title='bbox 485 867 826 942; x_wconf 81' lang='lat' dir='ltr'><strong>exhalarent.</strong></span> <span class='ocrx_word' id='word_1_60' title='bbox 852 869 1170 926; x_wconf 84' lang='lat' dir='ltr'><strong>Beatissimi</strong></span> <span class='ocrx_word' id='word_1_61' title='bbox 1187 891 1316 930; x_wconf 87' lang='lat' dir='ltr'><strong>vero</strong></span> <span class='ocrx_word' id='word_1_62' title='bbox 1333 873 1558 928; x_wconf 56' lang='lat' dir='ltr'><strong>athleta</strong></span> <span class='ocrx_word' id='word_1_63' title='bbox 1581 873 1791 930; x_wconf 82' lang='lat' dir='ltr'><strong>Christi</strong></span> 
     </span>
    </p>
   </div>
   <div class='ocr_carea' id='block_1_10' title="bbox 220 953 1792 1034">
    <p class='ocr_par' dir='ltr' id='par_1_10' title="bbox 220 953 1792 1034">
     <span class='ocr_line' id='line_1_10' title="bbox 220 953 1792 1034; baseline 0.005 -24"><span class='ocrx_word' id='word_1_64' title='bbox 220 953 386 1010; x_wconf 84' lang='lat' dir='ltr'><strong>taliter</strong></span> <span class='ocrx_word' id='word_1_65' title='bbox 410 957 712 1032; x_wconf 76' lang='lat' dir='ltr'><strong>patientes,</strong></span> <span class='ocrx_word' id='word_1_66' title='bbox 743 959 884 1024; x_wconf 83' lang='lat' dir='ltr'><strong>nihil</strong></span> <span class='ocrx_word' id='word_1_67' title='bbox 913 961 1066 1015; x_wconf 83' lang='lat' dir='ltr'><strong>aliud</strong></span> <span class='ocrx_word' id='word_1_68' title='bbox 1092 962 1369 1034; x_wconf 80' lang='lat' dir='ltr'><strong>dicebant,</strong></span> <span class='ocrx_word' id='word_1_69' title='bbox 1390 963 1497 1018; x_wconf 90' lang='lat' dir='ltr'><strong>nisi</strong></span> <span class='ocrx_word' id='word_1_70' title='bbox 1522 982 1533 1017; x_wconf 89' lang='lat'><strong>:</strong></span> <span class='ocrx_word' id='word_1_71' title='bbox 1555 961 1792 1020; x_wconf 90' lang='lat' dir='ltr'><strong>Domine</strong></span> 
     </span>
    </p>
   </div>
   <div class='ocr_carea' id='block_1_11' title="bbox 219 1033 1788 1119">
    <p class='ocr_par' dir='ltr' id='par_1_11' title="bbox 219 1033 1788 1119">
     <span class='ocr_line' id='line_1_11' title="bbox 219 1033 1788 1119; baseline 0.006 -21"><span class='ocrx_word' id='word_1_72' title='bbox 219 1043 344 1098; x_wconf 87' lang='lat' dir='ltr'><strong>Deus</strong></span> <span class='ocrx_word' id='word_1_73' title='bbox 368 1033 582 1114; x_wconf 83' lang='lat' dir='ltr'><strong>noster,</strong></span> <span class='ocrx_word' id='word_1_74' title='bbox 599 1052 696 1102; x_wconf 90' lang='lat' dir='ltr'><strong>tua</strong></span> <span class='ocrx_word' id='word_1_75' title='bbox 723 1049 978 1119; x_wconf 72' lang='lat' dir='ltr'><strong>voluntas</strong></span> <span class='ocrx_word' id='word_1_76' title='bbox 1005 1033 1191 1106; x_wconf 79' lang='lat' dir='ltr'><strong>fiatin</strong></span> <span class='ocrx_word' id='word_1_77' title='bbox 1223 1051 1400 1107; x_wconf 88' lang='lat' dir='ltr'><strong>nobis.</strong></span> <span class='ocrx_word' id='word_1_78' title='bbox 1417 1053 1525 1107; x_wconf 88' lang='lat' dir='ltr'><strong>Sed</strong></span> <span class='ocrx_word' id='word_1_79' title='bbox 1540 1069 1668 1107; x_wconf 91' lang='lat' dir='ltr'><strong>cum</strong></span> <span class='ocrx_word' id='word_1_80' title='bbox 1696 1053 1788 1108; x_wconf 93' lang='lat' dir='ltr'><strong>diu</strong></span> 
     </span>
    </p>
   </div>
   <div class='ocr_carea' id='block_1_12' title="bbox 218 1131 1792 1218">
    <p class='ocr_par' dir='ltr' id='par_1_12' title="bbox 218 1131 1792 1218">
     <span class='ocr_line' id='line_1_12' title="bbox 218 1131 1792 1218; baseline 0.007 -33"><span class='ocrx_word' id='word_1_81' title='bbox 218 1131 553 1206; x_wconf 88' lang='lat' dir='ltr'><strong>multumque</strong></span> <span class='ocrx_word' id='word_1_82' title='bbox 583 1135 947 1202; x_wconf 64' lang='lat' dir='ltr'><strong>caederentur,</strong></span> <span class='ocrx_word' id='word_1_83' title='bbox 963 1144 1018 1194; x_wconf 90' lang='lat' dir='ltr'><strong>et</strong></span> <span class='ocrx_word' id='word_1_84' title='bbox 1046 1137 1488 1218; x_wconf 81' lang='lat' dir='ltr'><strong>semperhilares</strong></span> <span class='ocrx_word' id='word_1_85' title='bbox 1500 1143 1792 1214; x_wconf 85' lang='lat' dir='ltr'><strong>magnani-</strong></span> 
     </span>
    </p>
   </div>
   <div class='ocr_carea' id='block_1_13' title="bbox 217 1223 1792 1302">
    <p class='ocr_par' dir='ltr' id='par_1_13' title="bbox 217 1223 1792 1302">
     <span class='ocr_line' id='line_1_13' title="bbox 217 1223 1792 1302; baseline 0.008 -30"><span class='ocrx_word' id='word_1_86' title='bbox 217 1236 429 1292; x_wconf 88' lang='lat' dir='ltr'><strong>mesque</strong></span> <span class='ocrx_word' id='word_1_87' title='bbox 458 1223 520 1277; x_wconf 92' lang='lat' dir='ltr'><strong>in</strong></span> <span class='ocrx_word' id='word_1_88' title='bbox 549 1224 894 1296; x_wconf 86' lang='lat' dir='ltr'><strong>confessione</strong></span> <span class='ocrx_word' id='word_1_89' title='bbox 925 1226 1150 1300; x_wconf 82' lang='lat' dir='ltr'><strong>Domini</strong></span> <span class='ocrx_word' id='word_1_90' title='bbox 1181 1229 1571 1302; x_wconf 82' lang='lat' dir='ltr'><strong>perdurarent,</strong></span> <span class='ocrx_word' id='word_1_91' title='bbox 1601 1231 1792 1286; x_wconf 91' lang='lat' dir='ltr'><strong>videns</strong></span> 
     </span>
    </p>
   </div>
   <div class='ocr_carea' id='block_1_14' title="bbox 216 1309 1796 1394">
    <p class='ocr_par' dir='ltr' id='par_1_14' title="bbox 216 1309 1796 1394">
     <span class='ocr_line' id='line_1_14' title="bbox 216 1309 1796 1394; baseline 0.009 -32"><span class='ocrx_word' id='word_1_92' title='bbox 216 1309 456 1364; x_wconf 85' lang='lat' dir='ltr'><strong>minister</strong></span> <span class='ocrx_word' id='word_1_93' title='bbox 475 1312 570 1366; x_wconf 93' lang='lat' dir='ltr'><strong>ille</strong></span> <span class='ocrx_word' id='word_1_94' title='bbox 585 1313 791 1369; x_wconf 88' lang='lat' dir='ltr'><strong>diaboli</strong></span> <span class='ocrx_word' id='word_1_95' title='bbox 814 1332 878 1370; x_wconf 92' lang='lat' dir='ltr'><strong>eo</strong></span> <span class='ocrx_word' id='word_1_96' title='bbox 895 1317 1042 1388; x_wconf 87' lang='lat' dir='ltr'><strong>quod</strong></span> <span class='ocrx_word' id='word_1_97' title='bbox 1059 1318 1212 1372; x_wconf 93' lang='lat' dir='ltr'><strong>nullo</strong></span> <span class='ocrx_word' id='word_1_98' title='bbox 1230 1319 1394 1374; x_wconf 91' lang='lat' dir='ltr'><strong>modo</strong></span> <span class='ocrx_word' id='word_1_99' title='bbox 1415 1321 1796 1394; x_wconf 70' lang='lat' dir='ltr'><strong>praevaluisset</strong></span> 
     </span>
    </p>
   </div>
   <div class='ocr_carea' id='block_1_15' title="bbox 216 1402 1792 1485">
    <p class='ocr_par' dir='ltr' id='par_1_15' title="bbox 216 1402 1792 1485">
     <span class='ocr_line' id='line_1_15' title="bbox 216 1402 1792 1485; baseline 0.008 -34"><span class='ocrx_word' id='word_1_100' title='bbox 216 1402 317 1480; x_wconf 85' lang='lat' dir='ltr'><strong>ejus</strong></span> <span class='ocrx_word' id='word_1_101' title='bbox 344 1402 570 1455; x_wconf 90' lang='lat' dir='ltr'><strong>insania</strong></span> <span class='ocrx_word' id='word_1_102' title='bbox 599 1412 795 1458; x_wconf 89' lang='lat' dir='ltr'><strong>contra</strong></span> <span class='ocrx_word' id='word_1_103' title='bbox 815 1405 1062 1478; x_wconf 84' lang='lat' dir='ltr'><strong>ipsorum</strong></span> <span class='ocrx_word' id='word_1_104' title='bbox 1081 1407 1474 1476; x_wconf 78' lang='lat' dir='ltr'><strong>constantiam,</strong></span> <span class='ocrx_word' id='word_1_105' title='bbox 1493 1409 1665 1485; x_wconf 79' lang='lat' dir='ltr'><strong>jussit</strong></span> <span class='ocrx_word' id='word_1_106' title='bbox 1683 1411 1792 1464; x_wconf 88' lang='lat' dir='ltr'><strong>mi-</strong></span> 
     </span>
    </p>
   </div>
   <div class='ocr_carea' id='block_1_16' title="bbox 215 1488 1794 1569">
    <p class='ocr_par' dir='ltr' id='par_1_16' title="bbox 215 1488 1794 1569">
     <span class='ocr_line' id='line_1_16' title="bbox 215 1488 1794 1569; baseline 0.007 -27"><span class='ocrx_word' id='word_1_107' title='bbox 215 1488 391 1556; x_wconf 84' lang='lat' dir='ltr'><strong>nistris</strong></span> <span class='ocrx_word' id='word_1_108' title='bbox 422 1491 696 1546; x_wconf 87' lang='lat' dir='ltr'><strong>scelerum</strong></span> <span class='ocrx_word' id='word_1_109' title='bbox 717 1491 846 1548; x_wconf 90' lang='lat' dir='ltr'><strong>duci</strong></span> <span class='ocrx_word' id='word_1_110' title='bbox 879 1511 972 1549; x_wconf 88' lang='lat' dir='ltr'><strong>eos</strong></span> <span class='ocrx_word' id='word_1_111' title='bbox 1017 1495 1150 1550; x_wconf 88' lang='lat' dir='ltr'><strong>foris</strong></span> <span class='ocrx_word' id='word_1_112' title='bbox 1187 1491 1490 1564; x_wconf 87' lang='lat' dir='ltr'><strong>civitatem,</strong></span> <span class='ocrx_word' id='word_1_113' title='bbox 1528 1505 1585 1552; x_wconf 89' lang='lat' dir='ltr'><strong>et</strong></span> <span class='ocrx_word' id='word_1_114' title='bbox 1611 1499 1794 1569; x_wconf 81' lang='lat' dir='ltr'><strong>capita</strong></span> 
     </span>
    </p>
   </div>
   <div class='ocr_carea' id='block_1_17' title="bbox 215 1579 1793 1660">
    <p class='ocr_par' dir='ltr' id='par_1_17' title="bbox 215 1579 1793 1660">
     <span class='ocr_line' id='line_1_17' title="bbox 215 1579 1793 1660; baseline 0.008 -30"><span class='ocrx_word' id='word_1_115' title='bbox 215 1593 393 1632; x_wconf 89' lang='lat' dir='ltr'><strong>eorum</strong></span> <span class='ocrx_word' id='word_1_116' title='bbox 421 1579 612 1649; x_wconf 80' lang='lat' dir='ltr'><strong>gladio</strong></span> <span class='ocrx_word' id='word_1_117' title='bbox 637 1582 940 1654; x_wconf 85' lang='lat' dir='ltr'><strong>amputari.</strong></span> <span class='ocrx_word' id='word_1_118' title='bbox 961 1585 1214 1660; x_wconf 87' lang='lat' dir='ltr'><strong>Cumque</strong></span> <span class='ocrx_word' id='word_1_119' title='bbox 1236 1585 1576 1642; x_wconf 86' lang='lat' dir='ltr'><strong>ducerentur</strong></span> <span class='ocrx_word' id='word_1_120' title='bbox 1589 1588 1793 1660; x_wconf 84' lang='lat' dir='ltr'><strong>psalle-</strong></span> 
     </span>
    </p>
   </div>
   <div class='ocr_carea' id='block_1_18' title="bbox 215 1665 1787 1744">
    <p class='ocr_par' dir='ltr' id='par_1_18' title="bbox 215 1665 1787 1744">
     <span class='ocr_line' id='line_1_18' title="bbox 215 1665 1787 1744; baseline 0.008 -25"><span class='ocrx_word' id='word_1_121' title='bbox 215 1665 354 1734; x_wconf 84' lang='lat' dir='ltr'><strong>bant,</strong></span> <span class='ocrx_word' id='word_1_122' title='bbox 401 1667 650 1724; x_wconf 87' lang='lat' dir='ltr'><strong>dicentes</strong></span> <span class='ocrx_word' id='word_1_123' title='bbox 683 1690 694 1723; x_wconf 90' lang='lat'>:</span> <span class='ocrx_word' id='word_1_124' title='bbox 729 1672 980 1727; x_wconf 86' lang='lat' dir='ltr'><strong>Laudate</strong></span> <span class='ocrx_word' id='word_1_125' title='bbox 1025 1691 1229 1728; x_wconf 91' lang='lat' dir='ltr'><strong>nomen</strong></span> <span class='ocrx_word' id='word_1_126' title='bbox 1259 1673 1501 1742; x_wconf 84' lang='lat' dir='ltr'><strong>Domini,</strong></span> <span class='ocrx_word' id='word_1_127' title='bbox 1545 1677 1787 1744; x_wconf 85' lang='lat' dir='ltr'><strong>laudate,</strong></span> 
     </span>
    </p>
   </div>
   <div class='ocr_carea' id='block_1_19' title="bbox 1874 511 3466 593">
    <p class='ocr_par' dir='ltr' id='par_1_19' title="bbox 1874 511 3466 593">
     <span class='ocr_line' id='line_1_19' title="bbox 1874 511 3466 593; baseline -0.001 -22"><span class='ocrx_word' id='word_1_128' title='bbox 1874 517 1932 571; x_wconf 90' lang='lat' dir='ltr'><strong>in</strong></span> <span class='ocrx_word' id='word_1_129' title='bbox 1955 517 2212 572; x_wconf 85' lang='lat' dir='ltr'><strong>manibus</strong></span> <span class='ocrx_word' id='word_1_130' title='bbox 2234 517 2348 573; x_wconf 86' lang='lat' dir='ltr'><strong>tuis</strong></span> <span class='ocrx_word' id='word_1_131' title='bbox 2377 517 2749 593; x_wconf 84' lang='lat' dir='ltr'><strong>sempiternis,</strong></span> <span class='ocrx_word' id='word_1_132' title='bbox 2781 523 2837 572; x_wconf 89' lang='lat' dir='ltr'><strong>et</strong></span> <span class='ocrx_word' id='word_1_133' title='bbox 2865 517 3122 571; x_wconf 87' lang='lat' dir='ltr'><strong>introduc</strong></span> <span class='ocrx_word' id='word_1_134' title='bbox 3155 533 3256 570; x_wconf 90' lang='lat' dir='ltr'><strong>nos</strong></span> <span class='ocrx_word' id='word_1_135' title='bbox 3285 511 3344 570; x_wconf 89' lang='lat' dir='ltr'><strong>in</strong></span> <span class='ocrx_word' id='word_1_136' title='bbox 3373 515 3466 570; x_wconf 88' lang='lat' dir='ltr'><strong>Je-</strong></span> 
     </span>
    </p>
   </div>
   <div class='ocr_carea' id='block_1_20' title="bbox 1875 607 3465 680">
    <p class='ocr_par' dir='ltr' id='par_1_20' title="bbox 1875 607 3465 680">
     <span class='ocr_line' id='line_1_20' title="bbox 1875 607 3465 680; baseline -0.001 -21"><span class='ocrx_word' id='word_1_137' title='bbox 1875 607 2114 661; x_wconf 87' lang='lat' dir='ltr'><strong>rusalem</strong></span> <span class='ocrx_word' id='word_1_138' title='bbox 2137 608 2438 673; x_wconf 77' lang='lat' dir='ltr'><strong>caelestem,</strong></span> <span class='ocrx_word' id='word_1_139' title='bbox 2473 624 2595 680; x_wconf 70' lang='lat' dir='ltr'><strong>qua:</strong></span> <span class='ocrx_word' id='word_1_140' title='bbox 2625 613 2709 662; x_wconf 85' lang='lat' dir='ltr'><strong>est</strong></span> <span class='ocrx_word' id='word_1_141' title='bbox 2746 613 2931 660; x_wconf 89' lang='lat' dir='ltr'><strong>mater</strong></span> <span class='ocrx_word' id='word_1_142' title='bbox 2958 607 3212 660; x_wconf 90' lang='lat' dir='ltr'><strong>omnium</strong></span> <span class='ocrx_word' id='word_1_143' title='bbox 3241 611 3465 659; x_wconf 89' lang='lat' dir='ltr'><strong>sancto-</strong></span> 
     </span>
    </p>
   </div>
   <div class='ocr_carea' id='block_1_21' title="bbox 1873 693 3467 770">
    <p class='ocr_par' dir='ltr' id='par_1_21' title="bbox 1873 693 3467 770">
     <span class='ocr_line' id='line_1_21' title="bbox 1873 693 3467 770; baseline -0.001 -22"><span class='ocrx_word' id='word_1_144' title='bbox 1873 713 2018 762; x_wconf 87' lang='lat' dir='ltr'><strong>rum,</strong></span> <span class='ocrx_word' id='word_1_145' title='bbox 2053 698 2212 768; x_wconf 89' lang='lat' dir='ltr'><strong>cujus</strong></span> <span class='ocrx_word' id='word_1_146' title='bbox 2242 697 2360 770; x_wconf 89' lang='lat' dir='ltr'><strong>ipse</strong></span> <span class='ocrx_word' id='word_1_147' title='bbox 2375 711 2434 750; x_wconf 89' lang='lat' dir='ltr'><strong>es</strong></span> <span class='ocrx_word' id='word_1_148' title='bbox 2457 697 2667 760; x_wconf 88' lang='lat' dir='ltr'><strong>lumen,</strong></span> <span class='ocrx_word' id='word_1_149' title='bbox 2699 702 2756 750; x_wconf 89' lang='lat' dir='ltr'><strong>et</strong></span> <span class='ocrx_word' id='word_1_150' title='bbox 2780 713 3038 768; x_wconf 90' lang='lat' dir='ltr'><strong>sponsus,</strong></span> <span class='ocrx_word' id='word_1_151' title='bbox 3062 693 3467 766; x_wconf 91' lang='lat' dir='ltr'><strong>conditorquo-</strong></span> 
     </span>
    </p>
   </div>
   <div class='ocr_carea' id='block_1_22' title="bbox 1875 783 3465 859">
    <p class='ocr_par' dir='ltr' id='par_1_22' title="bbox 1875 783 3465 859">
     <span class='ocr_line' id='line_1_22' title="bbox 1875 783 3465 859; baseline -0.001 -21"><span class='ocrx_word' id='word_1_152' title='bbox 1875 801 1983 854; x_wconf 91' lang='lat' dir='ltr'><strong>que</strong></span> <span class='ocrx_word' id='word_1_153' title='bbox 2008 802 2072 838; x_wconf 91' lang='lat' dir='ltr'><strong>ac</strong></span> <span class='ocrx_word' id='word_1_154' title='bbox 2093 785 2410 853; x_wconf 81' lang='lat' dir='ltr'><strong>fabricator,</strong></span> <span class='ocrx_word' id='word_1_155' title='bbox 2443 791 2508 839; x_wconf 91' lang='lat' dir='ltr'><strong>ut</strong></span> <span class='ocrx_word' id='word_1_156' title='bbox 2537 801 2649 839; x_wconf 92' lang='lat' dir='ltr'><strong>una</strong></span> <span class='ocrx_word' id='word_1_157' title='bbox 2677 802 2802 840; x_wconf 90' lang='lat' dir='ltr'><strong>cum</strong></span> <span class='ocrx_word' id='word_1_158' title='bbox 2833 783 3048 859; x_wconf 80' lang='lat' dir='ltr'><strong>angelis</strong></span> <span class='ocrx_word' id='word_1_159' title='bbox 3079 790 3136 838; x_wconf 91' lang='lat' dir='ltr'><strong>et</strong></span> <span class='ocrx_word' id='word_1_160' title='bbox 3156 784 3465 853; x_wconf 87' lang='lat' dir='ltr'><strong>archange-</strong></span> 
     </span>
    </p>
   </div>
   <div class='ocr_carea' id='block_1_23' title="bbox 1873 871 3460 962">
    <p class='ocr_par' dir='ltr' id='par_1_23' title="bbox 1873 871 3460 962">
     <span class='ocr_line' id='line_1_23' title="bbox 1873 871 3460 962; baseline 0.001 -37"><span class='ocrx_word' id='word_1_161' title='bbox 1873 873 1959 940; x_wconf 91' lang='lat' dir='ltr'><strong>lis,</strong></span> <span class='ocrx_word' id='word_1_162' title='bbox 1982 873 2254 945; x_wconf 88' lang='lat' dir='ltr'><strong>patribus,</strong></span> <span class='ocrx_word' id='word_1_163' title='bbox 2269 874 2620 948; x_wconf 88' lang='lat' dir='ltr'><strong>patriarchis,</strong></span> <span class='ocrx_word' id='word_1_164' title='bbox 2645 873 2949 962; x_wconf 84' lang='lat' dir='ltr'><strong>prophetis,</strong></span> <span class='ocrx_word' id='word_1_165' title='bbox 3043 871 3156 952; x_wconf 67' lang='grc' dir='ltr'><strong>ις)</strong></span> <span class='ocrx_word' id='word_1_166' title='bbox 3173 871 3460 944; x_wconf 90' lang='lat' dir='ltr'><strong>apostolis,</strong></span> 
     </span>
    </p>
   </div>
   <div class='ocr_carea' id='block_1_24' title="bbox 1874 961 3468 1035">
    <p class='ocr_par' dir='ltr' id='par_1_24' title="bbox 1874 961 3468 1035">
     <span class='ocr_line' id='line_1_24' title="bbox 1874 961 3468 1035; baseline -0.001 -19"><span class='ocrx_word' id='word_1_167' title='bbox 1874 962 2232 1035; x_wconf 82' lang='lat' dir='ltr'><strong>martyribus,</strong></span> <span class='ocrx_word' id='word_1_168' title='bbox 2275 961 2704 1030; x_wconf 87' lang='lat' dir='ltr'><strong>confessoribus,</strong></span> <span class='ocrx_word' id='word_1_169' title='bbox 2749 962 2961 1034; x_wconf 87' lang='lat' dir='ltr'><strong>jugiter</strong></span> <span class='ocrx_word' id='word_1_170' title='bbox 3002 961 3384 1015; x_wconf 89' lang='lat' dir='ltr'><strong>collaudemus</strong></span> <span class='ocrx_word' id='word_1_171' title='bbox 3409 965 3468 1014; x_wconf 89' lang='lat' dir='ltr'><strong>et</strong></span> 
     </span>
    </p>
   </div>
   <div class='ocr_carea' id='block_1_25' title="bbox 1871 1050 3463 1126">
    <p class='ocr_par' dir='ltr' id='par_1_25' title="bbox 1871 1050 3463 1126">
     <span class='ocr_line' id='line_1_25' title="bbox 1871 1050 3463 1126; baseline 0 -22"><span class='ocrx_word' id='word_1_172' title='bbox 1871 1051 2248 1120; x_wconf 83' lang='lat' dir='ltr'><strong>gloriﬁcemus</strong></span> <span class='ocrx_word' id='word_1_173' title='bbox 2270 1051 2512 1119; x_wconf 82' lang='lat' dir='ltr'><strong>Patrem,</strong></span> <span class='ocrx_word' id='word_1_174' title='bbox 2529 1057 2586 1106; x_wconf 90' lang='lat' dir='ltr'><strong>et</strong></span> <span class='ocrx_word' id='word_1_175' title='bbox 2606 1051 2828 1126; x_wconf 77' lang='lat' dir='ltr'><strong>Filium,</strong></span> <span class='ocrx_word' id='word_1_176' title='bbox 2851 1050 3189 1126; x_wconf 89' lang='lat' dir='ltr'><strong>etSpiritum</strong></span> <span class='ocrx_word' id='word_1_177' title='bbox 3209 1051 3463 1118; x_wconf 82' lang='lat' dir='ltr'><strong>sanctum</strong></span> 
     </span>
    </p>
   </div>
   <div class='ocr_carea' id='block_1_26' title="bbox 1875 1123 2974 1196">
    <p class='ocr_par' dir='ltr' id='par_1_26' title="bbox 1875 1123 2974 1196">
     <span class='ocr_line' id='line_1_26' title="bbox 1875 1123 2974 1196; baseline 0.002 -3"><span class='ocrx_word' id='word_1_178' title='bbox 1875 1140 1930 1193; x_wconf 92' lang='lat' dir='ltr'><strong>in</strong></span> <span class='ocrx_word' id='word_1_179' title='bbox 1961 1141 2164 1194; x_wconf 83' lang='lat' dir='ltr'><strong>saecula</strong></span> <span class='ocrx_word' id='word_1_180' title='bbox 2195 1141 2544 1196; x_wconf 83' lang='lat' dir='ltr'><strong>saeculorum.</strong></span> <span class='ocrx_word' id='word_1_181' title='bbox 2969 1123 2974 1130; x_wconf 52' lang='grc'><em>’</em></span> 
     </span>
    </p>
   </div>
   <div class='ocr_carea' id='block_1_27' title="bbox 1947 1227 3466 1308">
    <p class='ocr_par' dir='ltr' id='par_1_27' title="bbox 1947 1227 3466 1308">
     <span class='ocr_line' id='line_1_27' title="bbox 1947 1227 3466 1308; baseline -0.001 -25"><span class='ocrx_word' id='word_1_182' title='bbox 1947 1229 2077 1286; x_wconf 66' lang='lat' dir='ltr'><strong>CAP.</strong></span> <span class='ocrx_word' id='word_1_183' title='bbox 2110 1229 2255 1289; x_wconf 81' lang='lat' dir='ltr'><strong>XIX.</strong></span> <span class='ocrx_word' id='word_1_184' title='bbox 2297 1263 2346 1272; x_wconf 88' lang='lat'><strong>-</strong></span> <span class='ocrx_word' id='word_1_185' title='bbox 2385 1229 2454 1288; x_wconf 89' lang='lat' dir='ltr'><strong>Et</strong></span> <span class='ocrx_word' id='word_1_186' title='bbox 2481 1248 2606 1284; x_wconf 91' lang='lat' dir='ltr'><strong>cum</strong></span> <span class='ocrx_word' id='word_1_187' title='bbox 2637 1229 3060 1308; x_wconf 85' lang='lat' dir='ltr'><strong>respondissent</strong></span> <span class='ocrx_word' id='word_1_188' title='bbox 3097 1227 3466 1283; x_wconf 88' lang='lat' dir='ltr'><strong>circumstan-</strong></span> 
     </span>
    </p>
   </div>
   <div class='ocr_carea' id='block_1_28' title="bbox 1876 1315 3464 1393">
    <p class='ocr_par' dir='ltr' id='par_1_28' title="bbox 1876 1315 3464 1393">
     <span class='ocr_line' id='line_1_28' title="bbox 1876 1315 3464 1393; baseline -0.001 -21"><span class='ocrx_word' id='word_1_189' title='bbox 1876 1319 2402 1390; x_wconf 85' lang='lat' dir='ltr'><strong>tes,Amen,rogare</strong></span> <span class='ocrx_word' id='word_1_190' title='bbox 2423 1316 2889 1393; x_wconf 79' lang='lat' dir='ltr'><strong>coepitcarniflces</strong></span> <span class='ocrx_word' id='word_1_191' title='bbox 2910 1323 3136 1373; x_wconf 89' lang='lat' dir='ltr'><strong>sanctus</strong></span> <span class='ocrx_word' id='word_1_192' title='bbox 3160 1315 3464 1390; x_wconf 78' lang='lat' dir='ltr'><strong>Epictetus,</strong></span> 
     </span>
    </p>
   </div>
   <div class='ocr_carea' id='block_1_29' title="bbox 1877 1403 3467 1482">
    <p class='ocr_par' dir='ltr' id='par_1_29' title="bbox 1877 1403 3467 1482">
     <span class='ocr_line' id='line_1_29' title="bbox 1877 1403 3467 1482; baseline -0.002 -21"><span class='ocrx_word' id='word_1_193' title='bbox 1877 1413 1941 1461; x_wconf 91' lang='lat' dir='ltr'><strong>ut</strong></span> <span class='ocrx_word' id='word_1_194' title='bbox 1959 1414 2090 1461; x_wconf 90' lang='lat' dir='ltr'><strong>ante</strong></span> <span class='ocrx_word' id='word_1_195' title='bbox 2111 1426 2170 1462; x_wconf 90' lang='lat' dir='ltr'><strong>se</strong></span> <span class='ocrx_word' id='word_1_196' title='bbox 2203 1409 2356 1480; x_wconf 91' lang='lat' dir='ltr'><strong>prius</strong></span> <span class='ocrx_word' id='word_1_197' title='bbox 2375 1409 2603 1464; x_wconf 88' lang='lat' dir='ltr'><strong>beatum</strong></span> <span class='ocrx_word' id='word_1_198' title='bbox 2627 1411 2984 1482; x_wconf 88' lang='lat' dir='ltr'><strong>percuterent</strong></span> <span class='ocrx_word' id='word_1_199' title='bbox 3007 1407 3315 1462; x_wconf 86' lang='lat' dir='ltr'><strong>Astionem.</strong></span> <span class='ocrx_word' id='word_1_200' title='bbox 3359 1403 3467 1474; x_wconf 82' lang='lat' dir='ltr'><strong>Sed</strong></span> 
     </span>
    </p>
   </div>
   <div class='ocr_carea' id='block_1_30' title="bbox 1875 1493 3469 1572">
    <p class='ocr_par' dir='ltr' id='par_1_30' title="bbox 1875 1493 3469 1572">
     <span class='ocr_line' id='line_1_30' title="bbox 1875 1493 3469 1572; baseline -0.002 -21"><span class='ocrx_word' id='word_1_201' title='bbox 1875 1515 2002 1551; x_wconf 90' lang='lat' dir='ltr'><strong>cum</strong></span> <span class='ocrx_word' id='word_1_202' title='bbox 2033 1499 2125 1551; x_wconf 92' lang='lat' dir='ltr'><strong>illc</strong></span> <span class='ocrx_word' id='word_1_203' title='bbox 2147 1498 2358 1554; x_wconf 90' lang='lat' dir='ltr'><strong>diceret</strong></span> <span class='ocrx_word' id='word_1_204' title='bbox 2377 1519 2388 1551; x_wconf 89' lang='lat'><strong>:</strong></span> <span class='ocrx_word' id='word_1_205' title='bbox 2405 1500 2614 1564; x_wconf 88' lang='lat' dir='ltr'><strong>Quiate</strong></span> <span class='ocrx_word' id='word_1_206' title='bbox 2635 1500 2881 1572; x_wconf 85' lang='lat' dir='ltr'><strong>primum</strong></span> <span class='ocrx_word' id='word_1_207' title='bbox 2897 1500 3072 1563; x_wconf 90' lang='lat' dir='ltr'><strong>decet,</strong></span> <span class='ocrx_word' id='word_1_208' title='bbox 3093 1515 3124 1550; x_wconf 95' lang='grc' dir='ltr'>ο</span> <span class='ocrx_word' id='word_1_209' title='bbox 3147 1493 3469 1551; x_wconf 87' lang='lat' dir='ltr'><strong>beatissime</strong></span> 
     </span>
    </p>
   </div>
   <div class='ocr_carea' id='block_1_31' title="bbox 1877 1577 3466 1668">
    <p class='ocr_par' dir='ltr' id='par_1_31' title="bbox 1877 1577 3466 1668">
     <span class='ocr_line' id='line_1_31' title="bbox 1877 1577 3466 1668; baseline -0.001 -29"><span class='ocrx_word' id='word_1_210' title='bbox 1877 1587 2212 1652; x_wconf 87' lang='lat' dir='ltr'><strong>Pater,hanc</strong></span> <span class='ocrx_word' id='word_1_211' title='bbox 2233 1587 2576 1644; x_wconf 82' lang='lat' dir='ltr'><strong>salutileram</strong></span> <span class='ocrx_word' id='word_1_212' title='bbox 2591 1587 2988 1668; x_wconf 85' lang='lat' dir='ltr'><strong>propriamque</strong></span> <span class='ocrx_word' id='word_1_213' title='bbox 3010 1577 3466 1660; x_wconf 85' lang='lat' dir='ltr'><strong>propitiationem</strong></span> 
     </span>
    </p>
   </div>
   <div class='ocr_carea' id='block_1_32' title="bbox 1875 1669 3470 1753">
    <p class='ocr_par' dir='ltr' id='par_1_32' title="bbox 1875 1669 3470 1753">
     <span class='ocr_line' id='line_1_32' title="bbox 1875 1669 3470 1753; baseline -0.002 -25"><span class='ocrx_word' id='word_1_214' title='bbox 1875 1675 2097 1742; x_wconf 90' lang='lat' dir='ltr'><strong>mereri,</strong></span> <span class='ocrx_word' id='word_1_215' title='bbox 2122 1682 2347 1731; x_wconf 89' lang='lat' dir='ltr'><strong>sanctus</strong></span> <span class='ocrx_word' id='word_1_216' title='bbox 2370 1677 2651 1748; x_wconf 86' lang='lat' dir='ltr'><strong>Epictetus</strong></span> <span class='ocrx_word' id='word_1_217' title='bbox 2680 1673 2969 1753; x_wconf 88' lang='lat' dir='ltr'><strong>respondit</strong></span> <span class='ocrx_word' id='word_1_218' title='bbox 2999 1693 3010 1727; x_wconf 89' lang='lat'><strong>:</strong></span> <span class='ocrx_word' id='word_1_219' title='bbox 3053 1675 3352 1738; x_wconf 86' lang='lat' dir='ltr'><strong>Veterana,</strong></span> <span class='ocrx_word' id='word_1_220' title='bbox 3386 1669 3470 1726; x_wconf 87' lang='lat' dir='ltr'><strong>in-</strong></span> 
     </span>
    </p>
   </div>
   <div class='ocr_carea' id='block_1_33' title="bbox 213 1747 3469 1841">
    <p class='ocr_par' dir='ltr' id='par_1_33' title="bbox 213 1747 3469 1841">
     <span class='ocr_line' id='line_1_33' title="bbox 213 1747 3469 1841; baseline 0.002 -33"><span class='ocrx_word' id='word_1_221' title='bbox 213 1756 360 1822; x_wconf 87' lang='lat' dir='ltr'><strong>servi,</strong></span> <span class='ocrx_word' id='word_1_222' title='bbox 387 1757 688 1812; x_wconf 90' lang='lat' dir='ltr'><strong>Dominum</strong></span> <span class='ocrx_word' id='word_1_223' title='bbox 715 1763 872 1827; x_wconf 82' lang='lat' dir='ltr'><strong>(Psal.</strong></span> <span class='ocrx_word' id='word_1_224' title='bbox 898 1765 1143 1832; x_wconf 81' lang='lat' dir='ltr'><strong>cxxxw),</strong></span> <span class='ocrx_word' id='word_1_225' title='bbox 1178 1764 1310 1841; x_wconf 83' lang='lat' dir='ltr'><strong>quia</strong></span> <span class='ocrx_word' id='word_1_226' title='bbox 1329 1765 1472 1818; x_wconf 86' lang='lat' dir='ltr'><strong>facta</strong></span> <span class='ocrx_word' id='word_1_227' title='bbox 1492 1771 1577 1820; x_wconf 88' lang='lat' dir='ltr'><strong>est</strong></span> <span class='ocrx_word' id='word_1_228' title='bbox 1591 1763 1788 1820; x_wconf 88' lang='lat' dir='ltr'><strong>volun-</strong></span> <span class='ocrx_word' id='word_1_229' title='bbox 1812 1747 1859 1817; x_wconf 77' lang='grc' dir='ltr'>Β</span> <span class='ocrx_word' id='word_1_230' title='bbox 1877 1765 2019 1836; x_wconf 89' lang='lat' dir='ltr'><strong>quit.</strong></span> <span class='ocrx_word' id='word_1_231' title='bbox 2049 1765 2322 1820; x_wconf 83' lang='lat' dir='ltr'><strong>calliditas</strong></span> <span class='ocrx_word' id='word_1_232' title='bbox 2367 1747 2664 1837; x_wconf 75' lang='lat' dir='ltr'><strong>serpentis,</strong></span> <span class='ocrx_word' id='word_1_233' title='bbox 2714 1747 2850 1820; x_wconf 79' lang='lat' dir='ltr'><strong>satis</strong></span> <span class='ocrx_word' id='word_1_234' title='bbox 2889 1762 3108 1818; x_wconf 83' lang='lat' dir='ltr'><strong>subtilis</strong></span> <span class='ocrx_word' id='word_1_235' title='bbox 3151 1769 3209 1816; x_wconf 90' lang='lat' dir='ltr'><strong>et</strong></span> <span class='ocrx_word' id='word_1_236' title='bbox 3235 1762 3469 1829; x_wconf 87' lang='lat' dir='ltr'><strong>circum-</strong></span> 
     </span>
    </p>
   </div>
   <div class='ocr_carea' id='block_1_34' title="bbox 213 1843 1255 1923">
    <p class='ocr_par' dir='ltr' id='par_1_34' title="bbox 213 1843 1255 1923">
     <span class='ocr_line' id='line_1_34' title="bbox 213 1843 1255 1923; baseline 0.007 -25"><span class='ocrx_word' id='word_1_237' title='bbox 213 1853 285 1898; x_wconf 84' lang='lat' dir='ltr'><strong>tas</strong></span> <span class='ocrx_word' id='word_1_238' title='bbox 308 1843 415 1900; x_wconf 88' lang='lat' dir='ltr'><strong>Dei</strong></span> <span class='ocrx_word' id='word_1_239' title='bbox 442 1848 620 1902; x_wconf 85' lang='lat' dir='ltr'><strong>nostri</strong></span> <span class='ocrx_word' id='word_1_240' title='bbox 650 1849 706 1902; x_wconf 91' lang='lat' dir='ltr'><strong>in</strong></span> <span class='ocrx_word' id='word_1_241' title='bbox 735 1849 896 1904; x_wconf 89' lang='lat' dir='ltr'><strong>nobis</strong></span> <span class='ocrx_word' id='word_1_242' title='bbox 925 1868 1027 1923; x_wconf 92' lang='lat' dir='ltr'><strong>per</strong></span> <span class='ocrx_word' id='word_1_243' title='bbox 1051 1853 1255 1908; x_wconf 87' lang='lat' dir='ltr'><strong>omnia.</strong></span> 
     </span>
    </p>
   </div>
   <div class='ocr_carea' id='block_1_35' title="bbox 270 1934 1793 2012">
    <p class='ocr_par' dir='ltr' id='par_1_35' title="bbox 270 1934 1793 2012">
     <span class='ocr_line' id='line_1_35' title="bbox 270 1934 1793 2012; baseline 0.009 -24"><span class='ocrx_word' id='word_1_244' title='bbox 270 1934 410 1991; x_wconf 68' lang='lat' dir='ltr'><strong>CAP.</strong></span> <span class='ocrx_word' id='word_1_245' title='bbox 442 1935 624 1997; x_wconf 76' lang='lat' dir='ltr'><strong>XVIII</strong></span> <span class='ocrx_word' id='word_1_246' title='bbox 634 1939 869 1992; x_wconf 91' lang='lat' dir='ltr'><strong>.—Cum</strong></span> <span class='ocrx_word' id='word_1_247' title='bbox 891 1945 1079 1994; x_wconf 89' lang='lat' dir='ltr'><strong>autem</strong></span> <span class='ocrx_word' id='word_1_248' title='bbox 1103 1942 1487 2012; x_wconf 82' lang='lat' dir='ltr'><strong>pervenissent</strong></span> <span class='ocrx_word' id='word_1_249' title='bbox 1506 1943 1576 1997; x_wconf 88' lang='lat' dir='ltr'><strong>ad</strong></span> <span class='ocrx_word' id='word_1_250' title='bbox 1609 1945 1793 2001; x_wconf 89' lang='lat' dir='ltr'><strong>locum</strong></span> 
     </span>
    </p>
   </div>
   <div class='ocr_carea' id='block_1_36' title="bbox 213 2021 1788 2102">
    <p class='ocr_par' dir='ltr' id='par_1_36' title="bbox 213 2021 1788 2102">
     <span class='ocr_line' id='line_1_36' title="bbox 213 2021 1788 2102; baseline 0.007 -27"><span class='ocrx_word' id='word_1_251' title='bbox 213 2021 289 2076; x_wconf 88' lang='lat' dir='ltr'><strong>ubi</strong></span> <span class='ocrx_word' id='word_1_252' title='bbox 313 2021 551 2078; x_wconf 87' lang='lat' dir='ltr'><strong>feriendi</strong></span> <span class='ocrx_word' id='word_1_253' title='bbox 593 2033 798 2094; x_wconf 88' lang='lat' dir='ltr'><strong>essent,</strong></span> <span class='ocrx_word' id='word_1_254' title='bbox 815 2034 1029 2082; x_wconf 86' lang='lat' dir='ltr'><strong>stantes</strong></span> <span class='ocrx_word' id='word_1_255' title='bbox 1057 2035 1250 2084; x_wconf 88' lang='lat' dir='ltr'><strong>contra</strong></span> <span class='ocrx_word' id='word_1_256' title='bbox 1278 2038 1497 2102; x_wconf 84' lang='lat' dir='ltr'><strong>partem</strong></span> <span class='ocrx_word' id='word_1_257' title='bbox 1523 2030 1788 2102; x_wconf 78' lang='lat' dir='ltr'><strong>Orientis,</strong></span> 
     </span>
    </p>
   </div>
   <div class='ocr_carea' id='block_1_37' title="bbox 213 2114 1786 2189">
    <p class='ocr_par' dir='ltr' id='par_1_37' title="bbox 213 2114 1786 2189">
     <span class='ocr_line' id='line_1_37' title="bbox 213 2114 1786 2189; baseline 0.008 -25"><span class='ocrx_word' id='word_1_258' title='bbox 213 2114 457 2183; x_wconf 83' lang='lat' dir='ltr'><strong>expansis</strong></span> <span class='ocrx_word' id='word_1_259' title='bbox 487 2115 766 2183; x_wconf 90' lang='lat' dir='ltr'><strong>manibus,</strong></span> <span class='ocrx_word' id='word_1_260' title='bbox 799 2124 854 2188; x_wconf 83' lang='lat' dir='ltr'><strong>et</strong></span> <span class='ocrx_word' id='word_1_261' title='bbox 883 2117 1184 2173; x_wconf 87' lang='lat' dir='ltr'><strong>sublevatis</strong></span> <span class='ocrx_word' id='word_1_262' title='bbox 1232 2122 1404 2174; x_wconf 89' lang='lat' dir='ltr'><strong>oculis</strong></span> <span class='ocrx_word' id='word_1_263' title='bbox 1461 2121 1517 2175; x_wconf 93' lang='lat' dir='ltr'><strong>in</strong></span> <span class='ocrx_word' id='word_1_264' title='bbox 1565 2123 1786 2189; x_wconf 76' lang='lat' dir='ltr'><strong>cmlum,</strong></span> 
     </span>
    </p>
   </div>
   <div class='ocr_carea' id='block_1_38' title="bbox 211 2200 1788 2278">
    <p class='ocr_par' dir='ltr' id='par_1_38' title="bbox 211 2200 1788 2278">
     <span class='ocr_line' id='line_1_38' title="bbox 211 2200 1788 2278; baseline 0.006 -24"><span class='ocrx_word' id='word_1_265' title='bbox 211 2200 387 2255; x_wconf 83' lang='lat' dir='ltr'><strong>taliter</strong></span> <span class='ocrx_word' id='word_1_266' title='bbox 405 2201 710 2266; x_wconf 89' lang='lat' dir='ltr'><strong>Dominum</strong></span> <span class='ocrx_word' id='word_1_267' title='bbox 725 2214 1046 2274; x_wconf 87' lang='lat' dir='ltr'><strong>oraverunt,</strong></span> <span class='ocrx_word' id='word_1_268' title='bbox 1063 2208 1336 2271; x_wconf 86' lang='lat' dir='ltr'><strong>dicentes:</strong></span> <span class='ocrx_word' id='word_1_269' title='bbox 1354 2211 1688 2275; x_wconf 87' lang='lat' dir='ltr'><strong>Benedictus</strong></span> <span class='ocrx_word' id='word_1_270' title='bbox 1709 2228 1788 2278; x_wconf 89' lang='lat' dir='ltr'><strong>es,</strong></span> 
     </span>
    </p>
   </div>
   <div class='ocr_carea' id='block_1_39' title="bbox 211 2289 1795 2366">
    <p class='ocr_par' dir='ltr' id='par_1_39' title="bbox 211 2289 1795 2366">
     <span class='ocr_line' id='line_1_39' title="bbox 211 2289 1795 2366; baseline 0.006 -22"><span class='ocrx_word' id='word_1_271' title='bbox 211 2289 432 2346; x_wconf 87' lang='lat' dir='ltr'><strong>Domine</strong></span> <span class='ocrx_word' id='word_1_272' title='bbox 469 2292 621 2346; x_wconf 91' lang='lat' dir='ltr'><strong>Deus</strong></span> <span class='ocrx_word' id='word_1_273' title='bbox 658 2299 882 2366; x_wconf 85' lang='lat' dir='ltr'><strong>patrum</strong></span> <span class='ocrx_word' id='word_1_274' title='bbox 927 2301 1264 2364; x_wconf 82' lang='lat' dir='ltr'><strong>nostrorum,</strong></span> <span class='ocrx_word' id='word_1_275' title='bbox 1305 2303 1364 2352; x_wconf 89' lang='lat' dir='ltr'><strong>et</strong></span> <span class='ocrx_word' id='word_1_276' title='bbox 1389 2295 1702 2365; x_wconf 84' lang='lat' dir='ltr'><strong>laudabilis,</strong></span> <span class='ocrx_word' id='word_1_277' title='bbox 1738 2305 1795 2354; x_wconf 88' lang='lat' dir='ltr'><strong>et</strong></span> 
     </span>
    </p>
   </div>
   <div class='ocr_carea' id='block_1_40' title="bbox 211 2379 1790 2458">
    <p class='ocr_par' dir='ltr' id='par_1_40' title="bbox 211 2379 1790 2458">
     <span class='ocr_line' id='line_1_40' title="bbox 211 2379 1790 2458; baseline 0.007 -28"><span class='ocrx_word' id='word_1_278' title='bbox 211 2379 644 2452; x_wconf 77' lang='lat' dir='ltr'><strong>superexaltatus</strong></span> <span class='ocrx_word' id='word_1_279' title='bbox 670 2381 727 2436; x_wconf 90' lang='lat' dir='ltr'><strong>in</strong></span> <span class='ocrx_word' id='word_1_280' title='bbox 757 2383 976 2448; x_wconf 66' lang='lat' dir='ltr'><strong>saecula,</strong></span> <span class='ocrx_word' id='word_1_281' title='bbox 1008 2401 1074 2438; x_wconf 91' lang='lat' dir='ltr'><strong>eo</strong></span> <span class='ocrx_word' id='word_1_282' title='bbox 1097 2385 1242 2458; x_wconf 88' lang='lat' dir='ltr'><strong>quod</strong></span> <span class='ocrx_word' id='word_1_283' title='bbox 1268 2401 1377 2439; x_wconf 91' lang='lat' dir='ltr'><strong>non</strong></span> <span class='ocrx_word' id='word_1_284' title='bbox 1402 2385 1668 2452; x_wconf 88' lang='lat' dir='ltr'><strong>humana,</strong></span> <span class='ocrx_word' id='word_1_285' title='bbox 1693 2387 1790 2441; x_wconf 93' lang='lat' dir='ltr'><strong>sed</strong></span> 
     </span>
    </p>
   </div>
   <div class='ocr_carea' id='block_1_41' title="bbox 210 2469 1789 2540">
    <p class='ocr_par' dir='ltr' id='par_1_41' title="bbox 210 2469 1789 2540">
     <span class='ocr_line' id='line_1_41' title="bbox 210 2469 1789 2540; baseline 0.007 -21"><span class='ocrx_word' id='word_1_286' title='bbox 210 2471 290 2520; x_wconf 82' lang='lat' dir='ltr'><strong>tua</strong></span> <span class='ocrx_word' id='word_1_287' title='bbox 320 2469 581 2524; x_wconf 84' lang='lat' dir='ltr'><strong>voluntas</strong></span> <span class='ocrx_word' id='word_1_288' title='bbox 601 2487 702 2540; x_wconf 90' lang='lat' dir='ltr'><strong>per</strong></span> <span class='ocrx_word' id='word_1_289' title='bbox 729 2469 921 2526; x_wconf 89' lang='lat' dir='ltr'><strong>omnia</strong></span> <span class='ocrx_word' id='word_1_290' title='bbox 943 2471 1086 2528; x_wconf 85' lang='lat' dir='ltr'><strong>facta</strong></span> <span class='ocrx_word' id='word_1_291' title='bbox 1103 2475 1256 2528; x_wconf 90' lang='lat' dir='ltr'><strong>estin</strong></span> <span class='ocrx_word' id='word_1_292' title='bbox 1275 2474 1452 2528; x_wconf 88' lang='lat' dir='ltr'><strong>nobis.</strong></span> <span class='ocrx_word' id='word_1_293' title='bbox 1471 2475 1554 2529; x_wconf 91' lang='lat' dir='ltr'><strong>Tu</strong></span> <span class='ocrx_word' id='word_1_294' title='bbox 1567 2493 1625 2530; x_wconf 93' lang='lat' dir='ltr'><strong>es</strong></span> <span class='ocrx_word' id='word_1_295' title='bbox 1640 2476 1789 2530; x_wconf 92' lang='lat' dir='ltr'><strong>enim</strong></span> 
     </span>
    </p>
   </div>
   <div class='ocr_carea' id='block_1_42' title="bbox 212 2556 1784 2632">
    <p class='ocr_par' dir='ltr' id='par_1_42' title="bbox 212 2556 1784 2632">
     <span class='ocr_line' id='line_1_42' title="bbox 212 2556 1784 2632; baseline 0.006 -24"><span class='ocrx_word' id='word_1_296' title='bbox 212 2557 292 2626; x_wconf 84' lang='lat' dir='ltr'><strong>qui</strong></span> <span class='ocrx_word' id='word_1_297' title='bbox 305 2556 469 2610; x_wconf 87' lang='lat' dir='ltr'><strong>doces</strong></span> <span class='ocrx_word' id='word_1_298' title='bbox 482 2557 540 2610; x_wconf 90' lang='lat' dir='ltr'><strong>in</strong></span> <span class='ocrx_word' id='word_1_299' title='bbox 555 2563 613 2611; x_wconf 89' lang='lat' dir='ltr'><strong>te</strong></span> <span class='ocrx_word' id='word_1_300' title='bbox 628 2559 1008 2626; x_wconf 88' lang='lat' dir='ltr'><strong>credentes,ut</strong></span> <span class='ocrx_word' id='word_1_301' title='bbox 1026 2561 1232 2616; x_wconf 86' lang='lat' dir='ltr'><strong>faciant</strong></span> <span class='ocrx_word' id='word_1_302' title='bbox 1252 2564 1593 2618; x_wconf 82' lang='lat' dir='ltr'><strong>voluntatem</strong></span> <span class='ocrx_word' id='word_1_303' title='bbox 1607 2569 1760 2620; x_wconf 88' lang='lat' dir='ltr'><strong>tuam</strong></span> <span class='ocrx_word' id='word_1_304' title='bbox 1771 2606 1784 2632; x_wconf 97' lang='lat'><strong>,</strong></span> 
     </span>
    </p>
   </div>
   <div class='ocr_carea' id='block_1_43' title="bbox 211 2647 1788 2725">
    <p class='ocr_par' dir='ltr' id='par_1_43' title="bbox 211 2647 1788 2725">
     <span class='ocr_line' id='line_1_43' title="bbox 211 2647 1788 2725; baseline 0.007 -29"><span class='ocrx_word' id='word_1_305' title='bbox 211 2652 256 2697; x_wconf 88' lang='lat' dir='ltr'><strong>et</strong></span> <span class='ocrx_word' id='word_1_306' title='bbox 278 2651 340 2712; x_wconf 83' lang='lat' dir='ltr'><strong>ut</strong></span> <span class='ocrx_word' id='word_1_307' title='bbox 368 2647 712 2714; x_wconf 84' lang='lat' dir='ltr'><strong>annuntient</strong></span> <span class='ocrx_word' id='word_1_308' title='bbox 735 2648 1016 2704; x_wconf 85' lang='lat' dir='ltr'><strong>mirabilia</strong></span> <span class='ocrx_word' id='word_1_309' title='bbox 1041 2661 1141 2720; x_wconf 81' lang='lat' dir='ltr'><strong>tua</strong></span> <span class='ocrx_word' id='word_1_310' title='bbox 1167 2651 1224 2705; x_wconf 92' lang='lat' dir='ltr'><strong>in</strong></span> <span class='ocrx_word' id='word_1_311' title='bbox 1253 2653 1404 2706; x_wconf 92' lang='lat' dir='ltr'><strong>omni</strong></span> <span class='ocrx_word' id='word_1_312' title='bbox 1427 2661 1698 2725; x_wconf 89' lang='lat' dir='ltr'><strong>tempore,</strong></span> <span class='ocrx_word' id='word_1_313' title='bbox 1725 2671 1788 2707; x_wconf 85' lang='lat' dir='ltr'><strong>eo</strong></span> 
     </span>
    </p>
   </div>
   <div class='ocr_carea' id='block_1_44' title="bbox 211 2734 1789 2814">
    <p class='ocr_par' dir='ltr' id='par_1_44' title="bbox 211 2734 1789 2814">
     <span class='ocr_line' id='line_1_44' title="bbox 211 2734 1789 2814; baseline 0.006 -28"><span class='ocrx_word' id='word_1_314' title='bbox 211 2734 340 2803; x_wconf 84' lang='lat' dir='ltr'><strong>quod</strong></span> <span class='ocrx_word' id='word_1_315' title='bbox 360 2735 601 2806; x_wconf 88' lang='lat' dir='ltr'><strong>Spiritus</strong></span> <span class='ocrx_word' id='word_1_316' title='bbox 630 2743 760 2808; x_wconf 90' lang='lat' dir='ltr'><strong>tuus</strong></span> <span class='ocrx_word' id='word_1_317' title='bbox 789 2745 1015 2795; x_wconf 87' lang='lat' dir='ltr'><strong>sanctus</strong></span> <span class='ocrx_word' id='word_1_318' title='bbox 1027 2739 1306 2810; x_wconf 82' lang='lat' dir='ltr'><strong>gubernat</strong></span> <span class='ocrx_word' id='word_1_319' title='bbox 1333 2758 1789 2814; x_wconf 88' lang='lat' dir='ltr'><strong>unumquemque</strong></span> 
     </span>
    </p>
   </div>
   <div class='ocr_carea' id='block_1_45' title="bbox 212 2822 1790 2900">
    <p class='ocr_par' dir='ltr' id='par_1_45' title="bbox 212 2822 1790 2900">
     <span class='ocr_line' id='line_1_45' title="bbox 212 2822 1790 2900; baseline 0.008 -26"><span class='ocrx_word' id='word_1_320' title='bbox 212 2822 258 2875; x_wconf 88' lang='lat' dir='ltr'><strong>in</strong></span> <span class='ocrx_word' id='word_1_321' title='bbox 284 2822 428 2877; x_wconf 87' lang='lat' dir='ltr'><strong>bono</strong></span> <span class='ocrx_word' id='word_1_322' title='bbox 453 2826 764 2879; x_wconf 89' lang='lat' dir='ltr'><strong>secundum</strong></span> <span class='ocrx_word' id='word_1_323' title='bbox 794 2828 1142 2900; x_wconf 87' lang='lat' dir='ltr'><strong>propositum</strong></span> <span class='ocrx_word' id='word_1_324' title='bbox 1172 2829 1356 2883; x_wconf 87' lang='lat' dir='ltr'><strong>cordis</strong></span> <span class='ocrx_word' id='word_1_325' title='bbox 1386 2830 1491 2898; x_wconf 88' lang='lat' dir='ltr'><strong>sui,</strong></span> <span class='ocrx_word' id='word_1_326' title='bbox 1519 2836 1576 2885; x_wconf 89' lang='lat' dir='ltr'><strong>et</strong></span> <span class='ocrx_word' id='word_1_327' title='bbox 1595 2849 1790 2886; x_wconf 88' lang='lat' dir='ltr'><strong>secun-</strong></span> 
     </span>
    </p>
   </div>
   <div class='ocr_carea' id='block_1_46' title="bbox 210 2911 1787 2991">
    <p class='ocr_par' dir='ltr' id='par_1_46' title="bbox 210 2911 1787 2991">
     <span class='ocr_line' id='line_1_46' title="bbox 210 2911 1787 2991; baseline 0.007 -28"><span class='ocrx_word' id='word_1_328' title='bbox 210 2911 328 2966; x_wconf 88' lang='lat' dir='ltr'><strong>dum</strong></span> <span class='ocrx_word' id='word_1_329' title='bbox 349 2913 635 2986; x_wconf 84' lang='lat' dir='ltr'><strong>propriam</strong></span> <span class='ocrx_word' id='word_1_330' title='bbox 665 2915 1126 2978; x_wconf 86' lang='lat' dir='ltr'><strong>voluntatem.&#39;l‘u</strong></span> <span class='ocrx_word' id='word_1_331' title='bbox 1142 2936 1201 2972; x_wconf 89' lang='lat' dir='ltr'><strong>es</strong></span> <span class='ocrx_word' id='word_1_332' title='bbox 1219 2919 1367 2974; x_wconf 89' lang='lat' dir='ltr'><strong>enim</strong></span> <span class='ocrx_word' id='word_1_333' title='bbox 1383 2919 1476 2991; x_wconf 89' lang='lat' dir='ltr'><strong>qui</strong></span> <span class='ocrx_word' id='word_1_334' title='bbox 1501 2919 1787 2974; x_wconf 83' lang='lat' dir='ltr'><strong>Abraham</strong></span> 
     </span>
    </p>
   </div>
   <div class='ocr_carea' id='block_1_47' title="bbox 209 3001 1790 3080">
    <p class='ocr_par' dir='ltr' id='par_1_47' title="bbox 209 3001 1790 3080">
     <span class='ocr_line' id='line_1_47' title="bbox 209 3001 1790 3080; baseline 0.007 -27"><span class='ocrx_word' id='word_1_335' title='bbox 209 3001 496 3055; x_wconf 87' lang='lat' dir='ltr'><strong>secundum</strong></span> <span class='ocrx_word' id='word_1_336' title='bbox 509 3009 668 3057; x_wconf 88' lang='lat' dir='ltr'><strong>tuam</strong></span> <span class='ocrx_word' id='word_1_337' title='bbox 684 3004 1028 3060; x_wconf 84' lang='lat' dir='ltr'><strong>voluntatem</strong></span> <span class='ocrx_word' id='word_1_338' title='bbox 1044 3024 1267 3078; x_wconf 89' lang='lat' dir='ltr'><strong>semper</strong></span> <span class='ocrx_word' id='word_1_339' title='bbox 1278 3008 1625 3080; x_wconf 82' lang='lat' dir='ltr'><strong>gubernasti,</strong></span> <span class='ocrx_word' id='word_1_340' title='bbox 1635 3010 1790 3067; x_wconf 89' lang='lat' dir='ltr'><strong>Isaac</strong></span> 
     </span>
    </p>
   </div>
   <div class='ocr_carea' id='block_1_48' title="bbox 1874 1849 3466 1925">
    <p class='ocr_par' dir='ltr' id='par_1_48' title="bbox 1874 1849 3466 1925">
     <span class='ocr_line' id='line_1_48' title="bbox 1874 1849 3466 1925; baseline -0.001 -20"><span class='ocrx_word' id='word_1_341' title='bbox 1874 1860 2104 1910; x_wconf 87' lang='lat' dir='ltr'><strong>ventosa</strong></span> <span class='ocrx_word' id='word_1_342' title='bbox 2126 1860 2226 1920; x_wconf 85' lang='lat' dir='ltr'><strong>est,</strong></span> <span class='ocrx_word' id='word_1_343' title='bbox 2251 1855 2358 1923; x_wconf 84' lang='lat' dir='ltr'><strong>ﬁli;</strong></span> <span class='ocrx_word' id='word_1_344' title='bbox 2393 1860 2450 1908; x_wconf 91' lang='lat' dir='ltr'><strong>et</strong></span> <span class='ocrx_word' id='word_1_345' title='bbox 2475 1855 2601 1908; x_wconf 88' lang='lat' dir='ltr'><strong>ideo</strong></span> <span class='ocrx_word' id='word_1_346' title='bbox 2631 1853 2780 1925; x_wconf 90' lang='lat' dir='ltr'><strong>quod</strong></span> <span class='ocrx_word' id='word_1_347' title='bbox 2823 1870 2972 1907; x_wconf 93' lang='lat' dir='ltr'><strong>nunc</strong></span> <span class='ocrx_word' id='word_1_348' title='bbox 2991 1849 3163 1922; x_wconf 90' lang='lat' dir='ltr'><strong>jubeo</strong></span> <span class='ocrx_word' id='word_1_349' title='bbox 3191 1851 3332 1916; x_wconf 85' lang='lat' dir='ltr'><strong>ﬁeri,</strong></span> <span class='ocrx_word' id='word_1_350' title='bbox 3365 1863 3466 1922; x_wconf 88' lang='lat' dir='ltr'><strong>pro</strong></span> 
     </span>
    </p>
   </div>
   <div class='ocr_carea' id='block_1_49' title="bbox 1875 1927 3468 2016">
    <p class='ocr_par' dir='ltr' id='par_1_49' title="bbox 1875 1927 3468 2016">
     <span class='ocr_line' id='line_1_49' title="bbox 1875 1927 3468 2016; baseline -0.002 -20"><span class='ocrx_word' id='word_1_351' title='bbox 1875 1949 1970 1996; x_wconf 90' lang='lat' dir='ltr'><strong>tua</strong></span> <span class='ocrx_word' id='word_1_352' title='bbox 1993 1943 2173 1997; x_wconf 88' lang='lat' dir='ltr'><strong>salute</strong></span> <span class='ocrx_word' id='word_1_353' title='bbox 2195 1961 2258 2000; x_wconf 85' lang='lat' dir='ltr'><strong>ac</strong></span> <span class='ocrx_word' id='word_1_354' title='bbox 2273 1961 2399 1997; x_wconf 88' lang='lat' dir='ltr'><strong>mea</strong></span> <span class='ocrx_word' id='word_1_355' title='bbox 2421 1944 2611 2016; x_wconf 88' lang='lat' dir='ltr'><strong>requie</strong></span> <span class='ocrx_word' id='word_1_356' title='bbox 2633 1939 2890 1998; x_wconf 88' lang='lat' dir='ltr'><strong>habetur.</strong></span> <span class='ocrx_word' id='word_1_357' title='bbox 2907 1933 3086 2009; x_wconf 79' lang='lat' dir='ltr'><strong>Hodie</strong></span> <span class='ocrx_word' id='word_1_358' title='bbox 3114 1957 3357 2010; x_wconf 88' lang='lat' dir='ltr'><strong>namque</strong></span> <span class='ocrx_word' id='word_1_359' title='bbox 3375 1927 3468 1993; x_wconf 87' lang='lat' dir='ltr'><strong>de-</strong></span> 
     </span>
    </p>
   </div>
   <div class='ocr_carea' id='block_1_50' title="bbox 1874 2025 3466 2104">
    <p class='ocr_par' dir='ltr' id='par_1_50' title="bbox 1874 2025 3466 2104">
     <span class='ocr_line' id='line_1_50' title="bbox 1874 2025 3466 2104; baseline -0.001 -20"><span class='ocrx_word' id='word_1_360' title='bbox 1874 2049 1995 2085; x_wconf 92' lang='lat' dir='ltr'><strong>cem</strong></span> <span class='ocrx_word' id='word_1_361' title='bbox 2011 2039 2068 2086; x_wconf 91' lang='lat' dir='ltr'><strong>et</strong></span> <span class='ocrx_word' id='word_1_362' title='bbox 2085 2040 2298 2104; x_wconf 85' lang='lat' dir='ltr'><strong>septem</strong></span> <span class='ocrx_word' id='word_1_363' title='bbox 2312 2049 2489 2086; x_wconf 89' lang='lat' dir='ltr'><strong>annos</strong></span> <span class='ocrx_word' id='word_1_364' title='bbox 2503 2049 2605 2104; x_wconf 93' lang='lat' dir='ltr'><strong>per</strong></span> <span class='ocrx_word' id='word_1_365' title='bbox 2619 2029 2862 2085; x_wconf 84' lang='lat' dir='ltr'><strong>divinam</strong></span> <span class='ocrx_word' id='word_1_366' title='bbox 2883 2025 3126 2104; x_wconf 82' lang='lat' dir='ltr'><strong>gratiam</strong></span> <span class='ocrx_word' id='word_1_367' title='bbox 3141 2045 3344 2102; x_wconf 85' lang='lat' dir='ltr'><strong>munus</strong></span> <span class='ocrx_word' id='word_1_368' title='bbox 3373 2043 3466 2082; x_wconf 90' lang='lat' dir='ltr'><strong>ca-</strong></span> 
     </span>
    </p>
   </div>
   <div class='ocr_carea' id='block_1_51' title="bbox 1874 2113 3466 2192">
    <p class='ocr_par' dir='ltr' id='par_1_51' title="bbox 1874 2113 3466 2192">
     <span class='ocr_line' id='line_1_51' title="bbox 1874 2113 3466 2192; baseline -0.002 -19"><span class='ocrx_word' id='word_1_369' title='bbox 1874 2127 2023 2174; x_wconf 91' lang='lat' dir='ltr'><strong>stum</strong></span> <span class='ocrx_word' id='word_1_370' title='bbox 2055 2121 2589 2192; x_wconf 86' lang='lat' dir='ltr'><strong>immaculatumque</strong></span> <span class='ocrx_word' id='word_1_371' title='bbox 2619 2126 2673 2174; x_wconf 91' lang='lat' dir='ltr'><strong>te</strong></span> <span class='ocrx_word' id='word_1_372' title='bbox 2695 2117 2925 2185; x_wconf 82' lang='lat' dir='ltr'><strong>servavi,</strong></span> <span class='ocrx_word' id='word_1_373' title='bbox 2955 2124 3011 2172; x_wconf 91' lang='lat' dir='ltr'><strong>et</strong></span> <span class='ocrx_word' id='word_1_374' title='bbox 3030 2113 3196 2172; x_wconf 91' lang='lat' dir='ltr'><strong>modo</strong></span> <span class='ocrx_word' id='word_1_375' title='bbox 3221 2118 3302 2171; x_wconf 89' lang='lat' dir='ltr'><strong>vis</strong></span> <span class='ocrx_word' id='word_1_376' title='bbox 3332 2113 3466 2171; x_wconf 90' lang='lat' dir='ltr'><strong>utin</strong></span> 
     </span>
    </p>
   </div>
   <div class='ocr_carea' id='block_1_52' title="bbox 1873 2205 3469 2280">
    <p class='ocr_par' dir='ltr' id='par_1_52' title="bbox 1873 2205 3469 2280">
     <span class='ocr_line' id='line_1_52' title="bbox 1873 2205 3469 2280; baseline -0.003 -17"><span class='ocrx_word' id='word_1_377' title='bbox 1873 2216 2081 2280; x_wconf 90' lang='lat' dir='ltr'><strong>puncto</strong></span> <span class='ocrx_word' id='word_1_378' title='bbox 2103 2210 2270 2265; x_wconf 90' lang='lat' dir='ltr'><strong>unius</strong></span> <span class='ocrx_word' id='word_1_379' title='bbox 2287 2211 2436 2264; x_wconf 67' lang='lat' dir='ltr'><strong>horae</strong></span> <span class='ocrx_word' id='word_1_380' title='bbox 2453 2215 2742 2264; x_wconf 87' lang='lat' dir='ltr'><strong>tantorum</strong></span> <span class='ocrx_word' id='word_1_381' title='bbox 2763 2225 3043 2262; x_wconf 89' lang='lat' dir='ltr'><strong>annorum</strong></span> <span class='ocrx_word' id='word_1_382' title='bbox 3065 2205 3313 2264; x_wconf 90' lang='lat' dir='ltr'><strong>laborem</strong></span> <span class='ocrx_word' id='word_1_383' title='bbox 3345 2221 3469 2277; x_wconf 87' lang='lat' dir='ltr'><strong>per-</strong></span> 
     </span>
    </p>
   </div>
   <div class='ocr_carea' id='block_1_53' title="bbox 1873 2283 3468 2368">
    <p class='ocr_par' dir='ltr' id='par_1_53' title="bbox 1873 2283 3468 2368">
     <span class='ocr_line' id='line_1_53' title="bbox 1873 2283 3468 2368; baseline -0.003 -18"><span class='ocrx_word' id='word_1_384' title='bbox 1873 2298 2040 2351; x_wconf 85' lang='lat' dir='ltr'><strong>dam?</strong></span> <span class='ocrx_word' id='word_1_385' title='bbox 2063 2300 2186 2352; x_wconf 88' lang='lat' dir='ltr'><strong>Non</strong></span> <span class='ocrx_word' id='word_1_386' title='bbox 2207 2299 2304 2352; x_wconf 87' lang='lat' dir='ltr'><strong>ita.</strong></span> <span class='ocrx_word' id='word_1_387' title='bbox 2339 2299 2498 2364; x_wconf 89' lang='lat' dir='ltr'><strong>Quod</strong></span> <span class='ocrx_word' id='word_1_388' title='bbox 2531 2299 2680 2352; x_wconf 89' lang='lat' dir='ltr'><strong>enim</strong></span> <span class='ocrx_word' id='word_1_389' title='bbox 2709 2297 2872 2368; x_wconf 91' lang='lat' dir='ltr'><strong>cupio</strong></span> <span class='ocrx_word' id='word_1_390' title='bbox 2902 2295 3104 2360; x_wconf 89' lang='lat' dir='ltr'><strong>facere,</strong></span> <span class='ocrx_word' id='word_1_391' title='bbox 3129 2293 3206 2348; x_wconf 90' lang='lat' dir='ltr'><strong>mi</strong></span> <span class='ocrx_word' id='word_1_392' title='bbox 3233 2293 3332 2360; x_wconf 78' lang='lat' dir='ltr'><strong>fili,</strong></span> <span class='ocrx_word' id='word_1_393' title='bbox 3355 2283 3468 2365; x_wconf 57' lang='lat' dir='ltr'><strong>&#39;per</strong></span> 
     </span>
    </p>
   </div>
   <div class='ocr_carea' id='block_1_54' title="bbox 1870 2381 3470 2461">
    <p class='ocr_par' dir='ltr' id='par_1_54' title="bbox 1870 2381 3470 2461">
     <span class='ocr_line' id='line_1_54' title="bbox 1870 2381 3470 2461; baseline -0.004 -19"><span class='ocrx_word' id='word_1_394' title='bbox 1870 2388 2293 2461; x_wconf 88' lang='lat' dir='ltr'><strong>inspirationem</strong></span> <span class='ocrx_word' id='word_1_395' title='bbox 2332 2385 2571 2459; x_wconf 89' lang='lat' dir='ltr'><strong>Spiritus</strong></span> <span class='ocrx_word' id='word_1_396' title='bbox 2610 2387 2788 2442; x_wconf 87' lang='lat' dir='ltr'><strong>sancti</strong></span> <span class='ocrx_word' id='word_1_397' title='bbox 2817 2383 2976 2440; x_wconf 83' lang='lat' dir='ltr'><strong>facio.</strong></span> <span class='ocrx_word' id='word_1_398' title='bbox 3010 2381 3102 2439; x_wconf 90' lang='lat' dir='ltr'><strong>Sic</strong></span> <span class='ocrx_word' id='word_1_399' title='bbox 3127 2383 3277 2438; x_wconf 90' lang='lat' dir='ltr'><strong>enim</strong></span> <span class='ocrx_word' id='word_1_400' title='bbox 3295 2381 3470 2436; x_wconf 82' lang='lat' dir='ltr'><strong>Abra-</strong></span> 
     </span>
    </p>
   </div>
   <div class='ocr_carea' id='block_1_55' title="bbox 1870 2469 3467 2551">
    <p class='ocr_par' dir='ltr' id='par_1_55' title="bbox 1870 2469 3467 2551">
     <span class='ocr_line' id='line_1_55' title="bbox 1870 2469 3467 2551; baseline -0.004 -20"><span class='ocrx_word' id='word_1_401' title='bbox 1870 2477 2001 2531; x_wconf 86' lang='lat' dir='ltr'><strong>ham</strong></span> <span class='ocrx_word' id='word_1_402' title='bbox 2032 2477 2090 2531; x_wconf 91' lang='lat' dir='ltr'><strong>in</strong></span> <span class='ocrx_word' id='word_1_403' title='bbox 2117 2479 2506 2531; x_wconf 89' lang='lat' dir='ltr'><strong>holocaustum</strong></span> <span class='ocrx_word' id='word_1_404' title='bbox 2545 2477 2699 2530; x_wconf 89' lang='lat' dir='ltr'><strong>Isaac</strong></span> <span class='ocrx_word' id='word_1_405' title='bbox 2736 2476 2914 2530; x_wconf 80' lang='lat' dir='ltr'><strong>filium</strong></span> <span class='ocrx_word' id='word_1_406' title='bbox 2943 2469 3390 2551; x_wconf 80' lang='lat' dir='ltr'><strong>obtulit;Jephte</strong></span> <span class='ocrx_word' id='word_1_407' title='bbox 3405 2469 3467 2524; x_wconf 86' lang='lat' dir='ltr'><strong>ﬂ-</strong></span> 
     </span>
    </p>
   </div>
   <div class='ocr_carea' id='block_1_56' title="bbox 1871 2561 3466 2633">
    <p class='ocr_par' dir='ltr' id='par_1_56' title="bbox 1871 2561 3466 2633">
     <span class='ocr_line' id='line_1_56' title="bbox 1871 2561 3466 2633; baseline -0.004 -13"><span class='ocrx_word' id='word_1_408' title='bbox 1871 2567 2002 2620; x_wconf 88' lang='lat' dir='ltr'><strong>liam</strong></span> <span class='ocrx_word' id='word_1_409' title='bbox 2026 2565 2263 2633; x_wconf 87' lang='lat' dir='ltr'><strong>Domino</strong></span> <span class='ocrx_word' id='word_1_410' title='bbox 2292 2565 2350 2618; x_wconf 91' lang='lat' dir='ltr'><strong>in</strong></span> <span class='ocrx_word' id='word_1_411' title='bbox 2373 2564 2705 2620; x_wconf 81' lang='lat' dir='ltr'><strong>sacrificium</strong></span> <span class='ocrx_word' id='word_1_412' title='bbox 2722 2561 2989 2628; x_wconf 80' lang='lat' dir='ltr'><strong>exhibuit;</strong></span> <span class='ocrx_word' id='word_1_413' title='bbox 3013 2563 3212 2616; x_wconf 89' lang='lat' dir='ltr'><strong>Petrus</strong></span> <span class='ocrx_word' id='word_1_414' title='bbox 3243 2575 3466 2632; x_wconf 89' lang='lat' dir='ltr'><strong>quoque</strong></span> 
     </span>
    </p>
   </div>
   <div class='ocr_carea' id='block_1_57' title="bbox 1873 2649 3465 2730">
    <p class='ocr_par' dir='ltr' id='par_1_57' title="bbox 1873 2649 3465 2730">
     <span class='ocr_line' id='line_1_57' title="bbox 1873 2649 3465 2730; baseline -0.006 -19"><span class='ocrx_word' id='word_1_415' title='bbox 1873 2656 2218 2730; x_wconf 87' lang='lat' dir='ltr'><strong>Stephanum</strong></span> <span class='ocrx_word' id='word_1_416' title='bbox 2236 2660 2366 2708; x_wconf 88' lang='lat' dir='ltr'><strong>ante</strong></span> <span class='ocrx_word' id='word_1_417' title='bbox 2387 2671 2447 2708; x_wconf 91' lang='lat' dir='ltr'><strong>se</strong></span> <span class='ocrx_word' id='word_1_418' title='bbox 2461 2653 2518 2708; x_wconf 93' lang='lat' dir='ltr'><strong>in</strong></span> <span class='ocrx_word' id='word_1_419' title='bbox 2549 2651 2864 2709; x_wconf 57' lang='lat' dir='ltr'><strong>cielestibus</strong></span> <span class='ocrx_word' id='word_1_420' title='bbox 2881 2651 3169 2728; x_wconf 68' lang='lat' dir='ltr'><strong>praemisit.</strong></span> <span class='ocrx_word' id='word_1_421' title='bbox 3185 2649 3255 2704; x_wconf 90' lang='lat' dir='ltr'><strong>Et</strong></span> <span class='ocrx_word' id='word_1_422' title='bbox 3265 2665 3465 2720; x_wconf 89' lang='lat' dir='ltr'><strong>quam-</strong></span> 
     </span>
    </p>
   </div>
   <div class='ocr_carea' id='block_1_58' title="bbox 1872 2735 3462 2818">
    <p class='ocr_par' dir='ltr' id='par_1_58' title="bbox 1872 2735 3462 2818">
     <span class='ocr_line' id='line_1_58' title="bbox 1872 2735 3462 2818; baseline -0.003 -22"><span class='ocrx_word' id='word_1_423' title='bbox 1872 2745 1954 2800; x_wconf 92' lang='lat' dir='ltr'><strong>vis</strong></span> <span class='ocrx_word' id='word_1_424' title='bbox 1981 2761 2086 2815; x_wconf 87' lang='lat' dir='ltr'><strong>ego</strong></span> <span class='ocrx_word' id='word_1_425' title='bbox 2118 2761 2229 2798; x_wconf 90' lang='lat' dir='ltr'><strong>non</strong></span> <span class='ocrx_word' id='word_1_426' title='bbox 2259 2760 2467 2818; x_wconf 75' lang='lat' dir='ltr'><strong>possnm</strong></span> <span class='ocrx_word' id='word_1_427' title='bbox 2484 2759 2604 2796; x_wconf 91' lang='lat' dir='ltr'><strong>esse</strong></span> <span class='ocrx_word' id='word_1_428' title='bbox 2634 2739 2954 2795; x_wconf 89' lang='lat' dir='ltr'><strong>incredulus</strong></span> <span class='ocrx_word' id='word_1_429' title='bbox 2983 2740 3051 2793; x_wconf 91' lang='lat' dir='ltr'><strong>de</strong></span> <span class='ocrx_word' id='word_1_430' title='bbox 3071 2739 3321 2793; x_wconf 88' lang='lat' dir='ltr'><strong>bonitate</strong></span> <span class='ocrx_word' id='word_1_431' title='bbox 3341 2735 3462 2805; x_wconf 90' lang='lat' dir='ltr'><strong>Dei,</strong></span> 
     </span>
    </p>
   </div>
   <div class='ocr_carea' id='block_1_59' title="bbox 1873 2825 3466 2904">
    <p class='ocr_par' dir='ltr' id='par_1_59' title="bbox 1873 2825 3466 2904">
     <span class='ocr_line' id='line_1_59' title="bbox 1873 2825 3466 2904; baseline -0.004 -17"><span class='ocrx_word' id='word_1_432' title='bbox 1873 2851 1938 2888; x_wconf 91' lang='lat' dir='ltr'><strong>eo</strong></span> <span class='ocrx_word' id='word_1_433' title='bbox 1960 2834 2107 2904; x_wconf 88' lang='lat' dir='ltr'><strong>quod</strong></span> <span class='ocrx_word' id='word_1_434' title='bbox 2137 2838 2321 2903; x_wconf 84' lang='lat' dir='ltr'><strong>potest</strong></span> <span class='ocrx_word' id='word_1_435' title='bbox 2349 2838 2403 2886; x_wconf 92' lang='lat' dir='ltr'><strong>te</strong></span> <span class='ocrx_word' id='word_1_436' title='bbox 2425 2838 2483 2886; x_wconf 92' lang='lat' dir='ltr'><strong>et</strong></span> <span class='ocrx_word' id='word_1_437' title='bbox 2509 2831 2628 2884; x_wconf 88' lang='lat' dir='ltr'><strong>sine</strong></span> <span class='ocrx_word' id='word_1_438' title='bbox 2659 2847 2784 2884; x_wconf 89' lang='lat' dir='ltr'><strong>mea</strong></span> <span class='ocrx_word' id='word_1_439' title='bbox 2801 2827 3099 2901; x_wconf 64' lang='lat' dir='ltr'><strong>praesentia</strong></span> <span class='ocrx_word' id='word_1_440' title='bbox 3126 2828 3184 2884; x_wconf 91' lang='lat' dir='ltr'><strong>in</strong></span> <span class='ocrx_word' id='word_1_441' title='bbox 3207 2825 3466 2882; x_wconf 89' lang='lat' dir='ltr'><strong>omnibus</strong></span> 
     </span>
    </p>
   </div>
   <div class='ocr_carea' id='block_1_60' title="bbox 1869 2913 3469 2987">
    <p class='ocr_par' dir='ltr' id='par_1_60' title="bbox 1869 2913 3469 2987">
     <span class='ocr_line' id='line_1_60' title="bbox 1869 2913 3469 2987; baseline -0.004 -15"><span class='ocrx_word' id='word_1_442' title='bbox 1869 2936 2218 2985; x_wconf 87' lang='lat' dir='ltr'><strong>conservare,</strong></span> <span class='ocrx_word' id='word_1_443' title='bbox 2249 2918 2394 2972; x_wconf 91' lang='lat' dir='ltr'><strong>sicut</strong></span> <span class='ocrx_word' id='word_1_444' title='bbox 2422 2921 2474 2972; x_wconf 90' lang='lat' dir='ltr'><strong>et</strong></span> <span class='ocrx_word' id='word_1_445' title='bbox 2509 2933 2686 2987; x_wconf 90' lang='lat' dir='ltr'><strong>usque</strong></span> <span class='ocrx_word' id='word_1_446' title='bbox 2718 2913 2776 2970; x_wconf 92' lang='lat' dir='ltr'><strong>in</strong></span> <span class='ocrx_word' id='word_1_447' title='bbox 2817 2913 3149 2968; x_wconf 88' lang='lat' dir='ltr'><strong>hodiernam</strong></span> <span class='ocrx_word' id='word_1_448' title='bbox 3197 2913 3346 2967; x_wconf 88' lang='lat' dir='ltr'><strong>diem</strong></span> <span class='ocrx_word' id='word_1_449' title='bbox 3375 2925 3469 2966; x_wconf 91' lang='lat' dir='ltr'><strong>cu-</strong></span> 
     </span>
    </p>
   </div>
   <div class='ocr_carea' id='block_1_61' title="bbox 1870 3001 3467 3074">
    <p class='ocr_par' dir='ltr' id='par_1_61' title="bbox 1870 3001 3467 3074">
     <span class='ocr_line' id='line_1_61' title="bbox 1870 3001 3467 3074; baseline -0.004 -12"><span class='ocrx_word' id='word_1_450' title='bbox 1870 3007 2098 3062; x_wconf 87' lang='lat' dir='ltr'><strong>stodivit</strong></span> <span class='ocrx_word' id='word_1_451' title='bbox 2126 3005 2583 3073; x_wconf 84' lang='lat' dir='ltr'><strong>immaculatum;</strong></span> <span class='ocrx_word' id='word_1_452' title='bbox 2625 3012 2817 3058; x_wconf 88' lang='lat' dir='ltr'><strong>tamen</strong></span> <span class='ocrx_word' id='word_1_453' title='bbox 2845 3019 3148 3074; x_wconf 75' lang='lat' dir='ltr'><strong>agnoscere</strong></span> <span class='ocrx_word' id='word_1_454' title='bbox 3177 3001 3364 3068; x_wconf 89' lang='lat' dir='ltr'><strong>debes,</strong></span> <span class='ocrx_word' id='word_1_455' title='bbox 3401 3017 3467 3056; x_wconf 92' lang='lat' dir='ltr'><strong>eo</strong></span> 
     </span>
    </p>
   </div>
   <div class='ocr_carea' id='block_1_62' title="bbox 208 3085 3466 3170">
    <p class='ocr_par' dir='ltr' id='par_1_62' title="bbox 208 3085 3466 3170">
     <span class='ocr_line' id='line_1_62' title="bbox 208 3085 3466 3170; baseline 0 -27"><span class='ocrx_word' id='word_1_456' title='bbox 208 3091 571 3160; x_wconf 82' lang='lat' dir='ltr'><strong>sanctiﬁcasti;</strong></span> <span class='ocrx_word' id='word_1_457' title='bbox 605 3098 663 3148; x_wconf 86' lang='lat' dir='ltr'><strong>et</strong></span> <span class='ocrx_word' id='word_1_458' title='bbox 689 3110 814 3150; x_wconf 87' lang='lat' dir='ltr'><strong>cum</strong></span> <span class='ocrx_word' id='word_1_459' title='bbox 846 3095 1016 3148; x_wconf 88' lang='lat' dir='ltr'><strong>Jacob</strong></span> <span class='ocrx_word' id='word_1_460' title='bbox 1046 3097 1376 3164; x_wconf 85' lang='lat' dir='ltr'><strong>colluctatus</strong></span> <span class='ocrx_word' id='word_1_461' title='bbox 1398 3115 1474 3164; x_wconf 89' lang='lat' dir='ltr'><strong>es,</strong></span> <span class='ocrx_word' id='word_1_462' title='bbox 1491 3097 1786 3169; x_wconf 86' lang='lat' dir='ltr'><strong>imponens</strong></span> <span class='ocrx_word' id='word_1_463' title='bbox 1807 3104 1850 3164; x_wconf 72' lang='lat' dir='ltr'><strong>ﬂ</strong></span> <span class='ocrx_word' id='word_1_464' title='bbox 1871 3098 2020 3169; x_wconf 89' lang='lat' dir='ltr'><strong>quod</strong></span> <span class='ocrx_word' id='word_1_465' title='bbox 2051 3097 2228 3150; x_wconf 91' lang='lat' dir='ltr'><strong>bonus</strong></span> <span class='ocrx_word' id='word_1_466' title='bbox 2251 3101 2444 3170; x_wconf 87' lang='lat' dir='ltr'><strong>pastor</strong></span> <span class='ocrx_word' id='word_1_467' title='bbox 2471 3111 2692 3168; x_wconf 91' lang='lat' dir='ltr'><strong>semper</strong></span> <span class='ocrx_word' id='word_1_468' title='bbox 2719 3109 2820 3164; x_wconf 91' lang='lat' dir='ltr'><strong>pro</strong></span> <span class='ocrx_word' id='word_1_469' title='bbox 2849 3092 3042 3146; x_wconf 86' lang='lat' dir='ltr'><strong>ovibus</strong></span> <span class='ocrx_word' id='word_1_470' title='bbox 3071 3087 3188 3146; x_wconf 91' lang='lat' dir='ltr'><strong>suis</strong></span> <span class='ocrx_word' id='word_1_471' title='bbox 3215 3085 3466 3146; x_wconf 82' lang='lat' dir='ltr'><strong>animam</strong></span> 
     </span>
    </p>
   </div>
   <div class='ocr_carea' id='block_1_63' title="bbox 207 3179 1786 3258">
    <p class='ocr_par' dir='ltr' id='par_1_63' title="bbox 207 3179 1786 3258">
     <span class='ocr_line' id='line_1_63' title="bbox 207 3179 1786 3258; baseline 0.008 -28"><span class='ocrx_word' id='word_1_472' title='bbox 207 3179 278 3232; x_wconf 87' lang='lat' dir='ltr'><strong>illi</strong></span> <span class='ocrx_word' id='word_1_473' title='bbox 304 3196 503 3235; x_wconf 87' lang='lat' dir='ltr'><strong>nomen</strong></span> <span class='ocrx_word' id='word_1_474' title='bbox 525 3197 733 3236; x_wconf 88' lang='lat' dir='ltr'><strong>novum</strong></span> <span class='ocrx_word' id='word_1_475' title='bbox 749 3180 953 3252; x_wconf 81' lang='lat' dir='ltr'><strong>Israel;</strong></span> <span class='ocrx_word' id='word_1_476' title='bbox 984 3185 1079 3256; x_wconf 85' lang='lat' dir='ltr'><strong>qui</strong></span> <span class='ocrx_word' id='word_1_477' title='bbox 1107 3186 1312 3256; x_wconf 85' lang='lat' dir='ltr'><strong>Joseph</strong></span> <span class='ocrx_word' id='word_1_478' title='bbox 1347 3203 1381 3240; x_wconf 87' lang='lat' dir='ltr'><strong>a</strong></span> <span class='ocrx_word' id='word_1_479' title='bbox 1409 3187 1786 3258; x_wconf 87' lang='lat' dir='ltr'><strong>persuasioni-</strong></span> 
     </span>
    </p>
   </div>
   <div class='ocr_carea' id='block_1_64' title="bbox 207 3263 1790 3348">
    <p class='ocr_par' dir='ltr' id='par_1_64' title="bbox 207 3263 1790 3348">
     <span class='ocr_line' id='line_1_64' title="bbox 207 3263 1790 3348; baseline 0.005 -27"><span class='ocrx_word' id='word_1_480' title='bbox 207 3266 300 3322; x_wconf 89' lang='lat' dir='ltr'><strong>bus</strong></span> <span class='ocrx_word' id='word_1_481' title='bbox 326 3269 600 3348; x_wconf 60' lang='lat' dir='ltr'><strong>zEgyptiaz</strong></span> <span class='ocrx_word' id='word_1_482' title='bbox 633 3277 690 3326; x_wconf 89' lang='lat' dir='ltr'><strong>et</strong></span> <span class='ocrx_word' id='word_1_483' title='bbox 720 3269 1114 3330; x_wconf 85' lang='lat' dir='ltr'><strong>blandimentis</strong></span> <span class='ocrx_word' id='word_1_484' title='bbox 1145 3280 1360 3330; x_wconf 87' lang='lat' dir='ltr'><strong>castum</strong></span> <span class='ocrx_word' id='word_1_485' title='bbox 1389 3263 1702 3342; x_wconf 82' lang='lat' dir='ltr'><strong>custodisti,</strong></span> <span class='ocrx_word' id='word_1_486' title='bbox 1732 3282 1790 3330; x_wconf 89' lang='lat' dir='ltr'><strong>et</strong></span> 
     </span>
    </p>
   </div>
   <div class='ocr_carea' id='block_1_65' title="bbox 209 3356 1787 3433">
    <p class='ocr_par' dir='ltr' id='par_1_65' title="bbox 209 3356 1787 3433">
     <span class='ocr_line' id='line_1_65' title="bbox 209 3356 1787 3433; baseline 0.005 -23"><span class='ocrx_word' id='word_1_487' title='bbox 209 3356 503 3412; x_wconf 80' lang='lat' dir='ltr'><strong>Susannam</strong></span> <span class='ocrx_word' id='word_1_488' title='bbox 525 3360 835 3428; x_wconf 81' lang='lat' dir='ltr'><strong>similitera</strong></span> <span class='ocrx_word' id='word_1_489' title='bbox 855 3362 1165 3433; x_wconf 89' lang='lat' dir='ltr'><strong>pollutione</strong></span> <span class='ocrx_word' id='word_1_490' title='bbox 1187 3363 1576 3419; x_wconf 89' lang='lat' dir='ltr'><strong>insidiatorum</strong></span> <span class='ocrx_word' id='word_1_491' title='bbox 1591 3365 1787 3418; x_wconf 91' lang='lat' dir='ltr'><strong>imma-</strong></span> 
     </span>
    </p>
   </div>
   <div class='ocr_carea' id='block_1_66' title="bbox 210 3446 1784 3524">
    <p class='ocr_par' dir='ltr' id='par_1_66' title="bbox 210 3446 1784 3524">
     <span class='ocr_line' id='line_1_66' title="bbox 210 3446 1784 3524; baseline 0.006 -26"><span class='ocrx_word' id='word_1_492' title='bbox 210 3446 432 3500; x_wconf 85' lang='lat' dir='ltr'><strong>culatam</strong></span> <span class='ocrx_word' id='word_1_493' title='bbox 461 3450 806 3504; x_wconf 88' lang='lat' dir='ltr'><strong>conservasti</strong></span> <span class='ocrx_word' id='word_1_494' title='bbox 833 3468 846 3517; x_wconf 91' lang='lat'><strong>;</strong></span> <span class='ocrx_word' id='word_1_495' title='bbox 879 3451 973 3524; x_wconf 88' lang='lat' dir='ltr'><strong>qui</strong></span> <span class='ocrx_word' id='word_1_496' title='bbox 1016 3457 1338 3506; x_wconf 88' lang='lat' dir='ltr'><strong>sanctorum</strong></span> <span class='ocrx_word' id='word_1_497' title='bbox 1383 3454 1784 3524; x_wconf 81' lang='lat' dir='ltr'><strong>prOphetarum</strong></span> 
     </span>
    </p>
   </div>
   <div class='ocr_carea' id='block_1_67' title="bbox 207 3537 1786 3614">
    <p class='ocr_par' dir='ltr' id='par_1_67' title="bbox 207 3537 1786 3614">
     <span class='ocr_line' id='line_1_67' title="bbox 207 3537 1786 3614; baseline 0.005 -26"><span class='ocrx_word' id='word_1_498' title='bbox 207 3541 410 3590; x_wconf 85' lang='lat' dir='ltr'><strong>tuorum</strong></span> <span class='ocrx_word' id='word_1_499' title='bbox 439 3537 610 3608; x_wconf 81' lang='lat' dir='ltr'><strong>corda</strong></span> <span class='ocrx_word' id='word_1_500' title='bbox 621 3538 1023 3610; x_wconf 80' lang='lat' dir='ltr'><strong>&#39;purificasti,et</strong></span> <span class='ocrx_word' id='word_1_501' title='bbox 1038 3539 1492 3596; x_wconf 89' lang='lat' dir='ltr'><strong>beatissimorum</strong></span> <span class='ocrx_word' id='word_1_502' title='bbox 1510 3545 1786 3614; x_wconf 86' lang='lat' dir='ltr'><strong>apostolo-</strong></span> 
     </span>
    </p>
   </div>
   <div class='ocr_carea' id='block_1_68' title="bbox 210 3627 1777 3700">
    <p class='ocr_par' dir='ltr' id='par_1_68' title="bbox 210 3627 1777 3700">
     <span class='ocr_line' id='line_1_68' title="bbox 210 3627 1777 3700; baseline 0.005 -23"><span class='ocrx_word' id='word_1_503' title='bbox 210 3640 318 3678; x_wconf 87' lang='lat' dir='ltr'><strong>rum</strong></span> <span class='ocrx_word' id='word_1_504' title='bbox 345 3632 562 3680; x_wconf 87' lang='lat' dir='ltr'><strong>mentes</strong></span> <span class='ocrx_word' id='word_1_505' title='bbox 602 3643 706 3698; x_wconf 89' lang='lat' dir='ltr'><strong>per</strong></span> <span class='ocrx_word' id='word_1_506' title='bbox 736 3627 946 3684; x_wconf 90' lang='lat' dir='ltr'><strong>donum</strong></span> <span class='ocrx_word' id='word_1_507' title='bbox 986 3629 1162 3684; x_wconf 87' lang='lat' dir='ltr'><strong>sancti</strong></span> <span class='ocrx_word' id='word_1_508' title='bbox 1194 3629 1435 3700; x_wconf 90' lang='lat' dir='ltr'><strong>Spiritus</strong></span> <span class='ocrx_word' id='word_1_509' title='bbox 1466 3631 1777 3699; x_wconf 89' lang='lat' dir='ltr'><strong>illustrasti,</strong></span> 
     </span>
    </p>
   </div>
   <div class='ocr_carea' id='block_1_69' title="bbox 207 3708 1778 3791">
    <p class='ocr_par' dir='ltr' id='par_1_69' title="bbox 207 3708 1778 3791">
     <span class='ocr_line' id='line_1_69' title="bbox 207 3708 1778 3791; baseline 0.006 -27"><span class='ocrx_word' id='word_1_510' title='bbox 207 3708 375 3768; x_wconf 88' lang='lat' dir='ltr'><strong>dicens</strong></span> <span class='ocrx_word' id='word_1_511' title='bbox 402 3715 472 3768; x_wconf 90' lang='lat' dir='ltr'><strong>ad</strong></span> <span class='ocrx_word' id='word_1_512' title='bbox 503 3733 628 3770; x_wconf 87' lang='lat' dir='ltr'><strong>eos:</strong></span> <span class='ocrx_word' id='word_1_513' title='bbox 647 3716 894 3789; x_wconf 70' lang='lat' dir='ltr'><strong>Accipite</strong></span> <span class='ocrx_word' id='word_1_514' title='bbox 907 3717 1178 3791; x_wconf 87' lang='lat' dir='ltr'><strong>Spiritum</strong></span> <span class='ocrx_word' id='word_1_515' title='bbox 1193 3725 1450 3788; x_wconf 80' lang='lat' dir='ltr'><strong>sanctum</strong></span> <span class='ocrx_word' id='word_1_516' title='bbox 1470 3720 1653 3786; x_wconf 85' lang='lat' dir='ltr'><strong>(Joan.</strong></span> <span class='ocrx_word' id='word_1_517' title='bbox 1670 3721 1778 3789; x_wconf 83' lang='lat' dir='ltr'><strong>xx);</strong></span> 
     </span>
    </p>
   </div>
   <div class='ocr_carea' id='block_1_70' title="bbox 211 3803 1780 3880">
    <p class='ocr_par' dir='ltr' id='par_1_70' title="bbox 211 3803 1780 3880">
     <span class='ocr_line' id='line_1_70' title="bbox 211 3803 1780 3880; baseline 0.004 -23"><span class='ocrx_word' id='word_1_518' title='bbox 211 3803 290 3871; x_wconf 88' lang='lat' dir='ltr'><strong>qui</strong></span> <span class='ocrx_word' id='word_1_519' title='bbox 313 3805 548 3870; x_wconf 80' lang='lat' dir='ltr'><strong>athletas</strong></span> <span class='ocrx_word' id='word_1_520' title='bbox 579 3811 706 3859; x_wconf 91' lang='lat' dir='ltr'><strong>tuos</strong></span> <span class='ocrx_word' id='word_1_521' title='bbox 733 3822 836 3876; x_wconf 89' lang='lat' dir='ltr'><strong>per</strong></span> <span class='ocrx_word' id='word_1_522' title='bbox 852 3807 1092 3875; x_wconf 83' lang='lat' dir='ltr'><strong>gratiam</strong></span> <span class='ocrx_word' id='word_1_523' title='bbox 1105 3812 1261 3864; x_wconf 89' lang='lat' dir='ltr'><strong>tuam</strong></span> <span class='ocrx_word' id='word_1_524' title='bbox 1283 3808 1582 3873; x_wconf 88' lang='lat' dir='ltr'><strong>coronasti,</strong></span> <span class='ocrx_word' id='word_1_525' title='bbox 1604 3815 1660 3862; x_wconf 92' lang='lat' dir='ltr'><strong>et</strong></span> <span class='ocrx_word' id='word_1_526' title='bbox 1680 3825 1780 3880; x_wconf 91' lang='lat' dir='ltr'><strong>pro</strong></span> 
     </span>
    </p>
   </div>
   <div class='ocr_carea' id='block_1_71' title="bbox 210 3893 1781 3967">
    <p class='ocr_par' dir='ltr' id='par_1_71' title="bbox 210 3893 1781 3967">
     <span class='ocr_line' id='line_1_71' title="bbox 210 3893 1781 3967; baseline 0.006 -25"><span class='ocrx_word' id='word_1_527' title='bbox 210 3893 414 3946; x_wconf 88' lang='lat' dir='ltr'><strong>nomine</strong></span> <span class='ocrx_word' id='word_1_528' title='bbox 439 3900 537 3948; x_wconf 89' lang='lat' dir='ltr'><strong>tuo</strong></span> <span class='ocrx_word' id='word_1_529' title='bbox 567 3893 964 3950; x_wconf 89' lang='lat' dir='ltr'><strong>dimicantibus</strong></span> <span class='ocrx_word' id='word_1_530' title='bbox 1000 3912 1224 3967; x_wconf 86' lang='lat' dir='ltr'><strong>semper</strong></span> <span class='ocrx_word' id='word_1_531' title='bbox 1263 3895 1547 3951; x_wconf 88' lang='lat' dir='ltr'><strong>victoriam</strong></span> <span class='ocrx_word' id='word_1_532' title='bbox 1573 3897 1781 3952; x_wconf 89' lang='lat' dir='ltr'><strong>condo-</strong></span> 
     </span>
    </p>
   </div>
   <div class='ocr_carea' id='block_1_72' title="bbox 211 3981 1779 4055">
    <p class='ocr_par' dir='ltr' id='par_1_72' title="bbox 211 3981 1779 4055">
     <span class='ocr_line' id='line_1_72' title="bbox 211 3981 1779 4055; baseline 0.008 -25"><span class='ocrx_word' id='word_1_533' title='bbox 211 3981 360 4047; x_wconf 81' lang='lat' dir='ltr'><strong>uasti;</strong></span> <span class='ocrx_word' id='word_1_534' title='bbox 385 3982 482 4053; x_wconf 87' lang='lat' dir='ltr'><strong>qui</strong></span> <span class='ocrx_word' id='word_1_535' title='bbox 506 3999 608 4038; x_wconf 91' lang='lat' dir='ltr'><strong>nos</strong></span> <span class='ocrx_word' id='word_1_536' title='bbox 631 3982 1038 4052; x_wconf 81' lang='lat' dir='ltr'><strong>humillimoset</strong></span> <span class='ocrx_word' id='word_1_537' title='bbox 1054 3991 1371 4055; x_wconf 85' lang='lat' dir='ltr'><strong>peccatores</strong></span> <span class='ocrx_word' id='word_1_538' title='bbox 1396 3986 1635 4052; x_wconf 80' lang='lat' dir='ltr'><strong>famulos</strong></span> <span class='ocrx_word' id='word_1_539' title='bbox 1652 3991 1779 4042; x_wconf 91' lang='lat' dir='ltr'><strong>tuos</strong></span> 
     </span>
    </p>
   </div>
   <div class='ocr_carea' id='block_1_73' title="bbox 209 4067 1773 4142">
    <p class='ocr_par' dir='ltr' id='par_1_73' title="bbox 209 4067 1773 4142">
     <span class='ocr_line' id='line_1_73' title="bbox 209 4067 1773 4142; baseline 0.005 -22"><span class='ocrx_word' id='word_1_540' title='bbox 209 4067 270 4119; x_wconf 81' lang='lat' dir='ltr'><strong>ad</strong></span> <span class='ocrx_word' id='word_1_541' title='bbox 293 4069 424 4123; x_wconf 87' lang='lat' dir='ltr'><strong>hanc</strong></span> <span class='ocrx_word' id='word_1_542' title='bbox 451 4071 697 4141; x_wconf 88' lang='lat' dir='ltr'><strong>patriam</strong></span> <span class='ocrx_word' id='word_1_543' title='bbox 735 4071 1061 4142; x_wconf 79' lang='lat' dir='ltr'><strong>perduxisti,</strong></span> <span class='ocrx_word' id='word_1_544' title='bbox 1105 4078 1169 4128; x_wconf 90' lang='lat' dir='ltr'><strong>ut</strong></span> <span class='ocrx_word' id='word_1_545' title='bbox 1185 4074 1586 4130; x_wconf 88' lang='lat' dir='ltr'><strong>annuntiemus</strong></span> <span class='ocrx_word' id='word_1_546' title='bbox 1610 4075 1667 4130; x_wconf 92' lang='lat' dir='ltr'><strong>in</strong></span> <span class='ocrx_word' id='word_1_547' title='bbox 1689 4092 1773 4141; x_wconf 86' lang='lat' dir='ltr'><strong>ea,</strong></span> 
     </span>
    </p>
   </div>
   <div class='ocr_carea' id='block_1_74' title="bbox 209 4159 1777 4236">
    <p class='ocr_par' dir='ltr' id='par_1_74' title="bbox 209 4159 1777 4236">
     <span class='ocr_line' id='line_1_74' title="bbox 209 4159 1777 4236; baseline 0.006 -27"><span class='ocrx_word' id='word_1_548' title='bbox 209 4171 264 4209; x_wconf 86' lang='lat' dir='ltr'><strong>ac</strong></span> <span class='ocrx_word' id='word_1_549' title='bbox 278 4159 631 4228; x_wconf 65' lang='lat' dir='ltr'><strong>praxiicemus</strong></span> <span class='ocrx_word' id='word_1_550' title='bbox 652 4161 1373 4230; x_wconf 85' lang='lat' dir='ltr'><strong>Evangeliituidoctrinam,</strong></span> <span class='ocrx_word' id='word_1_551' title='bbox 1407 4163 1494 4220; x_wconf 86' lang='lat' dir='ltr'><strong>bis</strong></span> <span class='ocrx_word' id='word_1_552' title='bbox 1517 4163 1612 4236; x_wconf 89' lang='lat' dir='ltr'><strong>qui</strong></span> <span class='ocrx_word' id='word_1_553' title='bbox 1635 4164 1692 4218; x_wconf 94' lang='lat' dir='ltr'><strong>in</strong></span> <span class='ocrx_word' id='word_1_554' title='bbox 1711 4181 1777 4219; x_wconf 89' lang='lat' dir='ltr'><strong>ea</strong></span> 
     </span>
    </p>
   </div>
   <div class='ocr_carea' id='block_1_75' title="bbox 209 4243 1777 4320">
    <p class='ocr_par' dir='ltr' id='par_1_75' title="bbox 209 4243 1777 4320">
     <span class='ocr_line' id='line_1_75' title="bbox 209 4243 1777 4320; baseline 0.005 -23"><span class='ocrx_word' id='word_1_555' title='bbox 209 4243 464 4316; x_wconf 85' lang='lat' dir='ltr'><strong>habitant;</strong></span> <span class='ocrx_word' id='word_1_556' title='bbox 489 4248 586 4319; x_wconf 89' lang='lat' dir='ltr'><strong>qui</strong></span> <span class='ocrx_word' id='word_1_557' title='bbox 607 4255 798 4320; x_wconf 84' lang='lat' dir='ltr'><strong>noster</strong></span> <span class='ocrx_word' id='word_1_558' title='bbox 821 4248 1166 4318; x_wconf 87' lang='lat' dir='ltr'><strong>gubernator</strong></span> <span class='ocrx_word' id='word_1_559' title='bbox 1188 4267 1253 4303; x_wconf 86' lang='lat' dir='ltr'><strong>ac</strong></span> <span class='ocrx_word' id='word_1_560' title='bbox 1273 4251 1560 4320; x_wconf 86' lang='lat' dir='ltr'><strong>magister,</strong></span> <span class='ocrx_word' id='word_1_561' title='bbox 1593 4268 1656 4306; x_wconf 89' lang='lat' dir='ltr'><strong>ac</strong></span> <span class='ocrx_word' id='word_1_562' title='bbox 1682 4251 1777 4305; x_wconf 91' lang='lat' dir='ltr'><strong>bo-</strong></span> 
     </span>
    </p>
   </div>
   <div class='ocr_carea' id='block_1_76' title="bbox 209 4337 1775 4412">
    <p class='ocr_par' dir='ltr' id='par_1_76' title="bbox 209 4337 1775 4412">
     <span class='ocr_line' id='line_1_76' title="bbox 209 4337 1775 4412; baseline 0.004 -25"><span class='ocrx_word' id='word_1_563' title='bbox 209 4349 296 4388; x_wconf 87' lang='lat' dir='ltr'><strong>nus</strong></span> <span class='ocrx_word' id='word_1_564' title='bbox 305 4337 550 4410; x_wconf 88' lang='lat' dir='ltr'><strong>provisor</strong></span> <span class='ocrx_word' id='word_1_565' title='bbox 567 4337 623 4392; x_wconf 92' lang='lat' dir='ltr'><strong>in</strong></span> <span class='ocrx_word' id='word_1_566' title='bbox 645 4337 906 4391; x_wconf 90' lang='lat' dir='ltr'><strong>omnibus</strong></span> <span class='ocrx_word' id='word_1_567' title='bbox 927 4338 1214 4407; x_wconf 81' lang='lat' dir='ltr'><strong>exstitisti;</strong></span> <span class='ocrx_word' id='word_1_568' title='bbox 1245 4339 1530 4412; x_wconf 87' lang='lat' dir='ltr'><strong>quiusque</strong></span> <span class='ocrx_word' id='word_1_569' title='bbox 1550 4341 1618 4394; x_wconf 88' lang='lat' dir='ltr'><strong>ad</strong></span> <span class='ocrx_word' id='word_1_570' title='bbox 1633 4341 1775 4396; x_wconf 85' lang='lat' dir='ltr'><strong>hanc</strong></span> 
     </span>
    </p>
   </div>
   <div class='ocr_carea' id='block_1_77' title="bbox 1867 3177 3458 3258">
    <p class='ocr_par' dir='ltr' id='par_1_77' title="bbox 1867 3177 3458 3258">
     <span class='ocr_line' id='line_1_77' title="bbox 1867 3177 3458 3258; baseline -0.006 -17"><span class='ocrx_word' id='word_1_571' title='bbox 1867 3187 2028 3257; x_wconf 90' lang='lat' dir='ltr'><strong>ponit</strong></span> <span class='ocrx_word' id='word_1_572' title='bbox 2049 3189 2222 3252; x_wconf 85' lang='lat' dir='ltr'><strong>(Joan.</strong></span> <span class='ocrx_word' id='word_1_573' title='bbox 2254 3203 2328 3252; x_wconf 66' lang='grc' dir='ltr'><strong>Χ).</strong></span> <span class='ocrx_word' id='word_1_574' title='bbox 2363 3186 2507 3255; x_wconf 92' lang='lat' dir='ltr'><strong>Ergo</strong></span> <span class='ocrx_word' id='word_1_575' title='bbox 2537 3183 2683 3258; x_wconf 88' lang='lat' dir='ltr'><strong>quod</strong></span> <span class='ocrx_word' id='word_1_576' title='bbox 2713 3183 2874 3250; x_wconf 89' lang='lat' dir='ltr'><strong>facio,</strong></span> <span class='ocrx_word' id='word_1_577' title='bbox 2898 3198 2998 3257; x_wconf 91' lang='lat' dir='ltr'><strong>pro</strong></span> <span class='ocrx_word' id='word_1_578' title='bbox 3020 3198 3108 3234; x_wconf 92' lang='lat' dir='ltr'><strong>me</strong></span> <span class='ocrx_word' id='word_1_579' title='bbox 3138 3185 3196 3234; x_wconf 93' lang='lat' dir='ltr'><strong>et</strong></span> <span class='ocrx_word' id='word_1_580' title='bbox 3222 3183 3278 3234; x_wconf 91' lang='lat' dir='ltr'><strong>te</strong></span> <span class='ocrx_word' id='word_1_581' title='bbox 3297 3177 3458 3245; x_wconf 87' lang='lat' dir='ltr'><strong>facio,</strong></span> 
     </span>
    </p>
   </div>
   <div class='ocr_carea' id='block_1_78' title="bbox 1869 3261 3452 3346">
    <p class='ocr_par' dir='ltr' id='par_1_78' title="bbox 1869 3261 3452 3346">
     <span class='ocr_line' id='line_1_78' title="bbox 1869 3261 3452 3346; baseline -0.004 -18"><span class='ocrx_word' id='word_1_582' title='bbox 1869 3276 1970 3329; x_wconf 87' lang='lat' dir='ltr'><strong>ﬁli.</strong></span> <span class='ocrx_word' id='word_1_583' title='bbox 2003 3274 2130 3330; x_wconf 84' lang='lat' dir='ltr'><strong>Noli</strong></span> <span class='ocrx_word' id='word_1_584' title='bbox 2158 3275 2332 3346; x_wconf 86' lang='lat' dir='ltr'><strong>igitur</strong></span> <span class='ocrx_word' id='word_1_585' title='bbox 2365 3273 2566 3344; x_wconf 84' lang='lat' dir='ltr'><strong>amodo</strong></span> <span class='ocrx_word' id='word_1_586' title='bbox 2595 3271 2663 3332; x_wconf 88' lang='lat' dir='ltr'><strong>de</strong></span> <span class='ocrx_word' id='word_1_587' title='bbox 2711 3287 2838 3325; x_wconf 91' lang='lat' dir='ltr'><strong>mea</strong></span> <span class='ocrx_word' id='word_1_588' title='bbox 2879 3269 3143 3324; x_wconf 85' lang='lat' dir='ltr'><strong>societate</strong></span> <span class='ocrx_word' id='word_1_589' title='bbox 3175 3261 3452 3322; x_wconf 88' lang='lat' dir='ltr'><strong>dubitare.</strong></span> 
     </span>
    </p>
   </div>
   <div class='ocr_carea' id='block_1_79' title="bbox 1869 3349 3458 3434">
    <p class='ocr_par' dir='ltr' id='par_1_79' title="bbox 1869 3349 3458 3434">
     <span class='ocr_line' id='line_1_79' title="bbox 1869 3349 3458 3434; baseline -0.006 -16"><span class='ocrx_word' id='word_1_590' title='bbox 1869 3365 2048 3418; x_wconf 88' lang='lat' dir='ltr'><strong>Credo</strong></span> <span class='ocrx_word' id='word_1_591' title='bbox 2071 3364 2222 3417; x_wconf 92' lang='lat' dir='ltr'><strong>enim</strong></span> <span class='ocrx_word' id='word_1_592' title='bbox 2253 3363 2398 3434; x_wconf 86' lang='lat' dir='ltr'><strong>quod</strong></span> <span class='ocrx_word' id='word_1_593' title='bbox 2424 3361 2542 3434; x_wconf 86' lang='lat' dir='ltr'><strong>jam</strong></span> <span class='ocrx_word' id='word_1_594' title='bbox 2558 3367 2786 3416; x_wconf 88' lang='lat' dir='ltr'><strong>sanctus</strong></span> <span class='ocrx_word' id='word_1_595' title='bbox 2811 3358 3046 3418; x_wconf 84' lang='lat' dir='ltr'><strong>Michael</strong></span> <span class='ocrx_word' id='word_1_596' title='bbox 3075 3374 3203 3412; x_wconf 90' lang='lat' dir='ltr'><strong>cum</strong></span> <span class='ocrx_word' id='word_1_597' title='bbox 3225 3349 3458 3425; x_wconf 86' lang='lat' dir='ltr'><strong>angelis,</strong></span> 
     </span>
    </p>
   </div>
   <div class='ocr_carea' id='block_1_80' title="bbox 1869 3445 3457 3526">
    <p class='ocr_par' dir='ltr' id='par_1_80' title="bbox 1869 3445 3457 3526">
     <span class='ocr_line' id='line_1_80' title="bbox 1869 3445 3457 3526; baseline -0.006 -19"><span class='ocrx_word' id='word_1_598' title='bbox 1869 3460 1925 3508; x_wconf 92' lang='lat' dir='ltr'><strong>et</strong></span> <span class='ocrx_word' id='word_1_599' title='bbox 1937 3452 2072 3507; x_wconf 83' lang='lat' dir='ltr'><strong>Abel</strong></span> <span class='ocrx_word' id='word_1_600' title='bbox 2096 3470 2222 3506; x_wconf 80' lang='lat' dir='ltr'><strong>cum</strong></span> <span class='ocrx_word' id='word_1_601' title='bbox 2240 3449 2546 3526; x_wconf 90' lang='lat' dir='ltr'><strong>prophetis,</strong></span> <span class='ocrx_word' id='word_1_602' title='bbox 2575 3449 2774 3504; x_wconf 88' lang='lat' dir='ltr'><strong>Petrus</strong></span> <span class='ocrx_word' id='word_1_603' title='bbox 2795 3465 3016 3520; x_wconf 87' lang='lat' dir='ltr'><strong>quoque</strong></span> <span class='ocrx_word' id='word_1_604' title='bbox 3026 3463 3152 3501; x_wconf 90' lang='lat' dir='ltr'><strong>cum</strong></span> <span class='ocrx_word' id='word_1_605' title='bbox 3171 3445 3457 3517; x_wconf 90' lang='lat' dir='ltr'><strong>apostolis,</strong></span> 
     </span>
    </p>
   </div>
   <div class='ocr_carea' id='block_1_81' title="bbox 1869 3533 3460 3613">
    <p class='ocr_par' dir='ltr' id='par_1_81' title="bbox 1869 3533 3460 3613">
     <span class='ocr_line' id='line_1_81' title="bbox 1869 3533 3460 3613; baseline -0.005 -17"><span class='ocrx_word' id='word_1_606' title='bbox 1869 3543 2184 3613; x_wconf 90' lang='lat' dir='ltr'><strong>Stephanus</strong></span> <span class='ocrx_word' id='word_1_607' title='bbox 2213 3558 2338 3595; x_wconf 93' lang='lat' dir='ltr'><strong>cum</strong></span> <span class='ocrx_word' id='word_1_608' title='bbox 2369 3538 2732 3611; x_wconf 79' lang='lat' dir='ltr'><strong>martyribus,</strong></span> <span class='ocrx_word' id='word_1_609' title='bbox 2765 3535 2962 3608; x_wconf 89' lang='lat' dir='ltr'><strong>Daniel</strong></span> <span class='ocrx_word' id='word_1_610' title='bbox 2985 3553 3110 3590; x_wconf 91' lang='lat' dir='ltr'><strong>cum</strong></span> <span class='ocrx_word' id='word_1_611' title='bbox 3134 3533 3460 3588; x_wconf 84' lang='lat' dir='ltr'><strong>confessori-</strong></span> 
     </span>
    </p>
   </div>
   <div class='ocr_carea' id='block_1_82' title="bbox 1867 3621 3456 3698">
    <p class='ocr_par' dir='ltr' id='par_1_82' title="bbox 1867 3621 3456 3698">
     <span class='ocr_line' id='line_1_82' title="bbox 1867 3621 3456 3698; baseline -0.004 -14"><span class='ocrx_word' id='word_1_612' title='bbox 1867 3631 1986 3698; x_wconf 90' lang='lat' dir='ltr'><strong>bus,</strong></span> <span class='ocrx_word' id='word_1_613' title='bbox 2023 3632 2078 3684; x_wconf 92' lang='lat' dir='ltr'><strong>in</strong></span> <span class='ocrx_word' id='word_1_614' title='bbox 2111 3647 2400 3685; x_wconf 90' lang='lat' dir='ltr'><strong>occursum</strong></span> <span class='ocrx_word' id='word_1_615' title='bbox 2431 3627 2534 3684; x_wconf 90' lang='lat' dir='ltr'><strong>tibi</strong></span> <span class='ocrx_word' id='word_1_616' title='bbox 2565 3627 2837 3692; x_wconf 83' lang='lat' dir='ltr'><strong>venerint,</strong></span> <span class='ocrx_word' id='word_1_617' title='bbox 2867 3623 2962 3691; x_wconf 86' lang='lat' dir='ltr'><strong>ﬁli,</strong></span> <span class='ocrx_word' id='word_1_618' title='bbox 2985 3621 3081 3698; x_wconf 87' lang='lat' dir='ltr'><strong>qui</strong></span> <span class='ocrx_word' id='word_1_619' title='bbox 3118 3629 3174 3678; x_wconf 91' lang='lat' dir='ltr'><strong>te</strong></span> <span class='ocrx_word' id='word_1_620' title='bbox 3221 3639 3370 3677; x_wconf 93' lang='lat' dir='ltr'><strong>nunc</strong></span> <span class='ocrx_word' id='word_1_621' title='bbox 3398 3623 3456 3678; x_wconf 91' lang='lat' dir='ltr'><strong>in</strong></span> 
     </span>
    </p>
   </div>
   <div class='ocr_carea' id='block_1_83' title="bbox 1863 3707 3456 3792">
    <p class='ocr_par' dir='ltr' id='par_1_83' title="bbox 1863 3707 3456 3792">
     <span class='ocr_line' id='line_1_83' title="bbox 1863 3707 3456 3792; baseline -0.005 -18"><span class='ocrx_word' id='word_1_622' title='bbox 1863 3720 1978 3774; x_wconf 88' lang='lat' dir='ltr'><strong>suis</strong></span> <span class='ocrx_word' id='word_1_623' title='bbox 2007 3719 2236 3790; x_wconf 88' lang='lat' dir='ltr'><strong>gremiis</strong></span> <span class='ocrx_word' id='word_1_624' title='bbox 2256 3714 2581 3792; x_wconf 89' lang='lat' dir='ltr'><strong>suscipiant,</strong></span> <span class='ocrx_word' id='word_1_625' title='bbox 2599 3723 2655 3770; x_wconf 90' lang='lat' dir='ltr'><strong>et</strong></span> <span class='ocrx_word' id='word_1_626' title='bbox 2675 3732 2852 3788; x_wconf 90' lang='lat' dir='ltr'><strong>usque</strong></span> <span class='ocrx_word' id='word_1_627' title='bbox 2867 3715 2937 3768; x_wconf 88' lang='lat' dir='ltr'><strong>ad</strong></span> <span class='ocrx_word' id='word_1_628' title='bbox 2961 3715 3224 3792; x_wconf 82' lang='lat' dir='ltr'><strong>thronum</strong></span> <span class='ocrx_word' id='word_1_629' title='bbox 3247 3707 3456 3766; x_wconf 88' lang='lat' dir='ltr'><strong>Christi</strong></span> 
     </span>
    </p>
   </div>
   <div class='ocr_carea' id='block_1_84' title="bbox 1864 3789 3454 3878">
    <p class='ocr_par' dir='ltr' id='par_1_84' title="bbox 1864 3789 3454 3878">
     <span class='ocr_line' id='line_1_84' title="bbox 1864 3789 3454 3878; baseline -0.007 -14"><span class='ocrx_word' id='word_1_630' title='bbox 1864 3809 2168 3864; x_wconf 88' lang='lat' dir='ltr'><strong>Salvatoris</strong></span> <span class='ocrx_word' id='word_1_631' title='bbox 2197 3803 2374 3864; x_wconf 87' lang='lat' dir='ltr'><strong>nostri</strong></span> <span class='ocrx_word' id='word_1_632' title='bbox 2391 3789 2516 3862; x_wconf 80' lang='lat' dir='ltr'><strong>cum</strong></span> <span class='ocrx_word' id='word_1_633' title='bbox 2550 3805 2774 3878; x_wconf 88' lang='lat' dir='ltr'><strong>hymnis</strong></span> <span class='ocrx_word' id='word_1_634' title='bbox 2805 3809 2862 3858; x_wconf 91' lang='lat' dir='ltr'><strong>et</strong></span> <span class='ocrx_word' id='word_1_635' title='bbox 2887 3801 3116 3857; x_wconf 89' lang='lat' dir='ltr'><strong>canticis</strong></span> <span class='ocrx_word' id='word_1_636' title='bbox 3145 3789 3454 3874; x_wconf 82' lang='lat' dir='ltr'><strong>spirituali-</strong></span> 
     </span>
    </p>
   </div>
   <div class='ocr_carea' id='block_1_85' title="bbox 1864 3883 3456 3970">
    <p class='ocr_par' dir='ltr' id='par_1_85' title="bbox 1864 3883 3456 3970">
     <span class='ocr_line' id='line_1_85' title="bbox 1864 3883 3456 3970; baseline -0.006 -19"><span class='ocrx_word' id='word_1_637' title='bbox 1864 3897 1968 3952; x_wconf 91' lang='lat' dir='ltr'><strong>bus</strong></span> <span class='ocrx_word' id='word_1_638' title='bbox 1996 3898 2322 3970; x_wconf 88' lang='lat' dir='ltr'><strong>perducant.</strong></span> <span class='ocrx_word' id='word_1_639' title='bbox 2341 3897 2469 3958; x_wconf 61' lang='lat' dir='ltr'><strong>Haec</strong></span> <span class='ocrx_word' id='word_1_640' title='bbox 2489 3901 2545 3948; x_wconf 90' lang='lat' dir='ltr'><strong>et</strong></span> <span class='ocrx_word' id='word_1_641' title='bbox 2558 3896 2760 3948; x_wconf 89' lang='lat' dir='ltr'><strong>horum</strong></span> <span class='ocrx_word' id='word_1_642' title='bbox 2789 3893 3063 3966; x_wconf 88' lang='lat' dir='ltr'><strong>ampliora</strong></span> <span class='ocrx_word' id='word_1_643' title='bbox 3078 3889 3314 3944; x_wconf 88' lang='lat' dir='ltr'><strong>audiens</strong></span> <span class='ocrx_word' id='word_1_644' title='bbox 3328 3883 3456 3943; x_wconf 90' lang='lat' dir='ltr'><strong>bea-</strong></span> 
     </span>
    </p>
   </div>
   <div class='ocr_carea' id='block_1_86' title="bbox 1859 3978 3455 4060">
    <p class='ocr_par' dir='ltr' id='par_1_86' title="bbox 1859 3978 3455 4060">
     <span class='ocr_line' id='line_1_86' title="bbox 1859 3978 3455 4060; baseline -0.005 -20"><span class='ocrx_word' id='word_1_645' title='bbox 1859 3987 2113 4041; x_wconf 85' lang='lat' dir='ltr'><strong>tissimus</strong></span> <span class='ocrx_word' id='word_1_646' title='bbox 2159 3985 2376 4052; x_wconf 83' lang='lat' dir='ltr'><strong>Astion,</strong></span> <span class='ocrx_word' id='word_1_647' title='bbox 2424 3985 2731 4060; x_wconf 89' lang='lat' dir='ltr'><strong>respondit,</strong></span> <span class='ocrx_word' id='word_1_648' title='bbox 2772 3979 2962 4037; x_wconf 90' lang='lat' dir='ltr'><strong>dicens</strong></span> <span class='ocrx_word' id='word_1_649' title='bbox 2993 3999 3004 4034; x_wconf 91' lang='lat'><strong>:</strong></span> <span class='ocrx_word' id='word_1_650' title='bbox 3039 3978 3166 4035; x_wconf 88' lang='lat' dir='ltr'><strong>Fiat</strong></span> <span class='ocrx_word' id='word_1_651' title='bbox 3196 3979 3455 4052; x_wconf 83' lang='lat' dir='ltr'><strong>voluntas</strong></span> 
     </span>
    </p>
   </div>
   <div class='ocr_carea' id='block_1_87' title="bbox 1859 4064 3455 4146">
    <p class='ocr_par' dir='ltr' id='par_1_87' title="bbox 1859 4064 3455 4146">
     <span class='ocr_line' id='line_1_87' title="bbox 1859 4064 3455 4146; baseline -0.006 -16"><span class='ocrx_word' id='word_1_652' title='bbox 1859 4076 1958 4130; x_wconf 89' lang='lat' dir='ltr'><strong>Dei</strong></span> <span class='ocrx_word' id='word_1_653' title='bbox 1991 4082 2047 4130; x_wconf 92' lang='lat' dir='ltr'><strong>et</strong></span> <span class='ocrx_word' id='word_1_654' title='bbox 2075 4083 2192 4141; x_wconf 90' lang='lat' dir='ltr'><strong>tua,</strong></span> <span class='ocrx_word' id='word_1_655' title='bbox 2223 4092 2255 4128; x_wconf 95' lang='lat' dir='ltr'><strong>o</strong></span> <span class='ocrx_word' id='word_1_656' title='bbox 2294 4077 2553 4129; x_wconf 90' lang='lat' dir='ltr'><strong>sacerdos</strong></span> <span class='ocrx_word' id='word_1_657' title='bbox 2589 4073 2711 4140; x_wconf 92' lang='lat' dir='ltr'><strong>Dei,</strong></span> <span class='ocrx_word' id='word_1_658' title='bbox 2745 4090 2809 4128; x_wconf 88' lang='lat' dir='ltr'><strong>ac</strong></span> <span class='ocrx_word' id='word_1_659' title='bbox 2831 4064 3147 4126; x_wconf 85' lang='lat' dir='ltr'><strong>venerande</strong></span> <span class='ocrx_word' id='word_1_660' title='bbox 3174 4071 3350 4146; x_wconf 88' lang='lat' dir='ltr'><strong>pater.</strong></span> <span class='ocrx_word' id='word_1_661' title='bbox 3385 4068 3455 4140; x_wconf 77' lang='lat' dir='ltr'><strong>Et</strong></span> 
     </span>
    </p>
   </div>
   <div class='ocr_carea' id='block_1_88' title="bbox 1857 4158 3448 4236">
    <p class='ocr_par' dir='ltr' id='par_1_88' title="bbox 1857 4158 3448 4236">
     <span class='ocr_line' id='line_1_88' title="bbox 1857 4158 3448 4236; baseline -0.005 -18"><span class='ocrx_word' id='word_1_662' title='bbox 1857 4165 2064 4220; x_wconf 86' lang='lat' dir='ltr'><strong>faciens</strong></span> <span class='ocrx_word' id='word_1_663' title='bbox 2079 4165 2426 4236; x_wconf 89' lang='lat' dir='ltr'><strong>signaculum</strong></span> <span class='ocrx_word' id='word_1_664' title='bbox 2449 4163 2626 4217; x_wconf 92' lang='lat' dir='ltr'><strong>crucis</strong></span> <span class='ocrx_word' id='word_1_665' title='bbox 2656 4163 2714 4216; x_wconf 91' lang='lat' dir='ltr'><strong>in</strong></span> <span class='ocrx_word' id='word_1_666' title='bbox 2741 4161 2924 4229; x_wconf 79' lang='lat' dir='ltr'><strong>fronte</strong></span> <span class='ocrx_word' id='word_1_667' title='bbox 2955 4177 3074 4224; x_wconf 87' lang='lat' dir='ltr'><strong>sua,</strong></span> <span class='ocrx_word' id='word_1_668' title='bbox 3102 4158 3294 4212; x_wconf 90' lang='lat' dir='ltr'><strong>taliter</strong></span> <span class='ocrx_word' id='word_1_669' title='bbox 3319 4173 3448 4211; x_wconf 90' lang='lat' dir='ltr'><strong>ora-</strong></span> 
     </span>
    </p>
   </div>
   <div class='ocr_carea' id='block_1_89' title="bbox 1856 4247 3452 4325">
    <p class='ocr_par' dir='ltr' id='par_1_89' title="bbox 1856 4247 3452 4325">
     <span class='ocr_line' id='line_1_89' title="bbox 1856 4247 3452 4325; baseline -0.004 -20"><span class='ocrx_word' id='word_1_670' title='bbox 1856 4254 1937 4308; x_wconf 88' lang='lat' dir='ltr'><strong>vit</strong></span> <span class='ocrx_word' id='word_1_671' title='bbox 1963 4250 2033 4309; x_wconf 86' lang='lat' dir='ltr'><strong>ad</strong></span> <span class='ocrx_word' id='word_1_672' title='bbox 2061 4253 2382 4324; x_wconf 86' lang='lat' dir='ltr'><strong>Dominum,</strong></span> <span class='ocrx_word' id='word_1_673' title='bbox 2409 4253 2598 4306; x_wconf 89' lang='lat' dir='ltr'><strong>dicens</strong></span> <span class='ocrx_word' id='word_1_674' title='bbox 2623 4269 2634 4303; x_wconf 88' lang='lat'>:</span> <span class='ocrx_word' id='word_1_675' title='bbox 2687 4247 2962 4316; x_wconf 84' lang='lat' dir='ltr'><strong>Quoniam</strong></span> <span class='ocrx_word' id='word_1_676' title='bbox 2985 4255 3048 4302; x_wconf 90' lang='lat' dir='ltr'><strong>tu</strong></span> <span class='ocrx_word' id='word_1_677' title='bbox 3079 4265 3138 4300; x_wconf 91' lang='lat' dir='ltr'><strong>es</strong></span> <span class='ocrx_word' id='word_1_678' title='bbox 3167 4249 3452 4325; x_wconf 90' lang='lat' dir='ltr'><strong>protector</strong></span> 
     </span>
    </p>
   </div>
   <div class='ocr_carea' id='block_1_90' title="bbox 1858 4333 3447 4408">
    <p class='ocr_par' dir='ltr' id='par_1_90' title="bbox 1858 4333 3447 4408">
     <span class='ocr_line' id='line_1_90' title="bbox 1858 4333 3447 4408; baseline -0.004 -14"><span class='ocrx_word' id='word_1_679' title='bbox 1858 4358 2036 4406; x_wconf 92' lang='lat' dir='ltr'><strong>meus,</strong></span> <span class='ocrx_word' id='word_1_680' title='bbox 2071 4341 2322 4400; x_wconf 89' lang='lat' dir='ltr'><strong>Domine.</strong></span> <span class='ocrx_word' id='word_1_681' title='bbox 2356 4340 2413 4393; x_wconf 90' lang='lat' dir='ltr'><strong>in</strong></span> <span class='ocrx_word' id='word_1_682' title='bbox 2440 4355 2639 4392; x_wconf 89' lang='lat' dir='ltr'><strong>manus</strong></span> <span class='ocrx_word' id='word_1_683' title='bbox 2667 4344 2794 4391; x_wconf 89' lang='lat' dir='ltr'><strong>tuas</strong></span> <span class='ocrx_word' id='word_1_684' title='bbox 2827 4335 3157 4389; x_wconf 90' lang='lat' dir='ltr'><strong>commendo</strong></span> <span class='ocrx_word' id='word_1_685' title='bbox 3187 4333 3447 4408; x_wconf 90' lang='lat' dir='ltr'><strong>spiritum</strong></span> 
     </span>
    </p>
   </div>
   <div class='ocr_carea' id='block_1_91' title="bbox 206 4419 3446 4500">
    <p class='ocr_par' dir='ltr' id='par_1_91' title="bbox 206 4419 3446 4500">
     <span class='ocr_line' id='line_1_91' title="bbox 206 4419 3446 4500; baseline 0.001 -25"><span class='ocrx_word' id='word_1_686' title='bbox 206 4421 373 4479; x_wconf 87' lang='lat' dir='ltr'><strong>horam</strong></span> <span class='ocrx_word' id='word_1_687' title='bbox 403 4426 712 4480; x_wconf 86' lang='lat' dir='ltr'><strong>secundum</strong></span> <span class='ocrx_word' id='word_1_688' title='bbox 739 4431 894 4484; x_wconf 86' lang='lat' dir='ltr'><strong>tuam</strong></span> <span class='ocrx_word' id='word_1_689' title='bbox 924 4427 1267 4482; x_wconf 87' lang='lat' dir='ltr'><strong>voluntatem</strong></span> <span class='ocrx_word' id='word_1_690' title='bbox 1300 4445 1401 4482; x_wconf 90' lang='lat' dir='ltr'><strong>nos</strong></span> <span class='ocrx_word' id='word_1_691' title='bbox 1429 4445 1652 4500; x_wconf 82' lang='lat' dir='ltr'><strong>semper</strong></span> <span class='ocrx_word' id='word_1_692' title='bbox 1663 4447 1770 4500; x_wconf 88' lang='lat' dir='ltr'><strong>gu-</strong></span> <span class='ocrx_word' id='word_1_693' title='bbox 1856 4447 2043 4486; x_wconf 90' lang='lat' dir='ltr'><strong>meum</strong></span> <span class='ocrx_word' id='word_1_694' title='bbox 2057 4431 2205 4500; x_wconf 77' lang='grc' dir='ltr'><strong>(Ι).ςαί</strong></span> <span class='ocrx_word' id='word_1_695' title='bbox 2215 4472 2225 4482; x_wconf 93' lang='grc'><strong>.</strong></span> <span class='ocrx_word' id='word_1_696' title='bbox 2246 4430 2393 4496; x_wconf 82' lang='lat' dir='ltr'><strong>xxx).</strong></span> <span class='ocrx_word' id='word_1_697' title='bbox 2416 4427 2485 4482; x_wconf 87' lang='lat' dir='ltr'><strong>Et</strong></span> <span class='ocrx_word' id='word_1_698' title='bbox 2505 4426 2836 4488; x_wconf 68' lang='lat' dir='ltr'><strong>hazcdicens,</strong></span> <span class='ocrx_word' id='word_1_699' title='bbox 2855 4423 3044 4479; x_wconf 90' lang='lat' dir='ltr'><strong>statim</strong></span> <span class='ocrx_word' id='word_1_700' title='bbox 3059 4441 3092 4477; x_wconf 90' lang='lat' dir='ltr'><strong>a</strong></span> <span class='ocrx_word' id='word_1_701' title='bbox 3111 4421 3446 4496; x_wconf 88' lang='lat' dir='ltr'><strong>spiculatore</strong></span> 
     </span>
    </p>
   </div>
   <div class='ocr_carea' id='block_1_92' title="bbox 208 4509 1772 4587">
    <p class='ocr_par' dir='ltr' id='par_1_92' title="bbox 208 4509 1772 4587">
     <span class='ocr_line' id='line_1_92' title="bbox 208 4509 1772 4587; baseline 0.006 -23"><span class='ocrx_word' id='word_1_702' title='bbox 208 4509 443 4568; x_wconf 86' lang='lat' dir='ltr'><strong>bernasti.</strong></span> <span class='ocrx_word' id='word_1_703' title='bbox 477 4515 829 4580; x_wconf 70' lang='lat' dir='ltr'><strong>Quaesumus,</strong></span> <span class='ocrx_word' id='word_1_704' title='bbox 849 4515 1103 4584; x_wconf 88' lang='lat' dir='ltr'><strong>Domine,</strong></span> <span class='ocrx_word' id='word_1_705' title='bbox 1136 4521 1200 4570; x_wconf 90' lang='lat' dir='ltr'><strong>ut</strong></span> <span class='ocrx_word' id='word_1_706' title='bbox 1219 4517 1464 4587; x_wconf 84' lang='lat' dir='ltr'><strong>digneris</strong></span> <span class='ocrx_word' id='word_1_707' title='bbox 1475 4517 1633 4572; x_wconf 92' lang='lat' dir='ltr'><strong>nobis</strong></span> <span class='ocrx_word' id='word_1_708' title='bbox 1649 4537 1772 4574; x_wconf 90' lang='lat' dir='ltr'><strong>san-</strong></span> 
     </span>
    </p>
   </div>
   <div class='ocr_carea' id='block_1_93' title="bbox 210 4603 1770 4676">
    <p class='ocr_par' dir='ltr' id='par_1_93' title="bbox 210 4603 1770 4676">
     <span class='ocr_line' id='line_1_93' title="bbox 210 4603 1770 4676; baseline 0.006 -23"><span class='ocrx_word' id='word_1_709' title='bbox 210 4604 302 4670; x_wconf 79' lang='lat' dir='ltr'><strong>ctos</strong></span> <span class='ocrx_word' id='word_1_710' title='bbox 317 4609 438 4658; x_wconf 86' lang='lat' dir='ltr'><strong>tuos</strong></span> <span class='ocrx_word' id='word_1_711' title='bbox 451 4603 1199 4676; x_wconf 86' lang='lat' dir='ltr'><strong>angelostransmittere,qui</strong></span> <span class='ocrx_word' id='word_1_712' title='bbox 1212 4622 1313 4660; x_wconf 89' lang='lat' dir='ltr'><strong>nos</strong></span> <span class='ocrx_word' id='word_1_713' title='bbox 1327 4605 1563 4674; x_wconf 83' lang='lat' dir='ltr'><strong>liberent</strong></span> <span class='ocrx_word' id='word_1_714' title='bbox 1589 4613 1646 4662; x_wconf 91' lang='lat' dir='ltr'><strong>et</strong></span> <span class='ocrx_word' id='word_1_715' title='bbox 1671 4608 1770 4676; x_wconf 84' lang='lat' dir='ltr'><strong>de-</strong></span> 
     </span>
    </p>
   </div>
   <div class='ocr_carea' id='block_1_94' title="bbox 209 4688 1770 4764">
    <p class='ocr_par' dir='ltr' id='par_1_94' title="bbox 209 4688 1770 4764">
     <span class='ocr_line' id='line_1_94' title="bbox 209 4688 1770 4764; baseline 0.007 -24"><span class='ocrx_word' id='word_1_716' title='bbox 209 4688 407 4746; x_wconf 77' lang='lat' dir='ltr'><strong>fendant</strong></span> <span class='ocrx_word' id='word_1_717' title='bbox 431 4691 500 4762; x_wconf 85' lang='lat' dir='ltr'><strong>ab</strong></span> <span class='ocrx_word' id='word_1_718' title='bbox 521 4693 969 4750; x_wconf 87' lang='lat' dir='ltr'><strong>adversariorum</strong></span> <span class='ocrx_word' id='word_1_719' title='bbox 1001 4700 1296 4764; x_wconf 85' lang='lat' dir='ltr'><strong>potestate.</strong></span> <span class='ocrx_word' id='word_1_720' title='bbox 1323 4701 1377 4748; x_wconf 86' lang='lat' dir='ltr'><strong>et</strong></span> <span class='ocrx_word' id='word_1_721' title='bbox 1405 4695 1640 4752; x_wconf 85' lang='lat' dir='ltr'><strong>victores</strong></span> <span class='ocrx_word' id='word_1_722' title='bbox 1669 4713 1770 4751; x_wconf 91' lang='lat' dir='ltr'><strong>nos</strong></span> 
     </span>
    </p>
   </div>
   <div class='ocr_carea' id='block_1_95' title="bbox 212 4781 1772 4858">
    <p class='ocr_par' dir='ltr' id='par_1_95' title="bbox 212 4781 1772 4858">
     <span class='ocr_line' id='line_1_95' title="bbox 212 4781 1772 4858; baseline 0.005 -28"><span class='ocrx_word' id='word_1_723' title='bbox 212 4792 260 4830; x_wconf 80' lang='lat' dir='ltr'><strong>ac</strong></span> <span class='ocrx_word' id='word_1_724' title='bbox 281 4781 710 4857; x_wconf 82' lang='lat' dir='ltr'><strong>triumphatores</strong></span> <span class='ocrx_word' id='word_1_725' title='bbox 737 4799 837 4854; x_wconf 92' lang='lat' dir='ltr'><strong>per</strong></span> <span class='ocrx_word' id='word_1_726' title='bbox 857 4788 1012 4846; x_wconf 87' lang='lat' dir='ltr'><strong>tuam</strong></span> <span class='ocrx_word' id='word_1_727' title='bbox 1035 4783 1275 4856; x_wconf 85' lang='lat' dir='ltr'><strong>gratiam</strong></span> <span class='ocrx_word' id='word_1_728' title='bbox 1305 4801 1482 4858; x_wconf 86' lang='lat' dir='ltr'><strong>usque</strong></span> <span class='ocrx_word' id='word_1_729' title='bbox 1514 4785 1582 4838; x_wconf 89' lang='lat' dir='ltr'><strong>ad</strong></span> <span class='ocrx_word' id='word_1_730' title='bbox 1614 4786 1772 4840; x_wconf 90' lang='lat' dir='ltr'><strong>thro-</strong></span> 
     </span>
    </p>
   </div>
   <div class='ocr_carea' id='block_1_96' title="bbox 213 4861 1772 4944">
    <p class='ocr_par' dir='ltr' id='par_1_96' title="bbox 213 4861 1772 4944">
     <span class='ocr_line' id='line_1_96' title="bbox 213 4861 1772 4944; baseline 0.006 -25"><span class='ocrx_word' id='word_1_731' title='bbox 213 4881 318 4922; x_wconf 85' lang='lat' dir='ltr'><strong>num</strong></span> <span class='ocrx_word' id='word_1_732' title='bbox 355 4876 460 4926; x_wconf 75' lang='lat' dir='ltr'><strong>tuae</strong></span> <span class='ocrx_word' id='word_1_733' title='bbox 488 4871 804 4942; x_wconf 86' lang='lat' dir='ltr'><strong>majestatis</strong></span> <span class='ocrx_word' id='word_1_734' title='bbox 827 4873 1151 4942; x_wconf 80' lang='lat' dir='ltr'><strong>perducant.</strong></span> <span class='ocrx_word' id='word_1_735' title='bbox 1188 4873 1294 4928; x_wconf 91' lang='lat' dir='ltr'><strong>Sed</strong></span> <span class='ocrx_word' id='word_1_736' title='bbox 1325 4861 1404 4928; x_wconf 31' lang='lat' dir='ltr'><strong>et‘</strong></span> <span class='ocrx_word' id='word_1_737' title='bbox 1429 4873 1574 4928; x_wconf 90' lang='lat' dir='ltr'><strong>viros</strong></span> <span class='ocrx_word' id='word_1_738' title='bbox 1604 4874 1772 4944; x_wconf 85' lang='lat' dir='ltr'><strong>hujus</strong></span> 
     </span>
    </p>
   </div>
   <div class='ocr_carea' id='block_1_97' title="bbox 210 4947 1770 5036">
    <p class='ocr_par' dir='ltr' id='par_1_97' title="bbox 210 4947 1770 5036">
     <span class='ocr_line' id='line_1_97' title="bbox 210 4947 1770 5036; baseline 0.003 -25"><span class='ocrx_word' id='word_1_739' title='bbox 210 4959 421 5030; x_wconf 78' lang='lat' dir='ltr'><strong>regionis</strong></span> <span class='ocrx_word' id='word_1_740' title='bbox 437 4977 536 5014; x_wconf 92' lang='lat' dir='ltr'><strong>seu</strong></span> <span class='ocrx_word' id='word_1_741' title='bbox 558 4959 806 5014; x_wconf 88' lang='lat' dir='ltr'><strong>civitatis</strong></span> <span class='ocrx_word' id='word_1_742' title='bbox 819 4977 1083 5016; x_wconf 88' lang='lat' dir='ltr'><strong>conserva</strong></span> <span class='ocrx_word' id='word_1_743' title='bbox 1100 4962 1159 5016; x_wconf 92' lang='lat' dir='ltr'><strong>in</strong></span> <span class='ocrx_word' id='word_1_744' title='bbox 1175 4962 1377 5016; x_wconf 89' lang='lat' dir='ltr'><strong>timore</strong></span> <span class='ocrx_word' id='word_1_745' title='bbox 1398 4969 1515 5028; x_wconf 90' lang='lat' dir='ltr'><strong>tuo,</strong></span> <span class='ocrx_word' id='word_1_746' title='bbox 1540 4947 1770 5036; x_wconf 82' lang='lat' dir='ltr'><strong>protege</strong></span> 
     </span>
    </p>
   </div>
   <div class='ocr_carea' id='block_1_98' title="bbox 213 5039 1772 5122">
    <p class='ocr_par' dir='ltr' id='par_1_98' title="bbox 213 5039 1772 5122">
     <span class='ocr_line' id='line_1_98' title="bbox 213 5039 1772 5122; baseline 0.006 -24"><span class='ocrx_word' id='word_1_747' title='bbox 213 5043 258 5100; x_wconf 84' lang='lat' dir='ltr'><strong>in</strong></span> <span class='ocrx_word' id='word_1_748' title='bbox 282 5047 780 5116; x_wconf 84' lang='lat' dir='ltr'><strong>misericordiatua,</strong></span> <span class='ocrx_word' id='word_1_749' title='bbox 803 5049 1020 5104; x_wconf 90' lang='lat' dir='ltr'><strong>custodi</strong></span> <span class='ocrx_word' id='word_1_750' title='bbox 1037 5049 1093 5103; x_wconf 92' lang='lat' dir='ltr'><strong>in</strong></span> <span class='ocrx_word' id='word_1_751' title='bbox 1119 5049 1369 5104; x_wconf 84' lang='lat' dir='ltr'><strong>bonitate</strong></span> <span class='ocrx_word' id='word_1_752' title='bbox 1383 5057 1501 5116; x_wconf 90' lang='lat' dir='ltr'><strong>tua,</strong></span> <span class='ocrx_word' id='word_1_753' title='bbox 1519 5039 1772 5122; x_wconf 80' lang='lat' dir='ltr'><strong>guberna</strong></span> 
     </span>
    </p>
   </div>
   <div class='ocr_carea' id='block_1_99' title="bbox 211 5137 1769 5212">
    <p class='ocr_par' dir='ltr' id='par_1_99' title="bbox 211 5137 1769 5212">
     <span class='ocr_line' id='line_1_99' title="bbox 211 5137 1769 5212; baseline 0.004 -25"><span class='ocrx_word' id='word_1_754' title='bbox 211 5137 479 5192; x_wconf 82' lang='lat' dir='ltr'><strong>secundum</strong></span> <span class='ocrx_word' id='word_1_755' title='bbox 501 5137 852 5192; x_wconf 87' lang='lat' dir='ltr'><strong>voluntatem</strong></span> <span class='ocrx_word' id='word_1_756' title='bbox 873 5143 1027 5192; x_wconf 87' lang='lat' dir='ltr'><strong>tuam</strong></span> <span class='ocrx_word' id='word_1_757' title='bbox 1061 5156 1072 5190; x_wconf 88' lang='lat'>:</span> <span class='ocrx_word' id='word_1_758' title='bbox 1101 5137 1328 5194; x_wconf 89' lang='lat' dir='ltr'><strong>benedic</strong></span> <span class='ocrx_word' id='word_1_759' title='bbox 1349 5140 1562 5212; x_wconf 88' lang='lat' dir='ltr'><strong>pusillis</strong></span> <span class='ocrx_word' id='word_1_760' title='bbox 1576 5157 1769 5194; x_wconf 89' lang='lat' dir='ltr'><strong>eorum</strong></span> 
     </span>
    </p>
   </div>
   <div class='ocr_carea' id='block_1_100' title="bbox 210 5226 1771 5310">
    <p class='ocr_par' dir='ltr' id='par_1_100' title="bbox 210 5226 1771 5310">
     <span class='ocr_line' id='line_1_100' title="bbox 210 5226 1771 5310; baseline 0.005 -35"><span class='ocrx_word' id='word_1_761' title='bbox 210 5235 314 5275; x_wconf 84' lang='lat' dir='ltr'><strong>cum</strong></span> <span class='ocrx_word' id='word_1_762' title='bbox 341 5226 570 5296; x_wconf 88' lang='lat' dir='ltr'><strong>magnis,</strong></span> <span class='ocrx_word' id='word_1_763' title='bbox 604 5233 774 5296; x_wconf 91' lang='lat' dir='ltr'><strong>atque</strong></span> <span class='ocrx_word' id='word_1_764' title='bbox 802 5241 904 5296; x_wconf 93' lang='lat' dir='ltr'><strong>pro</strong></span> <span class='ocrx_word' id='word_1_765' title='bbox 935 5226 1145 5282; x_wconf 88' lang='lat' dir='ltr'><strong>honore</strong></span> <span class='ocrx_word' id='word_1_766' title='bbox 1168 5245 1335 5310; x_wconf 88' lang='lat' dir='ltr'><strong>quem</strong></span> <span class='ocrx_word' id='word_1_767' title='bbox 1356 5228 1513 5282; x_wconf 90' lang='lat' dir='ltr'><strong>nobis</strong></span> <span class='ocrx_word' id='word_1_768' title='bbox 1543 5235 1771 5300; x_wconf 84' lang='lat' dir='ltr'><strong>propter</strong></span> 
     </span>
    </p>
   </div>
   <div class='ocr_carea' id='block_1_101' title="bbox 210 5315 1770 5388">
    <p class='ocr_par' dir='ltr' id='par_1_101' title="bbox 210 5315 1770 5388">
     <span class='ocr_line' id='line_1_101' title="bbox 210 5315 1770 5388; baseline 0.008 -27"><span class='ocrx_word' id='word_1_769' title='bbox 210 5323 379 5366; x_wconf 85' lang='lat' dir='ltr'><strong>nomen</strong></span> <span class='ocrx_word' id='word_1_770' title='bbox 405 5320 664 5369; x_wconf 87' lang='lat' dir='ltr'><strong>sanctum</strong></span> <span class='ocrx_word' id='word_1_771' title='bbox 692 5321 854 5368; x_wconf 89' lang='lat' dir='ltr'><strong>tuum</strong></span> <span class='ocrx_word' id='word_1_772' title='bbox 885 5315 1274 5383; x_wconf 85' lang='lat' dir='ltr'><strong>exhibuerunt,</strong></span> <span class='ocrx_word' id='word_1_773' title='bbox 1325 5323 1664 5388; x_wconf 83' lang='lat' dir='ltr'><strong>repraesenta</strong></span> <span class='ocrx_word' id='word_1_774' title='bbox 1691 5318 1770 5373; x_wconf 89' lang='lat' dir='ltr'><strong>eis</strong></span> 
     </span>
    </p>
   </div>
   <div class='ocr_carea' id='block_1_102' title="bbox 209 5403 1770 5478">
    <p class='ocr_par' dir='ltr' id='par_1_102' title="bbox 209 5403 1770 5478">
     <span class='ocr_line' id='line_1_102' title="bbox 209 5403 1770 5478; baseline 0.007 -28"><span class='ocrx_word' id='word_1_775' title='bbox 209 5403 484 5456; x_wconf 85' lang='lat' dir='ltr'><strong>mercedem</strong></span> <span class='ocrx_word' id='word_1_776' title='bbox 507 5404 564 5458; x_wconf 91' lang='lat' dir='ltr'><strong>in</strong></span> <span class='ocrx_word' id='word_1_777' title='bbox 575 5403 924 5472; x_wconf 83' lang='lat' dir='ltr'><strong>beatitudine</strong></span> <span class='ocrx_word' id='word_1_778' title='bbox 935 5405 1294 5477; x_wconf 88' lang='lat' dir='ltr'><strong>sempiterna.</strong></span> <span class='ocrx_word' id='word_1_779' title='bbox 1312 5406 1516 5462; x_wconf 89' lang='lat' dir='ltr'><strong>Tribue</strong></span> <span class='ocrx_word' id='word_1_780' title='bbox 1548 5424 1770 5478; x_wconf 88' lang='lat' dir='ltr'><strong>quoque</strong></span> 
     </span>
    </p>
   </div>
   <div class='ocr_carea' id='block_1_103' title="bbox 211 5486 1767 5568">
    <p class='ocr_par' dir='ltr' id='par_1_103' title="bbox 211 5486 1767 5568">
     <span class='ocr_line' id='line_1_103' title="bbox 211 5486 1767 5568; baseline 0.008 -31"><span class='ocrx_word' id='word_1_781' title='bbox 211 5486 342 5544; x_wconf 85' lang='lat' dir='ltr'><strong>nobis</strong></span> <span class='ocrx_word' id='word_1_782' title='bbox 359 5492 638 5564; x_wconf 72' lang='lat' dir='ltr'><strong>ﬁduciam,</strong></span> <span class='ocrx_word' id='word_1_783' title='bbox 671 5499 738 5546; x_wconf 89' lang='lat' dir='ltr'><strong>ut</strong></span> <span class='ocrx_word' id='word_1_784' title='bbox 755 5493 1197 5568; x_wconf 81' lang='lat' dir='ltr'><strong>quotiescunque</strong></span> <span class='ocrx_word' id='word_1_785' title='bbox 1213 5495 1459 5562; x_wconf 84' lang='lat' dir='ltr'><strong>divinam</strong></span> <span class='ocrx_word' id='word_1_786' title='bbox 1473 5501 1629 5566; x_wconf 81' lang='lat' dir='ltr'><strong>tuam</strong></span> <span class='ocrx_word' id='word_1_787' title='bbox 1653 5513 1767 5566; x_wconf 81' lang='lat' dir='ltr'><strong>ma-</strong></span> 
     </span>
    </p>
   </div>
   <div class='ocr_carea' id='block_1_104' title="bbox 207 5573 1765 5657">
    <p class='ocr_par' dir='ltr' id='par_1_104' title="bbox 207 5573 1765 5657">
     <span class='ocr_line' id='line_1_104' title="bbox 207 5573 1765 5657; baseline -0.001 -17"><span class='ocrx_word' id='word_1_788' title='bbox 207 5573 432 5657; x_wconf 70' lang='lat' dir='ltr'><strong>iestatem</strong></span> <span class='ocrx_word' id='word_1_789' title='bbox 455 5580 892 5652; x_wconf 75' lang='lat' dir='ltr'><strong>exoraverimus,</strong></span> <span class='ocrx_word' id='word_1_790' title='bbox 905 5581 1214 5654; x_wconf 86' lang='lat' dir='ltr'><strong>adimpleas</strong></span> <span class='ocrx_word' id='word_1_791' title='bbox 1231 5585 1527 5656; x_wconf 87' lang='lat' dir='ltr'><strong>petitiones</strong></span> <span class='ocrx_word' id='word_1_792' title='bbox 1543 5591 1765 5656; x_wconf 83' lang='lat' dir='ltr'><strong>nostras</strong></span> 
     </span>
    </p>
   </div>
   <div class='ocr_carea' id='block_1_105' title="bbox 1853 4513 3450 4594">
    <p class='ocr_par' dir='ltr' id='par_1_105' title="bbox 1853 4513 3450 4594">
     <span class='ocr_line' id='line_1_105' title="bbox 1853 4513 3450 4594; baseline -0.004 -22"><span class='ocrx_word' id='word_1_793' title='bbox 1853 4525 2021 4594; x_wconf 87' lang='lat' dir='ltr'><strong>caput</strong></span> <span class='ocrx_word' id='word_1_794' title='bbox 2052 4520 2173 4589; x_wconf 86' lang='lat' dir='ltr'><strong>ejus</strong></span> <span class='ocrx_word' id='word_1_795' title='bbox 2200 4523 2545 4588; x_wconf 86' lang='lat' dir='ltr'><strong>amputatur.</strong></span> <span class='ocrx_word' id='word_1_796' title='bbox 2571 4515 2689 4570; x_wconf 84' lang='lat' dir='ltr'><strong>Hoc</strong></span> <span class='ocrx_word' id='word_1_797' title='bbox 2703 4533 2830 4570; x_wconf 90' lang='lat' dir='ltr'><strong>cum</strong></span> <span class='ocrx_word' id='word_1_798' title='bbox 2856 4515 3065 4590; x_wconf 86' lang='lat' dir='ltr'><strong>factum</strong></span> <span class='ocrx_word' id='word_1_799' title='bbox 3096 4513 3312 4580; x_wconf 82' lang='lat' dir='ltr'><strong>fuisset,</strong></span> <span class='ocrx_word' id='word_1_800' title='bbox 3333 4529 3450 4566; x_wconf 81' lang='lat' dir='ltr'><strong>cer-</strong></span> 
     </span>
    </p>
   </div>
   <div class='ocr_carea' id='block_1_106' title="bbox 1852 4595 3452 4678">
    <p class='ocr_par' dir='ltr' id='par_1_106' title="bbox 1852 4595 3452 4678">
     <span class='ocr_line' id='line_1_106' title="bbox 1852 4595 3452 4678; baseline -0.005 -16"><span class='ocrx_word' id='word_1_801' title='bbox 1852 4624 1992 4667; x_wconf 90' lang='lat' dir='ltr'><strong>nens</strong></span> <span class='ocrx_word' id='word_1_802' title='bbox 2019 4612 2244 4661; x_wconf 89' lang='lat' dir='ltr'><strong>sanctus</strong></span> <span class='ocrx_word' id='word_1_803' title='bbox 2273 4605 2575 4677; x_wconf 89' lang='lat' dir='ltr'><strong>Epictetus,</strong></span> <span class='ocrx_word' id='word_1_804' title='bbox 2593 4601 2748 4678; x_wconf 75' lang='lat' dir='ltr'><strong>dedit</strong></span> <span class='ocrx_word' id='word_1_805' title='bbox 2771 4598 3010 4674; x_wconf 85' lang='lat' dir='ltr'><strong>gloriam</strong></span> <span class='ocrx_word' id='word_1_806' title='bbox 3031 4595 3166 4656; x_wconf 88' lang='lat' dir='ltr'><strong>Deo.</strong></span> <span class='ocrx_word' id='word_1_807' title='bbox 3189 4595 3260 4655; x_wconf 85' lang='lat' dir='ltr'><strong>Et</strong></span> <span class='ocrx_word' id='word_1_808' title='bbox 3283 4601 3452 4674; x_wconf 90' lang='lat' dir='ltr'><strong>proji-</strong></span> 
     </span>
    </p>
   </div>
   <div class='ocr_carea' id='block_1_107' title="bbox 1855 4689 3448 4779">
    <p class='ocr_par' dir='ltr' id='par_1_107' title="bbox 1855 4689 3448 4779">
     <span class='ocr_line' id='line_1_107' title="bbox 1855 4689 3448 4779; baseline -0.004 -30"><span class='ocrx_word' id='word_1_809' title='bbox 1855 4697 2006 4751; x_wconf 88' lang='lat' dir='ltr'><strong>ciens</strong></span> <span class='ocrx_word' id='word_1_810' title='bbox 2049 4714 2106 4750; x_wconf 92' lang='lat' dir='ltr'><strong>se</strong></span> <span class='ocrx_word' id='word_1_811' title='bbox 2153 4712 2321 4770; x_wconf 90' lang='lat' dir='ltr'><strong>super</strong></span> <span class='ocrx_word' id='word_1_812' title='bbox 2344 4693 2732 4766; x_wconf 88' lang='lat' dir='ltr'><strong>corpusculum</strong></span> <span class='ocrx_word' id='word_1_813' title='bbox 2781 4694 2922 4767; x_wconf 83' lang='lat' dir='ltr'><strong>ejus,</strong></span> <span class='ocrx_word' id='word_1_814' title='bbox 2971 4708 3168 4762; x_wconf 88' lang='lat' dir='ltr'><strong>rogare</strong></span> <span class='ocrx_word' id='word_1_815' title='bbox 3224 4689 3448 4779; x_wconf 76' lang='lat' dir='ltr'><strong>ccepita</strong></span> 
     </span>
    </p>
   </div>
   <div class='ocr_carea' id='block_1_108' title="bbox 1853 4779 3445 4856">
    <p class='ocr_par' dir='ltr' id='par_1_108' title="bbox 1853 4779 3445 4856">
     <span class='ocr_line' id='line_1_108' title="bbox 1853 4779 3445 4856; baseline -0.003 -18"><span class='ocrx_word' id='word_1_816' title='bbox 1853 4783 2208 4840; x_wconf 81' lang='lat' dir='ltr'><strong>carnificibus</strong></span> <span class='ocrx_word' id='word_1_817' title='bbox 2239 4791 2299 4839; x_wconf 92' lang='lat' dir='ltr'><strong>ut</strong></span> <span class='ocrx_word' id='word_1_818' title='bbox 2323 4783 2601 4856; x_wconf 89' lang='lat' dir='ltr'><strong>quomodo</strong></span> <span class='ocrx_word' id='word_1_819' title='bbox 2613 4781 2828 4852; x_wconf 88' lang='lat' dir='ltr'><strong>jaceret</strong></span> <span class='ocrx_word' id='word_1_820' title='bbox 2855 4797 3024 4851; x_wconf 89' lang='lat' dir='ltr'><strong>super</strong></span> <span class='ocrx_word' id='word_1_821' title='bbox 3051 4779 3286 4833; x_wconf 88' lang='lat' dir='ltr'><strong>cadaver</strong></span> <span class='ocrx_word' id='word_1_822' title='bbox 3314 4796 3445 4834; x_wconf 91' lang='lat' dir='ltr'><strong>san-</strong></span> 
     </span>
    </p>
   </div>
   <div class='ocr_carea' id='block_1_109' title="bbox 1853 4861 3447 4945">
    <p class='ocr_par' dir='ltr' id='par_1_109' title="bbox 1853 4861 3447 4945">
     <span class='ocr_line' id='line_1_109' title="bbox 1853 4861 3447 4945; baseline -0.004 -17"><span class='ocrx_word' id='word_1_823' title='bbox 1853 4875 1928 4928; x_wconf 91' lang='lat' dir='ltr'><strong>cti</strong></span> <span class='ocrx_word' id='word_1_824' title='bbox 1947 4873 2317 4945; x_wconf 85' lang='lat' dir='ltr'><strong>martyris,sic</strong></span> <span class='ocrx_word' id='word_1_825' title='bbox 2335 4872 2584 4942; x_wconf 85' lang='lat' dir='ltr'><strong>etipsum</strong></span> <span class='ocrx_word' id='word_1_826' title='bbox 2609 4861 2984 4942; x_wconf 82' lang='lat' dir='ltr'><strong>percuterent.</strong></span> <span class='ocrx_word' id='word_1_827' title='bbox 3016 4867 3175 4932; x_wconf 86' lang='lat' dir='ltr'><strong>Quod</strong></span> <span class='ocrx_word' id='word_1_828' title='bbox 3196 4885 3322 4938; x_wconf 79' lang='lat' dir='ltr'><strong>cum</strong></span> <span class='ocrx_word' id='word_1_829' title='bbox 3351 4885 3447 4922; x_wconf 86' lang='lat' dir='ltr'><strong>ex-</strong></span> 
     </span>
    </p>
   </div>
   <div class='ocr_carea' id='block_1_110' title="bbox 1854 4953 3447 5034">
    <p class='ocr_par' dir='ltr' id='par_1_110' title="bbox 1854 4953 3447 5034">
     <span class='ocr_line' id='line_1_110' title="bbox 1854 4953 3447 5034; baseline -0.004 -18"><span class='ocrx_word' id='word_1_830' title='bbox 1854 4964 2067 5034; x_wconf 80' lang='lat' dir='ltr'><strong>pletum</strong></span> <span class='ocrx_word' id='word_1_831' title='bbox 2091 4961 2304 5029; x_wconf 88' lang='lat' dir='ltr'><strong>fuisset,</strong></span> <span class='ocrx_word' id='word_1_832' title='bbox 2330 4961 2612 5014; x_wconf 87' lang='lat' dir='ltr'><strong>intuentes</strong></span> <span class='ocrx_word' id='word_1_833' title='bbox 2639 4957 2884 5012; x_wconf 88' lang='lat' dir='ltr'><strong>universi</strong></span> <span class='ocrx_word' id='word_1_834' title='bbox 2908 4957 3002 5034; x_wconf 90' lang='lat' dir='ltr'><strong>qui</strong></span> <span class='ocrx_word' id='word_1_835' title='bbox 3025 4957 3260 5013; x_wconf 85' lang='lat' dir='ltr'><strong>aderant</strong></span> <span class='ocrx_word' id='word_1_836' title='bbox 3289 4953 3447 5032; x_wconf 82' lang='lat' dir='ltr'><strong>Chri-</strong></span> 
     </span>
    </p>
   </div>
   <div class='ocr_carea' id='block_1_111' title="bbox 1853 5044 3440 5122">
    <p class='ocr_par' dir='ltr' id='par_1_111' title="bbox 1853 5044 3440 5122">
     <span class='ocr_line' id='line_1_111' title="bbox 1853 5044 3440 5122; baseline -0.003 -16"><span class='ocrx_word' id='word_1_837' title='bbox 1853 5052 2024 5106; x_wconf 89' lang='lat' dir='ltr'><strong>stiani</strong></span> <span class='ocrx_word' id='word_1_838' title='bbox 2054 5051 2266 5122; x_wconf 88' lang='lat' dir='ltr'><strong>pariter</strong></span> <span class='ocrx_word' id='word_1_839' title='bbox 2278 5067 2341 5104; x_wconf 91' lang='lat' dir='ltr'><strong>ac</strong></span> <span class='ocrx_word' id='word_1_840' title='bbox 2356 5045 2615 5120; x_wconf 90' lang='lat' dir='ltr'><strong>gentiles,</strong></span> <span class='ocrx_word' id='word_1_841' title='bbox 2636 5047 2704 5101; x_wconf 91' lang='lat' dir='ltr'><strong>de</strong></span> <span class='ocrx_word' id='word_1_842' title='bbox 2715 5045 2860 5100; x_wconf 91' lang='lat' dir='ltr'><strong>bono</strong></span> <span class='ocrx_word' id='word_1_843' title='bbox 2875 5045 3146 5117; x_wconf 84' lang='lat' dir='ltr'><strong>magistro</strong></span> <span class='ocrx_word' id='word_1_844' title='bbox 3167 5044 3440 5120; x_wconf 88' lang='lat' dir='ltr'><strong>Epicteto,</strong></span> 
     </span>
    </p>
   </div>
   <div class='ocr_carea' id='block_1_112' title="bbox 1855 5133 3445 5214">
    <p class='ocr_par' dir='ltr' id='par_1_112' title="bbox 1855 5133 3445 5214">
     <span class='ocr_line' id='line_1_112' title="bbox 1855 5133 3445 5214; baseline -0.002 -20"><span class='ocrx_word' id='word_1_845' title='bbox 1855 5159 1919 5195; x_wconf 89' lang='lat' dir='ltr'><strong>ac</strong></span> <span class='ocrx_word' id='word_1_846' title='bbox 1933 5142 2000 5194; x_wconf 88' lang='lat' dir='ltr'><strong>de</strong></span> <span class='ocrx_word' id='word_1_847' title='bbox 2020 5141 2269 5214; x_wconf 80' lang='lat' dir='ltr'><strong>perfecta</strong></span> <span class='ocrx_word' id='word_1_848' title='bbox 2293 5135 2551 5211; x_wconf 87' lang='lat' dir='ltr'><strong>discipuli</strong></span> <span class='ocrx_word' id='word_1_849' title='bbox 2569 5135 3040 5205; x_wconf 89' lang='lat' dir='ltr'><strong>obedientia,cum</strong></span> <span class='ocrx_word' id='word_1_850' title='bbox 3057 5133 3318 5208; x_wconf 85' lang='lat' dir='ltr'><strong>lacrymis</strong></span> <span class='ocrx_word' id='word_1_851' title='bbox 3330 5135 3445 5192; x_wconf 89' lang='lat' dir='ltr'><strong>Deo</strong></span> 
     </span>
    </p>
   </div>
   <div class='ocr_carea' id='block_1_113' title="bbox 1849 5230 2418 5300">
    <p class='ocr_par' dir='ltr' id='par_1_113' title="bbox 1849 5230 2418 5300">
     <span class='ocr_line' id='line_1_113' title="bbox 1849 5230 2418 5300; baseline -0.007 -16"><span class='ocrx_word' id='word_1_852' title='bbox 1849 5230 2062 5300; x_wconf 86' lang='lat' dir='ltr'><strong>gratias</strong></span> <span class='ocrx_word' id='word_1_853' title='bbox 2087 5230 2418 5282; x_wconf 90' lang='lat' dir='ltr'><strong>retulerunt.</strong></span> 
     </span>
    </p>
   </div>
   <div class='ocr_carea' id='block_1_114' title="bbox 1923 5314 3445 5387">
    <p class='ocr_par' dir='ltr' id='par_1_114' title="bbox 1923 5314 3445 5387">
     <span class='ocr_line' id='line_1_114' title="bbox 1923 5314 3445 5387; baseline -0.004 -15"><span class='ocrx_word' id='word_1_854' title='bbox 1923 5319 2054 5372; x_wconf 78' lang='lat' dir='ltr'><strong>CAP.</strong></span> <span class='ocrx_word' id='word_1_855' title='bbox 2078 5317 2195 5374; x_wconf 85' lang='lat' dir='ltr'><strong>XX.</strong></span> <span class='ocrx_word' id='word_1_856' title='bbox 2225 5347 2284 5357; x_wconf 88' lang='lat'><strong>-</strong></span> <span class='ocrx_word' id='word_1_857' title='bbox 2301 5315 2366 5372; x_wconf 89' lang='lat' dir='ltr'><strong>Et</strong></span> <span class='ocrx_word' id='word_1_858' title='bbox 2387 5317 2519 5370; x_wconf 90' lang='lat' dir='ltr'><strong>dum</strong></span> <span class='ocrx_word' id='word_1_859' title='bbox 2544 5316 2836 5372; x_wconf 88' lang='lat' dir='ltr'><strong>illidarent</strong></span> <span class='ocrx_word' id='word_1_860' title='bbox 2861 5316 2977 5370; x_wconf 91' lang='lat' dir='ltr'><strong>Deo</strong></span> <span class='ocrx_word' id='word_1_861' title='bbox 3006 5315 3241 5387; x_wconf 78' lang='lat' dir='ltr'><strong>gloriam</strong></span> <span class='ocrx_word' id='word_1_862' title='bbox 3263 5317 3322 5368; x_wconf 90' lang='lat' dir='ltr'><strong>et</strong></span> <span class='ocrx_word' id='word_1_863' title='bbox 3350 5314 3445 5367; x_wconf 90' lang='lat' dir='ltr'><strong>ho-</strong></span> 
     </span>
    </p>
   </div>
   <div class='ocr_carea' id='block_1_115' title="bbox 1853 5399 3442 5477">
    <p class='ocr_par' dir='ltr' id='par_1_115' title="bbox 1853 5399 3442 5477">
     <span class='ocr_line' id='line_1_115' title="bbox 1853 5399 3442 5477; baseline -0.004 -17"><span class='ocrx_word' id='word_1_864' title='bbox 1853 5423 2068 5474; x_wconf 86' lang='lat' dir='ltr'><strong>norem,</strong></span> <span class='ocrx_word' id='word_1_865' title='bbox 2091 5423 2217 5460; x_wconf 90' lang='lat' dir='ltr'><strong>ecce</strong></span> <span class='ocrx_word' id='word_1_866' title='bbox 2237 5405 2422 5459; x_wconf 92' lang='lat' dir='ltr'><strong>subito</strong></span> <span class='ocrx_word' id='word_1_867' title='bbox 2441 5423 2675 5477; x_wconf 89' lang='lat' dir='ltr'><strong>corpora</strong></span> <span class='ocrx_word' id='word_1_868' title='bbox 2690 5409 3011 5460; x_wconf 89' lang='lat' dir='ltr'><strong>sanctorum</strong></span> <span class='ocrx_word' id='word_1_869' title='bbox 3046 5407 3356 5476; x_wconf 86' lang='lat' dir='ltr'><strong>martyrum</strong></span> <span class='ocrx_word' id='word_1_870' title='bbox 3386 5399 3442 5454; x_wconf 91' lang='lat' dir='ltr'><strong>in</strong></span> 
     </span>
    </p>
   </div>
   <div class='ocr_carea' id='block_1_116' title="bbox 1851 5485 3442 5576">
    <p class='ocr_par' dir='ltr' id='par_1_116' title="bbox 1851 5485 3442 5576">
     <span class='ocr_line' id='line_1_116' title="bbox 1851 5485 3442 5576; baseline -0.004 -28"><span class='ocrx_word' id='word_1_871' title='bbox 1851 5495 2077 5548; x_wconf 92' lang='lat' dir='ltr'><strong>modum</strong></span> <span class='ocrx_word' id='word_1_872' title='bbox 2098 5494 2239 5548; x_wconf 90' lang='lat' dir='ltr'><strong>nivis</strong></span> <span class='ocrx_word' id='word_1_873' title='bbox 2251 5489 2367 5548; x_wconf 87' lang='lat' dir='ltr'><strong>visa</strong></span> <span class='ocrx_word' id='word_1_874' title='bbox 2387 5501 2521 5548; x_wconf 91' lang='lat' dir='ltr'><strong>sunt</strong></span> <span class='ocrx_word' id='word_1_875' title='bbox 2539 5493 2802 5564; x_wconf 90' lang='lat' dir='ltr'><strong>candida;</strong></span> <span class='ocrx_word' id='word_1_876' title='bbox 2824 5500 2993 5568; x_wconf 91' lang='lat' dir='ltr'><strong>atque</strong></span> <span class='ocrx_word' id='word_1_877' title='bbox 3012 5511 3126 5576; x_wconf 67' lang='lat' dir='ltr'><strong>prae</strong></span> <span class='ocrx_word' id='word_1_878' title='bbox 3152 5485 3442 5551; x_wconf 85' lang='lat' dir='ltr'><strong>nimietate</strong></span> 
     </span>
    </p>
   </div>
   <div class='ocr_carea' id='block_1_117' title="bbox 1848 5577 3442 5658">
    <p class='ocr_par' dir='ltr' id='par_1_117' title="bbox 1848 5577 3442 5658">
     <span class='ocr_line' id='line_1_117' title="bbox 1848 5577 3442 5658; baseline -0.004 -20"><span class='ocrx_word' id='word_1_879' title='bbox 1848 5581 2180 5656; x_wconf 78' lang='lat' dir='ltr'><strong>splendoris,</strong></span> <span class='ocrx_word' id='word_1_880' title='bbox 2207 5583 2364 5654; x_wconf 87' lang='lat' dir='ltr'><strong>quasi</strong></span> <span class='ocrx_word' id='word_1_881' title='bbox 2382 5583 2515 5654; x_wconf 79' lang='lat' dir='ltr'><strong>solis</strong></span> <span class='ocrx_word' id='word_1_882' title='bbox 2545 5583 2685 5638; x_wconf 90' lang='lat' dir='ltr'><strong>radii</strong></span> <span class='ocrx_word' id='word_1_883' title='bbox 2717 5601 2836 5638; x_wconf 90' lang='lat' dir='ltr'><strong>esse</strong></span> <span class='ocrx_word' id='word_1_884' title='bbox 2857 5578 3206 5658; x_wconf 74' lang='lat' dir='ltr'><strong>videbantur.</strong></span> <span class='ocrx_word' id='word_1_885' title='bbox 3233 5577 3442 5632; x_wconf 91' lang='lat' dir='ltr'><strong>Omnes</strong></span> 
     </span>
    </p>
   </div>
  </div>
