3942 6200
420 356 527 415 407

1434 353 1534 408 nn
1571 339 1759 408 vm‘s
1797 351 2094 410 PATRUM
2129 355 2344 412 LIBER
2379 355 2668 413 PRIMUS.

3583 353 3684 413 408

425 484 523 558 qui
543 500 578 539 a
595 497 927 555 quacunque
946 479 1277 535 inﬁrmitate
1289 477 1506 534 detenti
1527 495 1651 533 esse
1664 478 2016 547 videbantur,
2036 485 2083 542 Λ
2102 481 2225 551 ejus
2253 481 2507 536 dicebat:
2540 482 2658 554 Ego
2673 483 2721 537 si
2745 483 2905 538 illum
2927 499 3028 556 per
3050 488 3126 550 te,
3159 499 3192 536 ο
3205 483 3448 554 juvenis,
3479 498 3690 537 merear

421 573 614 629 statim
632 577 697 627 ut
715 569 1250 641 cadaveraipsorum
1269 584 1334 622 ex
1349 569 1458 624 ﬁde
1475 567 1893 638 contingebant,
1911 585 2013 624 seu

421 679 550 718 cum
574 661 932 717 veneratione
961 657 1448 730 deosculabantur,
1465 657 1731 712 continuo
1751 657 2014 712 universa

421 750 670 808 anxietas
699 765 800 804 seu
815 748 975 804 dolor
1001 747 1071 802 ab
1099 747 1180 801 eis
1198 745 1517 817 fugabatur.
1535 745 1696 800 Circa
1723 745 1854 800 solis
1884 763 2012 800 vero

420 855 679 895 occasum
704 837 934 892 veniens
953 835 1292 906 Vigilantius
1317 851 1443 890 cum
1457 835 1611 889 omni
1631 835 1796 888 domo
1825 851 1930 888 sua
1956 839 2014 888 et

420 945 550 983 cum
570 927 695 983 aliis
720 926 1072 993 Christianis,
1104 925 1317 979 occulte
1347 924 1480 978 tulit
1521 940 1756 996 corpora
1795 929 2013 978 sancto-

417 1034 548 1074 rum
561 1021 874 1089 martyrum
893 1033 904 1069 :
927 1020 981 1069 et
993 1013 1336 1086 perfundens
1355 1029 1420 1068 ea
1441 1014 1672 1086 myrrha
1681 1017 1739 1067 et
1748 1013 2012 1068 aromati-

417 1107 524 1162 bus
544 1103 981 1178 pretiosissimis,
1011 1103 1071 1158 in
1091 1103 1210 1157 loco
1231 1118 1478 1173 congruo
1497 1107 1554 1156 et
1573 1101 1863 1173 aptissimo
1883 1119 2011 1156 cum

417 1195 646 1268 hymnis
674 1200 732 1249 et
755 1192 1005 1265 psalmis,
1025 1198 1083 1246 et
1100 1208 1228 1246 cum
1259 1207 1466 1262 magna
1492 1191 1786 1246 devotione
1807 1191 2009 1262 sepeli-

417 1285 516 1339 vit.
541 1285 604 1339 In
628 1299 738 1354 quo
766 1283 886 1336 loco
914 1282 1096 1336 multa
1121 1281 1285 1350 signa
1312 1285 1370 1335 et
1395 1279 1651 1351 prodigia
1689 1279 1759 1334 ad
1783 1279 2011 1334 laudem

421 1371 666 1428 nominis
693 1371 904 1426 Christi
924 1386 1101 1441 usque
1116 1369 1174 1424 in
1198 1374 1534 1442 praesentem
1554 1369 1704 1422 diem
1731 1368 2013 1422 celebran-

420 1469 533 1517 tur.
546 1460 919 1516 Latronianus
937 1475 1067 1512 vero
1083 1458 1509 1529 superveniente
1529 1462 1692 1510 nocte
1727 1457 2014 1512 invaditur

421 1567 457 1604 a
474 1550 716 1622 pessimo
745 1549 1014 1614 daemone,
1038 1552 1094 1600 et
1121 1563 1358 1617 surgens
1381 1546 1564 1618 primo
1589 1545 1832 1600 diluculo
1863 1546 2010 1600 venit

419 1639 480 1692 in
497 1637 840 1709 praetorium,
862 1642 1031 1706 atque
1049 1634 1126 1689 ibi
1140 1635 1356 1706 positus
1387 1634 1808 1705 cmpitplurima
1825 1650 2016 1688 amen-

419 1729 513 1782 tiae
531 1727 834 1796 inaniaque
851 1724 1020 1778 verba
1041 1725 1292 1796 proferre
1310 1743 1324 1792 ;
1346 1724 1547 1778 deinde
1565 1728 1791 1795 arrepto
1799 1723 2008 1796 gladio,

417 1817 634 1890 priores
667 1831 918 1887 quosque
937 1814 1007 1868 de
1021 1813 1204 1868 officio
1233 1829 1334 1868 suo
1361 1812 1582 1884 insequi
1602 1817 1659 1866 et
1674 1813 1970 1866 vulnerare
1994 1831 2008 1876 ;

418 1922 588 1978 super
617 1904 756 1958 alios
785 1920 916 1958 vero
931 1909 997 1958 ut
1011 1902 1166 1957 canis
1193 1901 1423 1956 rabidus
1441 1901 1675 1966 insilire,
1691 1907 1860 1972 atque
1881 1900 2014 1956 alio-

417 2011 546 2048 rum
574 1993 906 2046 indumenta
928 1990 1226 2056 dilanians,
1257 1991 1367 2044 huc
1402 1991 1645 2061 illucque
1673 1990 2008 2044 discurrere.

418 2083 540 2138 Hoc
559 2082 641 2136 illi
671 2082 955 2136 intuentes
985 2086 1043 2134 et
1067 2080 1339 2145 videntes,
1371 2079 1505 2150 quia
1531 2095 1727 2133 amens
1765 2083 1823 2133 et
1857 2078 2012 2132 insa-

419 2187 528 2226 nus
552 2169 846 2235 exstiterit,
879 2169 1254 2240 despoliantes
1268 2169 1448 2234 illum,
1473 2167 1677 2240 pugnis
1697 2167 2014 2222 acverberi-

415 2258 524 2314 bus
547 2264 795 2313 mactare
824 2257 1044 2312 fortiter
1064 2249 1371 2328 emperunt,
1389 2273 1454 2310 ac
1473 2255 1674 2310 deinde
1685 2255 1875 2326 ligatis
1889 2257 2012 2326 ejus

417 2347 680 2403 manibus
709 2364 774 2401 ac
801 2346 1037 2418 pedibus
1051 2346 1110 2400 in
1125 2345 1454 2418 parvissimo
1467 2344 1748 2399 domicilio
1767 2346 2013 2416 projece-

415 2441 568 2492 runt.
601 2437 710 2500 Qui
739 2441 866 2506 post
891 2434 1126 2490 biduum
1146 2435 1449 2489 suffocatus
1469 2433 1788 2499 adaemone,
1805 2432 2014 2487 violen-

417 2531 508 2582 ter
535 2525 797 2598 spiritum
827 2523 1124 2578 exhalavit.

489 2616 624 2670 CAP.
667 2613 812 2667 XXI.
851 2643 916 2653 —
959 2611 1142 2681 Igitur
1185 2627 1313 2665 cum
1364 2611 1484 2664 dies
1524 2610 1696 2665 tertia
1736 2611 2010 2681 passionis

419 2707 743 2758 sanctorum
758 2705 1072 2771 martyrum
1089 2699 1384 2766 illuxisset,
1400 2703 1458 2752 et
1473 2699 1658 2769 Vigila
1665 2699 1816 2754 ntius
1829 2699 1902 2753 ad
1921 2716 2011 2754 se-

420 2791 681 2863 pulcrum
712 2805 910 2844 eorum
931 2787 1200 2842 orationis
1236 2787 1419 2857 gratia
1459 2787 1792 2854 devenisset,
1826 2787 2010 2842 subito

418 2878 682 2950 apparuit
699 2877 751 2932 ei
770 2877 972 2932 beatus
998 2877 1215 2942 Astion,
1248 2882 1307 2931 et
1327 2875 1461 2931 dicit
1481 2876 1552 2930 ad
1583 2893 1712 2930 eum
1741 2894 1752 2930 :
1786 2876 2014 2931 Genito-

417 2984 510 3023 res
538 2967 652 3021 mei
679 2966 750 3021 ad
771 2965 1132 3038 quaerendum
1165 2981 1258 3019 me
1291 2959 1362 3019 de
1397 2965 1582 3036 patria
1621 2970 1816 3019 nostra
1845 2965 2011 3019 hodie

417 3057 529 3111 huc
555 3061 690 3110 sunt
725 3053 964 3110 venturi.
990 3054 1146 3125 Rogo
1172 3053 1348 3124 igitur
1369 3059 1445 3120 te,
1465 3053 1640 3108 frater
1659 3053 2004 3120 charissime,

413 3144 620 3200 festina
646 3143 983 3198 descendere
1013 3143 1084 3197 ad
1107 3147 1350 3214 portum,
1375 3147 1432 3196 et
1451 3142 1669 3213 suscipe
1695 3159 1790 3196 eos
1819 3143 1878 3196 in
1909 3143 2012 3197 do-

2095 569 2262 626 hodie
2290 570 2496 638 videre,
2521 570 2853 626 indumenta
2881 587 3022 626 auro
3071 575 3232 626 texta
3261 577 3320 626 te
3348 571 3683 642 adoperiam,

2094 663 2264 728 atque
2292 658 2593 714 dimidium
2622 660 2899 716 bonorum
2925 677 3184 715 meorum
3213 659 3316 716 tibi
3340 659 3679 716 condonabo.

2093 747 2179 800 Ad
2191 746 2308 802 haec
2327 748 2668 818 Vigilantius
2678 750 2969 822 respondit
2991 767 3004 803 :
3030 750 3130 805 Ille
3152 755 3283 804 ante
3299 749 3549 804 triduum
3562 749 3690 805 hinc

2095 851 2374 906 egressus,
2388 836 2447 891 in
2475 837 2766 908 regionem
2786 837 3094 893 ambulavit
3117 839 3506 910 longinquam,
3522 843 3690 910 atque

2093 923 2388 980 dimidium
2417 925 2744 982 substantia
2765 943 2879 983 sum
2908 944 3022 982 una
3048 944 3177 982 cum
3205 927 3372 982 domo
3399 927 3691 982 mihicum

2093 1013 2338 1083 quadam
2367 1014 2624 1069 chartula
2650 1015 3080 1082 commendavit,
3135 1015 3323 1070 dicens
3353 1033 3365 1068 :
3395 1015 3454 1070 Si
3485 1015 3692 1088 aliquis

2093 1102 2326 1169 venerit,
2358 1103 2564 1158 missus
2591 1120 2625 1158 a
2653 1109 2812 1176 patre
2834 1120 2958 1158 meo
2978 1105 3048 1158 ad
3070 1104 3434 1176 quaerendum
3463 1121 3578 1172 me,
3613 1105 3693 1160 in-

2091 1191 2290 1246 troduc
2313 1207 2442 1246 eum
2459 1192 2518 1246 in
2537 1193 2681 1247 hanc
2702 1193 3101 1248 domunculam
3121 1209 3326 1258 meam,
3345 1193 3587 1248 etdicito
3607 1193 3687 1248 ei:

2093 1279 2222 1333 Haec
2241 1279 2379 1335 dicit
2394 1281 2594 1336 Astion
2622 1281 2958 1336 monachus:
2985 1281 3210 1336 Sustine
3237 1297 3328 1336 me
3353 1281 3443 1336 hic
3472 1283 3691 1354 quoad-

2092 1384 2270 1439 usque
2293 1370 2521 1424 redeam
2551 1371 2623 1424 ad
2653 1375 2710 1424 te
2733 1387 2862 1425 cum
2890 1370 3091 1425 salute.
3116 1371 3275 1436 Quod
3297 1376 3355 1425 et
3369 1371 3418 1424 si
3446 1371 3693 1426 volueris

2093 1457 2270 1512 haeres
2294 1475 2432 1513 mea
2447 1458 2778 1514 substantia
2793 1476 2933 1527 esse,
2949 1459 3152 1514 festina
3169 1460 3431 1514 universa
3447 1459 3547 1514 illa
3569 1477 3693 1531 qua

2093 1545 2152 1600 in
2173 1545 2278 1600 hoc
2303 1546 2446 1601 libro
2473 1549 2683 1620 scripta
2701 1554 2835 1602 sunt
2863 1548 3190 1620 adimplere,
3225 1554 3284 1602 et
3307 1553 3426 1602 esto
3452 1548 3696 1602 feliciter

2094 1634 2236 1688 nihil
2255 1634 2536 1691 dubitans.
2561 1637 2630 1690 Et
2649 1642 2829 1690 mater
2847 1656 2859 1691 :
2877 1637 3011 1702 Quae
3033 1637 3258 1703 dicitur,
3291 1637 3493 1708 inquit,
3535 1637 3697 1707 regio

2094 1722 2210 1790 illa,
2225 1738 2334 1794 quo
2351 1723 2600 1794 porrexit
2613 1724 2966 1779 dulcissimus
2995 1741 3154 1779 meus
3171 1729 3228 1779 et
3243 1724 3442 1778 unicus
3451 1724 3656 1780 Astion
3673 1726 3698 1778 ?

2031 1798 2430 1882 BVigilantius
2458 1814 2747 1884 respondit
2779 1834 2791 1868 :
2820 1813 2995 1885 Regio
3025 1812 3404 1881 robustorum,
3436 1830 3537 1869 seu
3583 1815 3698 1867 for-

2094 1900 2237 1955 tium
2256 1902 2522 1956 virorum.
2561 1902 2631 1956 Et
2658 1907 2842 1956 mater
2873 1920 2884 1955 :
2921 1903 3067 1957 Sunt
3095 1902 3271 1973 aliqui
3298 1902 3561 1956 homines
3601 1902 3700 1957 ibi-

2094 1989 2222 2044 dem
2243 1991 2698 2044 commanentes?
2717 1990 3056 2061 Vigilantius
3067 1991 3358 2062 respondit
3379 2010 3390 2046 :
3415 1992 3625 2047 Plures
3645 1997 3702 2046 et

2095 2079 2252 2133 valde
2281 2079 2497 2134 nobiles
2515 2079 2814 2146 habentur,
2829 2096 3069 2152 quorum
3097 2080 3376 2152 possessio
3391 2080 3700 2152 paradisus

2093 2167 2324 2236 dicitur;
2369 2185 2610 2240 quorum
2643 2169 3004 2224 tabernacula
3050 2184 3117 2223 ex
3151 2169 3364 2224 lumine
3393 2175 3530 2224 sunt
3559 2186 3698 2224 con-

2093 2261 2333 2326 structa;
2379 2273 2618 2329 quorum
2646 2258 2759 2312 vita
2811 2258 2961 2313 Deus
2989 2263 3091 2326 est,
3121 2263 3178 2312 et
3215 2259 3566 2314 conversatio
3599 2259 3699 2312 im-

2095 2346 2349 2400 mortalis
2379 2347 2596 2414 existit;
2646 2363 2888 2418 quorum
2931 2351 3112 2402 vestes
3141 2347 3414 2418 sanguine
3443 2354 3588 2401 sunt
3616 2364 3702 2402 re-

2094 2451 2318 2506 spersae,
2351 2441 2409 2490 et
2431 2436 2492 2490 in
2520 2437 2700 2506 capite
2729 2452 2948 2490 coronae
2985 2452 3051 2490 ex
3075 2451 3213 2491 auro
3233 2435 3537 2508 purissimo
3568 2453 3698 2492 cum
3739 2436 3757 2452 ⁸

2091 2524 2333 2593 gemmis
2349 2525 2520 2578 variis
2532 2524 2814 2580 fabricate
2824 2523 3122 2578 habentur.
3131 2523 3238 2579 Sed
3252 2530 3310 2578 et
3323 2524 3438 2579 Rex
3451 2524 3700 2580 nimium

2094 2612 2518 2682 potentissimus
2535 2628 2599 2666 ac
2611 2612 2946 2668 metuendus
2957 2618 3043 2667 est
3057 2613 3116 2667 in
3127 2613 3324 2667 eadem
3343 2613 3702 2684 regione,cu-

2088 2701 2183 2771 jus
2197 2717 2402 2754 nomen
2413 2701 2561 2756 Deus
2571 2701 2805 2756 deorum
2816 2705 2874 2754 et
2885 2701 3122 2755 Dominu
3130 2718 3156 2754 s
3169 2701 3595 2757 dominantium
3607 2719 3703 2774 ap-

2093 2789 2715 2860 pellatur;cujusnuntii
2725 2789 3186 2860 angelidicuntur
3188 2789 3440 2860 justitize,
3450 2807 3702 2862 quorum

2094 2877 2262 2932 vestis
2275 2895 2388 2932 una
2399 2884 2485 2934 est
2494 2878 2772 2944 omnibus,
2799 2883 2856 2933 et
2865 2883 3048 2932 tactus
3059 2895 3254 2934 eorum
3274 2879 3393 2950 igni
3415 2880 3705 2934 assimila-

2092 2971 2190 3020 tur
2225 2967 2434 3024 urenti.
2461 2967 2566 3021 Sed
2609 2972 2668 3022 et
2693 2973 2922 3022 senatus
2949 2967 3118 3038 hujus
3147 2967 3506 3038 imperatoris
3531 2969 3702 3023 valde

2094 3055 2278 3110 clarus
2293 3054 2558 3123 habetur;
2585 3061 2642 3111 et
2656 3056 2842 3110 media
2850 3073 2981 3128 pars
3001 3056 3289 3128 prophetae
3307 3063 3698 3128 nuncupatur,

2095 3143 2192 3197 alii
2218 3160 2347 3198 vero
2376 3145 2614 3216 apostoli
2631 3144 3092 3216 pronuntiantur.
3118 3145 3228 3200 Sed
3245 3150 3303 3199 et
3322 3145 3519 3200 civitas
3530 3146 3702 3201 istius

412 3250 571 3290 mum
599 3238 777 3299 tuam,
801 3237 972 3303 atque
990 3248 1092 3302 per
1107 3232 1298 3286 omnia
1321 3232 1608 3286 consolare
1621 3242 1741 3298 'eos,
1767 3248 1832 3286 eo
1861 3231 2010 3303 quod
2037 3231 2262 3302 CRegis
2289 3232 2450 3286 valde
2479 3237 2565 3287 est
2588 3233 2874 3304 praeclara,
2906 3248 3225 3304 nomenque
3243 3233 3366 3304 ejus
3382 3234 3701 3290 Christico-

411 3327 644 3396 propter
682 3339 773 3377 me
799 3321 985 3377 valida
1009 3326 1144 3376 sunt
1168 3320 1402 3375 tristitia
1422 3321 1726 3385 macerati;
1758 3322 1857 3376 sed
1882 3321 2010 3374 etin

409 3417 696 3484 postremo
711 3411 780 3466 de
801 3410 1106 3466 Salvatoris
1129 3411 1306 3464 nostri
1321 3410 1430 3464 ﬁde
1450 3415 1618 3480 atque
1640 3409 1872 3464 diversis
1887 3427 2008 3464 ma-

410 3499 672 3572 gnalibus
695 3499 866 3554 facias
895 3515 991 3556 eos
1017 3515 1264 3552 monere.
1290 3499 1420 3552 Haec
1443 3503 1499 3551 et
1511 3499 1673 3569 plura
1686 3498 1891 3552 horum
1913 3514 2010 3554 au-

410 3590 571 3645 diens
599 3587 960 3659 Vigilantius,
991 3587 1148 3641 dedit
1177 3587 1416 3657 gloriam
1439 3588 1575 3654 Deo,
1595 3593 1652 3642 et
1664 3587 1859 3641 statim
1881 3603 2010 3642 cum

411 3677 769 3733 festinatione
789 3677 861 3730 ad
877 3676 1108 3730 ﬂuvium
1129 3675 1434 3730 descendit.
1455 3675 1526 3730 Et
1565 3691 1710 3741 ecce,
1737 3675 1885 3730 circa
1905 3675 2008 3730 ho-

409 3782 534 3821 ram
561 3765 790 3821 tertiam
819 3764 998 3820 cernit
1022 3763 1334 3818 naviculam
1359 3781 1591 3836 parvam
1615 3761 1800 3818 subito
1824 3764 2008 3836 appli-

410 3854 594 3908 cuisse
622 3853 693 3906 ad
723 3858 967 3923 portum.
1001 3854 1256 3923 Cumque
1275 3853 1485 3923 egressi
1514 3853 1584 3907 de
1605 3855 1732 3907 navi
1771 3853 2006 3924 epibata:

413 3940 502 4009 (10
507 3948 526 4010 )
553 3941 808 4008 fuissent,
835 3947 1126 4012 cmperunt
1145 3958 1180 3994 a
1197 3941 1688 3997 circumstantibus
1701 3941 1911 3996 ibidem
1923 3943 2006 3995 vi-

409 4029 490 4084 ris
517 4029 754 4084 sollicite
777 4029 1084 4100 inquirere,
1129 4030 1175 4084 si
1213 4031 1418 4102 aliquis
1457 4047 1652 4086 eorum
1701 4031 2003 4102 aliquando

407 4117 660 4172 audisset
677 4117 906 4185 ibidem,
929 4123 1029 4172 aut
1046 4119 1276 4173 vidisset
1289 4121 1573 4189 juvenem,
1584 4119 1783 4174 Astion
1795 4134 2004 4174 nomen

405 4207 729 4263 habentem.
763 4207 1016 4278 Cumque
1041 4207 1202 4262 multi
1225 4209 1402 4262 multa
1430 4209 1500 4262 de
1528 4224 1594 4262 eo
1613 4207 1882 4274 dicerent,
1913 4207 2005 4262 Vi-

405 4295 676 4368 gilantius
703 4297 1044 4368 supervenit,
1077 4302 1135 4352 et
1156 4296 1297 4350 dixit
1327 4315 1338 4350 :
1375 4298 1489 4368 Ego
1508 4313 1638 4352 vere
1659 4296 1771 4351 vidi
1803 4303 1860 4350 et
1873 4295 2001 4351 novi

406 4402 557 4440 eum.
588 4384 698 4442 Sed
728 4385 954 4440 interim
995 4385 1180 4441 venite
1207 4385 1268 4440 in
1289 4387 1517 4440 domum
1547 4390 1828 4448 meam,et
1841 4386 2000 4456 quie-

2091 3319 2162 3374 lis
2182 3321 2582 3392 pronuntiatur
2608 3322 2768 3392 cujus
2790 3337 2986 3376 murus
3011 3337 3076 3376 ex
3105 3337 3244 3376 auro
3273 3323 3586 3394 purissimo
3617 3330 3705 3378 est

2092 3413 2464 3476 constructus,
2488 3409 2700 3463 habens
2729 3415 2922 3481 portas
2951 3409 3248 3464 duodecim
3268 3415 3323 3464 et
3339 3411 3400 3465 in
3422 3411 3566 3482 ipsis
3588 3413 3701 3466 sin-

2089 3498 2236 3568 gulae
2263 3498 2582 3569 dependent
2601 3498 2938 3568 margarita,
2956 3504 3126 3569 atque
3155 3499 3360 3570 singuli
3385 3515 3456 3554 ex
3471 3506 3703 3556 senato-

2091 3585 2246 3640 ribus
2277 3603 2378 3657 per
2413 3587 2664 3658 singulas
2691 3587 2888 3642 sedent
2918 3587 3302 3642 indesinenter
3331 3591 3518 3658 (Apoc.
3554 3595 3695 3660 xxx).

2091 3675 2160 3729 Et
2186 3675 2370 3745 prima
2396 3675 2622 3746 quidem
2643 3682 2807 3746 porta
2825 3675 3030 3730 dicitur
3047 3673 3220 3744 Petri,
3235 3678 3487 3732 secunda
3507 3679 3698 3747 Pauli,

2090 3763 2260 3818 tertia
2285 3763 2542 3830 Andreae,
2563 3769 2766 3835 quarta
2792 3765 3044 3832 Joannis,
3083 3765 3283 3836 quinta
3305 3765 3522 3834 Jacobi,
3539 3773 3702 3822 sexta

2089 3851 2350 3922 Philippi,
2376 3852 2614 3924 septima
2637 3853 3051 3920 Bartholomaei,
3073 3859 3267 3908 octava
3279 3854 3533 3924 Thomas,
3547 3872 3704 3910 nona

2089 3940 2357 4006 Matthaei,
2389 3940 2608 3994 decima
2631 3941 2877 4008 Thadaei,
2919 3941 3216 3996 undecima
3255 3943 3525 4012 Simonis,
3561 3945 3703 3998 duo-

2087 4028 2304 4083 decima
2323 4030 2594 4084 Matthiae.
2609 4030 2718 4084 Sed
2741 4034 2798 4085 et
2815 4032 3088 4102 templum
3105 4031 3404 4087 miriﬁcum
3423 4039 3515 4087 est
3534 4033 3597 4088 in
3609 4051 3698 4100 ea,

2086 4116 2299 4171 habens
2313 4118 2518 4174 Sancta
2528 4124 2850 4173 sanctorum
2862 4126 2919 4174 et
2929 4121 3107 4174 altare
3121 4136 3354 4176 aureum
3363 4126 3520 4190 ;ante
3532 4124 3700 4192 cujus

2085 4211 2445 4277 conspectum
2461 4205 2540 4260 vir
2551 4207 2782 4278 quidam
2797 4212 2948 4262 astat
2962 4207 3252 4275 miriﬁcus,
3275 4213 3477 4264 tenens
3497 4209 3700 4264 decem

2085 4295 2422 4350 chordarum
2439 4295 2860 4366 psalterium,ac
2870 4296 3086 4366 jugiter
3105 4295 3314 4351 ibidem
3327 4297 3606 4368 degentes
3625 4299 3700 4352 ad

2081 4383 2309 4438 laudem
2321 4384 2490 4454 Regis
2499 4384 2650 4462 illius
2661 4385 3006 4453 cohortatur,
3014 4385 3221 4440 dicens:
3240 4386 3494 4442 Laudate
3503 4387 3700 4442 Domi-

403 4475 544 4530 scite
575 4479 768 4540 220
794 4475 1080 4546 pusillum,
1106 4491 1172 4528 eo
1191 4475 1340 4544 quod
1367 4474 1528 4528 valde
1547 4473 1766 4544 fatigati
1787 4473 1922 4528 estis
1945 4473 2006 4528 in
2023 4467 2074 4526 D
2088 4489 2225 4526 num
2235 4473 2304 4527 de
2325 4473 2732 4540 coelis,laudate
2749 4489 2880 4528 eum
2897 4490 3091 4528 omnes
3107 4475 3292 4546 angeli
3304 4475 3700 4546 ejus,laudate

403 4563 550 4631 navi,
583 4567 640 4618 et
667 4563 1046 4634 postmodum,
1075 4562 1124 4616 si
1151 4562 1340 4628 vultis,
1359 4578 1462 4633 ego
1482 4579 1580 4617 vos
1598 4563 1668 4617 ad
1697 4579 1846 4630 eum,
1871 4579 2000 4616 cum

403 4657 783 4724 opportunum
794 4651 1110 4717 fuerit,sine
1120 4651 1309 4722 aliqua
1325 4667 1486 4704 mora
1496 4651 1899 4722 perducam.At
1914 4651 1996 4705 illi

400 4741 752 4812 procidentes
773 4741 846 4795 ad
861 4756 1050 4811 genua
1069 4741 1192 4810 ejus
1216 4743 1510 4810 cciaperunt
1527 4739 1747 4794 fortiter
1773 4741 1996 4811 plantas

403 4831 527 4899 ejus
539 4829 939 4900 constringere,
965 4829 1282 4884 osculantes
1294 4834 1464 4900 atque
1476 4827 1850 4896 obsecrantes,
1872 4835 1935 4884 ut
1949 4828 1998 4883 si

401 4915 664 4988 possibile
675 4916 780 4970 sibi
791 4923 1268 4989 esset,antequam
1277 4917 1462 4972 cibum
1475 4923 1757 4988 caperent,
1765 4917 1999 4988 perdue-

401 5010 532 5060 rent
551 5021 645 5059 eos
661 5005 732 5059 ad
751 5002 1007 5061 illum.Et
1016 5007 1356 5078 Vigilantius
1371 5007 1444 5061 ad
1461 5007 1605 5060 haec:
1632 5007 1819 5061 Facite
1839 5006 1996 5078 prius

401 5094 632 5149 interim
661 5109 784 5165 quae
798 5100 1024 5164 rogo,ut
1035 5101 1091 5150 et
1105 5112 1208 5168 ego
1222 5101 1468 5150 vestram
1481 5095 1810 5168 petitionem
1827 5101 1995 5166 atque

400 5183 747 5240 voluntatem
761 5183 1308 5257 impleam.Cumque
1323 5186 1554 5240 domum
1566 5185 1741 5256 ipsius
1756 5184 1996 5255 ingressi

397 5273 656 5341 fuissent,
689 5279 748 5328 et
775 5273 847 5328 ad
877 5290 1131 5328 mensam
1168 5275 1570 5340 consedissent,
1605 5273 1774 5346 coepit
1813 5279 1996 5328 mater

398 5363 578 5418 sancti
597 5362 848 5418 Astionis
864 5362 1313 5432 adVigilantium
1332 5363 1523 5417 taliter
1538 5363 1720 5417 dicere
1744 5380 1756 5415 :
1784 5362 1843 5416 Si
1855 5363 1993 5416 mihi

395 5453 583 5508 locum
610 5450 1103 5518 demonstraveris,
1127 5467 1160 5504 o
1178 5451 1498 5506 dulcissime
1525 5451 1719 5520 frater,
1739 5449 1994 5506 ubinunc

395 5557 556 5597 meus
578 5541 780 5596 unicus
809 5539 1371 5607 demoratur-Astion,
1403 5541 1569 5594 hodie
1601 5556 1867 5596 coronam
1895 5555 1990 5595 au-

397 5646 554 5686 ream
580 5629 754 5702 capiti
771 5634 870 5684 tuo
887 5627 1194 5699 imponam.
1219 5627 1493 5684 Similiter
1512 5645 1734 5700 quoque
1754 5633 1814 5684 et
1830 5633 1993 5700 pater

2081 4577 2212 4616 eum
2231 4578 2428 4616 omnes
2445 4561 2682 4616 virtutes
2697 4556 2821 4632 ejus
2837 4565 2998 4631 (Psal.
3023 4567 3264 4634 chvm).
3289 4565 3474 4636 Hujus
3494 4566 3698 4637 itaque

2079 4651 2488 4718 nomen,David
2510 4651 2658 4706 ﬁlius
2677 4652 2706 4706 J
2711 4668 2835 4706 esse
2857 4652 3391 4722 pronuntiatur.Sed
3410 4659 3471 4708 et
3485 4655 3698 4726 plateae

2077 4739 2248 4810 hujus
2283 4739 2524 4794 civitatis
2547 4756 2612 4794 ex
2629 4755 2768 4795 auro
2787 4741 3088 4812 purissimo
3119 4748 3253 4796 sunt
3273 4747 3486 4808 stratae,
3525 4745 3698 4815 cujus

2079 4828 2282 4883 ﬂuvius
2291 4828 2463 4882 vitam
2475 4834 2742 4884 aeternam
2754 4831 3092 4902 emanat,cuj
3103 4847 3166 4885 us
3179 4833 3325 4902 pomi
3333 4830 3452 4886 fera
3459 4848 3569 4903 per
3577 4834 3698 4888 sin-

2075 4917 2239 4987 gulos
2254 4933 2473 4972 menses
2491 4917 2738 4974 reddunt
2754 4918 2964 4974 fructos
2981 4936 3131 4986 suos,
3157 4927 3215 4974 et
3229 4920 3364 4974 folia
3384 4937 3590 4976 eorum
3619 4922 3696 4976 ad

2077 5005 2550 5060 medicamentum
2561 5007 3699 5079 proceduntanimarum;cujuslumenin—

2077 5093 2390 5148 enarrabile
2399 5100 2568 5162 est,et
2583 5101 2758 5166 portae
2777 5113 3067 5168 nunquam
3078 5097 3512 5164 clauduntur,eo
3531 5099 3697 5170 quod

2077 5199 2368 5254 nunquam
2407 5181 2484 5236 ibi
2509 5199 2618 5238 nox
2647 5183 2771 5251 erit,
2806 5201 2910 5238 nec
2937 5185 3064 5240 ulla:
3103 5185 3348 5240 tenebrae
3375 5185 3690 5255 habentur,

2077 5272 2178 5326 sed
2199 5288 2422 5343 semper
2440 5273 2712 5342 gaudium
2729 5278 2787 5326 et
2800 5279 3072 5344 perpetua
3080 5274 3277 5328 laetitia
3298 5273 3509 5329 ibidem
3523 5277 3693 5347 jugi-

2075 5356 2164 5414 ter
2190 5366 2588 5415 commoratur.
2621 5361 2688 5416 Et
2733 5361 2937 5416 mulier
2974 5362 3047 5416 ad
3074 5362 3192 5416 haec
3229 5363 3522 5436 respondit
3555 5384 3570 5418 :
3619 5365 3697 5421 Et

2075 5467 2190 5506 non
2207 5450 2883 5517 intellexisti,charissime
2904 5451 3098 5519 frater,
3123 5469 3158 5506 a
3171 5468 3281 5524 quo
3301 5463 3531 5508 vocatus
3565 5454 3694 5510 illic

2072 5555 2232 5595 meus
2258 5540 2457 5596 Astion
2488 5540 2753 5612 perrexit,
2785 5557 2858 5596 ne
2879 5541 2937 5596 in
2965 5541 3156 5614 aliqua
3177 5541 3342 5614 culpa
3365 5541 3694 5613 deprehen-

2073 5643 2168 5684 sus
2191 5627 2284 5694 sit,
2300 5628 2387 5682 vel
2402 5644 2474 5683 ne
2498 5628 2781 5700 quispiam
2802 5645 2868 5684 ex
2897 5629 3196 5686 comitibus
3214 5635 3364 5691 aute
3391 5631 3687 5685 senatori-
