3942 6200
256 324 362 381 409

703 322 875 378 VITA
911 320 1353 377 SANCTORUM
1389 318 1714 376 EPICTETI
1752 315 2197 374 PRESBYTERI
2236 317 2325 375 ET
2360 319 2695 377 ASTIONIS
2732 322 3084 382 MONACHI.

3417 325 3525 383 410

252 450 358 506 bus
387 449 487 521 qui
509 448 623 503 illic
650 448 1017 503 demorantur
1035 462 1166 500 eum
1181 444 1581 511 convocavit,et
1607 442 1712 497 sibi
1734 441 1904 502 ἴον-Α
1924 441 2161 510 nientes,
2194 445 2635 515 praedicaverunt
2662 465 2792 504 eum
2822 467 2942 505 esse
2980 456 3299 515 venturum,
3318 458 3376 506 et
3403 469 3516 508 non

248 541 401 594 sitan
428 555 545 610 prae
574 537 751 591 nimia
779 536 1193 608 pulchritudine
1232 536 1355 606 ejus
1398 534 1457 587 in
1500 533 1679 589 ﬁlium
1718 547 1848 585 eum

248 627 576 699 adoptavit?
598 627 667 680 Et
693 625 1061 696 Vigilantius:
1093 625 1177 679 Ab
1200 625 1344 696 ipso,
1368 622 1571 694 inquit,
1595 621 1848 693 principe

247 716 498 787 regionis
513 714 662 770 illius
679 730 806 768 cum
827 713 1006 768 multo
1031 714 1242 768 honore
1268 717 1325 767 et
1350 711 1620 766 comitatu
1639 709 1848 763 ibidem

244 811 478 863 vocatus
494 803 758 876 perrexit.
783 803 898 872 Ego
922 801 1203 873 siquidem
1229 808 1361 857 tunc
1387 800 1676 854 ministros
1695 798 1847 869 ipsos

246 895 442 951 videre
462 910 575 949 non
595 893 779 965 potui;
804 898 1057 947 attamen
1076 891 1220 947 sicut
1237 892 1359 963 ipse
1381 890 1522 944 mihi
1544 888 1842 954 referebat,

247 983 413 1038 valde
451 981 828 1054 pulcherrimo
873 997 939 1035 ac
967 980 1258 1052 splendido
1285 981 1442 1034 vultu
1470 978 1841 1043 habebantur,

245 1075 514 1143 gerentes
538 1088 712 1126 aurea
739 1087 899 1126 arma
920 1076 979 1125 et
1004 1069 1371 1142 hyacinthina
1398 1068 1748 1123 indumenta.
1777 1066 1849 1121 Et

246 1160 387 1233 quia
427 1160 488 1214 in
515 1160 621 1213 hac
648 1166 842 1214 nostra
867 1159 1097 1231 regione
1133 1158 1377 1213 ﬁdeliter
1404 1172 1472 1212 ex
1510 1161 1626 1212 toto
1656 1155 1845 1211 animo

247 1266 377 1323 quae
405 1249 513 1304 sibi
541 1248 612 1302 ab
640 1249 735 1303 illo
757 1249 1014 1320 injuncta
1039 1249 1263 1303 fuerant
1287 1246 1631 1317 adimplevit,
1655 1245 1758 1299 hac
1778 1246 1847 1299 de

244 1354 424 1393 causa
441 1354 574 1393 eum
608 1338 740 1391 illuc
764 1354 866 1408 per
911 1353 1042 1391 suos
1070 1336 1359 1390 ministros
1387 1332 1608 1389 dicebat
1633 1333 1847 1387 vocita-

242 1432 374 1482 tum
388 1427 581 1492 fuisse,
607 1433 671 1480 ut
698 1427 1075 1497 principatum
1096 1426 1148 1480 ei
1175 1425 1450 1490 videlicet,
1469 1440 1638 1494 super
1655 1421 1846 1476 decem

1930 536 2062 585 sunt
2079 534 2317 604 recepti;
2342 536 2428 589 vel
2459 539 2735 607 quomodo
2755 540 3027 595 Dominus
3048 542 3196 597 Deus
3223 546 3414 597 noster
3433 543 3521 597 Je-

1929 637 2023 674 sus
2053 621 2328 690 Christus,
2362 625 2457 695 qui
2483 630 2570 679 est
2597 626 2795 682 unicus
2823 629 3026 697 Patris,
3054 631 3301 686 Verbum
3330 648 3395 686 ac
3416 632 3523 688 Sa-

1928 711 2160 781 pientia,
2191 710 2367 767 virtus
2391 714 2600 769 scilicet
2626 733 2691 771 ac
2721 718 2983 787 splendor
3012 720 3222 789 gloriae,
3257 720 3520 790 dignatus

1928 799 2001 854 sit
2027 801 2085 855 in
2113 801 2428 857 novissimis
2457 803 2671 871 diebus,
2706 805 2776 860 de
2807 807 3019 877 Spiritu
3042 815 3234 864 sancto
3259 815 3316 864 et
3343 809 3524 866 Maria

1928 905 2150 960 semper
2185 890 2400 961 virgine
2428 891 2487 947 in
2521 894 2731 948 mundo
2779 896 2933 950 nasci
2966 915 2978 963 ;
3008 902 3065 952 et
3095 899 3372 969 quomodo
3394 899 3518 954 illos

1930 982 2026 1053 qui
2054 982 2231 1036 secuti
2278 987 2411 1036 sunt
2438 999 2587 1050 eum,
2619 984 2920 1056 discipulos
2956 1003 3087 1040 suos
3116 987 3246 1042 fecit
3286 1004 3430 1055 esse,
3465 993 3523 1043 et

1928 1072 2159 1125 mittens
2189 1088 2283 1125 eos
2313 1073 2382 1126 ad
2412 1072 2828 1143 praedicandum
2857 1074 3089 1129 verbum
3119 1077 3315 1131 salutis
3334 1077 3521 1147 genti-

1927 1158 2051 1226 bus,
2083 1159 2348 1231 apostolis
2368 1160 2701 1231 imposuerit
2729 1178 2934 1217 nomen
2956 1182 2967 1216 :
2993 1163 3091 1217 sed
3117 1167 3175 1216 et
3193 1164 3341 1235 quod
3362 1166 3522 1235 regni

1929 1249 2018 1303 sui
2048 1249 2348 1319 participes
2378 1265 2472 1303 eos
2519 1249 2781 1317 effecerit,
2812 1252 2907 1322 qui
2943 1252 3114 1322 hujus
3162 1253 3348 1307 saeculi
3389 1269 3521 1307 con-

1927 1338 2260 1409 tempserint
2276 1338 2858 1411 vanitatem,etipsum
2879 1340 3061 1394 solum
3083 1357 3252 1412 super
3272 1358 3520 1397 amorem

1929 1426 2372 1498 propinquorum
2387 1427 2702 1497 diligerent.
2719 1431 2968 1500 Curaque
2988 1430 3107 1484 haec
3124 1436 3181 1483 et
3190 1430 3392 1485 horum
3409 1446 3525 1484 am-

242 1516 524 1581 civitates,
544 1516 901 1569 condonaret.
920 1516 990 1570 Et
1004 1519 1211 1569 mater:
1232 1516 1404 1569 Putas
1423 1512 1669 1583 igiturin
1687 1517 1851 1566 tanta
1927 1516 2109 1588 pliora
2134 1517 2417 1587 sapienter
2438 1517 2518 1570 eis
2539 1517 2877 1586 Vigilantius
2906 1518 3281 1583 disseruisset,
3318 1519 3525 1573 iterum

239 1605 430 1675 gloria
455 1620 606 1657 nunc
625 1603 831 1658 ibidem
848 1604 1064 1674 positus
1081 1602 1251 1657 habet
1263 1602 1596 1656 memoriam
1633 1601 1851 1656 nostri?
1931 1611 2207 1659 venerunt
2233 1606 2291 1658 in
2313 1606 2498 1660 locum
2530 1606 2690 1660 illum
2719 1605 2814 1660 ubi
2840 1607 3107 1677 scriptum
3137 1613 3253 1662 est:
3286 1608 3355 1663 Et
3385 1608 3526 1662 dixit

238 1693 317 1748 Et
334 1692 678 1762 Vigilantius
695 1711 706 1746 :
726 1692 826 1746 Ille
839 1692 1064 1763 quidem
1076 1690 1407 1745 memoriam
1423 1691 1593 1745 vestri
1611 1690 1849 1745 nimium
1868 1756 1908 1768 ﬂ
1931 1695 1959 1749 J
1964 1711 2092 1749 esus
2115 1693 2403 1765 discipulis
2432 1695 2550 1749 suis
2575 1713 2586 1747 :
2620 1697 2801 1749 Amen
2831 1712 2996 1750 amen
3034 1696 3157 1750 dico
3180 1696 3350 1761 vobis,
3392 1697 3524 1768 quia

236 1780 418 1836 habet
443 1782 504 1835 in
537 1786 743 1849 mente,
776 1787 834 1836 et
861 1782 1019 1835 valde
1048 1781 1204 1851 cupit
1231 1797 1326 1834 vos
1350 1781 1513 1850 juxta
1543 1797 1603 1835 se
1640 1779 1847 1836 habere
1868 1756 1910 1815 Β
1929 1784 2111 1838 omnis
2140 1784 2236 1855 qui
2280 1800 2369 1838 me
2410 1784 2693 1838 confessus
2730 1783 2903 1838 fuerit
2949 1800 3139 1839 coram
3178 1784 3517 1850 hominibus,

237 1887 487 1942 semper,
522 1871 568 1924 si
597 1876 787 1925 tamen
817 1888 887 1925 ea
913 1888 1036 1942 quae
1076 1870 1286 1941 scripta
1313 1875 1443 1924 sunt
1491 1869 1550 1924 in
1578 1869 1723 1924 libro
1751 1870 1847 1923 illo
1930 1872 2236 1927 conﬁtebor
2267 1878 2321 1927 et
2352 1889 2457 1943 ego
2487 1890 2617 1927 eum
2655 1890 2842 1927 coram
2863 1874 3029 1928 Patre
3051 1890 3195 1941 meo,
3220 1874 3315 1944 qui
3344 1881 3431 1929 est
3463 1875 3522 1929 in

239 1976 415 2030 quem
430 1960 573 2014 mihi
594 1960 823 2031 reliquit
835 1959 1144 2031 adimplere
1165 1959 1470 2014 volueritis.
1490 1960 1556 2014 Et
1575 1959 1847 2013 materad
1929 1962 2081 2016 caelis
2106 1981 2117 2029 ;
2160 1963 2255 2033 qui
2287 1968 2474 2017 autem
2513 1962 2801 2032 negaverit
2843 1978 2933 2016 me
2962 1978 3149 2016 coram
3180 1962 3519 2027 hominibus,

236 2049 358 2104 haec
387 2068 403 2103 :
434 2050 745 2119 Age,ergo,
770 2055 828 2103 et
847 2049 1164 2120 depositum
1187 2048 1347 2103 nobis
1365 2047 1624 2103 celeriter
1640 2065 1842 2119 reprze-
1930 2051 2217 2122 denegabo
2248 2057 2304 2105 et
2332 2068 2435 2121 ego
2481 2067 2611 2104 eum
2640 2066 2830 2106 coram
2859 2051 3026 2106 Patre
3056 2068 3200 2118 meo,
3228 2051 3323 2124 qui
3353 2056 3438 2106 est
3464 2051 3524 2106 in

240 2144 427 2193 senta.
448 2139 522 2192 Et
540 2139 656 2193 haec
679 2138 948 2206 dicentes,
971 2155 1002 2192 e
1027 2155 1225 2192 mensa
1244 2137 1455 2209 pariter
1478 2144 1844 2208 consurgunt.
1930 2140 2102 2195 caelis.
2136 2141 2321 2195 Nolite
2351 2140 2524 2210 igitur
2551 2139 2833 2207 arbitrari,
2859 2140 2991 2212 quia
3015 2141 3143 2195 veni
3171 2157 3363 2211 pacem
3391 2140 3524 2195 mit-

312 2229 451 2283 CAP.
487 2229 662 2283 XXII.
695 2261 757 2271 —
782 2229 939 2284 Tunc
957 2228 1297 2299 Vigilantius
1327 2244 1619 2283 assumens
1643 2244 1756 2293 eos,
1789 2228 1851 2282 in

243 2318 449 2372 cellam
497 2322 819 2372 sanctorum
850 2323 1164 2390 martyrum
1202 2317 1548 2384 introduxit;
1583 2323 1641 2372 et
1667 2321 1851 2371 osten-

242 2407 384 2462 dens
415 2407 502 2460 eis
525 2407 864 2461 dominicam
891 2423 1112 2462 crucem
1131 2412 1187 2461 et
1212 2410 1633 2461 sacrosanctum
1660 2411 1840 2473 πει

245 2495 616 2564 Evangelium
634 2495 951 2559 Christi,ait
964 2495 1034 2548 ad
1061 2511 1181 2548 eos:
1207 2496 1337 2550 Haec
1355 2500 1488 2549 sunt
1511 2512 1633 2565 quae
1652 2495 1849 2549 Astion

245 2583 399 2637 ﬁlius
416 2587 604 2636 Vester
619 2582 757 2636 mihi
774 2583 1092 2653 dereliquit.
1108 2583 1167 2638 Si
1183 2566 1316 2653 ergo
1329 2583 1660 2655 mysterium
1679 2584 1849 2653 hujus

244 2669 451 2724 divinae
472 2670 695 2725 virtutis
716 2676 773 2725 et
791 2688 856 2725 ea
877 2688 999 2742 quae
1019 2672 1079 2726 in
1115 2672 1221 2726 hoc
1250 2670 1438 2726 codice
1467 2672 1677 2743 scripta
1694 2677 1844 2737 sunt,

244 2758 517 2826 feceritis,
548 2759 793 2830 profecto
833 2760 1090 2814 videbitis
1139 2776 1289 2825 eum,
1340 2766 1399 2815 et
1444 2777 1571 2815 cum
1617 2761 1738 2832 ipso
1790 2760 1850 2814 in

245 2854 593 2920 perpetuum
621 2849 779 2903 eritis
802 2849 861 2904 in
880 2850 977 2904 illa
1006 2851 1254 2921 regione.
1276 2851 1407 2906 Haec
1437 2851 1671 2907 audiens
1691 2856 1853 2922 pater

247 2940 394 3009 ejus,
439 2939 657 3010 accepit
685 2940 1046 3009 Evangelium
1086 2940 1295 2995 Christi
1324 2957 1437 3011 prae
1487 2940 1766 3007 manibus,
1796 2946 1854 2994 et

1929 2234 2050 2284 tere
2061 2230 2121 2283 in
2137 2233 2369 2296 terram;
2386 2245 2498 2282 non
2508 2230 2634 2284 veni
2654 2245 2851 2300 pacem
2871 2230 3118 2296 mittere,
3134 2230 3231 2283 sed
3246 2230 3498 2300 gladium
3511 2272 3523 2285 .

1929 2319 2071 2373 Veni
2083 2318 2234 2372 enim
2254 2334 2516 2389 separare
2531 2318 2816 2373 hominem
2827 2320 3093 2373 adversus
3106 2323 3321 2390 patrem
3333 2335 3496 2373 suum
3506 2358 3519 2385 ,

1931 2413 1989 2462 et
2008 2407 2178 2462 ﬁliam
2200 2408 2467 2461 adversus
2487 2412 2727 2462 matrem
2746 2404 2928 2473 suam,
2945 2413 3001 2462 et
3029 2425 3233 2462 nurum
3258 2408 3524 2462 adversus

1931 2513 2152 2551 socrum
2169 2513 2349 2563 suam,
2372 2502 2431 2550 et
2453 2496 2663 2550 inimici
2683 2496 2924 2551 hominis
2945 2496 3236 2551 domestici
3255 2498 3395 2566 ejus.
3417 2495 3526 2560 Qui

1931 2592 2086 2640 amat
2104 2590 2321 2656 patrem
2342 2591 2442 2639 aut
2460 2589 2698 2640 matrem
2721 2586 2847 2656 plus
2867 2601 3037 2657 quam
3061 2602 3170 2650 me,
3195 2601 3307 2639 non
3333 2591 3419 2639 est
3435 2601 3526 2638 me

1932 2674 2151 2743 dignus.
2180 2674 2250 2728 Et
2267 2674 2364 2745 qui
2392 2690 2505 2728 non
2524 2674 2727 2745 accipit
2752 2691 2973 2729 crucem
2992 2690 3172 2740 suam,
3198 2679 3254 2728 et
3268 2673 3528 2745 sequitur

1931 2779 2040 2829 me,
2056 2779 2168 2817 non
2190 2770 2274 2817 est
2292 2780 2382 2817 me
2398 2764 2623 2834 dignus.
2648 2764 2718 2818 Et
2729 2764 2823 2834 qui
2844 2763 3057 2817 invenit
3077 2763 3322 2817 animam
3342 2779 3524 2830 suam,

1932 2851 2131 2923 perdet
2150 2868 2296 2906 eam.
2319 2852 2388 2906 Et
2417 2852 2512 2923 qui
2531 2852 2838 2923 perdiderit
2857 2852 3106 2907 animam
3122 2869 3282 2907 suam
3298 2857 3530 2923 propter

1935 2957 2025 2994 me
2056 2946 2114 2994 et
2140 2941 2501 3011 Evangelium
2534 2957 2743 3007 meum,
2773 2941 3019 2995 inveniet
3050 2958 3172 2994 eam
3201 2942 3418 3012 (Matth.
3450 2945 3527 3010 χ).

244 3028 515 3100 aperiens
542 3028 794 3098 pervenit
821 3028 891 3082 ad
916 3046 1045 3083 eum
1066 3030 1250 3084 locum
1271 3028 1367 3083 ubi
1395 3029 1668 3084 Dominus
1688 3030 1717 3084 ,Ι
1723 3046 1852 3084 esus
1933 3029 2002 3083 Et
2030 3029 2237 3084 iterum
2272 3046 2285 3085 :
2321 3030 2461 3084 Cum
2492 3035 2681 3084 autem
2705 3030 3045 3084 tradiderint
3068 3047 3166 3084 vos
3196 3029 3342 3101 apud
3371 3045 3530 3097 reges

242 3117 471 3171 locutus
504 3123 590 3171 est
617 3118 687 3171 ad
715 3117 1018 3189 discipulos
1046 3136 1198 3185 suos,
1214 3118 1408 3173 dicens
1431 3137 1442 3171 :
1463 3119 1844 3185 Amen,amen
1866 3111 1911 3174 C
1931 3123 1988 3174 et
2015 3118 2299 3190 praesides,
2329 3119 2503 3173 nolite
2539 3119 2803 3189 cogitare,
2836 3118 3116 3190 quomodo
3144 3125 3244 3172 aut
3281 3117 3415 3188 quid
3446 3118 3528 3170 lo-

244 3206 368 3260 dico
399 3206 578 3272 vobis,
603 3206 751 3277 quod
781 3224 876 3261 vos
905 3207 1002 3279 qui
1031 3208 1211 3261 secuti
1241 3207 1377 3261 estis
1403 3224 1513 3273 me,
1539 3206 1596 3261 in
1624 3223 1853 3278 regene-
1934 3207 2206 3279 quamini.
2232 3208 2358 3262 Non
2373 3208 2523 3261 enim
2544 3224 2640 3261 vos
2657 3207 2809 3269 estis,
2835 3206 3256 3278 quiloquimini,
3280 3206 3378 3259 sed
3408 3205 3529 3276 Spi-

244 3296 472 3349 ratione
483 3311 613 3349 cum
633 3296 843 3350 sederit
854 3296 1028 3352 Filius
1043 3296 1287 3351 hominis
1307 3297 1367 3351 in
1386 3297 1518 3351 sede
1539 3297 1850 3367 majestatis

245 3400 381 3450 suae,
415 3383 686 3438 sedebitis
716 3390 773 3438 et
802 3401 897 3440 vos
934 3402 1105 3456 super
1142 3386 1303 3441 sedes
1345 3386 1641 3440 duodecim
1692 3387 1849 3456 judi-

243 3480 439 3528 cantes
468 3473 767 3529 duodecim
786 3473 967 3529 tribus
986 3475 1179 3530 Israel.
1201 3476 1270 3529 Et
1290 3476 1474 3529 omnis
1497 3475 1591 3546 qui
1605 3475 1850 3547 relique-

244 3563 321 3616 rit
346 3563 607 3627 domum,
624 3563 712 3615 vel
735 3562 957 3629 fratres,
985 3569 1086 3616 aut
1109 3578 1348 3631 sorores,
1367 3569 1466 3618 aut
1490 3568 1728 3635 patrem,
1754 3569 1853 3619 aut

245 3657 515 3717 matrem,
547 3656 648 3706 aut
674 3668 925 3718 uxorem,
958 3657 1058 3705 aut
1086 3652 1249 3719 ﬁlios,
1277 3644 1378 3706 aut
1405 3669 1589 3724 agros,
1624 3659 1853 3725 propter

244 3757 458 3795 nomen
494 3757 703 3807 meum,
735 3741 1061 3812 centuplum
1100 3740 1352 3812 accipiet,
1395 3747 1453 3796 et
1486 3742 1657 3796 vitam
1694 3748 1854 3797 aeter-

243 3847 381 3885 nam
400 3830 727 3902 possidebit.
743 3831 904 3885 Multi
918 3836 1109 3886 autem
1133 3836 1267 3885 sunt
1284 3831 1451 3902 primi
1469 3832 1776 3898 novissimi,
1794 3838 1853 3887 et

244 3920 541 3974 novissimi
569 3920 737 3990 primi
761 3921 973 3987 (Matth.
1000 3922 1128 3988 xxx).
1164 3920 1234 3974 Et
1261 3926 1423 3992 pater
1447 3939 1457 3973 :
1479 3921 1614 3985 Quis
1635 3928 1738 3987 est,
1771 3922 1854 3976 in-

242 4007 392 4076 quit,
422 4007 529 4061 iste
549 4008 820 4062 Dominus
840 4009 869 4063 J
874 4026 1022 4075 esus,
1038 4015 1096 4062 et
1121 4010 1216 4080 qui
1244 4014 1377 4063 sunt
1406 4011 1502 4081 qui
1525 4011 1700 4065 secuti
1721 4018 1853 4067 sunt

242 4097 417 4149 eum?
446 4097 546 4150 sed
566 4102 625 4151 et
645 4098 739 4168 qui
752 4104 886 4152 sunt
904 4098 986 4151 illi
1012 4098 1108 4170 qui
1120 4098 1396 4169 jubentur
1415 4099 1731 4170 relinquere
1752 4116 1852 4171 pa-

242 4189 397 4238 trem
435 4191 539 4239 aut
568 4193 826 4251 matrem,
860 4202 1089 4240 uxorem
1113 4192 1171 4240 et
1195 4187 1357 4252 ﬁlios,
1384 4193 1617 4258 propter
1642 4204 1849 4243 nomen

284 4272 296 4282 '
328 4288 361 4323 ,ἐ
412 4290 545 4346 quos
572 4273 708 4328 dicit
735 4280 1095 4346 percepturos
1134 4291 1255 4329 esse
1294 4275 1352 4328 in
1380 4275 1571 4329 futura
1602 4274 1850 4330 beatitu-

241 4362 381 4419 uine
395 4362 546 4417 vit-ii.
580 4363 1297 4429 mternam?Quaasumuste,
1315 4363 1845 4431 fratercharissime,

1932 3297 2075 3351 ritus
2104 3295 2289 3350 Patris
2308 3295 2477 3349 vestri
2508 3295 2603 3366 qui
2634 3295 2881 3365 loquitur
2908 3296 2967 3349 in
2994 3294 3167 3349 vobis.
3197 3294 3405 3348 Tradet
3432 3310 3529 3346 au-

1930 3392 2049 3440 tem
2072 3384 2246 3438 frater
2281 3384 2526 3458 fratrem.
2555 3384 2614 3439 in
2654 3389 2913 3449 mortem,
2939 3388 2997 3437 et
3032 3389 3193 3454 pater
3221 3381 3438 3449 tilium;
3470 3388 3529 3435 et

1931 3478 2166 3544 surgent
2202 3473 2304 3527 ﬁlii
2332 3473 2390 3527 in
2420 3477 2699 3544 parentes,
2735 3476 2792 3525 et
2820 3478 2999 3526 morte
3027 3489 3122 3526 eos
3146 3471 3392 3526 afﬁcient
3415 3490 3428 3538 ;
3470 3475 3528 3524 et

1934 3564 2092 3618 eritis
2120 3562 2247 3616 odio
2277 3562 2551 3625 omnibus,
2570 3566 2798 3633 propter
2826 3577 3032 3615 nomen
3058 3576 3266 3614 meum.
3291 3559 3397 3623 Qui
3424 3577 3526 3615 au-

1934 3659 2048 3707 tem
2067 3650 2504 3724 perseveraverit
2529 3666 2707 3722 usque
2735 3650 2794 3703 in
2824 3651 3011 3719 ﬁnem,
3047 3649 3136 3702 hic
3180 3648 3365 3703 salvus
3396 3648 3525 3702 erit.

1933 3742 2290 3811 Rursumque
2335 3740 2663 3811 perveniens
2699 3738 2758 3792 in
2787 3739 3046 3794 ultimam
3083 3743 3301 3809 partem
3349 3736 3529 3791 sancti

1933 3829 2237 3900 Evangelii,
2254 3830 2421 3901 cmpit
2443 3829 2752 3885 secundum
2771 3829 3048 3883 Joannem
3083 3827 3290 3881 iterum
3319 3827 3527 3896 legere,

1934 3919 2125 3973 dicens
2157 3937 2168 3971 :
2220 3919 2411 3984 Pater,
2446 3935 2585 3990 quos
2614 3920 2819 3973 dedisti
2866 3917 3025 3981 mihi,
3060 3917 3183 3970 volo
3212 3921 3277 3970 ut
3304 3915 3401 3969 ubi
3427 3932 3530 3986 ego

1934 4025 2078 4074 sum,
2099 4012 2155 4061 et
2175 4007 2285 4061 illic
2305 4008 2421 4061 sint
2438 4012 2746 4073 mecum,ut
2757 4005 3302 4061 videantclaritatem
3321 4020 3527 4069 meam,

1936 4112 2105 4167 quam
2135 4096 2337 4150 dedisti
2369 4097 2524 4161 mihi,
2541 4096 2674 4167 quia
2701 4095 2943 4149 dilexisti
2969 4110 3059 4147 me
3097 4099 3227 4147 ante
3264 4092 3532 4147 constitu-

1929 4184 2143 4238 tionem
2182 4185 2377 4239 mundi
2428 4187 2603 4256 (Joan.
2638 4186 2788 4248 vaI).
2842 4184 2912 4237 Et
2949 4183 3134 4236 denuo
3172 4199 3183 4233 :
3217 4183 3292 4237 Ut
3337 4197 3531 4235 omnes

1930 4289 2105 4327 unum
2127 4274 2258 4339 sint,
2282 4273 2428 4327 sicut
2453 4279 2535 4339 tu,
2563 4273 2748 4338 Pater,
2783 4272 2842 4325 in
2863 4288 2973 4338 me,
2998 4277 3055 4325 et
3075 4286 3177 4339 ego
3206 4270 3265 4323 in
3294 4275 3369 4336 te,
3391 4273 3454 4321 ut
3474 4274 3531 4323 et

1930 4362 2038 4433 ipsi
2065 4362 2124 4415 in
2163 4360 2322 4415 nobis
2344 4376 2522 4415 unum
2551 4360 2681 4427 sint,
2714 4366 2780 4415 ut
2809 4359 3001 4413 credat
3030 4358 3274 4411 mundus
3304 4356 3437 4428 quia
3467 4361 3531 4413 tu

240 4460 310 4508 ut
330 4454 384 4507 si
406 4453 624 4523 aliquid
650 4453 711 4506 in
735 4452 822 4506 his
841 4469 963 4524 quae
988 4469 1120 4507 vera
1145 4458 1280 4508 sunt
1299 4453 1466 4519 nosti,
1485 4452 1648 4517 nobis
1669 4452 2017 4525 expla—Dme
2048 4450 2267 4504 misisti.
2302 4450 2367 4504 Et
2407 4467 2509 4520 ego
2549 4450 2866 4504 claritatem
2924 4464 3094 4520 quam
3140 4446 3346 4500 dedisti
3393 4445 3531 4499 mihi

238 4559 387 4596 nare
416 4559 532 4596 non
559 4541 872 4612 jzigriteris.
906 4542 1179 4613 Aperiens
1210 4546 1400 4597 autem
1418 4542 1756 4613 Vigilantius
1788 4561 1850 4598 os

237 4648 437 4698 suum,
460 4636 520 4684 et
538 4630 816 4702 incipiens
843 4647 878 4683 a
898 4630 1189 4701 Scriptura
1216 4630 1343 4694 ista,
1363 4631 1758 4701 evangelizavit
1788 4631 1852 4685 il-

238 4720 312 4775 lis
344 4721 654 4775 Dominuzu
683 4720 878 4773 Jesum
921 4719 1229 4784 Christum,
1268 4720 1510 4791 qualiter
1537 4720 1607 4774 ab
1634 4721 1851 4791 origine

235 4809 449 4863 mundi
473 4808 666 4863 omnia
686 4825 788 4879 per
804 4808 992 4879 ipsum
1013 4808 1160 4862 facta
1180 4816 1331 4873 sunt,
1346 4814 1403 4863 et
1422 4809 1663 4879 qualiter
1674 4809 1852 4864 homi-

234 4914 381 4952 nem
412 4898 480 4951 ad
503 4898 559 4951 in
587 4897 814 4967 aginem
842 4903 898 4951 et
917 4896 1340 4951 similitudinem
1368 4913 1529 4952 suam
1557 4896 1771 4961 fecerit,
1796 4904 1853 4953 et

231 4987 295 5040 in
316 4986 655 5058 paradisum
671 4985 1000 5040 deliciarum
1016 4986 1294 5057 posuerit;
1312 4991 1368 5040 et
1377 4986 1657 5056 quomodo
1678 5003 1851 5041 unam

232 5080 462 5129 costam
487 5074 687 5129 tulerit
705 5074 775 5127 de
804 5073 979 5127 latere
1006 5072 1196 5143 ipsius,
1220 5078 1276 5127 et
1303 5073 1464 5127 ﬁnxit
1492 5089 1614 5128 eam
1645 5074 1704 5128 in
1733 5090 1852 5129 mu-

230 5163 471 5218 lierem:
496 5164 594 5217 sed
617 5169 675 5216 et
698 5162 978 5233 quomodo
989 5168 1219 5233 pr0pter
1237 5168 1554 5233 serpentem
1575 5154 1767 5217 Adam.
1780 5163 1851 5217 de

230 5251 511 5323 paradiso
532 5251 867 5305 deliciarum
884 5251 944 5304 in
962 5251 1105 5305 hanc
1117 5256 1329 5305 terram
1342 5251 1663 5305 mortalium
1684 5268 1853 5322 expu-

228 5340 324 5407 lit;
361 5344 429 5393 et
453 5341 695 5411 qualiter
712 5340 842 5404 Eva,
863 5341 997 5410 quia
1017 5339 1122 5411 ipsi
1142 5340 1390 5410 serpenti
1415 5340 1593 5409 magis
1623 5339 1851 5394 obedire

226 5429 433 5483 voluit
454 5446 620 5500 quam
643 5429 883 5483 Domino
910 5429 1023 5483 Deo
1038 5445 1157 5492 suo,
1174 5428 1549 5483 anxietatibus
1575 5434 1632 5483 et
1649 5429 1852 5483 dolori-

228 5516 347 5572 bus
381 5515 448 5569 in
474 5517 846 5587 parturitione
873 5522 959 5571 est
986 5516 1374 5584 condemnata;
1406 5516 1502 5571 sed
1528 5521 1586 5571 et
1609 5517 1851 5588 qualiter

227 5602 441 5659 sancti
457 5606 740 5677 prophetae
760 5610 891 5661 ante
918 5606 1164 5677 primum
1188 5607 1488 5661 adventum
1501 5606 1628 5662 Filii
1642 5606 1742 5661 Dei
1763 5621 1851 5661 ve-

1932 4539 2061 4595 dedi
2092 4540 2193 4606 eis,
2240 4544 2305 4593 ut
2330 4539 2443 4593 sint
2469 4556 2666 4605 unum,
2700 4540 2845 4594 sicut
2885 4544 2942 4592 et
2970 4554 3072 4591 nos
3101 4552 3279 4591 unum
3307 4552 3523 4591 sumus.

1933 4630 2049 4700 Ego
2098 4628 2157 4683 in
2203 4629 2301 4695 eis,
2336 4633 2394 4682 et
2428 4633 2491 4683 tu
2537 4628 2596 4682 in
2632 4646 2742 4694 me,
2792 4633 2857 4683 ut
2903 4626 3016 4681 sint
3052 4624 3425 4680 consummati
3471 4624 3530 4679 in

1933 4734 2128 4785 unum,
2152 4724 2210 4772 et
2234 4724 2534 4789 cognoscat
2560 4718 2823 4783 mundus,
2849 4716 2981 4788 quia
3000 4721 3063 4769 tu
3094 4731 3183 4769 me
3215 4713 3533 4780 misisti,di-

1932 4808 2122 4862 lexisti
2142 4824 2254 4874 eos,
2287 4808 2434 4862 sicut
2453 4813 2510 4861 et
2534 4823 2622 4861 me
2647 4806 2907 4861 dilexisti.

2007 4897 2136 4951 CAP.
2160 4896 2360 4951 XXIII.
2379 4927 2445 4937 —
2468 4897 2597 4950 Haec
2617 4901 2674 4949 et
2697 4895 2972 4965 ampliora
2991 4895 3189 4948 horum
3213 4893 3349 4947 dum
3371 4892 3535 4963 legis-

1933 4992 2020 5041 set
2048 4992 2226 5057 pater,
2246 4985 2317 5039 ad
2337 4984 2706 5054 Vigilantium
2727 4983 2807 5037 ait
2833 5001 2843 5036 :
2870 4984 3091 5049 Precor,
3126 4982 3300 5035 frater
3326 4981 3534 5035 charis-

1932 5074 2093 5140 sime,
2111 5074 2316 5128 iterum
2337 5073 2577 5144 explana
2596 5071 2755 5126 nobis
2777 5071 3103 5142 diligentius
3123 5088 3191 5125 ea
3212 5087 3334 5141 quae
3366 5064 3531 5123 modo

1932 5163 2188 5233 legimus,
2212 5179 2278 5216 eo
2309 5162 2455 5232 quod
2485 5177 2587 5215 nos
2605 5161 2829 5231 penitus
2860 5161 2916 5215 in
2946 5161 3033 5214 his
3064 5159 3250 5214 verbis
3279 5159 3421 5214 nihil
3449 5158 3532 5211 in-

1931 5252 2258 5321 telligimus.
2310 5249 2652 5320 Vigilantius
2683 5250 2971 5321 respondit
3002 5268 3012 5302 :
3049 5249 3181 5304 Illos
3212 5265 3349 5319 quos
3396 5246 3533 5300 dicit

1932 5340 2204 5395 Dominus
2227 5341 2255 5393 J
2261 5356 2388 5393 esus
2416 5344 2609 5393 noster
2632 5357 2645 5393 :
2667 5339 2810 5403 Quia
2838 5339 2933 5411 qui
2954 5356 3043 5392 me
3071 5338 3305 5392 confessi
3325 5335 3531 5390 fuerint

1931 5445 2119 5485 coram
2140 5428 2479 5495 hominibus,
2498 5429 2807 5483 conﬁtebor
2825 5434 2883 5482 et
2902 5445 3004 5498 ego
3036 5444 3132 5483 eos
3154 5442 3341 5480 coram
3364 5426 3530 5479 Patre

1934 5534 2078 5581 meo,
2113 5517 2208 5589 qui
2240 5523 2327 5571 est
2350 5517 2409 5571 in
2439 5517 2627 5585 caelis;
2661 5517 2757 5588 qui
2787 5523 2979 5571 autem
3010 5514 3410 5587 denegaverint
3439 5527 3528 5564 me

1938 5621 2127 5660 coram
2159 5606 2497 5674 hominibus,
2520 5605 2809 5677 denegabo
2830 5622 2925 5659 eos
2947 5610 3003 5660 et
3031 5621 3134 5675 ego
3154 5619 3341 5657 coram
3364 5601 3529 5654 Patre
