3942 6200
330 322 430 407 ψ

1351 322 1445 384 DE
1480 296 1668 382 vms
1707 324 2002 392 PM‘RUn
2037 323 2254 388 LIBER
2288 317 2576 390 ramus.

3490 299 3605 372 412.

329 462 475 512 ῐῐιθο,
509 447 603 518 qui
634 453 716 500 est
747 448 801 499 in
832 445 1010 512 COBIiS;
1046 461 1146 499 nos
1171 462 1364 504 sumus
1385 449 1480 518 qui
1513 449 1570 504 in
1591 467 1718 516 eum
1738 450 1918 504 credi-
1936 449 2176 520 Aipsius
2205 449 2312 502 iste
2339 449 2443 501 est.
2473 438 2812 512 Vigilantius
2838 433 3163 509 respondit:
3191 431 3402 486 Verum
3425 427 3596 494 Pater

331 551 478 600 mus,
507 542 563 589 et
594 537 646 588 in
679 535 904 588 nomine
932 540 1122 603 sancto
1153 536 1276 608 ejus
1301 553 1608 608 speramus.
1641 545 1829 610 φησι
1863 539 1922 594 Si

333 640 466 694 ergo
487 623 966 697 evenerittempus
995 625 1479 696 persecutionis,et
1501 627 1746 684 dixerint
1763 627 1922 696 nobis

333 712 609 783 principes
639 712 808 782 hujus
837 703 1024 768 saeculi
1060 733 1070 766 :
1105 715 1394 786 Abnegate
1443 717 1623 772 Deum
1653 723 1919 782 vestrum,

334 803 391 854 et
404 800 631 861 adorato
652 799 940 858 nobiscum
959 802 1126 870 idola,
1149 804 1246 876 qui
1267 810 1398 862 sunt
1418 805 1609 875 magni
1625 805 1702 860 dii
1722 806 1920 873 nostri,

334 888 429 972 qui
459 893 517 942 et
542 889 804 944 universa
822 889 1099 958 fecerunt;
1132 893 1177 946 si
1207 893 1286 947 eis
1315 911 1425 948 non
1451 895 1920 961 consenserimus,

334 975 419 1030 vel
445 994 566 1048 quae
585 977 858 1048 jusserint
869 997 981 1034 non
1001 981 1418 1047 fecerimus,sed
1441 999 1540 1054 pro
1557 985 1782 1050 nomine
1803 985 1924 1052 ejus

329 1069 700 1136 tyrannorum
721 1069 902 1123 minas
921 1077 1316 1147 tormentaque
1339 1073 1782 1138 toleraverimus,
1799 1090 1926 1128 con-

331 1153 492 1209 tinuo
523 1161 581 1210 et
608 1157 726 1228 ipse
757 1157 814 1222 in,
844 1157 941 1212 illa
964 1177 1068 1213 sua
1095 1159 1239 1230 felici
1270 1161 1517 1231 regione,
1550 1179 1738 1232 coram
1761 1163 1928 1217 Patre

335 1247 392 1296 et
413 1260 599 1298 coram
628 1237 836 1323 sanctis
857 1248 973 1303 suis
997 1250 1211 1320 angelis
1227 1251 1582 1320 conﬁtebitur
1605 1269 1726 1318 nos,
1748 1252 1803 1308 id
1823 1258 1926 1318 est,

337 1332 565 1402 amicos,
601 1339 658 1387 et
705 1329 944 1392 nimium
995 1339 1192 1393 charos
1224 1339 1332 1396 sibi
1367 1341 1670 1396 constituet
1695 1358 1816 1396 nos.
1852 1341 1932 1398 De

340 1437 579 1491 quorum
629 1441 862 1478 numero
892 1427 1103 1481 exstitit
1131 1445 1279 1482 nunc
1311 1429 1404 1482 ille
1433 1435 1616 1484 vester
1644 1431 1844 1486 unicus
1876 1435 1934 1484 et

339 1508 576 1566 nimium
604 1519 828 1567 sanctus
857 1515 1074 1582 Astion.
1098 1517 1243 1571 Nam
1274 1523 1404 1572 ante
1435 1519 1538 1572 hos
1567 1519 1934 1590 paucissimos

341 1597 479 1664 dies,
513 1599 622 1653 dux
665 1603 958 1672 provinciae
997 1604 1159 1660 istius
1189 1607 1581 1668 Latronianus,
1615 1609 1751 1675 dum
1781 1625 1933 1663 com-

342 1687 573 1756 pelleret
595 1706 721 1744 eum
751 1697 815 1744 ut
843 1691 1149 1764 abnegaret
1175 1695 1368 1749 Jesum
1401 1696 1707 1764 Christum,
1743 1715 1932 1752 verum

2005 517 2126 610 ejus
2145 538 2238 592 ille
2266 541 2371 602 est,
2405 532 2500 607 qui
2525 536 2582 592 et
2617 527 2906 591 Dominus,
2935 540 3062 583 cum
3093 538 3202 592 quo
3223 535 3372 574 nunc
3399 517 3596 573 demo-

2003 606 2180 692 ratur,
2204 625 2299 697 qui
2321 628 2378 678 et
2393 606 2552 676 tanta
2577 618 2724 672 bona
2742 615 2794 684 ei
2817 615 2876 682 in
2895 613 3087 671 futura
3105 606 3450 664 beatitudine
3471 621 3602 671 con-

2004 693 2245 770 donavit.
2281 713 2352 768 Et
2376 711 2483 766 iste
2506 724 2635 764 vero
2661 703 2915 763 mortalis
2944 709 3048 767 est,
3083 705 3137 755 et
3165 696 3432 754 mortales
3454 693 3601 760 ﬁlios

2006 804 2204 871 habet;
2227 807 2284 857 et
2311 801 2444 864 dum
2459 802 2692 874 putatur
2705 801 2873 859 stare,
2893 791 3078 849 subito
3102 786 3283 854 cadit;
3308 785 3443 874 dum
3465 781 3606 848 dicit

2006 910 2068 946 se
2094 892 2296 957 vivere,
2345 871 2578 960 repente
2605 884 2864 949 moritur,
2899 897 2964 948 eo
2993 877 3141 950 quod
3172 891 3274 930 nec
3304 873 3409 926 iste
3438 871 3602 924 illum

2005 982 2232 1037 Patrem
2260 959 2453 1037 verum
2481 973 2750 1046 agnoscit,
2783 986 2949 1042 quem
2978 968 3073 1024 ille
3118 961 3362 1036 agnovit,
3393 959 3461 1028 de
3489 974 3602 1046 quo

2007 1070 2278 1142 scriptum
2299 1073 2417 1124 est:
2443 1045 2612 1128 Pater
2637 1067 2847 1130 noster,
2875 1057 2970 1129 qui
2989 1073 3049 1114 es
3072 1055 3127 1112 in
3158 1051 3328 1117 caelis,
3355 1045 3603 1117 sanctiﬁ-

2009 1165 2167 1226 cetur
2189 1173 2394 1215 nomen
2421 1160 2604 1214 tuum.

2084 1249 2214 1304 CAP.
2243 1245 2410 1302 XXV.
2443 1274 2500 1283 --
2535 1241 2714 1312 Igitur
2742 1255 2872 1294 cum
2903 1252 3003 1308 per
3029 1249 3202 1303 unam
3231 1228 3606 1309 septimanam

2011 1338 2160 1400 inter
2187 1352 2248 1390 se
2267 1334 2621 1406 disputarcnt
2647 1335 2706 1384 et
2725 1326 2933 1384 Christi
2953 1321 3233 1390 mirabilia
3257 1318 3510 1373 dicerent
3536 1312 3608 1366 ad

2013 1426 2248 1500 invicem
2270 1429 2326 1478 et
2343 1403 2582 1479 libenter
2599 1417 2878 1480 audirent,
2892 1411 3182 1480 Dominica
3203 1409 3293 1476 die
3313 1403 3613 1473 advenien-

2015 1495 2090 1582 te,
2122 1513 2288 1571 ambo
2309 1510 2522 1583 pariter
2545 1506 2906 1566 crediderunt
2922 1503 2981 1556 in
3011 1499 3317 1561 Christum.
3347 1495 3499 1583 Quos
3525 1507 3613 1544 as-

2015 1581 2242 1659 sumens
2259 1581 2618 1671 Vigilantius,
2637 1592 2902 1667 perduxit
2920 1591 2990 1646 ad
3011 1587 3312 1662 quemdam
3326 1581 3615 1671 presbyte-

2017 1709 2146 1748 rum
2175 1695 2452 1755 sanctum,
2485 1686 2713 1744 nomine
2741 1684 3047 1747 Bonosum,
3079 1677 3174 1752 qui
3205 1669 3616 1756 persecutionis

340 1773 498 1829 illum
519 1793 682 1847 quem
715 1796 816 1834 nos
845 1781 1082 1836 dicimus
1112 1783 1508 1854 imperatorem
1538 1785 1840 1854 caelestem,
1875 1792 1936 1840 ut
1957 1778 2366 1838 Batrocitatem
2387 1777 2658 1846 devitans,
2693 1775 2752 1838 in
2781 1772 3024 1846 quodam
3051 1755 3266 1822 secreto
3293 1763 3413 1831 loco
3433 1755 3617 1826 occul-

287 1890 294 1902 ι
340 1867 684 1924 consentiret
711 1869 832 1944 ejus
862 1871 1136 1926 voluntati
1161 1879 1218 1926 et
1237 1874 1584 1948 daemonibus
1602 1875 1937 1932 famulatum

343 1951 646 2021 exhiberet,
668 1957 763 2012 ille
791 1959 943 2012 nullo
971 1961 1136 2015 modo
1164 1963 1521 2034 acquiescens
1539 1964 1788 2034 jussibus
1817 1966 1938 2036 ejus

344 2057 562 2110 parere,
594 2043 754 2100 fortis
791 2047 848 2101 in
895 2049 1004 2102 [ide
1033 2067 1153 2113 sua,
1187 2057 1242 2104 et
1270 2051 1506 2108 nimium
1543 2053 1941 2124 magnanimus

345 2129 611 2186 adversus
639 2151 706 2187 ea
734 2153 856 2208 quae
885 2137 990 2190 sibi
1037 2139 1438 2209 ingerebantur
1466 2141 1630 2208 mala,
1663 2158 1792 2196 cum
1831 2142 1940 2196 alio

348 2220 590 2290 quodam
605 2223 904 2278 venerabili
925 2243 1056 2280 sene
1077 2228 1674 2302 Christiano,Epicteto
1691 2231 1938 2298 nomine,

344 2307 591 2378 perstitit
609 2328 784 2383 usque
807 2313 862 2367 in
883 2315 1052 2370 finem
1077 2316 1380 2385 immobilis
1400 2318 1458 2371 in
1487 2335 1589 2372 sua
1605 2324 1798 2374 sancta
1815 2335 1942 2376 con-

345 2397 604 2452 fessione.
641 2399 757 2454 Iloc
796 2401 1019 2457 intuens
1049 2405 1172 2474 ejus
1212 2406 1519 2478 imperator
1549 2407 1644 2462 ille
1681 2408 1938 2470 cmlestis,

351 2489 406 2538 et
433 2487 592 2541 valde
620 2489 906 2546 admirans
935 2493 1007 2548 de
1037 2491 1422 2549 benevolentia
1450 2501 1508 2550 et
1535 2497 1752 2550 sincera
1772 2497 1944 2569 ipsius

349 2590 482 2644 erga
511 2593 569 2628 se
597 2576 912 2646 dilectione,
945 2582 1173 2650 mittens
1202 2600 1332 2638 suos
1361 2585 1668 2654 ministros,
1700 2586 1806 2653 hoc
1837 2593 1939 2652 est,

350 2663 666 2718 salutiferas
687 2667 934 2739 angelos,
951 2686 1078 2724 cum
1099 2672 1313 2742 ingenti
1335 2691 1464 2728 eum
1483 2675 1694 2730 honore
1713 2674 1771 2728 in
1788 2674 1944 2742 illam

351 2748 632 2808 civitatem
651 2754 746 2809 ubi
774 2757 893 2830 ipse
918 2759 1244 2819 demoratur
1263 2763 1588 2834 assumpsit,
1619 2769 1683 2818 ut
1705 2763 1785 2818 illi
1808 2780 1946 2836 prae-

352 2841 467 2894 mia
497 2843 857 2913 sempiterna,
888 2864 989 2918 pro
1021 2865 1086 2902 eo
1115 2851 1263 2921 quod
1292 2851 1524 2906 viriliter
1543 2858 1738 2908 contra
1769 2852 1944 2923 ipsius

353 2927 702 2986 adversarios
732 2933 1048 2991 decertatus
1079 2937 1152 2992 sit
1179 2941 1540 2996 condonaret.
1575 2941 1643 2999 Et
1670 2941 1796 2995 ideo
1828 2947 1946 3005 tam

351 3019 572 3101 Astioni
586 3029 770 3076 vestro
791 3041 965 3094 quam
991 3029 1039 3098 ej
1049 3044 1114 3080 us
1134 3028 1428 3093 similibus,
1447 3034 1718 3101 aptantur
1737 3047 1804 3085 ea
1825 3047 1947 3102 quae

2017 1875 2074 1926 te
2102 1868 2360 1940 degebat.
2393 1867 2500 1930 Qui
2528 1880 2694 1922 orans
2723 1878 2823 1933 pro
2853 1860 2934 1927 eis
2969 1856 3330 1917 sufﬁcienter,
3363 1854 3420 1904 et
3460 1851 3617 1940 cate-

2019 1959 2240 2016 chizans
2268 1973 2366 2012 eos
2401 1955 2597 2010 eadem
2627 1954 2768 2006 hora
2793 1945 3222 2026 catechumenos
3252 1939 3400 1996 fecit.
3432 1935 3619 2006 Igitur

2021 2065 2147 2107 cum
2175 2047 2305 2101 inde
2325 2043 2536 2116 egressi
2555 2042 2810 2106 fuissent,
2843 2039 3134 2108 cceperunt
3159 2023 3344 2088 dicere
3367 2027 3439 2085 ad
3456 2023 3620 2094 Vigi-

2020 2135 2261 2192 lantium
2293 2152 2304 2188 :
2340 2111 2477 2188 Ecce
2515 2127 2944 2204 adimplevimus
2980 2140 3046 2177 ea
3074 2137 3198 2192 qua)
3234 2118 3294 2172 in
3325 2115 3470 2170 libro
3521 2111 3619 2178 illo

2023 2241 2189 2298 quem
2219 2221 2378 2278 nobis
2407 2219 2612 2284 dedisti
2637 2201 2997 2272 continentur
3021 2229 3032 2264 :
3063 2209 3188 2264 veni
3215 2205 3400 2269 modo,
3421 2207 3480 2256 et
3498 2201 3621 2263 the-

2023 2295 2254 2368 saurum
2280 2311 2442 2365 illum
2465 2306 2697 2376 ostende
2717 2303 2896 2370 nobis,
2925 2317 3090 2374 quem
3105 2297 3302 2352 Astion
3322 2297 3534 2356 noster,
3557 2295 3626 2343 ut

2024 2402 2143 2472 ipse
2171 2397 2484 2464 afﬁrmasti,
2511 2396 2613 2450 tibi
2655 2389 3084 2452 commendavit.
3117 2388 3187 2442 Et
3221 2380 3562 2472 Vigilantius
3608 2394 3621 2428 :

2027 2487 2340 2560 Sequimini
2367 2504 2478 2554 me,
2509 2501 2612 2556 ego
2643 2499 2773 2540 eum
2800 2479 2957 2536 vobis
2987 2478 3108 2532 sine
3133 2489 3292 2542 mora
3312 2470 3502 2540 aliqua
3529 2465 3626 2534 de-

2025 2577 2366 2636 monstrabo.
2388 2575 2496 2641 Sed
2515 2573 2746 2630 interim
2775 2587 2906 2626 eum
2927 2567 3105 2624 habeo
3125 2560 3536 2622 absconditum,
3565 2561 3626 2608 et

2025 2667 2230 2732 nescio,
2261 2667 2310 2720 si
2337 2665 2502 2720 modo
2533 2677 2762 2734 possum
2791 2675 2921 2726 eum
2950 2656 3080 2725 inde
3121 2653 3342 2724 ejicere.
3374 2649 3540 2718 Ergo,
3575 2643 3631 2713 si

2024 2755 2179 2810 vobis
2201 2755 2402 2826 placet,
2435 2753 2504 2806 de
2532 2750 2790 2806 noctibus
2819 2761 3016 2805 eamus
3039 2743 3109 2801 ad
3130 2743 3336 2804 locum,
3361 2743 3418 2790 et
3443 2748 3630 2818 usque

2027 2845 2098 2900 ad
2135 2845 2315 2914 lucem
2340 2843 2546 2908 ibidem
2575 2851 3004 2914 permaneamus
3043 2835 3358 2906 operantes,
3391 2823 3628 2893 forsitan

2027 2933 2335 3005 poterimus
2355 2948 2484 3000 eum
2508 2913 2776 2996 invenire,
2807 2942 2872 2979 eo
2904 2921 3052 3003 quod
3082 2918 3218 2974 satis
3235 2917 3394 2974 illum
3422 2913 3482 2966 in
3502 2926 3632 3000 pro-

2027 3021 2200 3076 fundo
2238 3019 2519 3079 abscondi.
2568 3017 2654 3090 Et
2675 3033 2801 3070 cum
2831 3013 2912 3084 sol
2944 3009 3296 3082 declinasset,
3330 3016 3628 3058 assumens

352 3103 538 3199 legisti
576 3119 928 3168 sacramenta
958 3131 972 3184 ξ
1008 3116 1082 3186 Ut
1109 3133 1324 3186 omnes,
1355 3117 1556 3190 inquit,
1588 3135 1766 3174 unum
1813 3090 1945 3183 sint,
1963 3137 2006 3199 ο
2029 3127 2123 3170 εοε
2150 3109 2508 3180 Ἥείιειῐιῐίυεε
2537 3107 2686 3162 foras
2714 3104 2996 3166 είνίωιεω
3023 3113 3150 3152 cum
3179 3095 3289 3158 illis
3317 3090 3629 3165 egreditur-

2337 3197 2344 3199 _
2593 3195 2606 3199 _
2781 3193 2794 3199 -
3130 3191 3137 3199 .
3379 3198 3384 3199 ,
3411 3180 3489 3199 ,ω
3508 3195 3568 3199 __
3585 3183 3629 3199 -.

353 3195 498 3252 sicut
524 3202 585 3251 tu
615 3199 784 3254 Pater
807 3201 864 3256 in
897 3221 1004 3270 me,
1039 3210 1096 3260 et
1116 3223 1218 3276 ego
1245 3207 1302 3270 in
1335 3180 1520 3276 tepet
1549 3207 1656 3280 ipsi
1700 3209 1760 3267 in
1788 3180 1948 3266 nobis
1965 3180 2006 3199 μ
2031 3201 2100 3255 Et
2125 3197 2514 3275 pervenientes
2541 3195 2614 3250 ad
2641 3193 2960 3264 sepulcrum
2981 3191 3332 3249 sanctorum,
3365 3180 3640 3236 admonet

353 3300 530 3339 unum
559 3287 692 3350 sint,
719 3295 784 3344 ut
803 3293 995 3348 credat
1022 3295 1264 3350 mundus
1287 3297 1418 3368 quia
1436 3304 1499 3352 tu
1523 3314 1611 3352 me
1638 3297 1873 3362 misisti;
1895 3302 1952 3364 et

355 3388 458 3442 ego
487 3373 796 3432 clarilatem
827 3397 994 3452 quam
1025 3383 1226 3444 dedisti
1253 3384 1391 3446 mihi
1416 3385 1544 3440 dedi
1582 3385 1714 3450 illis,
1751 3391 1816 3440 ut
1839 3384 1952 3441 sint

353 3477 551 3528 unum,
595 3465 740 3520 sicut
765 3481 821 3521 et
847 3486 948 3524 nos
985 3488 1158 3528 unum
1199 3491 1410 3528 sumus.
1455 3474 1586 3531 Ideo
1633 3473 1949 3546 quicunque

356 3553 668 3608 meruerint
693 3574 813 3611 esse
851 3559 921 3612 de
953 3577 1184 3615 numero
1218 3563 1468 3617 Astionis
1497 3563 1684 3629 vestri,
1716 3580 1748 3614 o
1777 3563 1950 3616 hono-

355 3635 545 3693 rabilis
569 3649 748 3714 pater,
779 3646 1081 3701 Salvatoris
1108 3652 1284 3704 nostri
1316 3658 1592 3722 martyres
1613 3650 1946 3707 vocitantur.

431 3727 559 3782 CAP.
583 3729 778 3792 XXIV.
805 3764 869 3773 —
892 3735 962 3788 Et
983 3743 1165 3791 mater
1185 3739 1256 3804 ad
1277 3739 1394 3793 haec
1417 3759 1428 3793 :
1454 3741 1556 3805 Ne,
1573 3739 1776 3810 inquit,
1801 3755 1952 3792 mor-

357 3820 489 3868 tuus
519 3825 622 3884 est,
647 3826 703 3872 et
727 3835 837 3875 non
866 3823 946 3877 vis
983 3825 1142 3880 nobis
1172 3826 1352 3882 facere
1382 3827 1952 3897 manifestum?Vigi-

359 3903 568 3966 lautius
603 3910 928 3978 respondit:
971 3913 1176 3970 Mortui
1225 3933 1326 3970 nos
1356 3933 1570 3980 sumus,
1603 3917 1700 3988 qui
1742 3916 1800 3970 in
1848 3916 1953 3970 hac

360 3993 583 4046 mortali
613 4012 780 4068 carne
807 3999 1082 4080 degimus,
1117 4009 1174 4058 et
1203 4004 1258 4058 in
1278 4005 1383 4058 hoc
1409 4005 1610 4060 saeculo
1637 4021 1799 4070 vano,
1833 4003 1954 4058 abs-

362 4095 470 4178 que
487 4083 689 4178 notitia
700 4088 875 4141 nostri
895 4089 1118 4145 factoris
1139 4093 1375 4148 existere
1385 4095 1714 4151 videmur.N
1717 4111 1808 4148 am
1827 4110 1956 4146 vera

360 4169 474 4222 vita
493 4169 566 4224 ibi
599 4178 702 4240 est,
717 4179 774 4229 et
799 4193 960 4232 verus
989 4179 1144 4256 cibus
1165 4187 1440 4254 potusque
1459 4183 1667 4238 ibidem
1691 4182 1948 4248 habetur,

359 4272 424 4310 ac
452 4257 694 4330 dignitas
719 4265 840 4320 sine
862 4268 990 4333 ﬁne,
1021 4269 1109 4324 his
1131 4271 1225 4341 qui
1251 4277 1581 4327 meruerunt
1598 4289 1723 4326 eam
1743 4271 1954 4344 accipe-

2033 3269 2146 3344 eos‘
2168 3305 2359 3343 secum
2402 3291 2582 3343 totam
2623 3287 2846 3340 noctem
2875 3279 2934 3333 in
2982 3272 3326 3346 orationibus
3378 3269 3633 3340 vigilare.

2035 3379 2287 3448 Cumque
2312 3377 2432 3447 jam
2463 3389 2669 3429 aurora
2693 3369 3038 3432 ascenderet,
3063 3369 3120 3418 et
3147 3364 3334 3418 lucere
3361 3358 3640 3428 inciperet

2033 3466 2169 3530 dies,
2202 3483 2328 3519 ecce
2369 3464 2560 3518 vident
2597 3461 2782 3516 subito
2824 3458 2971 3511 circa
3007 3471 3067 3508 se
3117 3453 3308 3507 lumen
3345 3439 3636 3502 refulsisse

2031 3556 2388 3617 immensum,
2417 3569 2480 3606 ac
2510 3551 2750 3622 nimium
2777 3543 3069 3602 suavitatis
3099 3541 3327 3600 odorem
3354 3536 3640 3608 fragrare,

2034 3651 2364 3716 sanctosque
2387 3647 2684 3712 martyres,
2706 3637 2801 3708 qui
2817 3637 2934 3707 jam
2957 3630 3324 3694 dormierant,
3354 3627 3414 3679 in
3438 3638 3634 3694 corpo-

2034 3751 2094 3790 re
2117 3735 2280 3805 juxta
2307 3749 2367 3786 se
2395 3730 2720 3793 consistere,
2753 3743 2817 3780 ac
2859 3721 3162 3784 Dominum
3201 3731 3391 3770 secum
3421 3711 3639 3766 collau-

2035 3825 2187 3878 dare.
2219 3823 2374 3878 Tunc
2420 3823 2648 3874 sanctus
2692 3814 2891 3886 Astion
2935 3811 3157 3865 irruens
3187 3807 3247 3881 in
3279 3799 3635 3884 amplexibus

2034 3909 2232 3965 matris
2259 3913 2446 3980 επεὶ
2467 3903 2784 3974 ευίθ,οοθρίῐ
2811 3898 3050 3956 osculari
3079 3894 3417 3962 eam,dicens
3443 3907 3454 3942 :
3480 3889 3634 3943 Bene

2035 3998 2308 4070 advenisti
2323 3978 2387 4050 ei:
2406 3994 2652 4050 Orientis
2677 3981 2948 4064 partibus,
2969 4005 3001 4050 ο
3021 3983 3294 4064 discipula
3321 3978 3553 4070 Christi,
3573 3981 3632 4064 et

2036 4104 2164 4142 mea
2183 4092 2364 4140 mater
2385 4083 2717 4141 Marcellina.
2751 4077 3025 4148 Similiter
3043 4079 3101 4128 et
3129 4069 3487 4126 beatissimus
3507 4065 3635 4140 Epi—

2033 4183 2215 4232 ctetus
2256 4173 2606 4248 apprehenso
2645 4169 2830 4241 capite
2877 4165 2977 4218 viri
3008 4165 3150 4236 ejus,
3199 4153 3629 4214 exosculabatur

2034 4282 2184 4334 eum,
2201 4264 2422 4328 (licens:
2453 4263 2666 4322 Laetare
2685 4255 3011 4322 inDomino,
3043 4268 3076 4304 ο
3101 4246 3423 4303 dulcissime
3449 4241 3630 4296 frater

361 4363 454 4415 re;
487 4348 562 4403 ibi
583 4357 670 4405 est
698 4352 790 4408 ubi
820 4331 1043 4430 semper
1071 4331 1464 4415 immortalitas
1491 4366 1708 4432 regnat,
1739 4366 1794 4414 et
1824 4331 1950 4430 per-
1973 4331 2364 4439 DAlexander,
2381 4367 2446 4404 eo
2468 4348 2616 4421 quod
2646 4348 2848 4417 dignus
2875 4341 3102 4408 habitus
3128 4355 3188 4392 es
3216 4337 3275 4390 in
3305 4348 3540 4406 numero
3567 4331 3630 4383 ﬁ-

361 4442 532 4506 petua
560 4441 769 4508 gaudia
793 4451 1400 4504 commorantur.’l‘unc
1427 4456 1637 4504 mater:
1663 4449 1950 4516 Volebam,

361 4525 563 4597 inquit,
583 4529 748 4585 modo
773 4549 902 4586 eum
920 4535 1107 4608 videre
1126 4536 1186 4590 in
1209 4537 1305 4592 illa
1329 4539 1510 4608 gloria
1535 4538 1950 4592 consistentem.

363 4614 610 4672 Putasne
667 4637 968 4692 agnoscere
1017 4641 1107 4694 me
1149 4626 1371 4695 habeat,
1405 4644 1470 4682 eo
1526 4628 1672 4698 quod
1716 4627 1958 4697 genitrix

525 4705 728 4800 fuerim
765 4709 1104 4799 aliquando?
1130 4716 1246 4770 Aut
1286 4716 1430 4770 forte
1467 4716 1524 4788 in
1561 4721 1719 4772 tanto
1749 4716 1958 4772 honore

367 4789 572 4848 ibidem
601 4798 836 4866 positus,
857 4791 921 4856 ut
943 4802 1100 4870 dicis,
1126 4805 1292 4858 modo
1320 4804 1594 4876 inspicere
1617 4808 1956 4870 contemnet,

369 4892 434 4930 ϐο
465 4883 1112 4979 pulchritudinem
1143 4893 1256 4947 mei
1279 4895 1482 4963 vultus,
1512 4893 1698 4966 ipsum
1717 4893 1959 4964 lugendo

371 4969 573 5024 amisi?
593 4973 663 5028 Et
682 4975 1047 5048 Vigilantius:
1082 4983 1140 5048 Si
1169 4983 1367 5052 feceris
1389 4984 1579 5057 itaque
1604 4998 1728 5053 qua
1755 4980 1962 5053 scripta

370 5061 503 5111 sunt
521 5058 580 5114 in
609 5062 714 5116 hoc
732 5065 892 5135 libro,
917 5087 1085 5139 quem
1107 5071 1244 5126 mihi
1266 5071 1566 5144 dereliquit
1591 5076 1818 5124 sanctus
1837 5067 1963 5140 Epi-

373 5155 553 5207 ctetus
583 5160 640 5208 et
666 5156 882 5222 Astion,
915 5165 972 5212 et
998 5161 1302 5215 credideris
1333 5178 1396 5216 ex
1437 5166 1556 5216 toto
1585 5160 1749 5217 corde
1787 5159 1845 5214 in
1877 5151 1964 5220 Je-

373 5257 496 5296 sum
513 5242 799 5298 Christum
815 5263 1004 5315 regem
1027 5247 1221 5322 ipsius,
1243 5249 1302 5304 in
1319 5267 1485 5320 quem
1509 5254 1565 5303 et
1583 5248 1689 5302 iste
1703 5247 1958 5313 credidit,

372 5331 582 5400 poteris
622 5349 749 5387 eum
779 5333 986 5388 videre.
1016 5336 1112 5390 Sin
1142 5354 1271 5392 vero
1301 5337 1547 5392 nolueris
1574 5338 1818 5403 credere,
1852 5337 1960 5390 im-

371 5420 632 5490 possibile
679 5429 764 5476 est
801 5428 862 5476 ut
893 5429 955 5476 tu
983 5423 1141 5494 illum
1163 5425 1384 5494 .videas,
1420 5427 1505 5480 vel
1533 5431 1771 5481 matrem
1800 5441 1960 5494 suam

371 5509 624 5564 nominet
650 5511 971 5590 aliquando,
1005 5529 1070 5566 eo
1112 5514 1259 5587 quod
1297 5515 1586 5570 incredula
1614 5513 1873 5582 exstitisti
1903 5513 1961 5567 in

373 5599 653 5671 mandatis
673 5600 856 5679 Patris
877 5600 1072 5674 ipsius.
1094 5603 1165 5657 Et
1185 5607 1366 5668 mater
1383 5621 1394 5656 :
1412 5604 1567 5670 Ecce,
1590 5603 1790 5678 inquit,
1804 5607 1964 5676 pater

2037 4443 2247 4506 delium
2276 4438 2552 4511 deputari,
2575 4443 2632 4491 et
2651 4449 2954 4508 perennem
2982 4426 3388 4484 beatitudinem
3407 4435 3631 4511 prome-

2037 4531 2168 4602 reri.
2201 4529 2309 4584 Sed
2339 4535 2394 4582 et
2422 4528 2492 4582 ad
2521 4522 2887 4596 Vigilantium
2918 4521 3180 4586 dixerunt
3211 4533 3222 4568 :
3258 4510 3453 4580 Gaude
3481 4513 3540 4563 et
3567 4515 3632 4561 tu

2038 4596 2114 4675 in.
2134 4619 2392 4683 Domino,
2437 4633 2469 4670 o
2505 4595 2826 4669 dulcissime
2857 4611 3030 4664 frater
3060 4603 3349 4677 Vigilanti,
3381 4617 3448 4654 eo
3481 4595 3632 4670 quod

2040 4710 2242 4780 dignus
2272 4709 2499 4761 effectus
2525 4722 2584 4759 es
2610 4709 2673 4758 ut
2696 4701 2996 4778 impleatur
3015 4698 3073 4750 in
3093 4702 3167 4760 te,
3191 4691 3341 4765 quod
3361 4688 3634 4780 scriptum

2041 4804 2128 4852 est
2151 4815 2161 4848 :
2190 4797 2334 4862 Quia
2363 4796 2458 4866 qui
2485 4791 2730 4848 converti
2760 4775 2953 4844 fecerit
2979 4791 3327 4858 peccatorem
3351 4775 3421 4833 ab
3443 4790 3637 4830 errore

2040 4887 2140 4940 viae
2169 4903 2300 4951 suae,
2332 4882 2570 4958 saivabit
2597 4882 2846 4935 animam
2893 4878 3014 4948 ejus
3043 4891 3078 4928 a
3108 4877 3308 4943 morte,
3348 4874 3408 4922 et
3452 4863 3639 4940 aperit

2041 4975 2458 5029 multitudinem
2475 4976 2848 5049 peccatorum.

2117 5065 2244 5126 CAP.
2259 5062 2454 5118 XXVI.
2471 5045 2534 5100 4-
2551 5061 2706 5114 Tunc
2734 5061 2960 5112 sanctus
2991 5053 3188 5124 Astion
3205 5050 3314 5104 hoc
3345 5045 3514 5101 modo
3535 5059 3639 5098 caa-

2045 5153 2129 5224 pit
2163 5153 2348 5206 dicere
2379 5151 2446 5219 ad
2479 5155 2715 5204 matrem
2753 5165 2764 5200 :
2809 5145 2856 5200 Ο
2895 5141 3217 5198 dulcissima
3253 5155 3318 5192 ac
3344 5133 3641 5202 benedicta

2045 5241 2272 5296 domina
2300 5257 2425 5306 mea
2458 5244 2656 5308 mater,
2690 5236 2785 5306 illa
2826 5232 3015 5288 omnia
3041 5247 3164 5302 quae
3192 5229 3250 5300 in
3280 5230 3640 5280 sacrosancto

2043 5330 2339 5400 Evangelio
2369 5326 2576 5380 Christi
2607 5323 2829 5381 Domini
2874 5320 3050 5376 nostri
3087 5318 3297 5394 scripta
3323 5318 3481 5381 sunt,
3512 5326 3644 5365 vera

2042 5427 2174 5475 sunt
2202 5425 2261 5474 et
2279 5420 2458 5473 firma.
2483 5415 2710 5490 Festina
2733 5429 2864 5487 ergo
2894 5427 2962 5479 ea
2985 5411 3109 5464 sine
3139 5423 3298 5461 mora
3327 5404 3524 5479 aliqua
3550 5399 3644 5469 ad-

2043 5509 2296 5580 implere,
2327 5513 2392 5562 ut
2419 5483 2634 5576 eaquae.
2668 5483 3024 5576 il‘lic'scripta
3051 5503 3186 5552 sunt
3211 5483 3479 5564 consequi
3510 5507 3642 5580 pro-

2045 5579 2334 5654 merearis.
2367 5595 2548 5666 igitur
2582 5591 2896 5665 portionem
2930 5581 3068 5644 mihi
3101 5587 3168 5663 de
3195 5590 3294 5642 tua
3324 5579 3643 5658 substantia
