3942 6200
466 307 572 367 415
1489 309 1582 366 DE
1618 310 1808 367 VITIS
1843 311 2142 368 PATRUM
2178 309 2394 366 LIBER
2431 309 2720 366 PRIMUS.
3131 347 3147 362 .
3607 317 3697 374 416

539 431 650 504 (10)
684 432 924 500 Epibata
948 430 968 501 ]
997 431 1302 504 Itaiﬁirtio
1331 429 1614 504 dicuntur,
1647 433 1743 502 qui
1773 433 2063 488 navalibus
2079 443 2122 500 Α
2137 434 2253 504 jori
2269 433 2528 487 videlicet
2545 433 2728 504 gloria
2748 433 3100 488 accidentali.
3128 435 3270 490 Nam
3292 437 3486 492 scitum
3506 439 3627 496 illud
3645 460 3700 498 ex

469 503 656 579 operis
689 521 764 579 ses
793 507 1030 556 merent.
1066 502 1170 579 Hi_c
1193 507 1384 579 nautas
1405 503 1814 579 intelliguntur.
2141 502 2446 579 Augustini
2476 502 2644 579 Serm.
2667 502 2739 562 2'2
2759 505 2828 560 de
2843 505 3023 559 verbis
3047 507 3240 577 Apost.
3269 527 3294 558 (ί
3314 509 3571 579 Injuriam
3591 512 3700 570 facit

542 573 658 644 (11)
693 576 796 628 Pro
827 589 948 627 mea
973 572 1216 647 γαμέω]
1231 574 1377 628 Sane
1405 573 1522 628 hmo
1551 574 1929 648 intellige,pro
1951 593 2066 631 ma-
2149 572 2404 647 martyri,
2443 576 2538 648 qui
2565 581 2692 631 orat
2727 593 2828 647 pro
2855 572 3126 649 martyre.
3152 597 3178 630 »

1901 875 2188 924 OCTOBRIS
2245 875 2426 923 XXIII.

578 1033 986 1166 VITA
1106 1032 1742 1167 SANCTI
1857 1035 2624 1167 MACABII
2749 1034 3458 1168 ROMANI
3546 1027 3620 1107 (ί)

1839 1239 2110 1314 SERVI
2169 1238 2362 1330 DEI,

945 1399 1145 1514 QUI
1209 1398 1777 1494 INVENTUS
1841 1398 2040 1491 EST
2100 1395 2472 1492 JUXTA
2535 1397 3248 1509 PARADISUM,

1098 1552 1600 1619 AUCTORIBUS
1643 1548 2126 1626 THEOPHILO,
2173 1549 2481 1630 SERGIO,
2531 1549 2636 1613 ET
2680 1553 2972 1614 HYGINO
3015 1551 3122 1633 (2).

541 1797 726 1851 Cum
745 1809 971 1850 panum.
989 1796 1254 1850 —Gloria
1280 1801 1337 1850 et
1365 1793 1783 1864 magniﬁcentia
1813 1793 1928 1848 Deo
1959 1793 2063 1847 soli
2084 1789 2130 1849 B
2148 1789 2360 1847 Deinde
2381 1798 2653 1848 exeuntes
2681 1794 2740 1848 in
2760 1794 3362 1862 Bethlehem,vidimus
3391 1801 3446 1850 et
3473 1795 3709 1852 salutavi-

470 1884 889 1953 benignissimo,
937 1885 1032 1956 qui
1062 1902 1162 1956 per
1209 1883 1640 1939 innumerabilia
1669 1883 2065 1937 miraculorum
2149 1898 2274 1938 mus
2307 1888 2562 1938 sanctum
2593 1900 2856 1956 praesepe,
2879 1884 2975 1939 ubi
3003 1885 3263 1940 Christus
3298 1885 3452 1938 nasci
3480 1885 3710 1956 dignatus

469 1974 726 2046 exempla
749 1991 852 2028 nos
879 1974 1100 2045 tepidos
1136 1979 1194 2028 et
1215 1973 1476 2044 indignos
1505 1972 1754 2044 quotidie
1772 1971 1972 2026 invitat
1994 1971 2066 2026 ad
2148 1981 2251 2037 est,
2276 1978 2333 2026 et
2362 1971 2455 2026 ubi
2475 1973 2638 2027 stella
2665 1989 2860 2042 magos
2873 1973 3357 2039 adduxit,Christo
3400 1991 3616 2028 munera
3634 1975 3710 2028 de-

470 2061 651 2116 beatm
682 2062 808 2117 vitae
857 2063 1096 2117 caelestis
1121 2063 1346 2133 gaudia.
1398 2063 1514 2117 Nos
1562 2061 1751 2132 itaque
1789 2060 1977 2114 miseri
2011 2065 2068 2114 et
2147 2059 2427 2124 ferentes;
2457 2067 2514 2116 et
2546 2061 2786 2116 vidimus
2818 2063 3000 2117 locum
3022 2062 3343 2117 mirabilem
3374 2061 3467 2117 ubi
3511 2063 3710 2132 angelus

470 2151 714 2207 humiles
752 2151 1011 2206 monachi
1054 2152 1413 2224 Theophilus,
1447 2151 1676 2220 Sergius
1703 2156 1761 2205 et
1788 2149 2061 2221 Hyginus,
2146 2165 2273 2202 cum
2305 2150 2666 2204 multitudine
2684 2151 2958 2205 exercitus
2982 2151 3486 2222 cmlestis,gloriam
3513 2152 3568 2206 in
3585 2151 3711 2205 altis-

471 2241 841 2313 deprecamur
866 2259 962 2294 vos
991 2256 1186 2296 omnes
1223 2239 1606 2294 sanctissimos
1644 2245 1834 2310 patres
1870 2246 1928 2292 et
1956 2238 2065 2292 fra-
2145 2238 2304 2292 simis
2331 2239 2446 2294 Deo
2474 2238 2726 2306 canebat,
2747 2240 2842 2311 qui
2871 2241 3024 2295 locus
3045 2239 3116 2294 ad
3146 2240 3258 2294 duo
3291 2240 3548 2294 milliaria
3571 2240 3709 2310 longe

469 2336 604 2397 tres,
629 2335 693 2385 ut
705 2329 1136 2385 accommodetis
1155 2346 1319 2384 aures
1329 2329 1436 2396 his,
1461 2345 1584 2400 quae
1607 2327 1762 2382 vobis
1782 2327 2067 2382 narraturi
2153 2342 2188 2380 a
2214 2327 2543 2381 Bethlehem
2573 2328 2715 2382 situs
2753 2333 2857 2382 est.
2892 2329 2958 2384 In
2982 2334 3232 2382 montem
3287 2345 3504 2400 quoque
3538 2326 3709 2383 Oliveti

470 2436 666 2475 sumus
688 2419 758 2474 de
785 2420 900 2474 vita
927 2425 984 2474 et
1018 2418 1440 2474 conversatione
1467 2417 1805 2471 sanctissimi
1834 2415 2068 2470 Macarii
2153 2416 2523 2482 ascendimus,
2557 2422 2614 2470 et
2642 2417 2700 2470 in
2720 2418 2840 2488 ipso
2870 2417 2990 2472 loco
3027 2423 3220 2472 sancto
3249 2417 3608 2488 adoravimus,
3630 2416 3706 2470 ubi

471 2507 732 2573 Romani,
763 2507 859 2578 qui
879 2507 1138 2579 apparuit
1165 2505 1327 2560 nobis
1355 2521 1528 2576 pr0pe
1548 2504 1875 2576 paradisum
1903 2505 1974 2558 ad
1993 2503 2069 2557 vi-
2150 2505 2408 2559 Christus
2439 2505 2675 2576 pedibus
2713 2506 2886 2572 stetit,
2929 2507 3152 2577 quando
3190 2507 3444 2561 elevatus
3479 2511 3574 2570 est,
3604 2510 3652 2558 et
3675 2522 3702 2559 a

468 2597 614 2668 ginti
637 2596 916 2650 milliaria.
945 2597 1013 2650 Et
1041 2595 1146 2649 hoc
1165 2610 1448 2665 rogamus,
1479 2599 1544 2648 ut
1575 2593 1743 2646 fidem
1775 2592 1936 2646 dictis
1966 2592 2067 2646 ad-
2150 2591 2296 2647 nube
2326 2600 2618 2665 susceptus
2645 2595 2896 2648 ascendit
2922 2594 2993 2648 ad
3013 2594 3422 2651 caelosExinde
3440 2594 3708 2649 Jerusalem

470 2684 729 2751 hibeatis,
763 2684 858 2756 qui
887 2683 1115 2755 quidem
1138 2684 1313 2738 multo
1337 2683 1536 2737 melius
1565 2681 1726 2736 nobis
1755 2682 1927 2735 fuisse
1955 2697 2070 2735 cre-
2153 2683 2360 2736 reversi
2387 2682 2743 2738 adoravimus
2779 2683 2977 2748 Deum,
3030 2689 3089 2738 et
3133 2684 3522 2754 consignantes
3548 2699 3638 2738 nos
3660 2689 3708 2736 et

472 2773 660 2828 dimus
689 2772 792 2828 sub
821 2772 1032 2826 silentii
1070 2778 1237 2844 portu
1271 2771 1526 2826 innoxios
1553 2786 1865 2838 remanere,
1900 2786 2070 2842 quam
2152 2772 2616 2826 commendantes
2665 2772 2887 2826 Christo
2927 2777 2986 2826 et
3027 2773 3238 2827 sanctis
3285 2774 3408 2844 ejus
3436 2773 3526 2842 (7),
3565 2771 3710 2826 exivi-

473 2861 734 2916 falsitatis
759 2879 884 2916 reos
915 2862 1122 2934 puniri.
2153 2877 2278 2914 mus
2296 2877 2409 2915 non
2436 2860 2706 2916 habentes
2738 2862 2861 2932 jam
2882 2861 3135 2916 animum
3167 2867 3225 2916 et
3255 2867 3502 2917 mentem
3531 2861 3586 2916 in
3620 2860 3706 2916 hoc

545 2951 674 3005 CAP.
696 2952 768 3007 II.
801 2980 861 2991 —
888 2951 1069 3022 Igitur
1089 2968 1190 3005 nos
1203 2950 1532 3022 praetitulati
1554 2949 1775 3016 fratres,
1793 2950 2067 3022 Theophi-
2149 2950 2370 3005 saeculo.

471 3039 579 3107 lus,
602 3040 830 3110 Sergius
847 3046 905 3094 et
923 3040 1180 3112 Hyginus
1203 3041 1445 3112 propitia
1463 3039 1766 3095 Divinitate
1783 3038 2066 3094 abrenun-
2092 3104 2126 3112 _
2219 3041 2350 3094 CAP.
2385 3039 2585 3097 IV.—¢
2619 3039 2798 3111 Igitur
2824 3056 2926 3094 nos
2955 3039 3164 3096 Christi
3195 3041 3499 3096 comitante
3523 3038 3699 3110 gratia,

471 3129 681 3184 tiantes
709 3130 930 3195 saeculo,
965 3129 1219 3184 venimus
1246 3129 1316 3183 ad
1345 3129 1768 3195 monasterium,
1803 3129 1950 3200 quod
1981 3104 2129 3184 estC
2151 3129 2296 3182 viam
2344 3129 2608 3184 continuo
2627 3129 3037 3200 aggredientcs,
3062 3145 3128 3183 ac
3153 3129 3602 3202 quinquagesimo
3629 3128 3704 3180 die

471 3217 531 3272 in
569 3217 976 3290 Mesopotamia
1006 3218 1181 3290 Syriae
1201 3218 1259 3272 in
1280 3218 1466 3272 medio
1497 3217 1738 3272 duorum
1770 3217 2067 3272 fluminum
2151 3217 2398 3272 ﬂuminis
2415 3219 2616 3290 Tygris
2639 3218 2856 3272 alveum
2868 3224 3351 3290 pertranseuntes,
3384 3223 3584 3273 terram
3602 3217 3708 3270 Per-

470 3306 670 3379 Tygris
690 3312 749 3362 et
782 3307 1103 3378 Euphratis,
1137 3313 1327 3374 πφδ
1375 3309 1434 3361 in
1462 3323 1571 3378 quo
1598 3307 1682 3361 vir
1723 3306 2068 3360 clarissimus
2149 3323 2340 3362 sarum
2371 3307 2610 3378 ingressi
2635 3324 2850 3374 sumus,
2876 3313 2934 3362 et
2953 3307 3207 3362 venimus
3235 3307 3291 3362 in
3327 3323 3573 3380 campum
3601 3321 3702 3359 ma-

471 3395 768 3468 Asclepion
795 3397 1147 3467 hegumenus
1173 3395 1266 3464 (3),
1300 3397 1608 3451 multorum
1645 3395 1860 3450 exstitit
1901 3397 2069 3449 Pater
2146 3413 2321 3466 gnum
2351 3403 2409 3450 et
2435 3397 2799 3468 planitiosum
2825 3395 3093 3450 vocabulo
3113 3396 3295 3458 Assia,
3322 3397 3380 3450 in
3403 3413 3508 3468 quo
3525 3399 3708 3464 martyr

471 3485 896 3539 monachorum.
941 3485 1023 3540 Ibi
1049 3485 1292 3556 denique
1320 3486 1744 3556 conjungentcs,
1778 3501 1812 3538 a
1844 3501 2067 3556 pmno-
2150 3485 2679 3540 ChristiMercurius
2700 3486 2773 3554 (8)
2793 3491 3109 3557 apostatam
3129 3485 3420 3540 Julianum
3440 3482 3706 3556 peremisse

472 3573 689 3628 minato
712 3575 879 3628 Patre
902 3579 960 3628 et
979 3573 1133 3627 omni
1155 3579 1300 3627 cmtu
1320 3575 1558 3628 fratrum
1573 3579 1868 3643 gratanter
1887 3591 2067 3628 suscc-
2149 3575 2372 3645 legitur.
2411 3575 2624 3629 Deinde
2654 3574 2936 3629 civitatem
2963 3573 3226 3641 Persidis,
3259 3574 3484 3628 nomine
3507 3571 3707 3626 Kitisse~

471 3662 654 3734 pti,ac
667 3663 808 3732 jugo
827 3662 1034 3732 regula:
1051 3662 1193 3715 colla
1205 3661 1620 3730 submittentes,
1647 3663 1930 3717 communi
1955 3662 2068 3717 vita
2149 3663 2275 3719 fodo
2302 3664 2390 3730 (9),
2423 3665 2716 3731 intrantes,
2741 3663 2797 3718 in
2821 3681 2932 3735 qua
2950 3670 3066 3721 tres
3096 3663 3275 3735 pueri,
3309 3662 3566 3726 Ananias,
3595 3661 3708 3714 Aza-

472 3747 784 3811 conversati
811 3767 1026 3805 sumus.
2147 3751 2502 3820 rias,Misael,
2534 3753 3030 3824 requiescunt,non
3051 3752 3216 3823 longe
3234 3769 3268 3806 a
3283 3751 3576 3824 Babylone,
3599 3747 3706 3802 ado-

547 3840 678 3894 er.
695 3839 794 3894 ΙΙΙ.
811 3843 896 3879 -'
916 3840 1151 3894 Factum
1167 3844 1252 3894 est
1265 3847 1455 3894 autem
1481 3846 1734 3912 tempore
1755 3840 1920 3911 longo
1943 3848 2069 3912 post
2149 3843 2396 3897 ravimus
2427 3842 2503 3896 ibi
2523 3849 2608 3910 ;et
2638 3843 2696 3896 in
2727 3842 2923 3896 eodem
2955 3841 3075 3896 loco
3107 3841 3525 3903 manducantes,
3553 3843 3604 3892 et
3620 3835 3707 3890 Do—

473 3927 756 3993 haec,hora
775 3944 925 3982 nona
946 3927 1187 3998 quadam
1227 3927 1316 3981 die
1341 3928 1536 4000 synaxi
1558 3929 1778 3999 expleta
1803 3928 1871 3998 (4)
1912 3945 2064 3984 acce-
2149 3932 2304 3986 mino
2332 3931 2515 3986 laudis
2527 3932 2800 4002 hymnum
2829 3931 3148 3997 offerentes,
3172 3931 3485 3984 mansimus
3497 3927 3604 3981 dies
3618 3923 3704 3978 ali-

473 4014 671 4069 dentes
695 4016 766 4070 ad
797 4015 1099 4088 Euphratis
1117 4014 1364 4070 fluminis
1386 4016 1563 4082 littus,
1585 4017 1940 4072 consedimus
1966 4017 2062 4084 ibi,
2149 4025 2304 4091 quot.
2331 4019 2468 4074 Inde
2498 4019 2730 4090 profecti
2751 4023 2877 4090 post
2897 4035 3116 4073 menses
3147 4025 3410 4090 quatuor,
3443 4010 3706 4088 pertransi-

472 4103 799 4175 aliquandiu
819 4105 967 4160 inter
994 4121 1096 4158 nos
1116 4105 1185 4158 de
1209 4105 1545 4159 sustinentia
1570 4112 1628 4160 et
1645 4106 2066 4161 conversatione
2145 4109 2328 4163 vimus
2368 4108 2612 4162 Persidis
2641 4108 2951 4177 regionem,
3003 4113 3059 4162 et
3088 4107 3260 4162 Indiae
3307 4113 3512 4161 teriam
3538 4117 3701 4157 sumus

473 4193 638 4248 simul
671 4189 729 4248 et
755 4193 944 4248 labore
964 4210 1250 4248 servorum
1272 4195 1372 4248 Dei
1395 4195 1744 4266 disputatum
1775 4201 1878 4250 est.
1909 4196 2066 4250 Tunc
2146 4199 2403 4269 ingressi.
2437 4197 2821 4267 Ingredientes
2856 4213 2988 4250 vero
3024 4197 3253 4250 domum
3292 4195 3582 4267 quamdam
3610 4230 3622 4254 ,
3657 4195 3702 4241 et

472 4282 613 4338 mihi
643 4283 848 4338 misero
872 4283 1184 4354 Theophila
1214 4283 1366 4337 venit
1393 4283 1453 4337 in
1483 4289 1731 4338 mentem
1760 4283 2024 4354 cogitatio
2048 4303 2060 4352 ;
2147 4286 2430 4340 neminem
2446 4284 2522 4338 ibi
2551 4284 2926 4338 habitatorem
2953 4283 3318 4354 reperientes,
3362 4283 3498 4337 duos
3519 4277 3697 4334 ibidem

471 4378 530 4428 et
546 4373 908 4444 respondens,
939 4373 1053 4426 dixi
1081 4372 1350 4428 fratribus
1369 4373 1510 4427 meis
1532 4373 1726 4442 Sergio
1743 4378 1800 4426 et
1819 4373 2059 4444 Hygino:
2077 4417 2128 4475 Β
2145 4373 2377 4428 fecimus
2391 4373 2529 4428 dies.
2547 4373 2615 4428 Et
2635 4388 2759 4426 ecce
2774 4373 2941 4427 tertia
2961 4372 3222 4444 posthaec
3240 4371 3703 4462 die,apparuerunt

470 4461 626 4515 Velle
655 4462 793 4516 mihi
823 4462 1001 4527 adest,
1033 4479 1066 4515 ο
1086 4461 1288 4516 fratres
1304 4461 1675 4528 dilectissimi,
1703 4462 1918 4516 cunctis
1940 4461 2063 4515 vitae
2081 4451 2128 4475 ⁸³
2147 4465 2508 4519 advenientes
2535 4462 2647 4517 duo
2676 4462 2898 4528 armati,
2933 4462 3016 4516 vir
3046 4468 3104 4516 et
3122 4461 3352 4528 femina;
3376 4476 3477 4514 nos
3494 4471 3612 4510 vero
3635 4451 3703 4506 ni-

474 4565 614 4604 meae
641 4549 838 4603 diebus
861 4548 1170 4616 ambulare,
1186 4549 1392 4620 illoque
1416 4550 1516 4617 ire,
1551 4549 1647 4604 ubi
1671 4550 1875 4604 coelum
1900 4555 2066 4604 terrm
2148 4553 2262 4607 mio
2291 4558 2506 4607 terrore
2531 4551 2834 4622 perterriti,
2868 4550 3234 4617 surreximus,
3267 4549 3488 4620 illisque
3514 4543 3699 4600 obviam

471 4659 534 4697 se
561 4642 853 4712 conjungit
877 4642 966 4711 (5).
994 4643 1070 4696 At
1086 4641 1200 4695 illi:
1243 4642 1338 4708 Te,
1373 4642 1653 4712 inquiunt,
1682 4644 1858 4698 frater
1883 4645 2066 4699 Theo-
2148 4641 2230 4696 ire
2258 4640 2705 4696 deliberavimus.
2730 4639 2842 4710 Ipsi
2857 4645 3047 4693 autem
3071 4655 3174 4694 nos
3205 4638 3474 4702 videntes,
3490 4632 3640 4690 simul
3657 4635 3702 4684 et

472 4731 644 4802 phile,
688 4736 754 4785 ut
781 4730 1014 4785 fratrem
1041 4730 1358 4801 spiritalem
1387 4747 1612 4802 semper
1631 4731 1932 4788 habuimus
1955 4774 1970 4800 ,
2006 4739 2064 4788 et
2143 4732 2522 4802 exploratores
2567 4746 2688 4784 esse
2742 4729 3033 4782 credentes
3065 4768 3080 4796 ,
3140 4727 3356 4782 concito
3403 4724 3572 4796 gradu
3621 4734 3702 4791 per

471 4819 740 4890 priorem,
759 4825 817 4874 et
834 4820 1036 4874 amodo
1056 4819 1378 4874 nullatenus
1405 4836 1440 4872 a
1463 4824 1519 4874 te
1540 4820 1946 4891 separabimur;
1968 4839 2066 4876 no-
2143 4821 2291 4874 viam
2316 4836 2427 4890 qua
2454 4823 2724 4872 venerant
2753 4817 3065 4884 redierunt;
3093 4822 3150 4871 et
3177 4821 3304 4888 post
3324 4809 3700 4887 aliquantulum

470 4905 557 4961 bis
585 4907 736 4962 enim
758 4907 926 4962 verba
953 4914 1054 4965 tua
1079 4909 1334 4980 placent:
1370 4908 1595 4975 idcirco,
1618 4908 1713 4962 ubi
1726 4911 1892 4964 corde
1929 4927 2062 4965 con-
2145 4909 2562 4981 congregati,de
2578 4908 2694 4963 suis
2710 4909 2869 4979 quasi
2883 4907 2992 4962 tria
3009 4905 3474 4976 milliazEthiopes
3493 4903 3701 4956 advene-

473 4995 688 5067 cepisti,
720 5013 908 5068 perge;
935 5002 990 5051 et
1011 5014 1112 5052 nos
1134 4997 1193 5052 in
1213 4997 1326 5052 vita
1349 5003 1407 5051 et
1423 5003 1604 5052 morte
1622 5003 1807 5052 tecum
1832 4999 2059 5054 erimus.
2144 4999 2419 5068 runt..Qui
2435 4998 2766 5052 festinanter
2780 4997 3095 5062 domum,in
3115 5012 3227 5067 qua
3245 5010 3469 5048 eramus
3487 4993 3699 5048 orantes,

474 5085 672 5155 Itaque
691 5090 985 5156 surgentes
1004 5086 1228 5154 deloco,
1252 5086 1587 5141 intravimus
1614 5087 2057 5142 monasterium:
2143 5089 2286 5143 vallo
2313 5088 2740 5153 circumdantes,
2774 5103 2986 5157 nosque
3024 5085 3209 5140 cuncti
3243 5083 3585 5156 aspicientes,
3620 5089 3703 5146 per

472 5172 731 5244 factaque
775 5191 1023 5246 vespera,
1057 5175 1324 5246 omnique
1373 5175 1562 5229 diurni
1605 5175 1770 5229 ofﬁcii
1809 5177 2062 5231 oratione
2145 5183 2388 5250 quatuor
2413 5177 2668 5247 ejusdem
2709 5175 2908 5230 domus
2939 5175 3174 5246 angulos
3223 5173 3412 5243 ignem
3447 5168 3699 5238 copiosum

467 5262 766 5333 completa,
814 5263 1030 5317 caeteris
1077 5263 1490 5334 quiescentibus
1535 5264 1680 5317 clam
1721 5265 2062 5320 monasterio
2145 5267 2554 5338 applicuerunt,
2578 5265 2728 5318 vivos
2755 5281 2858 5318 nos
2877 5280 3128 5318 cremare
3152 5262 3414 5316 nitentes.
3445 5254 3592 5322 Quod
3619 5266 3701 5305 n08

471 5351 680 5422 egressi
701 5367 914 5405 sumus.
940 5351 1075 5405 Post
1101 5351 1217 5406 haec
1245 5368 1375 5405 vero
1396 5351 1590 5406 decem
1615 5358 1673 5406 et
1698 5359 1916 5424 septem
1945 5354 2064 5408 dies
2143 5361 2209 5410 ut
2245 5344 2582 5426 aspeximus,
2633 5353 2838 5408 timore
2889 5352 3070 5406 valido
3127 5349 3377 5406 exterriti
3404 5387 3418 5411 ,
3449 5343 3700 5400 Christum

469 5439 842 5506 ambulantes,
869 5439 1258 5509 conjunximus
1277 5441 1589 5494 Jerusalem
1615 5441 1706 5510 (6),
1737 5447 1794 5496 et
1808 5448 2060 5498 sanctam
2143 5443 2396 5498 omnium
2441 5443 2789 5499 Salvatorem
2841 5440 3238 5504 invocavimus,
3288 5444 3345 5492 et
3377 5436 3436 5490 in
3485 5429 3701 5486 medium

470 5527 938 5585 resurrectionem
961 5529 992 5582 J
996 5544 1095 5582 esu
1116 5527 1324 5582 Christi
1351 5533 1410 5583 et
1437 5544 1660 5584 crucem
1681 5531 2059 5586 adoravimus.
2143 5533 2370 5586 illorum
2399 5529 2792 5602 prosilivimus.
2817 5529 2973 5584 Tunc
2999 5527 3107 5600 ipsi
3127 5528 3320 5600 lingua
3348 5538 3450 5580 sua
3492 5517 3702 5577 multum.

545 5675 566 5697 ·
585 5670 892 5747 Sequentia
913 5671 1120 5730 desunt
1143 5671 1202 5727 in
1233 5671 1479 5741 Menaeis,
1509 5677 1567 5726 et
1593 5689 1628 5727 a
1655 5673 1788 5729 viris
1818 5675 2154 5746 quibusdam
2189 5673 2368 5732 doctis
2394 5677 2694 5728 censentur
2717 5669 3054 5744 apocrypha.
