3876 6190
213 333 317 388 417

1285 331 1455 387 VITA
1493 330 1751 388 SANCTI
1788 332 2093 389 MACARII
2130 332 2433 391 ROMANI.

3384 338 3491 395 ΗΒ

215 459 456 513 invicem
499 463 939 523 murmurantes,
962 456 1171 528 diuque
1198 461 1395 512 contra
1417 474 1520 512 nos
1548 457 1812 512 frenden-
1830 458 1950 519 Ain
1966 474 2076 528 quo
2090 458 2517 529 elephantorum
2538 474 2743 529 magna
2763 458 3065 513 multitudo
3085 459 3289 525 stabat,
3315 465 3371 515 et
3388 477 3493 533 per

213 554 317 611 tes,
354 565 487 602 cum
517 564 698 618 neque
719 563 820 601 nos
850 546 994 611 illos,
1021 562 1123 600 nec
1152 546 1259 617 ipsi
1290 563 1392 601 nos
1418 547 1700 601 ullatenus
1730 547 1813 600 in-

216 637 474 707 telligere
514 653 821 708 possemus,
876 635 1415 705 comprehendentes
1443 653 1563 701 nos,
1616 636 1676 690 in
1718 635 1814 689 ob-

214 743 377 780 scuro
408 727 739 779 clauserunt
763 740 1004 778 carcere.
1036 724 1373 778 Sedentibus
1406 741 1539 794 ergo
1565 724 1727 779 nobis
1754 724 1814 778 in

214 813 484 879 tenebris,
511 830 626 867 non
656 817 778 866 erat
806 812 903 882 qui
940 828 1143 883 panem
1171 812 1257 865 vel
1286 828 1489 882 aquam
1518 812 1810 867 tribueret.

216 904 330 957 Nos
360 902 606 973 denique
634 918 762 956 cum
808 901 1069 971 lacrymis
1098 902 1501 972 omnipotentis
1530 901 1630 956 Dei
1658 919 1815 956 crea-

218 992 357 1045 toris
383 991 639 1045 omnium
671 990 1111 1045 misericordiam
1157 990 1414 1044 invocare
1443 991 1593 1044 haud
1624 991 1817 1045 omisi-

217 1097 362 1134 mus.
390 1079 752 1134 Facientibus
784 1085 975 1133 autem
1005 1078 1166 1133 nobis
1186 1078 1265 1132 ibi
1295 1079 1415 1133 dies
1443 1079 1676 1150 aliquot,
1708 1080 1815 1133 ite-

217 1186 345 1222 rum
395 1168 747 1239 congregati,
778 1184 906 1222 cum
949 1184 1052 1221 nos
1091 1168 1239 1221 fame
1285 1172 1343 1221 et
1390 1167 1485 1222 siti
1533 1168 1817 1223 exanimes

215 1258 606 1323 credidissent,
662 1257 1152 1311 circumdederunt
1197 1273 1500 1310 carcerem.
1537 1257 1645 1311 Sed
1687 1274 1815 1312 cum

216 1351 441 1400 orantes
470 1363 573 1401 nos
603 1346 968 1416 aspexissent,
991 1345 1314 1417 aperientes
1336 1346 1573 1416 januam
1604 1346 1816 1401 eduxe-

217 1442 350 1490 runt
380 1453 527 1500 nos;
561 1441 620 1489 et
657 1452 783 1489 cum
812 1434 1055 1488 multum
1102 1434 1252 1489 inter
1298 1450 1358 1487 se
1397 1441 1816 1489 murmurantes

220 1525 608 1595 loquerentur,
640 1524 940 1578 novissime
985 1540 1113 1577 cum
1154 1523 1321 1593 lignis
1359 1524 1675 1593 agrestibus
1708 1525 1813 1596 (I0)

221 1614 500 1667 cmdentes
528 1630 631 1667 nos
678 1612 900 1678 acriter,
933 1612 1003 1666 de
1044 1611 1249 1665 ﬁnibus
1280 1612 1397 1666 suis
1426 1614 1730 1682 ejecerunt,
1762 1619 1820 1668 et

1895 547 2143 600 medium
2168 547 2392 601 illorum
2423 546 2581 601 illaesi
2609 547 2988 603 transivimus.
3010 549 3145 603 Post
3165 550 3281 603 haec
3299 549 3493 621 itaque

1895 635 2125 689 minime
2157 635 2315 689 nobis
2345 636 2609 707 apparuit
2635 636 2740 689 via.
2770 637 2925 691 Tunc
2953 653 3053 692 nos
3076 655 3203 691 cum
3231 639 3493 711 lacrymis

1896 724 2253 779 clementiam
2283 725 2505 779 Domini
2539 725 2876 790 invocantes,
2906 732 2961 780 et
2999 744 3099 798 per
3130 744 3327 782 novem
3372 730 3492 784 dies

1897 812 2017 866 sine
2032 813 2154 867 cibo
2171 830 2271 884 per
2289 813 2450 867 devia
2464 813 2834 879 ambulantes,
2851 817 3243 886 conjunxixnus
3260 818 3493 873 tandem

1898 901 1957 955 in
2006 902 2192 955 locum
2235 902 2465 973 planitie
2494 904 2734 973 largum,
2769 904 2863 973 qui
2913 904 3188 959 fructibus
3233 907 3492 978 plurimis

1898 989 2241 1044 abundabat.
2265 992 2294 1045 J
2298 1007 2388 1044 am
2403 1008 2537 1061 ergo
2551 991 2798 1046 tenebrae
2817 992 3161 1049 densissimas
3180 1002 3381 1050 cuncta
3398 996 3496 1050 illa

1898 1079 2249 1149 repleverant
2275 1079 2433 1145 loca;
2466 1096 2569 1133 nec
2615 1080 2827 1151 aliquid
2866 1081 3108 1149 lucebat,
3139 1083 3239 1137 sed
3276 1084 3493 1139 nebulae

1899 1166 2306 1222 obscurissimae
2319 1173 2497 1223 erant.
2515 1170 2670 1223 Tunc
2686 1185 2789 1223 nos
2807 1168 3045 1223 nimium
3058 1170 3268 1224 turbati
3281 1178 3338 1226 et
3355 1172 3495 1226 affli-
3518 1184 3523 1189 '

1899 1256 1993 1322 cti,
2027 1256 2289 1310 cadentes
2316 1257 2376 1311 in
2397 1263 2609 1311 terram
2638 1274 2767 1312 cum
2799 1259 3029 1329 planctu
3060 1259 3239 1314 valido
3269 1266 3495 1316 orantes

1898 1345 2264 1400 clamavimus
2289 1346 2359 1399 ad
2389 1347 2588 1414 Deum,
2621 1346 2754 1401 etin
2786 1348 2980 1401 eodem
3013 1348 3131 1403 loco
3148 1348 3269 1403 dies
3282 1355 3497 1421 septem

1898 1433 2316 1504 complevimus,
2352 1451 2463 1488 non
2503 1436 2905 1490 manducantes
2951 1454 3054 1490 nec
3092 1436 3362 1505 bibentes,
3394 1456 3499 1494 nec

1898 1522 2089 1575 lumen
2119 1522 2243 1575 coeli
2270 1522 2540 1577 videntes.
2574 1524 2747 1578 Nobis
2775 1531 2964 1579 autem
2994 1526 3151 1580 valde
3178 1527 3419 1595 afflictis,
3444 1534 3501 1582 et

1900 1610 1957 1664 in
1984 1611 2235 1665 oratione
2264 1612 2714 1683 persistentibus,
2757 1619 2883 1684 post
2907 1614 3026 1668 dies
3063 1620 3279 1685 septem
3316 1617 3499 1670 adfuit

220 1703 509 1773 octoginta
532 1702 653 1756 dies
683 1702 803 1756 sine
833 1701 955 1756 cibo
986 1700 1344 1771 explevimus,
1379 1701 1525 1756 sicut
1548 1702 1709 1756 testis
1734 1708 1821 1757 est
1901 1698 2177 1767 co'lumba,
2213 1717 2334 1771 qua)
2355 1700 2515 1755 nobis
2536 1702 3009 1773 appropinquans,
3033 1720 3097 1757 ac
3113 1703 3209 1757 diu
3224 1704 3372 1757 circa
3395 1721 3498 1759 nos

154 1814 164 1821 ο
222 1791 381 1845 nobis
418 1792 593 1846 Deus.

291 1900 424 1952 Cxp.
458 1898 528 1950 ν.
551 1925 612 1935 -
640 1916 667 1950 α
702 1897 873 1968 Ejecti
904 1897 1094 1967 itaque
1113 1913 1147 1950 a
1166 1896 1368 1951 finibus
1397 1897 1525 1964 illis,
1551 1898 1659 1953 iter
1686 1898 1818 1952 feci-

224 2002 345 2039 mus
361 1986 486 2039 dies
502 1986 709 2039 multos
726 1986 783 2039 in
806 1985 1113 2047 Orientem,
1133 1991 1190 2039 et
1208 1986 1534 2040 devenimus
1554 1986 1613 2040 in
1636 1987 1819 2041 locum

224 2074 630 2140 admirabilem,
660 2080 719 2128 et
754 2091 1015 2145 campum
1048 2074 1373 2144 gloriosum,
1409 2075 1505 2145 qui
1527 2075 1821 2130 arboribus

225 2163 514 2217 altissimis
540 2163 758 2234 plenus,
785 2168 841 2217 et
871 2163 1155 2217 melliﬂuis
1175 2163 1448 2217 fructibus
1478 2163 1816 2219 abundabat.

227 2252 479 2322 Denique
508 2268 612 2305 nos
631 2252 1009 2321 gloriﬁcantes
1040 2258 1097 2306 et
1126 2253 1422 2306 laudantes
1444 2253 1642 2317 Deum,
1667 2269 1820 2307 man-

228 2341 554 2394 ducavimus
585 2341 879 2395 dulcilluos
920 2341 1154 2407 fructus,
1206 2347 1263 2395 et
1309 2341 1685 2395 saturavimus
1722 2359 1824 2397 nos

232 2429 399 2483 valde.
433 2430 636 2499 Itaque
664 2435 932 2483 exeuntes
962 2429 1113 2493 inde,
1144 2435 1355 2483 terram
1378 2430 1827 2485 Chananmorum

235 2517 342 2587 (li)
386 2518 630 2588 ingressi
675 2535 888 2584 sumus,
940 2518 1037 2589 qui
1066 2518 1136 2572 ab
1166 2518 1290 2572 aliis
1321 2519 1697 2589 Cynocephali
1746 2519 1827 2573 di-

238 2612 461 2675 cuntur;
495 2612 553 2660 et
598 2606 849 2660 videntes
877 2606 1021 2673 illos,
1054 2607 1113 2661 in
1152 2614 1381 2679 aspectu
1426 2624 1621 2661 eorum
1668 2608 1827 2661 valde

239 2695 416 2749 mirati
443 2712 663 2749 sumus.
697 2696 811 2766 Ipsi
829 2712 959 2749 vero
986 2712 1113 2749 cum
1128 2696 1459 2750 mulieribus
1483 2696 1600 2750 suis
1629 2701 1684 2750 et
1704 2713 1829 2767 par-

242 2785 387 2847 vulis,
425 2784 627 2838 subtus
654 2783 714 2837 in
746 2784 919 2855 petris
950 2784 1286 2851 habitantes,
1316 2801 1418 2838 nos
1456 2784 1685 2839 omnino
1715 2802 1828 2839 non

239 2874 557 2943 tetigerunt,
592 2872 801 2927 Christi
829 2889 931 2927 nos
954 2878 1281 2943 protegente
1306 2873 1510 2943 gratia.

304 2989 618 3046 C.ir.V'I.-
640 3007 665 3039 ί(
689 2988 826 3043 Inde
848 2988 1022 3058 igitur
1047 2988 1279 3059 profecti
1299 2994 1497 3043 contra
1516 2988 1825 3057 Orientem,

245 3092 357 3130 cum
384 3083 615 3131 centum
645 3082 703 3139 et
726 3078 919 3131 decem
956 3077 1075 3131 dies
1103 3094 1199 3131 eos
1232 3082 1694 3148 pertranseuntes
1723 3077 1894 3152 iterc

245 3174 484 3219 nostrum
514 3165 862 3231 fecissemus,
894 3165 1226 3219 intravimus
1254 3171 1463 3220 terram
1490 3167 1675 3237 gentis
1706 3184 1830 3237 quae

248 3255 557 3308 nominatur
580 3254 786 3308 Pichiti
808 3252 946 3326 (1?);
981 3254 1102 3325 ipsa
1119 3269 1252 3309 vero
1273 3272 1413 3325 gens
1440 3255 1499 3308 in
1530 3260 1752 3309 statura
1775 3261 1832 3310 et

251 3342 531 3397 altitudine
584 3360 691 3397 sua
738 3360 850 3397 non
880 3348 1071 3409 καθ
1110 3344 1237 3415 plus
1286 3361 1456 3415 quam
1504 3362 1830 3399 mensuram

249 3432 398 3486 unius
425 3432 603 3487 cubiti
631 3431 890 3485 habebat.
924 3433 993 3486 Et
1021 3433 1274 3487 videntes
1317 3450 1436 3499 nos,
1470 3433 1671 3487 timore
1702 3451 1831 3505 per-

250 3522 372 3575 culsi
397 3522 686 3592 fugerunt.
718 3523 832 3575 Nos
869 3520 1059 3575 aut‘em
1099 3522 1278 3576 Deum
1307 3523 1710 3589 collaudantes,
1737 3524 1833 3595 qui

251 3610 311 3664 de
338 3611 559 3665 illorum
591 3610 852 3664 manibus
882 3627 982 3665 nos
1012 3610 1288 3675 liberavit,
1319 3627 1547 3666 cursum
1576 3617 1833 3667 nostrum

252 3700 488 3769 quotidie
515 3699 969 3754 acceleravimus.

313 3814 438 3867 CAP.
463 3814 587 3868 VII.
615 3844 679 3853 —
707 3832 734 3866 α
758 3814 893 3867 Post
905 3814 1021 3867 haec
1036 3818 1224 3867 autem
1246 3814 1571 3869 devenimus
1592 3814 1651 3868 in
1672 3832 1833 3870 mon-

254 3904 328 3955 tes
353 3902 656 3956 altissimos
684 3901 1094 3973 terribilesque,
1132 3901 1230 3955 ubi
1260 3902 1342 3957 sol
1373 3920 1485 3957 non
1516 3904 1709 3970 intrat,
1732 3920 1835 3958 nec

240 3989 409 4044 arbor
435 4008 541 4045 nec
565 3990 743 4044 herba
777 3995 1063 4057 crescunt;
1095 3990 1173 4044 ibi
1201 4007 1333 4061 ergo
1361 3997 1650 4062 serpentes
1680 3992 1840 4046 innu-

256 4079 556 4145 merabiles,
579 4085 639 4134 et
664 4079 933 4134 dracones
964 4085 1023 4135 et
1054 4079 1295 4151 aspides,
1316 4079 1413 4134 sed
1445 4085 1503 4133 et
1531 4080 1837 4149 basiliscos,

260 4173 312 4220 et
334 4168 570 4240 viperas,
604 4175 663 4222 et
705 4168 1022 4236 unicornes,
1066 4175 1125 4223 et
1168 4168 1400 4223 bubalos
1424 4168 1665 4223 vidimus
1702 4171 1845 4224 mul-

263 4261 375 4323 tos;
406 4259 546 4313 alias
572 4273 796 4329 quoque
840 4258 1045 4312 bestias
1073 4257 1389 4312 mortiferas
1414 4258 1640 4324 multas,
1674 4264 1732 4312 et
1760 4276 1846 4313 ve-

266 4360 461 4401 nenosa
490 4347 777 4413 animalia,
813 4364 1051 4418 quorum
1079 4346 1311 4402 nomina
1337 4347 1718 4401 vel-naturam
1747 4364 1847 4420 pe-

1834 1775 2158 1854 Bvolitans,
2198 1795 2255 1843 et
2282 1791 2556 1861 pennulas
2602 1791 2826 1844 fortiter
2868 1792 3205 1863 percutiens,
3241 1793 3399 1864 quasi
3427 1793 3499 1847 ad

1902 1877 2303 1932 ambulandum
2324 1895 2425 1932 nos
2452 1878 2817 1933 confortabat.
2841 1881 2996 1934 Tunc
3017 1898 3117 1935 nos
3137 1882 3252 1935 Deo
3270 1888 3500 1951 agentes

1902 1967 2718 2039 gratias,surreximus,illaque
2730 1970 3097 2040 praecedente,
3114 1987 3214 2040 per
3223 1970 3381 2024 devia
3392 1971 3501 2025 iter

1904 2055 2156 2123 fecimus;
2183 2062 2240 2110 et
2253 2073 2377 2110 ecce
2398 2063 2528 2110 ante
2557 2074 2657 2111 nos
2680 2057 2980 2112 maximam
3010 2058 3326 2113 invenimus
3351 2059 3502 2114 absi-

1905 2144 2034 2197 dam
2052 2144 2179 2213 (13),
2204 2144 2263 2199 in
2283 2145 2519 2199 circuitu
2539 2146 2823 2217 scriptam.
2840 2147 3108 2201 Videntes
3119 2165 3249 2201 vero
3269 2148 3505 2219 scriptu-

1904 2249 2025 2285 ram
2039 2233 2212 2299 illam,
2233 2234 2408 2303 gavisi
2426 2250 2639 2299 sumus,
2659 2240 2716 2288 et
2729 2235 3167 2290 collaudavimus
3178 2237 3500 2291 Dominum.

1906 2322 2036 2375 Haec
2055 2327 2246 2376 autem
2264 2328 2387 2376 erat
2402 2322 2680 2394 scriptura
2698 2341 2708 2375 :
2734 2326 2773 2378 A
2784 2325 2993 2377 bsidam
3011 2327 3175 2378 istam
3191 2327 3319 2393 fecit
3339 2326 3502 2379 Alar-

1908 2412 2084 2464 andcr
2108 2412 2350 2479 Philippi
2378 2413 2591 2465 Macedo
2614 2415 2935 2481 imperator,
2953 2415 3175 2481 quando
3191 2418 3504 2483 persecutus

1910 2503 1983 2551 est
1998 2500 2236 2553 Darium
2256 2516 2431 2567 regem
2448 2502 2767 2558 Persarum.
2786 2500 2893 2567 Qui
2907 2506 3113 2555 terram
3126 2503 3271 2556 hanc
3285 2504 3506 2569 ingredi

1913 2591 2166 2651 voluerit,
2200 2590 2275 2641 ad
2302 2604 2537 2642 manum
2576 2591 2868 2642 sinistram
2898 2591 3090 2654 radat;
3123 2592 3198 2644 ad
3227 2593 3505 2645 dexteram

1909 2678 2057 2729 enim
2090 2681 2239 2730 terra
2270 2679 2445 2742 invia,
2478 2681 2524 2730 et
2564 2679 2798 2745 rupibus
2827 2684 2879 2731 ct
2908 2682 3183 2746 angustiis
3213 2684 3287 2733 cst
3321 2683 3504 2748 plena.

1982 2765 2111 2818 CAP.
2145 2765 2240 2818 IX.
2271 2795 2336 2810 -
2365 2784 2387 2813 ι
2413 2766 2527 2819 Nos
2556 2764 2730 2835 igitur
2757 2766 2829 2819 ad
2856 2766 3050 2821 laevam
3075 2766 3370 2833 intrantes,
3393 2784 3507 2821 am-

1912 2851 2227 2906 bulavimus
2251 2852 2371 2907 dies
2402 2854 2627 2908 multos.
2662 2855 2731 2908 Et
2754 2854 2962 2909 factum
2997 2861 3081 2910 est
3110 2862 3236 2927 post
3265 2856 3511 2928 quadra-

1909 2941 2071 3012 ginta
2093 2941 2231 3004 dies,
2270 2941 2530 2996 euntibus
2559 2942 2718 2996 nobis
2744 2943 2896 2998 venit
2923 2945 3199 3015 pessimus
3230 2952 3287 2999 et
3314 2946 3513 2999 intole-

1912 3030 2107 3083 rabilis
2130 3030 2291 3096 fetor,
2313 3048 2377 3085 ex
2396 3048 2504 3101 quo
2531 3032 2683 3086 velut
2710 3033 2993 3087 exanimes
3015 3033 3212 3100 effecti,
3238 3041 3294 3088 et
3313 3033 3513 3088 caden-

1912 3124 1997 3173 tes
2016 3118 2071 3172 in
2090 3125 2318 3185 terram,
2342 3119 2624 3174 oravimus
2646 3121 2966 3185 Dominum,
2986 3128 3050 3175 ut
3064 3124 3183 3192 jam
3207 3123 3512 3176 clementer

1913 3207 2084 3278 recipi
2113 3207 2339 3277 juberet
2366 3208 2586 3262 animas
2633 3215 2873 3264 nostras.
2908 3211 3042 3264 Post
3070 3210 3349 3265 modicum
3380 3227 3513 3265 vero

1913 3304 2206 3367 surgentes
2237 3314 2272 3350 a
2308 3302 2479 3361 terra,
2527 3298 2845 3369 aspeximus
2895 3299 3077 3353 lacum
3123 3316 3411 3369 magnum,
3458 3304 3517 3354 et

1914 3385 2330 3439 multitudinem
2348 3386 2692 3456 serpentium
2710 3386 2767 3440 in
2788 3404 2853 3441 eo
2875 3387 3208 3457 ignitorum;
3236 3394 3293 3442 et
3312 3406 3377 3442 ex
3392 3388 3515 3459 ipso

1916 3475 2039 3528 lacu
2070 3474 2327 3528 exierunt
2346 3492 2522 3541 voces,
2548 3480 2605 3529 et
2625 3475 2944 3530 audivimus
2966 3476 3242 3530 ululatum
3271 3483 3329 3531 et
3348 3477 3511 3548 plan-

1916 3569 2068 3617 ctum
2083 3580 2371 3633 magnum,
2386 3564 2546 3634 quasi
2559 3564 2748 3635 p0puli
2761 3564 3205 3632 innumerabilis,
3223 3570 3277 3620 et
3291 3566 3359 3619 de
3375 3567 3514 3620 cmlo

1916 3668 2017 3706 vox
2039 3652 2245 3718 sonuit,
2281 3652 2470 3706 dicens
2504 3670 2515 3705 :
2552 3654 2731 3707 Locus
2760 3653 2865 3707 iste
2904 3653 3101 3723 judicii
3132 3660 3190 3708 et
3217 3671 3511 3725 pinnarum

1916 3746 2019 3806 est,
2041 3741 2099 3794 in
2122 3757 2231 3811 quo
2253 3741 2576 3795 cruciantur
2590 3742 2685 3812 qui
2708 3742 2992 3797 Christum
3014 3750 3376 3813 negaverunt.
3401 3745 3517 3799 Nos

1916 3834 2106 3883 autem
2121 3845 2311 3883 vocem
2327 3830 2473 3883 hanc
2487 3830 2800 3895 audientes,
2822 3837 2879 3885 et
2893 3837 3119 3902 pectora
3139 3833 3516 3904 percutientes

1920 3906 2341 3989 cum‘lacrymis
2365 3923 2423 3971 et
2441 3918 2641 3972 timore
2670 3919 2841 3973 nimio
2863 3919 3050 3991 ipsum
3062 3921 3425 3976 transivimus
3444 3922 3522 3977 la-

1921 4023 2067 4072 cum,
2098 4011 2156 4060 et
2180 4006 2435 4061 venimus
2465 4007 2615 4061 inter
2640 4013 2859 4062 montes
2876 4009 3014 4063 duos
3038 4009 3360 4077 altissimos,
3381 4015 3437 4065 et
3460 4010 3522 4065 in

1924 4095 2108 4149 medio
2136 4095 2389 4166 ipsorum
2416 4097 2682 4168 apparuit
2710 4096 2871 4152 nobis
2901 4098 3068 4153 homo
3096 4099 3270 4169 longa
3298 4104 3520 4154 statura

1928 4183 2057 4253 (l4),
2090 4184 2251 4254 quasi
2278 4190 2505 4239 centum
2535 4185 2872 4251 cubitorum,
2907 4192 2963 4240 et
2993 4188 3111 4257 ipse
3131 4187 3348 4241 catenis
3385 4204 3520 4242 con-

1926 4272 2155 4327 strictus
2184 4273 2362 4340 aereis,
2396 4278 2514 4327 toto
2530 4273 2737 4343 ligatus
2766 4279 2888 4327 erat
2909 4290 3158 4345 corpore.
3179 4276 3314 4329 Duae
3331 4280 3523 4330 autem

1927 4365 2139 4416 catenae
2167 4361 2236 4415 de
2266 4378 2380 4415 una
2404 4361 2651 4432 corporis
2679 4367 2857 4433 parte,
2894 4361 2954 4416 in
2990 4368 3181 4417 monte
3208 4378 3321 4417 uno
3361 4369 3526 4419 erant

269 4435 408 4489 nitus
457 4436 806 4506 ignoramus.
856 4437 1097 4490 Dextera
1127 4435 1303 4505 igitur
1350 4435 1452 4490 Dei
1510 4453 1613 4490 nos
1656 4442 1831 4507 prote-

1925 4451 2065 4515 ﬁxae,
2099 4455 2157 4503 et
2185 4450 2308 4504 duae
2338 4450 2397 4503 in
2429 4456 2618 4505 monte
2648 4451 2845 4515 altero,
2879 4457 2934 4506 et
2972 4451 3119 4522 ignis
3148 4451 3423 4505 maximus
3460 4452 3522 4507 in

269 4529 438 4591 gente,
470 4525 631 4579 illmsi
654 4524 1116 4596 pertransivimus
1144 4525 1267 4592 illa;
1291 4524 1389 4579 sed
1420 4531 1477 4579 et
1504 4524 1695 4580 sibilos
1724 4525 1850 4580 dra-

274 4627 457 4667 conum
494 4619 552 4667 et
579 4614 926 4684 serpentium
956 4630 1057 4685 per
1082 4612 1279 4684 viginti
1306 4613 1601 4668 continuos
1638 4614 1759 4668 dies
1790 4614 1849 4668 in

277 4699 485 4756 auribus
520 4701 846 4769 habuimus,
896 4708 954 4757 et
982 4719 1094 4757 non
1145 4702 1253 4756 nisi
1297 4719 1464 4756 aures
1520 4701 1848 4758 obturantes

279 4787 386 4843 illos
409 4790 550 4845 ferre
580 4790 879 4862 quivimus.

341 4896 458 4950 Cap.
479 4898 631 4953 VIII.
666 4927 732 4938 -
768 4917 797 4951 ι
824 4899 1049 4969 Interea
1074 4897 1133 4952 in
1160 4899 1344 4952 locum
1368 4897 1670 4952 incidimus
1689 4897 1851 4952 terri-

283 4979 446 5052 bilem,
469 5004 637 5058 rupes
647 4986 947 5042 habentem
959 4987 1316 5058 asperrimas,
1341 4986 1399 5040 in
1414 4986 1589 5040 altum
1614 4992 1848 5052 erectas,

287 5072 397 5127 etin
415 5073 522 5130 ima
540 5076 962 5130 descendentes.
987 5077 1103 5130 Nos
1122 5092 1256 5146 ergo
1277 5081 1489 5146 septem
1515 5076 1634 5129 dies
1672 5076 1747 5129 ibi
1770 5076 1853 5129 fe-

290 5160 457 5227 cimus,
483 5166 634 5219 ultra
661 5165 922 5236 progredi
949 5181 1061 5219 non
1089 5165 1356 5219 valentes.
1390 5164 1641 5235 Septima
1664 5169 1856 5219 autem

296 5258 401 5318 post
420 5254 530 5308 haec
551 5254 644 5309 die
672 5253 935 5325 apparuit
962 5270 1157 5307 cervus
1183 5258 1313 5314 ante
1336 5269 1438 5307 nos
1458 5252 1754 5307 ambulans
1767 5270 1858 5307 ru-

299 5338 493 5408 giendo,
509 5360 677 5413 quem
698 5348 991 5412 surgentes
1008 5342 1182 5397 secuti
1211 5358 1423 5396 sumus.
1446 5342 1561 5396 Iter
1573 5346 1762 5395 autem
1775 5342 1859 5395 fa-

303 5428 504 5496 cientes,
544 5432 722 5487 multo
752 5432 995 5501 majores
1026 5431 1339 5485 invenimus
1366 5436 1499 5484 ante.
1526 5446 1628 5484 nos
1672 5446 1858 5501 rupes.

1928 4538 2165 4592 circuitu
2205 4539 2327 4608 ejus
2366 4555 2433 4592 ex
2474 4538 2627 4593 omni
2668 4544 2846 4610 parte.
2880 4540 2997 4593 Vox
3037 4545 3226 4594 autem
3264 4538 3525 4593 clamoris

1931 4627 2082 4682 illius
2112 4626 2467 4693 audiebatur,
2502 4627 2661 4699 quasi
2704 4644 2805 4699 per
2836 4627 3210 4699 quadraginta
3236 4626 3525 4684 milliaria.

1930 4716 2039 4780 Qui
2066 4721 2132 4771 ut
2162 4733 2262 4771 nos
2304 4716 2462 4783 vidit,
2494 4716 2720 4788 plorans
2750 4722 2805 4770 et
2853 4716 3071 4786 ejulans
3097 4715 3400 4770 fortissime
3429 4732 3527 4771 ex-

1930 4805 2210 4859 clamavit:
2244 4806 2546 4860 crudeliter
2573 4805 2723 4859 enim
2753 4804 2823 4858 ab
2852 4804 2980 4875 igne
3009 4803 3382 4861 cremabatur.

2002 4896 2133 4948 Cap.
2162 4895 2229 4948 X.
2269 4924 2328 4935 —
2368 4913 2392 4945 «
2417 4896 2671 4965 Cumque
2691 4909 2793 4947 nos
2812 4893 2949 4947 talia
2967 4877 3343 4961 cerneremus,
3367 4896 3529 4952 valde

1933 4982 2365 5054 pertimuimus;
2398 4988 2456 5037 et
2483 4982 2865 5053 cooperientes
2902 4982 3090 5049 facies,
3123 5000 3158 5037 a
3184 4984 3348 5055 longe
3377 4985 3529 5056 ipsos

1934 5071 2296 5126 transivimus
2325 5076 2543 5125 montes
2566 5088 2579 5137 ;
2609 5075 2670 5124 et
2695 5086 2819 5124 ecce
2847 5070 2905 5123 in
2938 5070 3112 5125 alium
3140 5072 3405 5127 continuo
3430 5074 3531 5127 de-

1937 5160 2407 5226 venimuslocum,
2434 5158 2530 5213 ubi
2559 5175 2726 5230 rupes
2746 5159 2937 5214 multae
2965 5164 3022 5213 et
3045 5160 3396 5231 profunditas
3417 5178 3534 5216 ma-

1937 5267 2051 5320 gna
2079 5254 2221 5304 erat.
2245 5247 2327 5303 lbi
2346 5246 2515 5302 etiam
2543 5248 2847 5318 quamdam
2874 5248 3115 5303 vidimus
3144 5249 3412 5305 feminam
3432 5251 3537 5306 cri-

1943 5338 2108 5393 nibus
2149 5336 2347 5392 solutis
2393 5342 2657 5402 stantem,
2704 5343 2822 5392 toto
2856 5354 3090 5409 corpore
3132 5354 3165 5392 a
3208 5339 3452 5395 maximo
3479 5344 3539 5393 et

1944 5426 2183 5481 terribili
2205 5426 2446 5479 dracone
2468 5425 2795 5479 involutam.
2834 5427 3292 5497 Quandocunque
3312 5443 3446 5497 ergo
3466 5427 3540 5482 ad

307 5514 404 5571 Nos
429 5535 551 5575 vero
592 5520 837 5574 maximo
873 5536 1003 5574 cum
1050 5518 1237 5574 labore
1285 5525 1343 5574 et
1383 5518 1648 5589 angustia
1667 5518 1865 5573 exinde
1948 5514 2288 5586 loquendum
2320 5531 2382 5569 os
2412 5531 2576 5569 suum
2610 5514 2829 5586 aperire
2856 5515 3141 5581 voluisset,
3174 5520 3342 5585 caput
3372 5530 3539 5569 suum

314 5607 635 5679 e\‘asimus,et
647 5610 903 5666 venimus
912 5609 972 5665 in
987 5626 1246 5681 campum
1258 5609 1489 5681 planum
1503 5612 1561 5664 et
1573 5625 1861 5680 magnum,

1948 5606 2116 5661 draco
2148 5603 2442 5661 confestim
2468 5603 2528 5658 in
2558 5620 2620 5659 os
2647 5604 2770 5675 ejus
2798 5603 3048 5671 mittens,
3080 5603 3331 5673 linguam
3357 5602 3537 5674 ipsius
