3876 6190
412 357 519 415 419

1427 349 1520 404 DE
1557 348 1746 402 VITIS
1784 341 2081 404 PATRUM
2122 346 2337 406 LIBER
2374 351 2662 408 PRIMUS.

3547 369 3640 426 4‘20

410 483 722 541 mordebat.
745 477 945 550 Capilli
977 482 1167 530 autem
1207 475 1375 544 hujus
1401 473 1652 528 mulieris
1689 473 1759 527 ad
1789 478 1998 527 terram
2019 474 2145 534 Aet
2167 475 2471 531 cantabant
2497 479 2776 532 canticum
2801 477 3041 545 cmleste,
3073 479 3130 535 id
3161 488 3260 547 est,
3293 501 3441 542 voces
3467 491 3644 550 cheru-

411 590 589 644 usquc
611 566 1042 624 descendebant.
1072 566 1326 634 Cumque
1359 563 1416 616 in
1454 563 1608 616 illam
1639 563 1908 616 mirantes
1951 568 2009 616 et

411 661 597 734 pavidi
625 659 1020 729 aspiceremus,
1045 653 1230 708 subito
1259 653 1328 705 de
1351 653 1472 722 ipsa
1502 651 1880 722 profunditate
1898 652 2009 704 val-

412 751 482 807 lis
513 747 858 804 miserabiles
878 744 1194 798 audivimus
1211 758 1389 804 voces,
1421 740 1709 794 dicentes:
1742 739 2007 794 Miserere

411 838 595 902 nobis,
628 837 916 898 miserere,
950 833 1188 896 Christe,
1223 830 1328 884 Fili
1349 830 1448 884 Dei
1465 829 1741 883 altissimi.
1765 831 1878 882 Nos
1898 829 2008 882 ita-

410 943 522 998 que
567 927 929 980 vehementer
959 919 1229 985 exterriti,
1268 924 1539 990 ponentes
1584 934 1771 988 genua
1797 918 1854 971 in
1891 922 2008 970 ter-

411 1031 536 1072 ram
575 1014 878 1078 oravimus,
919 1012 1169 1066 dicentes
1212 1025 1339 1063 cum
1391 1008 1651 1080 lacrymis
1687 1025 1697 1060 :
1748 1005 2006 1073 Domine,

413 1104 513 1175 qui
543 1116 644 1160 nos
673 1101 894 1166 creasti,
926 1100 1061 1154 tolle
1099 1098 1317 1152 animas
1344 1103 1584 1161 nostras,
1622 1095 1886 1166 quoniam
1920 1096 2008 1164 ju-

409 1193 558 1248 (licia
583 1197 685 1246 tua
712 1190 859 1245 oculi
890 1189 1068 1243 nostri
1091 1187 1354 1241 viderunt
1385 1185 1445 1238 in
1475 1190 1646 1238 terra.

483 1313 622 1366 CAP:
656 1311 751 1365 XI.
787 1341 850 1351 —
886 1327 912 1361 «
945 1309 1250 1376 Surgentes
1274 1311 1482 1369 autem,
1531 1304 1744 1374 ingenti
1771 1305 1927 1360 luctu
1959 1308 2016 1358 et

416 1417 658 1456 maerore
683 1399 852 1453 simul
875 1403 931 1451 et
955 1398 1160 1450 timore
1180 1395 1434 1448 venimus
1453 1393 1510 1447 in
1536 1395 1720 1446 locum
1741 1393 1936 1457 alium,
1955 1393 2015 1446 in

417 1505 526 1562 quo
555 1488 782 1544 arbores
811 1487 1016 1541 multas
1047 1490 1103 1538 et
1152 1483 1424 1538 maximas
1452 1481 1709 1546 vidimus,
1745 1481 2014 1535 habentes

417 1577 843 1632 similitudinem
873 1577 1106 1629 ficorum
1135 1592 1146 1626 :
1181 1577 1364 1638 221
1396 1571 1454 1624 in
1476 1571 1648 1624 ramis
1670 1575 1858 1624 autem
1881 1569 2016 1640 ipsis

419 1666 665 1720 volatilia
694 1664 892 1723 multa,
941 1661 1148 1715 similia
1187 1659 1384 1714 avibus
1421 1660 1543 1713 cmli
1579 1659 1705 1730 (l5),
1740 1676 1870 1712 voce
1911 1659 2016 1719 hu-

418 1763 589 1808 mana
632 1751 852 1806 fortiter
896 1750 1232 1812 clamabant,
1273 1749 1516 1802 dicentia
1558 1767 1568 1801 :

418 1843 674 1907 Domine,
705 1842 797 1913 qui
819 1840 1111 1912 plasmasti
1134 1855 1266 1906 nos;
1296 1855 1458 1909 parce
1475 1837 1654 1902 nobis,
1679 1837 2014 1899 misericors,

422 1932 556 2002 quia
583 1931 934 2002 peccavimus
971 1934 1101 1982 ante
1141 1928 1338 1981 faciem
1380 1933 1554 1992 tuam,
1596 1944 1766 1997 super
1793 1943 2018 1980 omnem

421 2017 654 2074 terram.
699 2020 812 2073 Nos
858 2021 1047 2072 autem
1094 2016 1392 2080 oravimus,
1442 2015 1691 2069 dicentes
1727 2033 1738 2068 :
1783 2015 2019 2069 Domine

422 2107 962 2172 misericordissime,
995 2105 1225 2160 ostende
1257 2104 1416 2157 nobis
1444 2105 1570 2170 ista,
1605 2121 1726 2174 quae
1754 2103 2016 2168 vidimus,

423 2196 695 2251 miracula
719 2202 841 2260 tua,
877 2194 1143 2266 quoniam
1175 2193 1502 2264 ignoramus
1533 2193 1666 2264 quid
1687 2193 1818 2245 sint.
1851 2192 2022 2245 Venit

423 2301 556 2356 ergo
585 2302 687 2340 vox
719 2283 910 2338 dicens
938 2326 951 2338 .
983 2285 1110 2337 Non
1154 2287 1240 2336 est
1270 2287 1518 2336 vestrum
1560 2298 1722 2336 nosse
1752 2281 2023 2352 mysteria

425 2381 551 2446 qua:
580 2373 817 2438 vidistis,
850 2373 998 2426 viam
1028 2371 1246 2442 pergite
1273 2377 1541 2428 vestram.

495 2485 633 2554 CAP.
665 2498 789 2553 XII.
823 2534 884 2545 -
916 2513 942 2548 α
983 2494 1116 2554 Inde
1158 2495 1334 2567 igitur
1387 2512 1513 2549 cum
1559 2495 1773 2564 ingenti
1819 2511 2022 2565 pavore

429 2587 659 2661 egressi,
683 2587 1010 2641 devenimus
1029 2585 1101 2638 ad
1119 2585 1302 2638 locum
1323 2583 1794 2638 honorabiliorem
1822 2600 1887 2637 ac
1901 2600 2025 2654 spe-

425 2677 819 2742 ciosissimum,
851 2675 910 2730 in
936 2691 1046 2746 quo
1072 2678 1316 2744 quatuor
1342 2673 1445 2726 viri
1475 2673 1719 2737 stabant,
1751 2671 2023 2727 habentes

432 2769 643 2838 ﬁguras
664 2763 1026 2828 venerabiles,
1046 2768 1314 2832 tanquam
1337 2762 1482 2816 mira
1499 2761 1917 2832 pulchritudine
1931 2761 2024 2815 de-

427 2871 607 2922 coras,
638 2860 703 2908 ut
729 2853 882 2908 credi
912 2857 1011 2906 aut
1032 2851 1136 2906 fari
1163 2851 1390 2905 omnino
1419 2851 1578 2904 facile
1599 2849 1683 2904 vix
1701 2850 1906 2920 possit:
1930 2850 2023 2904 isti

425 2944 704 3016 siquidem
725 2958 959 2996 coronas
976 2957 1196 3004 aureas,
1216 2939 1457 3010 gemmis
1481 2946 1538 2994 et
1555 2939 1833 3010 lapidibus
1854 2939 2026 2992 hono-

425 3025 582 3087 rifice
605 3031 963 3104 compositas,
987 3029 1047 3083 in
1071 3027 1346 3100 capitibus
1371 3028 1670 3092 habebant,
1696 3035 1753 3081 et
1771 3028 1827 3081 in
1848 3027 2026 3080 mani-

1615 1749 1786 1802 Parce
1833 1747 2010 1811 nobis,
2033 1784 2080 1842 Β

2091 564 2224 618 bim.
2244 567 2359 619 Nos
2376 573 2564 620 autem
2586 566 2704 620 hmc
2725 567 3027 632 intuentes,
3051 570 3336 626 timuimus
3351 578 3513 632 valde.
3536 583 3648 652 Ipsa

2089 671 2218 707 vero
2240 655 2468 708 ecclesia
2495 673 2529 709 a
2550 664 2708 725 parte
2727 656 3033 712 Meridiana
3061 659 3473 720 similitudinem
3495 667 3647 725 habe-

2089 741 2400 814 batlapidis
2419 745 2627 814 prasini
2648 745 2896 818 pretiosi,
2930 763 2962 800 a
2992 753 3150 817 parte
3179 749 3417 805 Australi
3436 755 3648 813 colorem

2090 832 2382 901 sanguinis
2413 833 2765 886 mundissimi
2798 835 3198 905 praetendebat,
3241 855 3274 891 a
3303 848 3452 910 parte
3483 853 3648 901 autem

2091 919 2435 974 Occidentali
2463 926 2582 974 tota
2612 927 2733 975 erat
2755 922 2898 986 alba,
2931 923 3110 978 instar
3139 925 3296 980 lactis
3317 933 3372 981 et
3391 930 3518 984 nivis
3536 950 3652 988 can—

2091 1007 2393 1062 didissimze
2421 1028 2432 1063 :
2461 1009 2635 1064 stella:
2665 1027 2836 1080 super
2861 1012 3041 1082 ipsam
3070 1015 3354 1069 ecclesiam
3377 1019 3654 1090 plusquam

2093 1097 2261 1165 hujus
2293 1097 2486 1150 mundi
2514 1097 2700 1151 sidera
2731 1098 3008 1164 lucebant,
3036 1101 3118 1154 sol
3147 1101 3222 1154 ibi
3255 1107 3657 1178 septempliciter

2090 1185 2314 1238 lucebat
2336 1192 2394 1240 et
2411 1187 2644 1252 calebat,
2671 1203 2840 1258 quam
2867 1188 2926 1242 in
2945 1189 3114 1259 hujus
3145 1197 3308 1244 terrae
3329 1194 3566 1262 regione;
3589 1197 3655 1250 al-

2097 1287 2196 1346 pes
2225 1281 2283 1328 et
2321 1275 2550 1330 arbores
2579 1293 2772 1330 omnes
2801 1277 2926 1347 plus
2955 1279 3100 1343 altae,
3134 1286 3192 1333 et
3221 1279 3348 1334 folia
3376 1299 3436 1335 ac
3472 1283 3659 1341 fructus

2096 1364 2288 1433 plures
2320 1369 2379 1416 et
2399 1364 2696 1431 dulciores,
2731 1381 2897 1436 quam
2929 1367 3093 1420 istius
3123 1367 3317 1422 mundi
3343 1369 3555 1426 arbores
3578 1374 3661 1428 ha-

2098 1451 2308 1506 bebant
2333 1471 2345 1518 ;
2371 1453 2468 1506 sed
2514 1459 2571 1507 et
2607 1471 2737 1508 aves
2779 1453 2902 1509 caeli
2941 1456 3105 1510 aliter
3132 1457 3482 1522 resonabant,
3513 1479 3659 1530 quam

2098 1557 2226 1594 aves
2259 1548 2427 1596 terra:
2462 1543 2622 1596 istius
2655 1563 2666 1596 :
2702 1543 2885 1597 omnis
2915 1553 3105 1598 autem
3127 1552 3278 1599 terra
3306 1547 3422 1616 ipsa
3443 1547 3662 1620 duplices

2099 1629 2340 1684 habebat
2367 1632 2600 1696 colores,
2632 1631 2688 1684 id
2716 1638 2818 1694 est,
2849 1649 2962 1687 una
2993 1633 3160 1688 facies
3191 1635 3317 1688 alba
3347 1643 3460 1690 erat
3488 1644 3544 1690 ut
3563 1639 3659 1704 nix,

2099 1727 2157 1774 et
2186 1720 2296 1772 alia
2344 1720 2828 1775 rubicundissimis
2871 1723 3148 1778 coloribus
3185 1731 3307 1778 erat
3366 1725 3474 1780 Nos
3516 1726 3666 1796 igitur

2102 1815 2411 1879 stupentes,
2446 1814 2502 1862 et
2551 1810 2608 1863 in
2665 1811 2860 1864 eodem
2913 1812 3032 1865 loco
3076 1813 3391 1874 adorantes,
3435 1831 3493 1867 ac
3537 1815 3664 1885 ipsos

2099 1896 2244 1952 viros
2283 1899 2612 1963 salutantes,
2657 1915 2783 1953 cum
2813 1899 3016 1954 timore
3047 1902 3276 1971 egressi,
3318 1907 3549 1973 emptum
3574 1904 3667 1956 iter

2101 1985 2351 2055 arripere
2379 1986 2784 2040 festinavimus.

2173 2074 2308 2130 CAP.
2342 2075 2487 2128 XIV.
2513 2105 2576 2117 -
2603 2097 2629 2123 σι
2661 2076 2917 2146 Denique
2946 2083 3072 2148 post
3093 2079 3210 2132 haec
3239 2084 3458 2132 centum
3479 2078 3666 2149 impleti

2103 2168 2237 2217 sunt
2263 2163 2402 2227 dies,
2434 2169 2498 2217 ut
2539 2165 2812 2219 Dominus
2840 2166 3001 2220 testis
3031 2172 3117 2221 est
3145 2167 3328 2233 nobis,
3368 2167 3507 2238 quod
3535 2167 3669 2221 nullo

2103 2252 2294 2306 refecti
2326 2269 2520 2306 sumus
2550 2253 2691 2318 cibo,
2724 2271 2872 2324 aqua
2895 2272 2997 2310 nos
3022 2257 3372 2327 frequentius
3392 2256 3671 2310 refocillan-

2105 2346 2188 2395 tes
2220 2358 2232 2394 :
2266 2357 2393 2395 cum
2437 2359 2563 2396 ecce
2610 2342 2796 2396 subito
2824 2343 3087 2398 euntibus
3116 2345 3299 2410 nobis,
3332 2345 3479 2399 venit
3502 2345 3671 2416 populi

2103 2429 2528 2484 innumerabilis
2557 2432 2860 2486 multitudo
2889 2434 3136 2487 virorum
3174 2449 3242 2488 ac
3268 2434 3556 2488 mulierum
3587 2431 3671 2485 ob-

2103 2519 2271 2583 viam,
2307 2519 2366 2572 in
2393 2535 2569 2573 unum
2613 2519 2965 2590 conglobati;
3017 2539 3128 2576 non
3169 2528 3362 2576 autem
3405 2522 3544 2576 inter
3568 2519 3674 2574 illos

2104 2607 2416 2677 longiorem
2447 2614 2820 2679 praeterquam
2852 2611 3020 2664 unius
3043 2611 3220 2664 cubiti
3260 2617 3526 2665 staturam
3553 2607 3673 2662 vidi-

2106 2712 2250 2750 mus.
2277 2697 2455 2766 Igitur
2483 2698 2616 2751 visis
2637 2698 2764 2764 illis,
2781 2699 2940 2752 valde
2965 2699 3380 2770 pertimuimus.
3410 2698 3555 2753 Tunc
3584 2697 3674 2751 mi—

2105 2783 2357 2838 serabilis
2379 2803 2480 2855 ego
2501 2793 2761 2857 peccator
2773 2788 3114 2858 Theophilus
3139 2789 3256 2842 dixi
3283 2787 3538 2842 fratribus
3556 2786 3676 2839 meis

2107 2873 2300 2943 Sergio
2321 2881 2378 2928 et
2398 2875 2618 2944 Hygino
2645 2893 2656 2928 :
2681 2877 2966 2930 Solventes
2997 2878 3228 2948 capillos
3245 2883 3483 2942 nostros,
3505 2874 3676 2928 venia-

2107 2978 2232 3015 mus
2261 2963 2529 3017 adversus
2549 2980 2674 3028 eos;
2699 2963 2932 3019 forsitan
2952 2965 3170 3036 fugient
3184 2983 3222 3020 a
3238 2965 3418 3031 nobis,
3435 2971 3489 3019 et
3503 2963 3676 3017 libera-

2105 3049 2188 3104 bit
2207 3068 2308 3104 nos
2319 3052 2591 3106 Dominus
2610 3053 2679 3107 de
2701 3053 2959 3107 manibus
2978 3053 3226 3108 illorum.
3243 3053 3402 3117 Quod
3420 3068 3539 3106 cum
3555 3048 3674 3120 ipsis

426 3121 532 3176 bus
557 3121 772 3212 Palma?
803 3117 1542 3212 aurea§_se§tabant;_isnis
1571 3134 1700 3212 vero
1724 3117 2286 3212 _maXimuszisum
2311 3140 2508 3195 fuisset
2531 3141 2762 3208 bonum,
2787 3141 2986 3196 solutis
3015 3143 3259 3196 fasciolis
3283 3149 3342 3197 et
3363 3117 3674 3212 capillis—no-

427 3227 492 3268 ac
522 3209 789 3264 terribilis
818 3213 950 3262 ante
989 3204 1130 3274 illos',
1169 3212 1226 3260 et
1251 3207 1480 3276 spathas
1508 3206 1862 3263 acutissimas
1891 3211 2021 3260 ante

425 3316 487 3356 se
516 3297 800 3354 tenebant.
830 3299 944 3352 Nos
974 3313 1102 3350 vero
1133 3295 1242 3349 ista
1263 3302 1575 3360 cernentes,
1609 3312 1672 3350 ac
1691 3295 1872 3349 valido
1893 3311 2022 3366 per-

425 3387 563 3444 culsi
596 3387 818 3452 timore,
853 3385 1286 3440 exclamavimus
1306 3384 1377 3438 ad
1408 3385 1554 3449 illos,
1585 3384 1834 3439 dicentes
1866 3401 1876 3436 :
1912 3384 2024 3438 Do-

423 3476 564 3530 mini
589 3483 647 3530 et
675 3475 815 3530 servi
841 3475 940 3529 Dei
971 3473 1190 3538 excelsi,
1223 3472 1568 3527 miseremini
1596 3473 1792 3537 nostri,
1821 3478 1884 3524 ut
1901 3488 2024 3542 spa-

423 3565 538 3621 thae
569 3569 626 3618 et
653 3564 757 3618 iste
787 3564 934 3634 ignis
971 3562 1132 3617 nobis
1173 3578 1286 3616 non
1324 3561 1661 3632 praevaleant
1689 3576 1913 3618 nocere.
1950 3562 2026 3614 At

427 3655 508 3710 illi
550 3653 952 3724 respondentes
997 3651 1176 3716 nobis,
1217 3651 1520 3704 dixerunt:
1572 3649 1757 3703 Nolite
1798 3650 2016 3714 timere,

422 3743 570 3797 viam
601 3758 771 3814 quam
806 3739 957 3793 vobis
1007 3739 1158 3792 Deus
1203 3738 1624 3804 demonstravit,
1673 3738 1749 3792 ite
1795 3738 2015 3792 securi:

425 3848 528 3898 nos
560 3831 708 3884 enim
737 3829 1009 3884 Dominus
1029 3829 1088 3882 in
1119 3829 1224 3881 isto
1255 3827 1443 3897 posuit
1469 3828 1609 3894 loco,
1630 3833 1696 3880 ut
1715 3827 1859 3880 viam
1879 3828 2023 3881 hanc

427 3934 778 3974 servaremus
809 3923 866 3972 et
885 3917 1311 3980 custodiremus,
1347 3932 1522 3986 usque
1555 3916 1611 3970 in
1638 3915 1786 3969 diem
1802 3915 2021 3986 judicii,

428 4006 651 4078 quando
679 4004 872 4060 orbem
898 4010 1062 4059 terrae
1088 4004 1443 4076 judicaturus
1471 4004 1750 4059 adveniet.

500 4123 637 4176 CAP.
670 4121 820 4176 XIII.
857 4153 918 4163 —
952 4137 980 4173 ι
1014 4119 1143 4174 Haec
1169 4135 1272 4174 nos
1301 4120 1593 4175 audientes
1615 4135 1648 4173 a
1671 4119 1878 4172 sanctis
1894 4119 2026 4174 viris

423 4209 552 4275 illis,
589 4227 654 4264 ac
673 4211 742 4264 de
771 4210 937 4279 longe
967 4225 1060 4263 eos
1091 4209 1419 4270 salutantes,
1451 4208 1918 4279 pertransivimus
1949 4209 2028 4262 lo-

425 4317 555 4356 cum
571 4300 776 4371 ipsum,
796 4304 854 4354 et
871 4315 972 4370 per
987 4297 1360 4368 quadraginta
1381 4297 1676 4352 continuos
1695 4297 1814 4351 dies
1833 4297 2027 4351 ambu-

424 4388 682 4452 lavimus,
713 4387 936 4441 nullum
980 4386 1208 4439 omnino
1256 4385 1442 4440 cibum
1481 4391 1786 4452 sumentes,
1819 4401 2025 4456 aquam

423 4482 646 4533 tantum
661 4475 934 4529 bibentes.
951 4473 1384 4528 Ambulantibus
1397 4490 1529 4543 ergo
1545 4473 1723 4538 nobis,
1739 4473 1924 4528 subito
1935 4491 2026 4528 vo—

425 4582 518 4622 ces
529 4565 723 4637 populi
735 4561 1216 4634 innumerabilisﬂ
1230 4562 1283 4630 6)
1306 4562 1620 4616 audivimus
1639 4563 2019 4633 psallentium,

427 4661 485 4711 et
511 4655 650 4710 odor
665 4652 1048 4718 suavissimus,
1081 4651 1241 4722 quasi
1270 4650 1503 4704 balsami
1526 4651 1722 4721 optimi
1745 4657 1801 4706 et
1818 4653 2024 4723 pretio-

430 4741 660 4806 sissimi,
691 4740 845 4795 venit
869 4738 1050 4805 nobis,
1085 4744 1142 4793 et
1171 4739 1318 4793 sicut
1355 4739 1424 4792 de
1459 4739 1640 4794 mellis
1668 4740 1790 4794 favo
1815 4741 2023 4794 dulcis-

430 4830 593 4896 simo,
621 4846 683 4884 os
707 4835 964 4882 nostrum
989 4828 1378 4884 indulcoravit.
1404 4828 1483 4881 De
1506 4828 1834 4882 suavissimo
1853 4829 2026 4899 igitur

430 4917 619 4972 odoris
648 4921 892 4982 nectare,
927 4933 991 4970 ac
1009 4915 1250 4970 celestis
1279 4915 1521 4970 melodia
1537 4917 1830 4971 cantilenae
1858 4931 2026 4988 sopor

429 5021 533 5062 nos
552 5003 808 5075 arripuit.
837 5005 972 5058 Post
999 5004 1279 5059 modicum
1308 5010 1498 5060 autem
1519 5011 1811 5075 surgentes
1831 5023 1860 5059 e
1881 5023 2026 5060 som-

430 5109 524 5159 no,
571 5092 814 5147 vidimus
858 5097 988 5146 ante
1027 5109 1128 5147 nos
1169 5093 1479 5160 ecclesiam,
1529 5093 1774 5148 mirabili
1821 5100 2025 5149 ornatu

431 5183 774 5246 decoratum,
805 5197 872 5234 ac
896 5181 1379 5252 pretiosissimam,
1416 5199 1536 5253 quae
1567 5188 1686 5237 tota
1715 5185 1875 5254 quasi
1905 5201 2026 5256 cry-

430 5269 660 5324 stallina
695 5267 1006 5334 videbatur,
1041 5269 1099 5323 in
1125 5271 1314 5324 medio
1345 5277 1532 5325 autem
1579 5271 1754 5342 ipsius
1783 5273 2026 5329 ecclesia

433 5358 614 5414 altare
643 5357 1036 5420 honorificum,
1068 5363 1126 5411 et
1152 5358 1221 5411 de
1241 5359 1404 5413 altari
1437 5376 1584 5430 aqua
1614 5362 2024 5431 egrediebatur,

432 5463 558 5517 qum
580 5447 740 5500 lactis
759 5446 1140 5501 candidissimi
1169 5448 1412 5502 colorem
1425 5449 1684 5504 habebat.
1706 5452 1819 5504 Nos
1838 5458 2027 5506 autem

427 5551 638 5607 aquam
665 5535 844 5606 ipsam
870 5535 930 5589 in
949 5535 1185 5590 veritate
1215 5537 1298 5589 lac
1325 5537 1687 5607 speravimus.
1707 5540 1769 5594 In
1791 5540 2028 5594 circuitu
2058 5570 2063 5574 -

430 5639 563 5683 vero
593 5623 762 5682 fontis
789 5624 942 5682 illius
972 5624 1200 5680 stabant
1224 5624 1328 5681 viri
1357 5626 1536 5682 sancti
1559 5634 1622 5682 et
1647 5629 2024 5695 honorabiles,

2104 3229 2254 3291 stris,
2289 3229 2556 3284 irruimus
2595 3247 2764 3302 super
2801 3248 2896 3286 eos
2928 3238 3176 3302 repente,
3227 3232 3336 3302 ipsi
3381 3235 3560 3284 autem
3585 3227 3673 3280 hoc

2100 3324 2414 3386 cernentes,
2439 3319 2729 3373 confestim
2752 3320 2896 3374 ﬁlios
2924 3337 3054 3374 suos
3082 3320 3438 3390 arripientes,
3459 3315 3674 3371 striden-

2105 3413 2300 3478 tesque
2321 3407 2599 3474 dentibus,
2619 3409 2784 3462 citius
2799 3409 3140 3479 aufugerunt
3150 3425 3365 3464 omnes.
3382 3409 3491 3462 Nos
3510 3411 3674 3460 autem

2104 3496 2404 3552 Dominum
2434 3497 2890 3564 collaudavimus,
2923 3497 3018 3568 qui
3039 3497 3251 3568 eripuit
3279 3514 3405 3562 nos;
3434 3501 3490 3550 et
3511 3501 3676 3549 trans-

2105 3591 2303 3638 euntes
2330 3586 2559 3650 ﬂumen,
2593 3586 2905 3641 invenimus
2925 3585 3127 3640 herbas
3151 3587 3420 3641 candidas
3448 3590 3503 3639 et
3522 3582 3674 3642 albas,

2106 3673 2249 3728 sicut
2269 3675 2352 3727 lac
2368 3693 2379 3739 ;
2398 3675 2586 3728 dulces
2604 3677 2754 3729 velut
2775 3675 2904 3732 mel,
2929 3676 3072 3728 altas
3085 3691 3214 3729 vero
3237 3691 3416 3746 usque
3437 3673 3504 3728 ad
3524 3686 3679 3726 unum

2105 3763 2374 3817 cubitum.
2408 3765 2809 3818 Manducantes
2837 3765 3027 3835 itaque
3069 3765 3138 3817 de
3166 3764 3359 3818 herbis
3399 3758 3676 3818 mellilluis,

2105 3869 2168 3906 ac
2199 3869 2300 3907 nos
2333 3859 2652 3908 saturantes
2683 3871 2748 3906 ex
2777 3853 2876 3920 eis,
2908 3854 3224 3924 gratiarum
3255 3853 3502 3907 actiones
3529 3850 3678 3904 Crea-

2108 3942 2218 4018 tori
2246 3942 2497 3996 omnium
2522 3941 2846 4008 obtulimus,
2885 3942 2982 4012 qui
3011 3959 3112 3996 nos
3143 3960 3246 4013 per
3288 3947 3445 3996 tanta
3470 3935 3680 3993 servavit

2111 4029 2378 4102 pericula,
2409 4048 2472 4084 ac
2498 4031 2748 4100 gratuita
2772 4047 2874 4084 nos
2907 4049 3008 4085 sua
3035 4033 3222 4102 gratia
3245 4029 3542 4086 nutriebat.
3583 4025 3680 4080 Nos

2110 4119 2328 4173 interea
2362 4119 2469 4174 iter
2503 4125 2734 4190 agentes
2763 4137 2862 4190 per
2892 4119 3070 4188 devia,
3109 4119 3298 4174 subito
3329 4119 3579 4173 semitam
3606 4115 3680 4166 in-

2107 4208 2360 4262 venimus
2391 4209 2700 4280 speciosam
2726 4228 2738 4276 ;
2785 4215 2842 4262 et
2866 4206 3128 4263 cadentes
3158 4209 3216 4263 in
3243 4215 3472 4265 terram,
3503 4203 3678 4258 adora—

2107 4296 2288 4352 vimus
2325 4303 2380 4352 et
2429 4298 2866 4352 collaudavimus
2907 4297 3207 4352 Dominum
3263 4293 3678 4352 misericordem,

2109 4386 2203 4456 qui
2232 4403 2355 4440 eam
2385 4386 2544 4440 nobis
2569 4385 2990 4441 demonstravit.
3029 4407 3054 4440 θ

2041 4481 2092 4544 ι)
2178 4475 2312 4529 CAP.
2341 4473 2460 4530 XV.
2495 4505 2562 4518 --
2587 4476 2770 4546 Igitur
2795 4492 2896 4546 per
2914 4475 3034 4529 dics
3054 4475 3334 4548 plurimos
3363 4475 3538 4545 ipsam
3555 4468 3682 4521 viam

2107 4569 2422 4634 sequentes,
2453 4563 2681 4618 tandem
2708 4563 2777 4618 ad
2807 4564 3129 4634 speluncam
3160 4564 3516 4635 pervenimus
3534 4560 3682 4612 hono-

2105 4653 2360 4706 rabilem.
2390 4653 2546 4708 Tunc
2569 4653 2856 4724 signaculo
2880 4659 3085 4707 sanctae
3105 4653 3290 4707 crucis
3313 4648 3572 4706 membris
3597 4660 3683 4700 un-

2105 4739 2274 4812 dique
2302 4741 2552 4806 munitis,
2586 4741 2644 4794 in
2665 4741 2920 4795 eamdem
2939 4741 3176 4812 ingressi
3209 4758 3410 4795 sumus
3432 4741 3679 4810 cryptam,

2105 4830 2200 4884 sed
2223 4831 2437 4885 nullum
2462 4829 2539 4884 ibi
2560 4830 2908 4884 invenientes
2937 4830 3340 4895 habitatorem,
3364 4827 3595 4882 diximus
3615 4822 3684 4875 in-

2104 4924 2194 4972 ter
2222 4935 2323 4974 nos
2356 4937 2367 4972 :
2403 4918 2674 4974 Munditia
2698 4918 2812 4973 hmc
2829 4935 2941 4973 non
2965 4924 3069 4984 est,
3101 4919 3211 4972 nisi
3240 4918 3312 4972 de
3343 4931 3510 4970 manu
3529 4908 3684 4965 homi-

2106 5007 2212 5062 nis.
2245 5009 2570 5062 Maneamus
2590 5025 2722 5079 ergo
2739 5008 2847 5072 hic,
2881 5023 3058 5078 usque
3088 5007 3158 5060 ad
3182 5005 3376 5074 περ
3395 5013 3685 5074 vesperam,

2106 5101 2162 5150 et
2177 5095 2363 5150 videre
2375 5095 2705 5150 habebimus
2721 5095 2826 5149 loci
2841 5096 3008 5166 hujus
3026 5093 3426 5148 habitatorem.
3449 5089 3546 5144 His
3569 5098 3684 5152 ergo

2105 5184 2289 5250 dictis,
2322 5201 2437 5239 una
2465 5185 2620 5250 hora,
2652 5191 2848 5256 utpote
2879 5184 3031 5248 lassi,
3065 5183 3402 5246 resedimus,
3440 5184 3494 5233 et
3521 5172 3684 5232 subito

2109 5274 2280 5328 odore
2325 5273 2655 5328 suavissima
2689 5272 2919 5344 perfusi,
2968 5271 3432 5326 obdormivimus.
3461 5267 3684 5321 Rursum

2111 5363 2282 5433 igitur
2309 5379 2478 5434 parvo
2505 5362 2796 5416 intervallo
2827 5361 3049 5416 excitati
3079 5377 3113 5414 a
3140 5376 3361 5423 somno,
3399 5355 3544 5410 foras
3583 5363 3686 5420 spe-

2112 5453 2334 5505 luncam
2363 5452 2652 5517 exivimus,
2683 5457 2742 5506 ct
2770 5455 2964 5505 contra
3003 5449 3293 5504 Orientem
3325 5443 3682 5516 respeximus;

2109 5545 2166 5595 et
2195 5557 2320 5594 ecce
2349 5540 2532 5594 subito
2557 5541 2798 5610 figuram
2827 5538 3070 5592 hominis
3098 5537 3327 5607 alonge
3357 5525 3689 5606 properantis

2107 5628 2366 5696 vidimus,
2400 5630 2561 5699 cujus
2589 5628 2775 5700 capilli
2802 5627 3016 5699 capitis,
3045 5627 3223 5682 instar
3249 5625 3418 5681 lactis
3437 5613 3691 5677 candidis-
