3942 6200
303 312 402 381 Hi

1370 309 1541 378 'vr‘rA
1579 311 1837 378 SANU’I‘I
1873 282 2182 378 mulina
2221 309 2525 380 30mm.

3466 337 3572 398 4‘3?

302 448 430 503 simi
459 451 560 502 aut
587 445 748 514 nivis,
793 449 956 520 quasi
983 448 1044 502 in
1080 449 1212 502 aera
1250 448 1519 514 volantes,
1563 447 1748 501 totum
1793 444 2292 516 viriAexspectate
2321 446 2615 518 paululum
2639 467 2651 516 ;
2679 445 2859 506 habeo
2886 454 3036 508 enim
3064 455 3254 512 leones
3283 458 3440 526 duos,
3475 463 3570 533 qui

300 544 503 610 corpus
532 535 894 608 operuerunt.
927 537 1054 608 Ipse
1085 544 1274 592 autem
1297 553 1442 602 mox,
1469 542 1534 590 ut
1559 552 1704 590 nosa
1733 535 1896 604 longe

291 627 562 698 respexit,
587 627 954 697 semetipsum
973 627 1032 681 in
1060 627 1521 698 terramprojecit
1533 625 1808 698 protinus,
1834 639 1898 676 ac

297 726 528 768 rursum
561 713 782 768 elevans
812 729 891 780 se,
915 714 987 768 ad
1004 715 1195 768 nosita
1206 715 1451 767 clamare
1469 699 1637 784 coepit
1669 730 1680 764 :
1716 711 1774 766 Si
1801 727 1897 763 vos

295 819 364 856 ex
393 800 514 857 Deo
547 803 700 867 estis,
726 810 930 858 sancta
957 804 1136 857 crucis
1149 803 1437 872 signaculo
1457 801 1675 856 munite
1693 816 1807 865 vos,
1827 799 1896 853 ad

291 894 389 944 me
415 907 596 962 usque
623 895 1022 964 properantes;
1041 892 1127 946 sin
1143 896 1332 946 autem
1356 907 1421 945 ex
1449 890 1691 952 diabolo,
1719 888 1894 958 fugite

291 995 330 1033 a
357 996 487 1034 meo
506 979 609 1034 Dei
638 995 815 1035 servo.
841 981 973 1036 Haec
995 997 1060 1035 eo
1078 980 1317 1046 dicente,
1342 981 1444 1034 tali
1476 996 1606 1034 voce
1631 980 1894 1032 all‘atisu-

291 1075 455 1123 'mus’:
507 1057 750 1124 Benedic
778 1069 960 1132 nobis,
1005 1070 1175 1124 Pater
1198 1075 1407 1136 sancte,
1435 1073 1492 1123 et
1519 1069 1634 1122 noli
1652 1067 1890 1134 turbari,

295 1159 569 1228 quoniam
586 1165 643 1214 et
657 1167 758 1214 nos
779 1159 922 1214 servi
951 1175 1146 1213 sumus
1173 1159 1304 1213 Iesu
1327 1159 1552 1220 Christi,
1583 1156 1808 1212 Domini
1837 1161 1896 1210 et

293 1247 610 1303 Salvatoris
664 1249 862 1302 nostri.
895 1247 1362 1302 Renuntiavimus
1382 1247 1663 1317 siquidem
1692 1247 1893 1300 saeculo

291 1335 430 1390 huic
455 1337 868 1408 vano,factique
886 1353 1082 1392 sumus
1099 1337 1376 1390 monachi.
1399 1336 1558 1390 Talia
1576 1340 1640 1390 ut
1657 1335 1889 1410 audivit,

287 1422 445 1479 illico
471 1426 545 1479 ad
573 1428 675 1480 nos
702 1426 885 1492 venit;
937 1431 992 1480 et
1034 1441 1235 1480 manus
1265 1439 1397 1480 suas
1425 1425 1496 1478 ad
1544 1425 1743 1478 coelum
1775 1424 1890 1477 ele-

291 1527 454 1580 vans,
493 1513 706 1569 diutius
755 1515 937 1568 oravit
968 1531 981 1580 ;
1025 1517 1081 1568 et
1119 1527 1354 1584 surgens
1396 1513 1469 1567 ab
1497 1514 1770 1578 oratione,
1803 1530 1892 1566 ca-

288 1602 462 1680 pillos
486 1601 558 1656 ab
589 1619 684 1658 ore
711 1607 768 1658 et
791 1604 933 1658 facie
963 1619 1067 1658 sua
1094 1604 1317 1667 tollens,
1345 1602 1630 1656 benedixit
1657 1617 1776 1659 nos.
1825 1618 1889 1656 ac

1977 549 2080 606 per
2109 535 2255 589 diem
2305 536 2453 590 foras
2481 537 2988 612 ambulantes(19),
3017 562 3142 600 sero
3171 547 3242 601 ad
3265 566 3356 603 me
3384 567 3570 606 rever-

1977 629 2195 713 tuntur,
2220 641 2290 678 ne
2309 625 2444 696 ipsis
2463 626 2648 680 subito
2679 630 3050 699 venientibus,
3086 637 3218 690 mali
3237 638 3448 708 aliquid
3469 658 3568 713 pa—

1977 711 2198 766 tiamini
2221 713 2291 766 ab
2320 714 2418 768 eis.
2465 715 2638 769 Nobis
2684 733 2816 786 ergo
2867 736 2992 774 cum
3023 740 3225 792 pavore
3278 711 3569 798 paululum

1979 801 2327 866 exeuntibus,
2375 804 2564 858 leones
2593 805 2866 875 rugiendo
2899 813 3172 883 extemplo
3201 815 3566 884 advenerunt,

1977 895 2036 942 et
2070 889 2256 960 ipsum
2273 897 2528 946 sanctum
2544 893 2642 946 Dei
2665 895 3055 954 adoraverunt.
3081 902 3204 971 Ipse
3221 920 3348 958 vero
3371 923 3569 965 manus

1976 993 2146 1048 super
2172 993 2267 1034 eos
2293 995 2528 1050 ponens,
2564 999 2628 1036 ac
2657 984 2794 1037 colla
2820 984 3159 1055 demulcens,
3194 991 3398 1048 aitillis
3430 1012 3443 1046 :
3476 995 3568 1049 Fi-
3613 979 3629 988 ’

1977 1065 2093 1121 lioli
2121 1067 2252 1133 mei,
2282 1067 2416 1123 boni
2435 1070 2638 1124 fratres
2699 1077 2815 1126 tres
2843 1074 2911 1127 de
2941 1078 3141 1130 saeculo
3195 1089 3471 1136 venerunt
3497 1083 3567 1148 ad

1976 1155 2535 1221 nos,nefaciatisillis
2573 1159 2803 1217 malum.
2839 1163 3117 1221 Continuo
3157 1183 3256 1221 nos
3278 1170 3566 1236 advocans,

1975 1243 2115 1298 dixit
2146 1264 2160 1298 :
2215 1243 2459 1312 Fratres,
2483 1249 2689 1315 venite,
2744 1257 2800 1304 et
2839 1253 2958 1320 jam
2997 1253 3198 1308 timere
3227 1258 3417 1312 nolite.
3453 1261 3567 1314 Nos

1974 1344 2102 1386 Vero
2131 1349 2470 1405 cumpavore
2489 1336 2662 1391 nimio
2699 1337 3370 1408 intrantes,salutavimus
3386 1346 3564 1414 illum,

1975 1425 2032 1474 et
2051 1423 2370 1492 vespertina
2411 1425 2605 1496 synaxi
2642 1425 2939 1493 celebrata,
2973 1431 3300 1500 resedimus,
3336 1435 3569 1504 glandes

1971 1525 2036 1563 ac
2064 1509 2368 1566 herbarum
2397 1513 2612 1568 radices
2641 1533 2740 1586 pro
2779 1516 2900 1570 cibo
2931 1527 3238 1587 sumentes,
3271 1527 3328 1575 et
3361 1541 3566 1595 aquam

1972 1597 2226 1654 bibentes
2245 1618 2370 1654 cum
2400 1603 2642 1658 silentio.
2669 1601 2830 1659 Mane
2861 1613 3050 1662 autem
3075 1609 3236 1676 facto,
3272 1611 3441 1667 locuti
3468 1632 3564 1669 su-

282 1691 515 1746 Iocutus
535 1691 815 1747 estnobis.
833 1692 1016 1764 Ipsius
1033 1707 1162 1746 vero
1188 1691 1376 1763 capilli
1404 1691 1602 1762 capitis
1613 1707 1678 1744 ac
1704 1689 1888 1744 barbae
1907 1686 2091 1744 Bmus
2109 1690 2226 1744 viro
2251 1697 2464 1758 sancto,
2483 1693 2760 1748 dicentes:
2807 1694 2975 1750 Pater
3003 1704 3192 1753 sancte
3225 1706 3280 1754 et
3309 1702 3552 1764 domine,

273 1779 336 1846 fi
347 1779 408 1849 7)
429 1783 596 1834 erant
634 1781 855 1834 candidi
874 1787 940 1834 ut
967 1781 1072 1846 lac,
1112 1780 1392 1850 faciesque
1403 1781 1527 1851 ejus
1543 1780 1688 1834 sicut
1702 1780 1888 1834 vultus

279 1868 504 1938 angeli.
537 1869 676 1924 Erat
693 1869 840 1924 enim
869 1870 1015 1924 sicut
1031 1869 1247 1940 lignum
1273 1885 1435 1924 secus
1464 1885 1739 1940 aquarum
1787 1869 1886 1922 de-

278 1971 488 2012 cursus
513 1958 829 2028 plantatum
855 1961 1016 2024 (Psal.
1041 1952 1094 2030 1),
1147 1963 1206 2012 et
1231 1973 1349 2028 prec
1377 1963 1662 2012 senectute
1688 1957 1882 2022 nimia,

277 2046 434 2100 oculi
471 2047 598 2117 ejus
627 2061 739 2101 non
762 2047 1179 2118 aperiebantur,
1212 2065 1278 2101 eo
1297 2047 1446 2117 quod
1463 2047 1761 2118 supercilia
1791 2063 1885 2100 eos

275 2135 722 2206 cooperiebant;
754 2137 982 2206 ungulae
1014 2151 1235 2207 quoque
1257 2151 1526 2190 manuum
1547 2137 1668 2206 ejus
1698 2151 1763 2188 ac
1792 2151 1886 2206 pe-

277 2223 423 2278 dum
439 2223 626 2294 longae
647 2225 834 2291 nimis,
867 2224 1040 2279 barba
1076 2241 1206 2279 vero
1217 2231 1276 2280 et
1303 2224 1509 2296 capilli,
1533 2241 1734 2296 corpus
1760 2225 1884 2294 ejus

275 2329 454 2368 omne
473 2313 998 2368 circumdederunt:
1021 2314 1406 2386 loquelaillius
1437 2314 1615 2378 exilis,
1641 2317 1697 2368 et
1726 2314 1883 2384 quasi

275 2399 347 2455 de
380 2401 771 2472 profunditate
792 2401 998 2455 emissa
1018 2421 1030 2468 ;
1051 2403 1196 2456 cutis
1213 2402 1374 2456 faciei
1393 2403 1515 2473 ejus
1541 2402 1700 2474 quasi
1722 2401 1883 2473 pellis

273 2490 588 2544 testudinis
599 2531 606 2543 .

349 2580 490 2634 CAP.
515 2579 658 2635 XVI.
710 2611 774 2620 -
818 2579 973 2635 Tunc
1015 2582 1135 2652 ipse
1189 2597 1316 2634 cum
1364 2579 1626 2652 lacrymis
1663 2580 1735 2634 ad
1778 2595 1880 2634 nos

273 2671 518 2722 exorsus
546 2674 634 2722 est
659 2669 764 2723 ita:
786 2667 1010 2724 Fratres
1041 2668 1490 2734 mihibenedicti,
1523 2668 1670 2722 unde
1694 2668 1826 2721 estis
1855 2667 1880 2720 ?

270 2757 363 2811 vel
394 2759 550 2812 unde
567 2759 677 2812 huc
687 2758 1028 2812 advenistis?
1059 2759 1227 2812 dicite
1249 2757 1408 2812 nobis
1437 2757 1680 2829 qualiter
1697 2775 1756 2811 se
1783 2757 1880 2812 ha-

269 2845 411 2900 beat
437 2847 961 2916 genushumanum,
989 2848 1074 2900 vel
1091 2847 1370 2918 quomodo
1389 2845 1528 2900 ﬁdes
1539 2846 1880 2900 Christiano-

269 2948 429 3002 rum,
473 2940 533 2990 et
560 2935 607 2989 si
659 2936 954 2990 Sarraceni
985 2937 1069 2990 vel
1101 2935 1304 2990 ethnici
1357 2935 1626 2989 hactenus
1665 2934 1876 2989 Christi

268 3025 490 3096 populo
509 3025 958 3096 persecutionem
989 3022 1395 3096 ingerunt.Nos
1410 3024 1602 3094 itaque
1624 3029 1689 3078 ut
1708 3023 1880 3078 inter-

1969 1776 2327 1832 obsecramus
2363 1786 2518 1834 tuam
2550 1781 3056 1852 beatitudinenyut
3084 1791 3563 1846 conversationem

1967 1870 2128 1920 tuam
2152 1867 2312 1921 nobis
2343 1885 2590 1936 enarres,
2607 1877 2664 1924 et
2679 1875 2956 1942 quomodo
2976 1873 3102 1942 huc,
3127 1882 3225 1930 aut
3244 1877 3391 1932 unde
3407 1881 3562 1936 veni-

1967 1954 2060 2020 sti,
2093 1960 2150 2008 et
2179 1973 2288 2026 quo
2313 1957 2542 2012 nomine
2571 1961 2800 2027 voceris,
2835 1961 3038 2016 edicito
3069 1964 3246 2018 nobis.

2039 2045 2170 2098 CAP.
2193 2042 2469 2101 XVIII.—
2496 2048 2570 2102 At
2589 2056 2816 2103 sanctus
2839 2050 3000 2105 nobis
3018 2053 3130 2106 tale
3160 2053 3316 2109 dedit
3336 2072 3563 2128 respon-

1966 2149 2088 2186 sum
2123 2151 2134 2186 :
2192 2134 2326 2205 Ego,
2371 2135 2572 2206 inquit,
2609 2138 2684 2190 mi
2727 2140 3100 2194 amantissimi
3121 2142 3322 2198 fratres
3351 2149 3409 2198 et
3435 2145 3556 2214 ﬁlii,

1965 2220 2241 2276 Macarius
2260 2239 2442 2290 vocor,
2478 2225 2535 2279 in
2567 2227 2742 2296 regali
2763 2227 2986 2282 civitate
3017 2235 3183 2285 natus
3205 2237 3262 2285 et
3289 2231 3556 2301 nutritus,

1965 2309 2115 2364 ﬁlius
2169 2311 2270 2364 viri
2318 2309 2577 2379 Romani,
2614 2315 2710 2385 qui
2757 2316 3000 2388 inclytus
3029 2319 3153 2386 fuit,
3193 2321 3330 2374 etin
3385 2321 3559 2395 impe-

1966 2397 2091 2452 riali
2129 2399 2374 2470 pollebat
2393 2401 2633 2456 civitate.
2659 2404 2798 2458 Cum
2815 2413 3004 2460 autem
3025 2409 3268 2478 pueriles
3288 2411 3555 2465 excessis-

1962 2503 2078 2541 sem
2099 2503 2296 2557 annos,
2321 2507 2411 2544 me
2439 2498 2710 2546 renuente
2736 2509 2800 2546 ac
2829 2495 3073 2560 nolente,
3099 2503 3260 2568 pater
3276 2516 3435 2554 meus
3456 2501 3554 2555 de-

1963 2578 2247 2648 sponsavit
2270 2578 2407 2632 mihi
2429 2581 2678 2646 uxoriam,
2709 2581 2970 2653 diemque
2991 2587 3188 2640 statuit
3202 2587 3548 2660 nuptiarum.

1961 2667 2184 2720 Interea
2195 2667 2445 2722 thalamo
2459 2669 2752 2733 adornato,
2774 2687 2900 2725 cum
2911 2673 3032 2742 jam
3041 2673 3357 2745 frequentia
3368 2677 3556 2748 p0puli

1959 2753 2156 2809 fuisset
2187 2755 2440 2824 invitata,
2473 2763 2530 2812 et
2545 2775 2751 2830 sponsa
2771 2761 3020 2823 sedente,
3044 2771 3206 2834 pater
3233 2782 3390 2819 meus
3409 2765 3556 2820 hila-

1959 2841 2075 2896 rior
2101 2843 2349 2911 elYectus,
2373 2852 2602 2900 cunctos
2621 2847 2884 2903 invitatos
2915 2851 3172 2927 hortatur
3200 2854 3270 2906 ad
3301 2854 3556 2926 volupta-

1958 2935 2073 2985 tem
2103 2933 2356 2990 convivii.
2375 2935 2646 2989 Omnibus
2677 2943 2886 3003 autem,
2922 2939 3016 3010 qui
3037 2941 3292 3007 aderant,
3311 2943 3453 3012 jocis
3491 2960 3556 2997 ac

1959 3021 2350 3076 saltationibus
2379 3023 2627 3088 intentis,
2651 3025 2844 3080 furtim
2859 3027 3019 3094 exivi,
3043 3034 3099 3082 et
3123 3030 3350 3084 domum
3374 3031 3554 3086 viduae

267 3114 469 3182 rogati
505 3129 718 3180 sumus,
750 3113 800 3167 ei
825 3131 925 3184 per
953 3113 1204 3168 ordinem
1241 3127 1568 3183 responsum
1599 3111 1874 3180 dedimus,
1896 3121 1940 3181 ο
1959 3110 2254 3178 cujusdam
2285 3111 2578 3167 familiaris
2599 3113 2820 3177 intravi,
2844 3133 2908 3170 ac
2926 3123 3140 3188 septem
3166 3117 3284 3172 dies
3303 3136 3431 3173 cum
3457 3119 3555 3175 illa

266 3201 449 3256 simul
469 3201 720 3256 dicentes
741 3202 1028 3272 angustias
1050 3209 1108 3256 et
1127 3201 1389 3274 pericula,
1410 3217 1532 3272 quae
1541 3217 1876 3272 perornnem

268 3290 429 3362 passi
461 3304 660 3345 sumus
685 3291 854 3354 viam,
886 3297 940 3346 et
987 3291 1118 3362 quia
1158 3292 1411 3346 voluntas
1441 3307 1506 3344 ac
1534 3289 1874 3346 desiderium

269 3383 430 3435 esset
456 3381 542 3434 ire
571 3380 669 3435 ubi
707 3381 907 3435 calum
959 3387 1122 3435 terrae
1171 3398 1231 3435 se
1270 3381 1476 3452 jungit,
1529 3381 1871 3452 aperuimus.

267 3467 404 3542 Ipse
432 3467 626 3524 autem
657 3471 725 3524 ad
760 3471 875 3524 haec
903 3470 1365 3542 respondens,ait
1387 3469 1599 3524 :Filioli
1621 3470 1730 3524 mei
1749 3469 1875 3523 cha-

269 3559 514 3625 rissimi,
557 3559 748 3613 audite
771 3574 881 3613 me.
924 3558 1008 3612 Ab
1047 3558 1152 3612 isto
1178 3558 1298 3612 loco
1329 3559 1480 3612 ultra
1527 3558 1596 3612 ad
1629 3555 1876 3628 paradisi

268 3647 402 3702 loca
419 3661 538 3702 non
567 3653 752 3718 potest
797 3648 879 3701 ire
909 3647 1072 3701 homo
1111 3663 1278 3701 carne
1297 3647 1548 3701 vestitus.
1579 3646 1695 3716 Ego
1724 3647 1874 3700 enim

266 3741 542 3808 peccator
571 3737 822 3807 exiguus,
845 3734 1006 3790 val-de
1031 3736 1092 3790 in
1105 3735 1208 3790 hac
1229 3735 1396 3790 etiam
1418 3737 1702 3790 voluntate
1727 3735 1874 3790 labo-

267 3824 417 3892 ravi,
447 3827 681 3899 cupiens
701 3826 849 3880 ultra
878 3825 1268 3896 procedere,ut
1295 3826 1463 3878 finem
1484 3831 1646 3878 terra:
1673 3841 1737 3878 ac
1764 3825 1877 3895 poli

269 3930 513 3968 cernere
533 3913 851 3986 quivissem,
874 3913 970 3968 sed
993 3915 1154 3968 nocte
1171 3912 1412 3984 quadam
1431 3913 1611 3967 astitit
1649 3912 1787 3966 mihi
1815 3913 1875 3966 in

269 4003 406 4057 visu
432 4001 659 4057 Domini
680 4003 1200 4073 angelus,dixitque
1229 4001 1301 4056 ad
1330 4019 1419 4056 me
1440 4020 1451 4054 :
1469 4002 1553 4055 Ne
1581 4002 1874 4072 ultrapro-

268 4093 468 4158 'cedas,
488 4107 668 4163 neque
696 4091 997 4148 Dominum
1010 4095 1231 4146 tentare
1255 4095 1580 4161 pr'zesumas.
1607 4089 1709 4144 Cui
1731 4105 1834 4159 ego
1859 4109 1870 4144 :

269 4182 467 4246 Quam
491 4179 560 4236 ob
585 4198 830 4248 causam,
850 4181 1098 4251 inquam,
1118 4181 1196 4234 mi
1215 4181 1470 4244 Domine,
1487 4179 1548 4234 in
1561 4184 1731 4234 antea
1751 4195 1876 4250 per-

269 4273 420 4342 gere
450 4287 562 4324 non
587 4270 759 4324 licet?
784 4269 998 4324 Atille:
1032 4270 1112 4324 De
1131 4269 1256 4334 isto,
1293 4269 1493 4338 inquit,
1527 4269 1647 4322 loco
1676 4267 1874 4338 viginti

269 4365 418 4414 sunt
427 4359 693 4414 milliaria
705 4373 884 4429 usque
903 4359 972 4412 ad
991 4357 1332 4430 paradisum,
1354 4357 1449 4412 ubi
1467 4357 1646 4411 Adam
1679 4361 1736 4410 et
1763 4357 1878 4410 Eva

1959 3199 2700 3270 latitanspermansi.22‘9
2727 3203 2854 3274 Ipsa
2877 3211 3066 3259 autem
3098 3205 3294 3261 diebus
3317 3207 3553 3278 singulis

1957 3287 2187 3343 domum
2218 3288 2395 3360 patris
2425 3290 2536 3344 mei
2565 3290 2840 3360 ingressa,
2867 3293 3078 3347 audivit
3091 3311 3213 3364 quae
3233 3295 3302 3349 de
3320 3313 3446 3351 mea
3471 3289 3554 3351 in-

1959 3376 2690 3448 quisitione‘loquebantur;
2711 3386 2769 3434 et
2790 3381 3038 3446 veniens,
3070 3390 3272 3437 cuncta
3299 3383 3440 3438 mihi
3471 3403 3554 3440 re-

1956 3465 2170 3536 plicans
2188 3465 2346 3520 dixit.
2377 3465 2546 3521 Pater
2563 3472 2751 3522 autem
2776 3487 2936 3524 meus
2953 3487 3080 3524 cum
3097 3488 3186 3525 me
3207 3473 3454 3542 undique
3471 3488 3554 3528 re-

1959 3555 2230 3625 quirendo
2285 3572 2398 3609 non
2445 3556 2738 3622 inveniret,
2771 3559 2928 3612 ﬂevit
2955 3558 3323 3629 amarissime,
3369 3563 3468 3616 sed
3497 3569 3554 3618 et

1959 3649 2156 3710 mater,
2186 3661 2251 3698 ac
2277 3649 2396 3699 tota
2411 3645 2642 3699 familia.
2669 3647 2875 3700 Octava
2895 3647 3093 3703 exinde
3113 3649 3222 3714 die,
3245 3650 3299 3703 id
3319 3656 3422 3718 est,
3450 3668 3552 3706 no-

1958 3736 2045 3784 cte
2076 3731 2388 3796 Dominica,
2420 3732 2716 3786 mulierem
2747 3733 2900 3788 illam
2923 3735 3180 3801 salutavi,
3211 3742 3267 3790 et
3295 3750 3554 3808 egressus

1957 3819 2016 3872 in
2052 3819 2333 3890 publicam
2379 3821 2545 3887 viam,
2577 3823 2762 3876 inveni
2796 3822 2978 3878 virum
3019 3825 3321 3896 quemdam
3350 3827 3554 3884 canitie

1957 3909 2350 3975 venerabilem,
2387 3911 2546 3981 quasi
2577 3903 2647 3965 ad
2669 3910 3071 3967 ambulandum
3113 3922 3374 3986 paratum
3405 3921 3554 3972 stan-

1957 4002 2091 4050 tem.
2124 3998 2303 4061 Quem
2333 3997 2594 4064 adorans,
2619 3998 2748 4053 dixi:
2771 3999 2892 4063 Quo
2904 4018 3137 4072 pergere
3155 4001 3347 4069 habes,
3367 4004 3556 4058 senior

1957 4085 2186 4140 sancte?
2210 4087 2284 4140 At
2311 4087 2404 4140 ille
2425 4087 2590 4141 hilari
2613 4087 2771 4142 vultu
2803 4089 2872 4142 ad
2905 4105 2995 4143 me
3023 4105 3340 4158 conversus,
3364 4090 3506 4145 dixit
3536 4111 3548 4144 :

1958 4174 2080 4238 Quo
2105 4180 2170 4228 tu
2189 4174 2271 4229 ire
2291 4175 2594 4241 desideras,
2621 4191 2726 4246 ego
2738 4181 2924 4230 tecum
2944 4177 3025 4231 ire
3047 4177 3300 4250 dispono,
3321 4196 3386 4234 eo
3403 4179 3554 4251 quod

1957 4262 2162 4318 itinera
2213 4265 2337 4334 ipsa
2366 4265 2503 4318 mihi
2552 4265 2754 4334 Oppido
2799 4270 2931 4318 sunt
2967 4267 3208 4336 cognita.
3241 4268 3398 4321 Tunc
3449 4285 3552 4339 ego

1958 4351 2320 4417 confortatus,
2345 4353 2487 4422 coepi
2528 4352 2814 4406 hominem
2843 4353 3019 4424 sequi.
3063 4355 3173 4407 Per
3200 4355 3400 4408 domus
3421 4373 3550 4410 vero

267 4448 337 4502 in
366 4447 584 4502 deliciis
597 4453 779 4502 erant.
805 4447 999 4502 Posuit
1017 4447 1258 4516 denique
1271 4445 1544 4500 Dominus
1574 4451 1704 4500 ante
1721 4461 1875 4500 eum-
1892 4438 1940 4496 D
1959 4441 2156 4494 exinde
2175 4441 2452 4496 intrantes
2473 4441 2700 4507 vicinas,
2731 4458 2832 4512 per
2851 4441 2995 4496 viam
3011 4458 3214 4514 panem
3230 4444 3551 4514 rogavimus

268 4537 414 4591 dem
433 4535 759 4607 paradisum
787 4535 1072 4590 cherubim
1091 4551 1216 4589 cum
1239 4534 1408 4605 ignea
1422 4535 1734 4606 rhomphea
1763 4535 1876 4606 (18)

269 4631 456 4696 atque
477 4625 719 4691 volubili,
771 4625 841 4679 ad
869 4623 1296 4680 custodiendum
1315 4623 1439 4678 vita:
1466 4623 1684 4694 lignum
1715 4623 1870 4690 (Gen.

269 4717 388 4780 In);
401 4713 634 4768 ethabet
651 4713 930 4784 apedibus
941 4729 1116 4783 usque
1129 4711 1199 4767 ad
1212 4710 1538 4766 umbilicum
1549 4711 1874 4766 similitudi-

266 4817 415 4856 nem
443 4801 705 4868 hominis,
725 4807 922 4874 pectus
945 4801 1090 4856 sicut
1109 4806 1302 4872 pectus
1332 4800 1529 4867 leonis,
1547 4815 1779 4854 manum
1804 4799 1876 4854 si-

267 4897 381 4946 cut
391 4892 732 4962 crystallum,
747 4891 960 4945 habens
981 4889 1229 4960 gladium
1247 4895 1310 4944 ut
1329 4895 1512 4944 servet
1527 4889 1870 4960 paradisum,

265 4995 350 5035 ne
381 4979 582 5050 aliquis
627 4979 760 5034 illuc
795 4979 1112 5051 proximare
1139 4980 1338 5033 valeat.
1377 4979 1498 5049 Ego
1535 4978 1728 5048 itaque
1761 4979 1874 5032 haec

267 5069 519 5124 audiens
555 5068 624 5123 ab
651 5070 868 5139 angelo,
891 5067 1133 5139 amplius
1157 5085 1269 5122 non
1295 5066 1574 5138 respondi,
1597 5081 1702 5122 nec
1725 5067 1876 5122 ultra

263 5157 585 5232 procedere
634 5156 864 5212 tentavi.
913 5157 1098 5228 Igitur
1130 5173 1236 5227 ego
1265 5155 1626 5229 TheOphilus,
1679 5161 1735 5210 et
1777 5156 1874 5211 iti-

267 5247 438 5303 neris
461 5247 574 5304 mei
618 5247 754 5301 socii
777 5264 842 5300 ac
878 5246 1100 5311 fratres,
1143 5245 1254 5300 ista
1280 5263 1314 5300 a
1335 5251 1529 5300 sancto
1559 5245 1872 5310 audientes,

261 5341 566 5410 prostrato
589 5337 741 5391 omni
769 5335 1463 5408 corpore,collaudavimus
1474 5335 1796 5402 Dominum,
1822 5340 1879 5389 et

265 5427 469 5498 ipsum
507 5441 728 5481 servum
756 5425 966 5481 Christi
991 5424 1378 5480 salutavimus.

347 5515 488 5568 CAP.
519 5513 692 5570 XVII.
729 5514 1061 5585 -—Vespere
1091 5518 1280 5568 autem
1309 5514 1475 5580 facto,
1509 5514 1650 5569 dixit
1671 5513 1832 5569 nobis
1863 5533 1874 5568 :

263 5605 512 5661 Fratres
557 5604 669 5659 mei
722 5603 1094 5672 dilectissimi,
1138 5603 1284 5658 exite
1317 5602 1468 5658 foras
1495 5603 1774 5674 cellulam,
1818 5609 1883 5658 et

1958 4529 2228 4600 accipere,
2261 4535 2318 4584 ct
2353 4529 2688 4601 accepimus.
2731 4531 2841 4585 Per
2877 4531 3152 4601 plurimos
3195 4537 3386 4586 autem
3432 4533 3550 4588 dies

1957 4617 2326 4686 ambulantes,
2350 4619 2578 4673 tandem
2605 4619 2962 4690 pervenimus
2989 4621 3058 4674 ad
3089 4621 3272 4675 locum
3299 4626 3550 4678 tormen-

1955 4713 2164 4774 torum,
2198 4714 2258 4762 et
2297 4708 2632 4764 intravimus
2686 4708 2971 4779 angustias
3018 4709 3235 4764 viarum
3273 4711 3545 4778 omnium,

1955 4797 2105 4851 unde
2116 4814 2212 4852 vos
2235 4798 2421 4852 venire
2432 4797 2668 4852 dixistis.
2697 4797 2838 4852 Cum
2853 4812 2988 4867 ergo
3000 4797 3071 4852 ad
3086 4799 3323 4869 triginta
3343 4798 3550 4854 millia-

1957 4885 2039 4938 ria
2067 4899 2242 4958 prope
2268 4887 2455 4941 locum
2477 4880 2655 4940 istum
2675 4886 3040 4954 venissemus,
3074 4887 3318 4958 quadam
3347 4889 3437 4942 die
3468 4906 3552 4944 se-

1955 4974 2218 5030 dentibus
2248 4974 2428 5042 nobis,
2453 4973 2601 5028 inter
2639 4975 2764 5044 ipsa
2785 4980 2985 5029 mutua
3003 4973 3298 5047 colloquia,
3321 4982 3550 5049 repente

1955 5063 2138 5118 socius
2169 5081 2325 5118 meus
2345 5061 2638 5134 disparuit.
2670 5062 2826 5116 Tunc
2853 5077 2960 5132 ego
2997 5063 3238 5119 nimium
3267 5066 3548 5137 turbatus,

1957 5158 2014 5207 et
2073 5169 2183 5224 quo
2231 5170 2321 5206 me
2363 5157 2657 5217 verterem,
2692 5151 2942 5222 ignarus,
2993 5153 3199 5208 cadens
3229 5155 3290 5208 in
3313 5157 3547 5223 terram,

1957 5241 2289 5314 plangebam
2319 5240 2677 5296 validissime.
2711 5244 2782 5298 Et
2799 5257 2924 5296 ecce
2943 5243 3232 5298 confestim
3249 5243 3368 5299 sine
3394 5261 3554 5298 mora

1959 5331 2008 5386 is
2036 5331 2130 5402 qui
2159 5318 2290 5384 ante
2320 5329 2732 5401 disparuitcum
2757 5347 2962 5404 magna
2986 5332 3240 5388 claritate
3268 5332 3548 5404 apparuit,

1962 5425 2018 5475 et
2047 5420 2126 5475 ita
2154 5421 2358 5475 affatus
2377 5428 2463 5476 est
2493 5439 2608 5476 me:
2644 5421 3016 5488 Noliturbari,
3049 5421 3428 5485 dilectissime,
3449 5436 3550 5491 ego

1961 5509 2112 5564 enim
2137 5527 2263 5564 sum
2285 5511 2520 5580 angelus
2539 5509 2790 5583 Raphael
2820 5509 2954 5581 (20),
2987 5512 3042 5564 in
3076 5509 3420 5579 adjutorium
3449 5507 3552 5560 tibi

1959 5614 2184 5666 missus,
2218 5599 2391 5671 quite
2417 5599 2526 5655 huc
2543 5600 2780 5672 perduxi
2797 5603 3074 5672 praecepto
3104 5592 3398 5652 Altissimi.
3439 5592 3554 5648 Do-
