3942 6200
442 309 544 368 423

1451 305 1548 361 DE
1581 303 1773 362 vms
1809 285 2106 360 pATR'UM
2143 302 2360 360 LIBER
2393 301 2686 360 PRIMUS.

3561 295 3651 354 424

441 434 630 489 minus
641 438 830 488 autem
843 432 1156 485 viamtuam
1169 443 1496 500 prosperam
1512 429 1661 485 fecit.
1684 431 1832 485 Loca
1855 429 2034 501 siqui-
2052 427 2442 490 Adelectabile
2484 429 2647 500 juxta
2673 441 2766 480 me
2794 424 2850 478 in
2881 426 3035 478 terra
3060 419 3302 492 positum
3335 416 3528 489 aspexi.
3557 418 3655 490 Ego

445 523 572 578 dem
595 522 973 585 tenebrarum,
1005 519 1129 573 loca
1155 523 1588 585 tormentorum,
1607 520 1728 574 loca
1739 535 2032 590 pinnarum

445 609 816 684 pertransisti,
849 609 908 663 in
955 608 1136 662 lucem
1160 607 1380 674 venisti,
1405 607 1613 663 fontem
1642 625 1803 679 aqua;
1821 607 1956 662 vivae
1979 612 2037 662 et

444 703 564 755 loca
587 701 870 770 justorum
891 697 1077 751 vidisti
1101 715 1115 763 ;
1145 695 1348 750 idcirco
1385 697 1500 751 noli
1529 697 1749 763 timere,
1782 697 1880 751 sed
1908 713 2038 752 sur-

446 805 602 858 gens,
636 787 783 841 viam
813 792 970 840 tuam
999 785 1366 857 proﬁciscere.
1391 786 1512 850 Quo
1533 785 1701 854 dicto,
1725 802 1920 840 rursus
1940 784 2037 857 qui

443 871 724 943 apparuit,
755 870 1050 942 disparuit.

518 962 648 1015 Car.
679 961 826 1015 XlX.
853 991 920 1000 —
942 959 1057 1030 Ego
1091 975 1222 1013 vero
1271 958 1489 1013 interea
1535 958 1748 1013 viribus
1775 959 2034 1030 receptis,

447 1066 682 1120 surgens
703 1047 992 1103 ambulare
1013 1048 1174 1119 coapi,
1194 1052 1251 1102 et
1269 1047 1480 1117 alonge
1492 1064 1765 1118 onagrum
1778 1046 2035 1114 intuitus,

447 1139 701 1204 clamavi,
725 1137 950 1208 dixique
962 1136 1045 1190 illi
1063 1155 1075 1190 :
1109 1137 1247 1202 Ave,
1267 1153 1367 1207 per
1379 1135 1685 1201 Christum,
1706 1135 1868 1207 quite
1881 1151 2040 1190 crea-

447 1229 546 1296 vit,
579 1227 810 1283 ostende
853 1225 991 1280 mihi
1020 1225 1186 1292 viam,
1219 1241 1320 1296 per
1345 1240 1514 1296 quam
1543 1225 1826 1280 ambulem
1859 1243 1872 1293 ;
1920 1224 2042 1296 ipse

450 1323 642 1373 autem
670 1315 885 1372 concite
913 1331 1227 1380 occurrens,
1249 1314 1535 1385 ingressus
1553 1321 1640 1369 est
1663 1319 1794 1369 ante
1823 1331 1913 1368 me
1941 1329 2044 1385 per

453 1406 714 1461 semitam
745 1405 1046 1477 quamdam
1084 1404 1374 1475 parvulam
1413 1409 1472 1458 et
1510 1409 1830 1474 angustam.
1863 1404 2042 1468 Quem

454 1513 558 1566 ego
586 1494 916 1550 subsecutus
941 1510 1085 1557 sum,
1114 1492 1304 1562 sicque
1327 1492 1468 1547 duos
1486 1493 1884 1564 complevimus
1899 1493 2039 1556 dies,

2115 535 2246 574 vero
2267 517 2328 572 in
2355 517 2688 588 memetipso
2726 513 2979 584 cogitans
3001 509 3144 564 dixi:
3175 507 3333 562 Unde
3360 507 3416 561 in
3437 506 3532 560 hac
3552 507 3658 562 soli-

2115 609 2312 664 tudine
2339 606 2666 662 fasciolum?
2695 603 3000 659 Estimans
3023 606 3212 655 tamen
3240 597 3369 668 quia
3387 597 3443 650 in
3458 595 3659 652 veritate

2117 705 2266 753 esset
2283 697 2592 762 fasciolum,
2607 694 2926 764 oblitusque
2943 707 3048 761 ego
3067 687 3408 742 miserrimus
3425 701 3510 739 me
3525 684 3659 756 signo

2117 787 2296 842 crucis
2315 785 2556 851 munire,
2587 783 2854 856 quoniam
2883 780 3110 852 quidem
3138 779 3487 831 sacrosanctae
3512 774 3663 828 crucis

2117 875 2467 948 signaculum
2486 889 2710 929 omnem
2729 869 2942 926 inimici
2957 873 3185 923 enervat
3201 862 3665 937 phantasiam,misi

2118 981 2369 1031 manum,
2399 969 2456 1018 et
2472 963 2663 1018 levans
2680 959 2970 1014 fasciolum
2984 953 3263 1028 reportavi
3282 953 3340 1007 in
3359 952 3664 1024 speluncam.

2119 1055 2316 1108 Altera
2341 1051 2706 1107 nihilominus
2738 1049 2828 1103 die
2849 1063 3132 1118 egressus,
3163 1043 3372 1099 calceos
3399 1039 3500 1110 (2'2)
3528 1039 3668 1094 femi-

2121 1160 2258 1198 neos
2307 1141 2491 1214 reperi
2525 1142 2780 1212 jacentes
2809 1138 2868 1192 in
2909 1143 3066 1191 terra
3096 1151 3108 1188 :
3140 1133 3238 1188 sed
3259 1147 3360 1186 nec
3377 1135 3504 1186 tunc
3527 1129 3672 1184 miser

2123 1249 2227 1303 ego
2257 1231 2494 1286 insidias
2517 1228 2724 1284 diaboli
2756 1227 3069 1291 advertens,
3090 1240 3193 1278 nec
3213 1220 3390 1276 crucis
3401 1219 3582 1274 vexillo
3597 1235 3672 1273 me

2122 1321 2402 1386 muniens,
2428 1319 2643 1373 calceos
2679 1315 2875 1376 levavi.
2909 1320 2966 1369 et
2993 1314 3053 1368 in
3093 1312 3412 1384 speluncam
3453 1311 3674 1380 portans,

2123 1409 2350 1464 fasciolo
2371 1407 2551 1480 junxi.
2586 1411 2778 1474 τευ
2803 1403 2992 1460 Tertia
3019 1407 3212 1457 autem
3233 1401 3351 1471 jam
3383 1398 3468 1452 die
3495 1397 3674 1452 iterum

2126 1497 2334 1563 exiens,
2356 1495 2642 1551 diabolum
2663 1494 2723 1548 in
2749 1493 2950 1548 decore
2977 1491 3061 1544 vel
3076 1488 3260 1561 specie
3279 1484 3676 1552 mulieris,vesti-

381 1641 390 1648 .
456 1583 626 1637 simul
647 1581 1126 1636 ambulantesDie
1145 1585 1336 1634 autem
1365 1579 1552 1646 tertia,
1586 1581 1907 1652 aspeximus
1930 1596 2048 1633 cer-
2128 1586 2231 1641 bus
2246 1585 2507 1658 pretiosis
2525 1583 2755 1650 indutae,
2770 1585 3016 1636 stantem
3039 1578 3227 1633 inveni
3250 1595 3261 1630 :
3283 1592 3384 1647 ego
3402 1591 3524 1629 vero
3541 1574 3680 1628 mise-

455 1689 584 1726 vum
605 1669 1619 1740 mirzemagnitudinisalonge.Quem
1633 1669 2048 1740 onagervidens
2127 1675 2322 1729 rabilis
2350 1691 2453 1728 nec
2490 1672 2569 1727 sic
2598 1671 2823 1742 quidem
2871 1671 3102 1741 laqueos
3142 1665 3356 1721 inimici
3395 1663 3675 1728 recordans,

455 1765 513 1813 et
533 1758 950 1829 pertimescens,
1001 1756 1300 1811 declinavit
1316 1774 1350 1810 a
1369 1775 1459 1812 me
1491 1776 1503 1824 ;
1538 1757 1746 1812 iterum
1767 1774 1870 1828 ego
1899 1757 2050 1812 solus
2131 1780 2234 1818 nec
2262 1763 2450 1833 aliquo
2481 1761 2647 1816 modo
2667 1777 2755 1815 me
2775 1760 3023 1830 signans,
3049 1757 3147 1811 sed
3159 1755 3389 1810 credens
3413 1754 3469 1807 in
3480 1752 3681 1806 veritate

456 1847 704 1913 relictus.
729 1845 1087 1916 angustiams
1107 1862 1252 1912 ειιως
1270 1846 1418 1900 Viam
1439 1846 1667 1900 omnino
1682 1863 1796 1901 non
1815 1845 2112 1926 habens-13
2133 1853 2266 1924 quia
2295 1851 2502 1906 mulier
2521 1856 2688 1916 esset,
2713 1849 2802 1904 aio
2823 1849 2895 1903 ad
2920 1848 3095 1901 illam:
3120 1844 3282 1900 Unde
3292 1844 3399 1898 huc
3411 1839 3684 1896 advenisti?

455 1936 610 1992 Tunc
639 1941 833 1990 contra
845 1952 1071 1990 cervum
1089 1935 1356 2001 clamans,
1375 1935 1488 1990 dixi
1509 1955 1520 1989 :
1545 1935 1690 2000 Quia
1705 1935 2051 2006 adjutorium

458 2025 597 2080 mihi
627 2025 828 2090 tulisti,
862 2041 962 2096 per
1007 2025 1188 2078 Deum
1213 2029 1270 2078 te
1309 2025 1560 2094 conjuro,
1602 2024 1861 2079 semitam
1913 2023 2052 2077 mihi

457 2114 710 2169 ostende.
742 2113 827 2167 Ad
852 2114 996 2167 hanc
1023 2129 1213 2166 vocem
1247 2112 1418 2167 veluti
1449 2113 1662 2167 animal
1686 2112 2053 2167 domesticum

457 2204 529 2258 ad
572 2220 662 2257 me
691 2201 996 2267 declinans,
1026 2206 1332 2271 angustum
1366 2201 1657 2271 ingressus
1703 2202 1776 2256 ad
1831 2202 2050 2266 callem,

458 2297 588 2365 post
600 2296 827 2362 tergum
857 2307 946 2345 me
976 2307 1196 2361 semper
1223 2290 1518 2361 aspic1ens.
1535 2290 1626 2345 Sic
1642 2307 1779 2361 ergo
1799 2291 2056 2345 tresinsi-

461 2382 578 2436 mul
613 2377 1026 2435 ambulavimus
1057 2379 1196 2434 dies.
1241 2381 1384 2434 Tum
1413 2396 1537 2434 ecce
1575 2386 1776 2450 quarta
1821 2379 1912 2434 die
1953 2379 2057 2434 im-

461 2487 718 2524 mensum
735 2486 799 2523 ac
811 2467 1121 2523 terribilem
1135 2467 1468 2523 offendimus
1484 2467 2055 2535 draconem,mediam

463 2559 770 2613 distentum
802 2574 903 2629 per
929 2556 1098 2610 viam.
1131 2557 1309 2621 Quem
1342 2562 1406 2611 ut
1422 2574 1617 2611 cervus
1646 2557 1802 2623 vidit,
1825 2561 2055 2628 repente

461 2648 598 2718 fuga
619 2647 842 2718 elapsus
871 2645 1064 2700 evasit.
1099 2647 1218 2716 Ego
1245 2645 1472 2699 interim
1493 2645 1695 2700 timore
1716 2646 1897 2700 valido
1927 2661 2055 2716 per-

464 2737 671 2802 culsus,
696 2735 753 2789 in
783 2741 996 2789 terram
1021 2733 1196 2789 cecidi
1226 2753 1239 2801 ;
1263 2733 1465 2788 deinde
1494 2734 1837 2788 confortatus
1868 2733 1926 2788 in
1951 2735 2058 2788 Do-

463 2825 638 2890 mino,
671 2822 904 2889 surrexi,
937 2839 1001 2878 ac
1021 2839 1111 2876 me
1141 2822 1302 2892 signo
1351 2828 1557 2877 sanctae
1585 2823 1765 2877 crucis
1799 2823 2058 2877 muniens

465 2913 536 2967 ad
571 2913 869 2968 draconem
903 2910 1053 2966 dixi:
1096 2911 1275 2966 Deum
1323 2911 1767 2982 omnipotentem
1796 2911 1952 2979 time,
2003 2916 2061 2966 et

2133 1947 2230 1997 aut
2247 1941 2370 2012 quis
2390 1945 2446 1994 te
2462 1940 2522 1994 in
2536 1940 2679 1993 hanc
2698 1937 2931 1992 adduxit
2947 1932 3337 1990 solitudinem?
3348 1931 3446 1987 Illa
3458 1929 3685 1985 continuo

2135 2032 2270 2084 flere
2316 2027 2668 2082 amarissime
2695 2025 2882 2097 coepit.
2923 2024 3078 2078 Tunc
3124 2038 3230 2092 ego
3259 2019 3519 2084 misellus,
3547 2016 3686 2071 simul

2135 2135 2260 2173 cum
2291 2117 2389 2172 illa
2415 2115 2585 2170 veluti
2610 2112 2999 2186 compatiendo
3020 2111 3178 2164 valde
3201 2108 3433 2181 ploravi.
3457 2107 3578 2165 Post
3592 2105 3687 2159 haec

2135 2205 2478 2278 respondens
2510 2204 2652 2258 dixit
2679 2225 2690 2257 :
2719 2203 2833 2272 Ego
2884 2199 3226 2263 miserrima,
3249 2214 3282 2252 ο
3310 2201 3464 2268 pater
3484 2192 3686 2249 sanctis-

2135 2294 2294 2360 sime,
2319 2293 2435 2347 ﬁlia
2461 2309 2586 2346 sum
2618 2290 2722 2344 viri
2735 2287 2992 2354 Romani;
3017 2304 3140 2358 qua:
3168 2301 3297 2340 cum
3311 2301 3396 2338 me
3411 2283 3618 2338 invitam
3635 2297 3687 2336 ac

2136 2384 2422 2438 nolentem
2450 2381 2846 2452 desponsasset
2884 2375 3076 2448 juveni
3118 2375 3344 2430 cuidam
3380 2371 3685 2428 nobilissimo

2136 2473 2406 2537 Romano,
2435 2487 2500 2524 ac
2525 2469 2645 2524 dies
2673 2467 2997 2539 nuptiarum
3027 2465 3304 2530 venirent,
3337 2467 3394 2518 et
3413 2461 3686 2516 thalamum

2136 2578 2200 2615 ac
2229 2559 2541 2615 convivium
2571 2557 2793 2613 ordinat
2805 2562 2920 2622 ent,
2948 2555 3097 2610 inter
3114 2553 3343 2625 nuptias
3372 2551 3512 2622 ipsas
3545 2564 3685 2620 spon-

2136 2667 2231 2704 sus
2268 2665 2426 2703 meus
2479 2646 2775 2719 disparuit.
2817 2647 3070 2715 Cumque
3115 2641 3328 2697 turbati
3367 2655 3565 2704 omnes,
3599 2637 3688 2690 huc

2137 2740 2379 2809 illucque
2422 2753 2551 2791 eum
2599 2734 2951 2807 inquirendo,
2981 2731 3368 2797 turbarentur,
3409 2745 3504 2800 ego
3528 2725 3689 2797 gavisa

2139 2829 2353 2893 ell‘ecta,
2372 2827 2516 2880 clam
2532 2825 2669 2892 exii;
2692 2830 2751 2879 et
2777 2829 2940 2877 nocte
2963 2822 3157 2876 eadem
3183 2821 3293 2874 iter
3319 2817 3590 2890 arripiens,
3607 2830 3690 2868 nec

2139 2915 2358 2970 itineris
2385 2914 2585 2969 ducem
2623 2913 2812 2984 aliquo
2858 2911 3024 2965 modo
3071 2909 3307 2976 habens,
3366 2924 3463 2980 per
3485 2909 3691 2975 angusta

467 3001 582 3056 noli
615 3001 752 3056 mihi
790 3018 1008 3056 nocere.
1050 3001 1206 3055 Tunc
1225 2999 1344 3072 ipse
1372 3000 1699 3055 terribiliter
1719 3001 1789 3056 de
1815 3007 1971 3055 terra
1999 3017 2060 3056 sc
2141 3003 2416 3059 montium
2446 3020 2511 3058 ac
2536 3002 2766 3056 vallium
2778 2999 3018 3056 errando
3037 2999 3327 3069 hucusque
3347 2992 3692 3068 perveni.Haec

467 3092 706 3161 erigens,
735 3090 983 3144 humana
1004 3106 1095 3144 me
1133 3089 1335 3144 affatus
1361 3095 1446 3144 est
1463 3106 1612 3156 voce,
1645 3090 1836 3144 dicens
1860 3108 1871 3142 :
1897 3089 2056 3155 Veni,
2143 3109 2247 3164 ego
2275 3110 2404 3148 cum
2430 3091 2732 3153 audissem,
2766 3095 2824 3144 et
2852 3089 3043 3144 omnia
3081 3087 3163 3142 ita
3200 3103 3325 3142 esse
3352 3083 3689 3144 credidissem,

467 3178 754 3234 benedicte
782 3177 1026 3246 domine,
1059 3183 1123 3233 tu
1171 3177 1318 3232 enim
1348 3195 1409 3233 es
1446 3195 1638 3233 servus
1665 3179 1766 3234 Dei
1794 3177 2054 3234 altissimi
2074 3224 2115 3252 τ,
2146 3183 2314 3238 simul
2362 3185 2420 3236 et
2467 3196 2732 3252 sponsam
2762 3195 2947 3234 meam
2987 3177 3104 3232 fore
3130 3192 3383 3247 sperans,
3412 3189 3506 3246 per
3526 3185 3693 3226 manus

467 3267 762 3323 Macarius.
783 3267 1030 3339 Angelus
1049 3271 1239 3322 autem
1267 3273 1492 3322 sanctus
1519 3267 1788 3338 Raphael,
1818 3262 2117 3337 ﬁguram”
2143 3269 2488 3343 apprehendi
2507 3269 2684 3335 illam,
2716 3273 2773 3322 et
2796 3267 2855 3320 in
2884 3266 3031 3320 hanc
3057 3263 3343 3319 introduxi
3369 3262 3690 3334 speluncam:

467 3364 525 3411 et
555 3357 768 3412 vultum
798 3363 959 3411 tuum
989 3357 1548 3422 mihidemonstrans,
1566 3356 1831 3428 praecepit
1847 3356 2060 3410 concite
2143 3360 2402 3430 lacryma:
2430 3374 2562 3412 vero
2591 3357 2660 3411 ab
2707 3357 2832 3426 ejus
2858 3355 3034 3410 oculis
3058 3353 3383 3408 nullatenus
3420 3347 3690 3404 cessabant.

467 3451 532 3500 ut
581 3445 684 3499 tibi
731 3461 1100 3512 occurrerem,
1131 3451 1300 3516 atque
1344 3445 1710 3516 perducerem
1736 3445 1796 3499 in
1823 3445 2007 3500 locum
2027 3461 2064 3498 a
2141 3449 2297 3503 Tunc
2325 3463 2430 3517 ego
2460 3445 2701 3500 miseriis
2729 3451 2788 3499 et
2813 3443 3079 3516 lacrymis
3117 3443 3244 3513 ejus
3277 3438 3616 3512 compatiens,
3649 3436 3694 3486 et

471 3535 586 3588 Deo
616 3532 717 3586 tibi
741 3539 1138 3604 praeparatum.
1173 3534 1288 3603 Ego
1315 3533 1504 3604 itaque
1535 3540 1732 3605 quarto
1760 3534 1924 3588 hodie
1971 3533 2062 3587 die
2143 3537 2303 3591 valde
2331 3553 2500 3608 super
2529 3552 2654 3590 eam
2684 3533 2898 3598 dolens,
2919 3533 3113 3587 sedere
3134 3548 3262 3586 eam
3297 3533 3454 3602 juxta
3479 3543 3560 3582 me
3574 3522 3690 3578 feci:

470 3629 527 3678 te
550 3623 641 3676 hic
661 3622 990 3693 exspectavi,
1025 3622 1165 3676 nihil
1197 3622 1424 3677 omnino
1443 3623 1760 3677 comedens.
1794 3624 1911 3678 Hac
1932 3639 2062 3677 vero
2146 3625 2405 3681 similiter
2431 3630 2487 3680 et
2512 3623 2746 3695 glandes
2784 3621 2866 3676 illi
2909 3621 2978 3675 ad
3019 3619 3472 3675 manducandum
3497 3609 3694 3688 praebui»

484 3716 644 3765 nocte
671 3710 881 3765 innube
923 3709 1342 3765 lucidissimate
1364 3711 1652 3765 sedentem
1671 3711 1879 3783 aspexi,
1899 3711 2067 3766 simul
2147 3731 2261 3770 non
2290 3714 2440 3768 enim
2466 3712 2701 3768 insidias
2728 3710 2938 3765 diaboli
2960 3709 3228 3776 intellexi,
3255 3724 3434 3780 neque
3455 3705 3696 3760 ullatenus

474 3805 532 3854 et
557 3816 744 3852 vocem
791 3799 1032 3870 desuper
1065 3799 1271 3865 audivi,
1294 3799 1572 3854 dicentem
1598 3800 1736 3854 mihi
1762 3818 1773 3853 :
1806 3801 2070 3855 Accelera
2147 3803 2328 3860 crucis
2349 3819 2439 3856 me
2466 3802 2627 3872 signo
2650 3800 2861 3855 munivi
2891 3799 3016 3868 ;sed
3037 3798 3299 3852 similiter
3315 3796 3574 3856 sedentes,
3592 3789 3696 3844 diu-

476 3891 542 3940 ut
569 3885 772 3956 eripias
803 3885 1102 3940 llacarium
1127 3903 1348 3941 servum
1386 3888 1506 3955 Dei,
1547 3888 1642 3960 qui
1671 3888 1847 3956 adest,
1879 3894 1945 3943 ut
1967 3888 2069 3943 tibi
2150 3893 2266 3948 tius
2298 3891 2574 3962 colloquia
2591 3889 2910 3944 habuimus.
2933 3889 3089 3943 Tunc
3115 3887 3260 3959 coepi
3287 3884 3442 3958 quasi
3461 3884 3524 3938 de
3541 3879 3698 3935 labore

480 3972 729 4046 praedixi.
771 3973 1124 4045 Quapropter
1142 3991 1400 4046 surgens,
1433 3994 1666 4049 sequere
1682 3995 1793 4044 me,
1825 3995 1896 4033 ne
1914 3977 2072 4032 dubi-
2152 3981 2327 4037 nimio
2357 3996 2554 4035 somno
2584 3978 2900 4050 gravari;at
2929 3977 3028 4031 illa
3049 3976 3314 4031 manibus
3328 3975 3442 4030 suis
3469 3985 3583 4026 mea
3600 3981 3698 4021 om-

479 4068 568 4118 tes
593 4081 606 4130 ;
639 4062 736 4117 sed
761 4062 908 4130 veni,
951 4067 1008 4117 et
1039 4063 1224 4119 locum
1255 4065 1578 4121 monstrabo
1608 4066 1731 4133 tibi,
1761 4066 1858 4122 ubi
1887 4066 2074 4122 Domi—
2154 4070 2250 4126 nia
2267 4069 2522 4124 membra
2539 4067 2834 4122 mulcendo
2851 4066 3117 4138 palpavit,
3137 4071 3272 4121 eteo
3289 4061 3519 4135 amplius
3536 4069 3700 4112 somno

483 4169 622 4208 num
651 4151 858 4207 debeas
900 4151 1236 4208 collaudare.
1270 4155 1372 4210 His
1401 4173 1532 4229 ergo
1577 4156 1758 4224 dictis,
1801 4156 1960 4228 quasi
1991 4156 2076 4211 vir
2157 4163 2421 4231 gravatus
2442 4156 2742 4222 sum.Quid
2757 4155 3150 4211 morer?miser
3162 4153 3392 4226 ego,qui
3408 4155 3566 4205 antea
3582 4157 3700 4200 nun-

471 4241 694 4315 juvenis
721 4241 1004 4313 apparuit,
1029 4248 1086 4298 et
1104 4259 1322 4299 mecum
1353 4245 1424 4300 ad
1452 4246 1777 4318 speluncam
1805 4246 1950 4300 hanc
1977 4263 2074 4300 us-
2157 4265 2328 4321 quam
2355 4264 2484 4303 cum
2512 4246 2720 4302 femina
2748 4262 2978 4317 peccare
3019 4243 3298 4310 consensi,
3332 4242 3390 4297 in
3416 4235 3607 4296 somnis
3630 4246 3702 4286 me

478 4348 587 4402 que
615 4331 888 4404 pervenit.
925 4332 1180 4403 Cumque
1207 4333 1446 4405 ingressi
1485 4335 1804 4406 fuissemus,
1844 4340 2074 4408 repente
2155 4343 2442 4410 peccatum
2462 4341 2814 4408 perpetrasse
2830 4333 3086 4406 cognovi;
3117 4350 3252 4388 nam
3290 4330 3468 4388 subito
3483 4335 3702 4398 experge-

477 4419 720 4476 evanuit.
2155 4427 2334 4482 factus
2353 4443 2384 4481 e
2409 4442 2626 4492 somno,
2659 4423 2818 4496 quasi
2855 4441 2983 4478 cum
3002 4422 3213 4478 femina
3225 4421 3614 4492 discoopertum
3630 4424 3702 4464 ωε

551 4511 681 4566 Car.
738 4510 856 4600 XX.
888 4545 948 4556 —
977 4511 1133 4600 Tunc
1172 4527 1278 4582 ego
1307 4517 1566 4584 peccator
1593 4513 1653 4568 in
1681 4519 1842 4586 parte
1894 4514 2128 4600 alteraD
2155 4517 2214 4572 in
2243 4522 2397 4572 terra
2409 4516 2690 4586 jacentem
2719 4513 2926 4580 inveni,
2949 4513 3072 4586 ipsa
3083 4513 3206 4583 jam
3248 4527 3379 4566 vero
3415 4523 3521 4562 non
3558 4513 3701 4572 appa-

481 4600 741 4671 prospexi
774 4599 915 4655 duos
936 4599 1112 4654 leonis
1131 4601 1345 4655 catulos
1369 4602 1643 4672 jacentes,
1686 4608 1870 4658 mater
1885 4599 2091 4658 autem,
2157 4605 2291 4661 ruit.

481 4687 706 4743 illorum
723 4689 887 4760 juxta
907 4689 1033 4744 illos
1064 4690 1544 4760 mortuajacebat.
1583 4691 1764 4755 Quam
1797 4709 1899 4763 ego
1927 4692 2078 4747 foras

484 4776 730 4845 ejiciens,
764 4777 1011 4849 sepelivi,
1053 4783 1111 4832 et
1155 4778 1459 4834 Dominum
1489 4779 1832 4847 collaudans,
1863 4781 2080 4851 gloriﬁ-

486 4863 626 4929 cavi,
660 4863 757 4934 qui
777 4871 938 4919 tanta
965 4865 1024 4920 in
1049 4883 1140 4920 me
1151 4865 1434 4921 mirabilia
1461 4867 1609 4934 fecit,
1639 4873 1697 4922 et
1715 4868 1784 4922 de
1803 4874 1920 4923 tam
1947 4885 2079 4940 gra-

486 4949 645 5004 vibus
677 4953 952 5022 angustiis
1002 4954 1274 5022 liberavit,
1330 4955 1480 5027 ipsos
1527 4961 1716 5011 autem
1772 4957 2079 5025 leunculos,

487 5037 714 5093 frondes
758 5040 1024 5096 arborum
1067 5043 1372 5116 decerpens
1401 5061 1466 5098 ac
1511 5045 1621 5098 illis
1660 5045 1969 5117 porrigens,
2020 5051 2086 5101 ut

489 5127 745 5197 proprios
776 5130 1017 5184 enutrivi
1037 5132 1181 5187 filios
1205 5153 1220 5197 ;
1265 5133 1453 5205 sicque
1484 5133 1624 5188 duos
1655 5151 1832 5190 annos
1855 5135 2084 5190 insimul

493 5214 682 5286 quiete
711 5216 1030 5273 habitantes
1053 5222 1470 5292 complevimus.
1499 5224 1641 5278 Cum
1661 5240 1787 5279 ecce
1817 5231 1944 5296 post
1969 5225 2086 5279 haec

490 5303 726 5374 laqueus
747 5304 974 5372 diaboli,
1007 5309 1166 5378 cujus
1195 5326 1484 5382 nunquam
1513 5328 1548 5366 a
1575 5313 1748 5370 servis
1776 5313 1876 5368 Dei
1905 5319 2088 5369 cessat

490 5391 718 5458 invidia,
751 5393 949 5447 adfuit.
983 5395 1125 5449 Nam
1155 5398 1246 5452 die
1284 5400 1545 5470 quadam,
1588 5402 1728 5456 hora
1769 5403 1928 5474 quasi
1965 5419 2088 5474 sep-

491 5480 650 5546 tima,
687 5498 718 5536 e
755 5483 1022 5554 spelunca
1058 5483 1206 5540 foras
1251 5503 1532 5558 egressus,
1586 5491 1700 5545 sole
1745 5490 2085 5546 fervescente

493 5569 676 5627 resedi
705 5589 718 5626 :
752 5576 886 5628 tunc
913 5571 1098 5629 subito
1119 5573 1323 5630 subtile
1353 5575 1464 5648 (‘21)
1494 5579 1784 5634 fasciolum
1822 5587 1881 5636 et
1909 5581 2086 5637 oculis

2230 4694 2360 4750 CAP.
2384 4691 2532 4748 XXI.
2563 4722 2629 4733 —
2658 4692 2814 4748 Tunc
2867 4691 3059 4746 infelix
3110 4706 3213 4761 ego
3267 4686 3490 4743 insidias
3532 4673 3702 4736 diaboli

2161 4799 2285 4838 sero
2307 4781 2775 4850 advertens,foras
2785 4781 3106 4852 speluncam
3121 4779 3288 4834 citius
3301 4775 3516 4842 exivi,et
3544 4770 3702 4842 pectus

2161 4871 2384 4938 feriens,
2413 4871 2668 4942 ingentes
2680 4871 2958 4942 lacrymas
2981 4868 3118 4927 fudi.
3154 4867 3267 4939 Ipsi
3303 4867 3512 4920 interea
3527 4861 3701 4918 leones,

2162 4959 2257 5031 qui
2286 4975 2507 5014 mecum
2537 4959 2790 5025 aderant,
2822 4974 3012 5013 meum
3049 4956 3430 5026 intelligentes
3459 4949 3702 5007 delictum,

2163 5047 2494 5118 quantocius
2521 5046 2790 5116 fugerunt
2834 5064 2870 5100 a
2896 5063 3004 5100 me.
3039 5045 3169 5100 Haec
3196 5033 3387 5098 autem
3411 5055 3531 5095 cum
3552 5045 3707 5089 cerne-

2164 5153 2305 5200 rem,
2336 5135 2546 5206 fugisse
2562 5135 2772 5190 scilicet
2797 5135 3006 5202 leones,
3037 5151 3164 5189 cum
3187 5133 3344 5188 luctu
3365 5129 3526 5186 nimio
3550 5141 3607 5178 ac
3632 5121 3708 5175 do-

2167 5225 2303 5290 lore,
2344 5225 2484 5298 coepi
2523 5224 2730 5280 Christi
2759 5223 3200 5278 misericordiam
3246 5221 3440 5276 devote
3469 5218 3704 5273 invocare,

2169 5319 2446 5386 quatenus
2463 5314 2666 5369 etmihi
2681 5312 3023 5386 poenitentiae
3050 5327 3308 5367 normam
3319 5306 3632 5365 ostenderet,
3656 5310 3706 5350 ac

2169 5404 2359 5458 leones
2395 5403 2577 5458 redire
2605 5403 2850 5474 juberct.
2899 5403 3016 5457 Nec
3055 5416 3232 5466 mora,
3283 5390 3706 5454 clementissimus

2167 5492 2351 5559 Pater,
2383 5492 2479 5564 qui
2517 5509 2607 5546 me
2634 5492 2706 5546 ad
2741 5490 3134 5563 pcenitentiam
3156 5503 3375 5544 servare
3403 5481 3579 5544 voluit,
3607 5475 3708 5564 illi)s

2166 5580 2457 5636 confestim
2484 5581 2616 5637 fecit
2642 5581 2827 5636 redire
2846 5581 3055 5647 leones,
3087 5591 3413 5648 mecumque
3431 5560 3706 5641 ingressiin
