3876 6190
259 206 366 264 425

1323 210 1491 264 VITA
1532 210 1789 265 SANCTI
1828 211 2130 267 MACARII
2170 214 2472 272 ROMANI.

3428 231 3533 289 426

257 330 403 383 hanc
430 331 782 401 speluncam,
803 331 1035 385 humum
1056 331 1290 402 pedibus
1318 333 1435 387 suis
1462 335 1534 388 ad
1564 334 1730 389 unius
1752 335 1924 393 sta-A
1942 336 2115 391 vitam
2135 341 2387 394 meamin
2413 343 2644 398 veritate
2670 350 2947 404 enarravi.
2964 355 3141 417 πει
3171 353 3284 407 Vos
3309 371 3461 426 ergo,
3485 358 3532 411 si

257 426 447 473 turam
469 420 716 474 hominis
738 420 1113 491 aggerebant;
1165 439 1268 493 ego
1298 429 1486 477 autem
1518 425 1632 478 haec
1658 426 1860 479 intelli-

253 525 414 577 gens,
438 509 750 564 collotenus
778 509 958 580 ipsam
996 510 1199 564 intravi
1239 512 1464 579 fossam,
1505 513 1639 583 ipsis
1678 514 1858 585 impe-

254 614 389 650 rans
418 598 677 651 leonibus
702 604 767 651 ut
792 598 853 653 in
882 599 1079 653 eodem
1109 617 1197 653 me
1220 602 1523 671 sepelirent
1542 603 1858 666 loco.Quod

254 704 382 740 cum
412 688 625 741 factum
652 688 867 754 fuisset,
903 706 1080 744 annos
1108 697 1224 745 tres
1266 692 1519 762 sepultus
1560 692 1618 745 in
1661 694 1858 747 eadem

254 776 402 830 fossa
436 777 651 848 peregi.
694 778 914 832 Interea
962 779 1178 849 ingenti
1228 780 1415 850 pluvia
1464 781 1850 847 descendente,

254 872 425 936 rupta
445 872 532 920 est
548 867 816 937 spelunca
834 868 1074 939 desuper
1095 873 1264 938 caput
1292 886 1477 922 meum
1498 870 1593 923 ubi
1614 870 1852 935 stabam,

253 959 311 1007 et
340 955 525 1008 lucem
556 955 689 1019 vidi,
718 961 776 1009 et
804 957 954 1010 foras
984 973 1186 1010 manus
1208 958 1490 1021 emittens,
1518 957 1718 1011 herbas
1733 976 1856 1029 quae

252 1042 308 1096 in
340 1044 586 1098 circuitu
624 1062 792 1115 super
828 1052 996 1116 caput
1038 1051 1218 1109 erant,
1251 1047 1501 1117 decerpsi
1543 1054 1599 1101 et
1618 1048 1852 1101 comedi.

251 1132 457 1186 Tribus
488 1133 682 1204 itaque
711 1134 874 1187 annis
904 1135 1161 1202 evolutis,
1203 1135 1506 1190 adfuerunt
1550 1137 1757 1203 leones,
1799 1142 1856 1191 et

250 1221 446 1275 lumen
469 1222 622 1276 circa
641 1240 730 1276 me
750 1223 1021 1287 videntes,
1040 1224 1380 1278 effodiebant
1400 1226 1635 1279 humum
1661 1227 1717 1279 in
1745 1243 1857 1296 qua

251 1327 341 1364 me
370 1312 845 1383 sepelierunt,ego
866 1313 1093 1383 quidem
1108 1319 1226 1367 toto
1238 1331 1468 1385 corpore
1484 1332 1656 1369 sanus
1674 1332 1858 1385 egres-

250 1419 345 1455 sus
375 1418 526 1467 sum,
562 1402 827 1455 virtutem
856 1401 1157 1472 pristinam
1186 1402 1243 1454 in
1273 1419 1363 1456 me
1401 1403 1667 1456 sentiens.
1700 1404 1855 1457 Tunc

248 1491 574 1561 glorificans
604 1489 908 1544 Dominum
936 1507 1126 1544 meum
1155 1492 1344 1544 Jesum
1377 1492 1680 1554 Christum,
1712 1492 1852 1545 exivi

250 1579 318 1632 de
348 1580 638 1649 spelunca,
672 1596 995 1650 ponensque
1037 1596 1224 1650 genua
1260 1597 1387 1634 mea
1424 1580 1483 1634 in
1513 1585 1684 1646 terra,
1720 1598 1854 1651 qua-

1940 440 2156 495 pugnas
2185 429 2267 481 vel
2299 429 2529 485 insidias
2559 435 2789 505 maligni
2812 438 2984 492 hostis
3014 441 3246 495 sufferre
3275 444 3528 512 potestis,

1940 516 2307 584 considerate,
2340 523 2397 572 et
2427 519 2516 573 hic
2545 521 2834 578 nobiscum
2868 534 3108 595 manete,
3144 530 3231 583 sin
3261 531 3420 598 alias,
3461 534 3533 587 ad

1941 607 2363 673 monasterium,
2396 608 2465 661 de
2500 627 2609 680 quo
2640 614 2850 680 egressi
2881 618 3033 683 estis,
3077 620 3444 688 revertimini,
3477 629 3535 675 et

1940 692 2212 748 Dominus
2243 696 2315 749 sit
2335 697 2389 749 in
2422 697 2622 752 itinere
2651 708 2854 755 vestro.

2013 783 2150 837 CAP.
2183 785 2383 839 XXIII.
2418 818 2478 827 —
2497 788 2610 841 Nos
2634 796 2822 843 autem
2856 809 2980 846 cum
3012 794 3121 849 ista
3148 813 3180 851 e
3207 804 3401 852 sancto
3431 800 3533 867 Dei

1941 870 2309 937 audissemus,
2336 876 2597 930 cadentes
2625 878 2683 931 in
2709 884 2937 943 terram,
2970 884 3402 951 gloriﬁcavimus
3418 888 3532 942 Do-

1940 959 2175 1026 minum,
2201 963 2295 1031 qui
2326 964 2457 1017 facit
2486 966 2767 1019 mirabilia
2782 970 2950 1035 solus,
2977 977 3035 1024 et
3048 973 3119 1027 ad
3141 980 3398 1028 sanctum
3419 992 3534 1029 ser-

1938 1064 2179 1121 vumque
2213 1052 2421 1105 Christi
2453 1054 2622 1108 locuti
2651 1072 2844 1111 sumus
2877 1059 3195 1126 Macarium,
3231 1064 3479 1118 dicentes
3515 1082 3526 1115 :

1936 1136 2104 1190 Pater
2120 1138 2439 1194 beatissime
2455 1143 2681 1209 Macari,
2699 1162 2797 1198 ora
2817 1164 2917 1216 pro
2938 1148 3096 1203 nobis
3116 1151 3187 1204 ad
3208 1151 3527 1217 Dominum,

1936 1232 2000 1279 ut
2029 1226 2099 1279 ad
2123 1235 2379 1282 nostrum
2404 1247 2656 1286 remeare
2686 1235 2962 1304 possimus
3000 1240 3429 1305 monasterium,
3453 1246 3533 1294 at-

1938 1331 2046 1385 que
2062 1319 2538 1373 conversationem
2550 1327 2705 1375 tuam
2721 1331 2971 1378 sanctam
2990 1343 3093 1396 per
3112 1344 3307 1382 omnes
3325 1329 3534 1383 Christi

1938 1404 2209 1458 Ecclesias
2238 1424 2520 1475 enarrare,
2546 1412 2827 1466 credimus
2849 1414 2997 1467 enim
3024 1416 3154 1485 quia
3169 1415 3440 1470 Dominus
3455 1416 3535 1471 id-

1937 1492 2083 1546 circo
2109 1511 2209 1548 nos
2237 1496 2495 1565 perduxit
2528 1499 2599 1551 ad
2627 1504 2701 1551 te.
2730 1501 2885 1554 Tunc
2907 1503 3094 1556 senior
3122 1505 3335 1559 diutius
3366 1522 3536 1576 super

1937 1598 2037 1634 nos
2057 1584 2364 1638 orationem
2381 1586 2543 1652 fudit,
2564 1592 2622 1640 et
2639 1589 2764 1641 fusa
2783 1592 3054 1656 oratione,
3070 1592 3535 1665 benedixitatque

250 1669 517 1739 draginta
533 1669 655 1723 dies
672 1673 728 1722 et
756 1669 1130 1739 quadraginta
1150 1676 1340 1723 noctes
1364 1669 1420 1722 in
1442 1670 1636 1723 eodem
1659 1669 1910 1733 immo-B
1936 1671 2216 1725 osculatus
2242 1677 2328 1726 est
2345 1690 2445 1726 nos
2467 1690 2678 1742 omnes,
2695 1682 2751 1730 et
2772 1680 3187 1734 commendavit
3202 1682 3446 1748 Christo,
3469 1686 3535 1737 ut

251 1758 379 1812 bilis
408 1758 698 1830 permansi
723 1760 863 1824 loco,
900 1759 1223 1813 collaudans
1251 1766 1308 1812 et
1326 1758 1623 1813 obsecrans
1650 1760 1846 1826 Deum,

251 1854 307 1901 et
331 1849 651 1918 gratiarum
684 1847 932 1901 actiones
953 1848 1209 1913 offerens,
1238 1845 1333 1917 qui
1364 1852 1525 1901 tanta
1544 1848 1854 1901 misericor-

252 1938 477 1991 diarum
499 1954 739 1991 munera
767 1935 929 1990 nobis
942 1935 1336 2007 peccatoribus
1360 1937 1575 2006 jugiter
1603 1943 1848 2007 prazstat.

323 2028 467 2082 Cxp.
504 2027 680 2080 XXII.
714 2056 783 2065 -—
824 2026 927 2080 His
962 2042 1095 2095 ergo
1132 2025 1422 2095 completis
1466 2025 1682 2092 diebus,
1733 2042 1853 2079 res-

254 2116 373 2187 pexi
404 2116 465 2169 in
487 2116 834 2187 speluncam,
863 2121 922 2168 et
949 2131 1074 2168 ecce
1100 2120 1345 2184 quatuor
1375 2115 1565 2183 anguli
1597 2115 1851 2185 ejusdem

254 2207 536 2276 speluncae
574 2204 787 2258 lumine
813 2204 1023 2257 caelesti
1068 2203 1540 2275 resplenduerunt
1567 2204 1757 2269 valde;
1797 2208 1854 2257 et

254 2295 363 2348 vidi
396 2294 747 2349 Salvatorem
778 2294 1065 2347 Christum
1109 2293 1166 2346 in
1206 2292 1490 2346 schemate
1524 2292 1648 2353 viri,
1693 2292 1852 2363 quasi

254 2401 488 2438 auream
506 2383 809 2437 habentem
836 2383 895 2435 in
924 2381 1185 2436 manibus
1208 2381 1443 2451 virgam,
1478 2398 1542 2435 ac
1565 2382 1855 2436 dulcisona

253 2490 384 2527 voce
424 2472 745 2526 mirabilem
783 2477 1011 2525 cantum
1042 2476 1479 2542 personantem;
1529 2487 1631 2524 vox
1660 2476 1851 2525 autem

254 2562 402 2615 illius
432 2563 735 2615 vehemens
765 2566 822 2615 et
849 2561 1030 2626 fortis,
1072 2560 1231 2631 quasi
1260 2560 1415 2613 mille
1436 2560 1729 2614 hominum
1756 2577 1853 2613 au-

254 2651 534 2705 diebatur.
560 2651 703 2705 Cum
720 2668 848 2704 vero
859 2652 979 2720 jam
992 2650 1247 2704 melodiae
1269 2650 1509 2703 caelestis
1532 2650 1734 2703 cantici
1756 2666 1851 2703 ex-

256 2740 566 2810 plerentur,
598 2744 829 2810 repente
851 2756 956 2792 vox
984 2738 1165 2792 tribus
1195 2736 1420 2791 vocibus
1448 2738 1717 2804 insonuit,
1763 2738 1852 2791 di-

1935 1760 1992 1813 in
2019 1777 2154 1830 pace
2182 1762 2452 1831 dirigeret
2480 1764 2625 1817 viam
2658 1774 2927 1833 nostram,
2955 1768 3155 1822 deinde
3175 1771 3410 1825 tradidit
3428 1789 3533 1828 nos

1936 1848 2189 1903 leonibus
2218 1850 2344 1915 illis,
2375 1853 2701 1923 praecipiens
2730 1856 2810 1908 eis
2839 1861 2902 1909 ut
2951 1858 3381 1914 transducerent
3406 1878 3529 1929 nos,
3612 1877 3633 1893 ·

1936 1951 2231 2007 quousque
2260 1938 2378 1992 loca
2408 1940 2770 1995 tenebrarum
2802 1945 3400 2013 pertransiremus,ubi
3421 1950 3534 2019 pri-

1935 2026 2063 2079 dem
2094 2033 2308 2097 septem
2338 2029 2455 2083 dies
2485 2036 2542 2085 et
2558 2031 2793 2085 totidem
2812 2039 3001 2088 noctes
3016 2034 3074 2089 in
3095 2035 3533 2107 tenebrisjacui-

1934 2131 2077 2168 mus.
2112 2116 2339 2170 Dimissi
2363 2135 2495 2187 ergo
2526 2136 2560 2172 a
2589 2137 2747 2174 servo
2789 2122 2997 2176 Christi
3035 2130 3228 2178 sancto
3265 2126 3527 2192 Macario,

1934 2219 2199 2273 prospere
2229 2205 2299 2258 ad
2324 2205 2575 2261 absidam
2593 2209 2894 2263 Alexandri
2913 2213 3290 2280 pervenimus,
3306 2213 3399 2267 ubi
3413 2215 3530 2269 leo-

1935 2307 2033 2344 nes
2062 2293 2372 2347 salutantes
2403 2312 2522 2361 nos,
2570 2298 2785 2351 concito
2827 2300 3009 2368 gradu
3054 2301 3261 2355 reversi
3299 2307 3432 2356 sunt
3459 2304 3531 2357 ad

1936 2397 2158 2434 servum
2185 2383 2307 2436 Dei.

2007 2470 2135 2523 CAP.
2169 2471 2365 2525 XXIV.
2409 2499 2466 2514 -ο
2496 2474 2674 2543 Igitur
2716 2476 2935 2529 favente
2980 2476 3204 2531 Christo
3233 2478 3367 2545 Deo,
3407 2480 3530 2534 sine

1934 2559 2198 2627 angustia
2224 2559 2415 2631 aliqua
2441 2569 2693 2616 nostram
2716 2563 3123 2619 ambulavimus
3145 2566 3312 2633 viam,
3354 2573 3412 2621 et
3439 2568 3527 2622 in-

1935 2652 2225 2702 troeuntes
2256 2656 2465 2703 terram
2513 2652 2834 2719 Persarum,
2872 2654 3125 2708 venimus
3158 2655 3219 2708 in
3266 2672 3529 2727 campum

1934 2736 2271 2803 mirabilem,
2288 2738 2385 2807 qui
2413 2738 2619 2792 dicitur
2638 2740 2817 2805 Assia,
2844 2739 2938 2793 ubi
2960 2748 3189 2796 sanctus
3215 2744 3528 2799 Mercurius

255 2845 379 2882 cens
409 2847 421 2881 :
449 2829 652 2889 Amen,
678 2833 733 2881 et
752 2828 807 2881 in
828 2828 1233 2898 sempiternum
1253 2843 1438 2880 amen.
1464 2828 1528 2880 In
1548 2826 1853 2897 ipsaigitur
1932 2824 2210 2879 interfecit
2229 2832 2543 2897 apostatam
2564 2828 2871 2893 lulianum,
2896 2836 2952 2883 et
2972 2830 3210 2900 ingressi
3241 2832 3425 2887 denuo
3439 2850 3527 2888 su-

257 2918 393 2972 hora
432 2934 694 2987 egressus
724 2934 760 2970 a
786 2918 1052 2989 spelunca
1098 2917 1371 2981 Salvator,
1423 2914 1726 2969 scandebat
1777 2915 1847 2968 ad
1876 2987 1908 2992 _
1932 2931 2058 2967 mus
2088 2915 2369 2969 civitatem
2399 2917 2757 2983 Kitissefodo,
2782 2918 2840 2971 in
2864 2935 2976 2987 qua
2997 2920 3283 2989 pueritres
3302 2922 3525 2992 requie-

255 3008 481 3073 zethera,
524 3011 584 3060 et
623 3023 749 3060 ecce
797 2987 1061 3060 continuo
1094 3005 1338 3058 maxima
1383 3003 1529 3075 ignis
1566 3005 1845 3071 columna,
1867 2987 1910 3046 ο
1932 3010 2111 3070 scunt,
2147 3022 2258 3059 non
2288 3005 2452 3075 longe
2482 3023 2517 3059 a
2536 3006 2838 3077 Babylone.
2872 3009 3008 3062 Post
3032 3010 3147 3064 haec
3176 3012 3388 3081 Tigrim
3416 3014 3526 3067 ﬂu-

255 3097 409 3167 quasi
441 3096 621 3151 nubes
637 3095 1085 3161 valida,intravit
1105 3095 1525 3166 speluncam,et
1544 3093 1689 3147 facta
1717 3098 1851 3146 sunt
1933 3108 2064 3145 men
2093 3098 2572 3163 pertranseuntes,
2620 3096 3034 3166 quintodecimo
3072 3098 3162 3153 die
3190 3099 3525 3155 intravimus

256 3187 522 3255 tonitrua,
556 3191 614 3239 et
642 3186 929 3238 immensae
957 3183 1389 3247 coruscationes,
1424 3186 1481 3235 et
1510 3182 1701 3236 omnia
1727 3182 1850 3235 coeli
1931 3182 2259 3247 Jerusalem,
2278 3189 2334 3237 et
2352 3184 2421 3238 ad
2444 3185 2762 3255 sepulcrum
2782 3186 3003 3239 Domini
3021 3189 3200 3241 nostri
3218 3189 3245 3242 J
3252 3205 3351 3242 esu
3369 3189 3527 3244 Chri-

254 3274 499 3329 volatilia
547 3274 856 3328 secundum
894 3272 1149 3344 proprias
1190 3272 1374 3326 audivi
1422 3288 1583 3325 voces
1625 3287 1845 3339 canere,
1932 3271 2022 3336 sti,
2056 3288 2155 3341 per
2176 3278 2376 3326 cuncta
2404 3274 2526 3326 loca
2551 3279 2743 3327 sancta
2772 3280 3095 3328 sanctorum
3124 3282 3369 3344 orantes,
3390 3295 3524 3347 gra-

256 3364 491 3417 dicentia
516 3382 528 3416 :
552 3363 810 3427 Sanctus,
838 3368 1083 3428 sanctus,
1108 3367 1351 3427 sanctus,
1372 3361 1646 3415 Dominus
1676 3361 1843 3414 Deus.

257 3452 360 3521 Ego
390 3453 588 3523 itaque
612 3453 748 3506 dum
776 3453 893 3506 haec
916 3467 1220 3517 cernerem,
1264 3450 1543 3519 simulque
1570 3450 1843 3515 audirem,

256 3548 478 3613 propter
505 3541 738 3595 visionis
777 3539 1219 3610 magnitudinem
1250 3539 1482 3593 territus
1510 3539 1668 3592 valde
1698 3554 1842 3601 sum,

256 3636 305 3683 et
328 3631 385 3683 in
417 3630 629 3684 exstasi
666 3635 879 3700 raptus,
912 3628 1082 3682 cecidi
1111 3628 1169 3681 in
1204 3633 1436 3694 terram,
1484 3633 1541 3680 et
1573 3633 1697 3681 octo
1725 3626 1844 3681 dies

254 3717 373 3773 inde
390 3718 702 3791 permansi,
735 3724 870 3772 tunc
890 3734 1133 3789 namque
1164 3716 1410 3770 intellexi
1437 3716 1566 3786 quia
1591 3716 1846 3770 Salvator

256 3809 442 3861 mundi
471 3808 730 3861 Christus
755 3807 1028 3861 Dominus
1056 3806 1199 3859 hanc
1216 3806 1501 3876 ingressus
1522 3805 1844 3876 speluncam

258 3896 613 3962 benedixerit,
622 3896 887 3966 illamque
906 3894 1353 3949 sanctificaverit.
1382 3895 1538 3947 Tunc
1558 3911 1660 3963 ego
1673 3894 1846 3947 intro-

254 4002 470 4055 gressus
500 3985 563 4039 in
592 4001 854 4056 eam,pro
871 3983 1192 4055 ignorantia
1212 3984 1449 4061 propria
1468 4000 1531 4037 ac
1559 3983 1843 4052 negligen-

253 4074 344 4139 tia,
377 4075 520 4145 εωρὶ
551 4073 893 4141 satisfacere,
921 4073 1244 4127 collaudans
1264 4079 1321 4127 et
1344 4073 1664 4142 gloriﬁcans
1686 4072 1843 4125 Chri-

255 4170 394 4217 stum
418 4164 767 4218 Salvatorem
792 4180 858 4217 ac
879 4163 1312 4233 Redemptorem
1333 4167 1608 4227 nostrum,
1626 4167 1842 4216 ctcrea—

252 4256 425 4306 torem
453 4252 729 4317 omnium,
747 4252 841 4322 qui
870 4256 1031 4305 tanta
1058 4268 1146 4305 me
1177 4251 1447 4306 sustinuit
1475 4251 1766 4322 patientia,
1785 4256 1842 4306 et

1929 3360 2137 3414 tiarum
2151 3362 2398 3415 actiones
2419 3362 2641 3416 Christo
2661 3363 2933 3417 Salvatori
2952 3364 3206 3418 omnium
3226 3365 3522 3422 libavimus

1930 3448 2024 3518 qui
2047 3465 2147 3502 nos
2177 3467 2279 3503 sua
2306 3451 2492 3520 gratia
2520 3449 2829 3505 incolumes
2859 3453 3098 3506 servavit
3126 3459 3322 3508 euntes
3351 3461 3411 3509 et
3436 3473 3522 3510 re-

1928 3537 2183 3590 deuntes.
2202 3539 2336 3592 Inde
2358 3539 2532 3608 igitur
2550 3540 2780 3609 egressi,
2802 3541 2974 3595 veloci
2996 3558 3162 3596 cursu
3178 3543 3249 3596 ad
3263 3550 3520 3601 nostrum

1924 3626 2278 3696 pervenimus
2305 3628 2709 3681 monasterium
2733 3648 2745 3695 ;
2770 3635 2828 3682 et
2842 3636 3095 3684 nostrum
3114 3632 3515 3702 hegumenum,

1925 3721 1983 3769 et
2008 3716 2208 3769 fratres
2237 3721 2458 3771 nostros
2481 3733 2676 3771 omnes
2705 3718 2763 3771 in
2794 3736 2928 3789 pace
2967 3724 3025 3773 et
3058 3720 3326 3790 sospitate
3354 3739 3517 3793 repe-

1924 3804 2269 3875 rientes,per
2297 3806 2553 3860 ordinem
2584 3824 2705 3877 quze
2728 3807 2968 3862 vidimus
3000 3814 3057 3862 et
3082 3809 3397 3864 audivimus
3409 3811 3516 3865 mi-

1924 3893 2141 3951 rabilia,
2173 3900 2230 3947 et
2258 3894 2671 3949 misericordias
2704 3896 2947 3963 Domini,
2993 3898 3091 3951 sed
3138 3899 3414 3953 et-vitam
3459 3906 3517 3955 et

1924 3983 2404 4037 conversationem
2418 3983 2724 4038 beatissimi
2738 3985 2966 4039 Macarii
2980 3986 3089 4039 illis
3109 3988 3510 4045 enarravimus.

1924 4072 2210 4142 Quotquot
2229 4079 2419 4127 autem
2441 4074 2555 4128 haec
2583 4073 2904 4139 audiebant,
2940 4075 3244 4130 laudabant
3273 4083 3330 4130 et
3346 4078 3515 4147 glori-

1923 4160 2183 4225 ﬁcabant,
2218 4167 2274 4215 et
2314 4162 2585 4232 hymnum
2626 4162 2885 4216 dicebant
2929 4164 3044 4216 Deo
3079 4164 3233 4218 Patri
3262 4166 3514 4237 omnipo-

1922 4250 2080 4315 tenti,
2114 4258 2168 4302 et
2195 4250 2334 4303 Filio
2362 4250 2485 4319 ejus
2516 4250 2826 4319 unigenito,
2860 4251 3098 4305 Domino
3134 4268 3199 4306 ac
3237 4254 3509 4308 Salvatori

253 4341 502 4411 perduxit
538 4341 609 4395 ad
639 4340 1045 4412 paenitentiam,
1077 4346 1136 4393 et
1161 4356 1357 4394 rursus
1380 4340 1554 4394 talem
1583 4341 1720 4393 mihi
1747 4341 1841 4394 de-
1857 4335 2245 4405 Dnostro,nec
2256 4355 2367 4392 non
2388 4343 2445 4391 et
2469 4337 2700 4408 Spiritui
2718 4339 3043 4393 vivificatori
3063 4346 3120 4393 et
3140 4341 3510 4396 illuminatori

252 4430 576 4484 monstravit
622 4429 999 4484 clementiam.
1045 4429 1280 4493 Quando
1317 4435 1507 4483 autem
1546 4429 1669 4484 haec
1710 4435 1836 4483 acta

250 4524 389 4583 sunt,
420 4525 637 4591 septem
666 4519 727 4573 in
756 4520 862 4573 hac
892 4518 1175 4589 spelunca,
1210 4518 1392 4572 aetatis
1415 4535 1545 4572 vero
1597 4519 1835 4589 quadra-

246 4608 395 4677 ginta
420 4625 699 4663 annorum
730 4607 1025 4663 habebam.

316 4697 443 4753 Ecce
472 4714 626 4754 nunc
646 4697 819 4766 vobis,
859 4698 1011 4752 velut
1049 4697 1179 4751 ﬁliis
1208 4697 1571 4765 charissimis,
1606 4715 1831 4753 omnem

1918 4429 2234 4483 animarum
2264 4431 2607 4491 nostrarum,
2638 4427 2733 4497 qui
2769 4428 2953 4482 trinus
2981 4428 3040 4482 in
3067 4429 3339 4499 personis,
3372 4446 3509 4484 una-

1918 4535 2025 4590 que
2054 4517 2271 4572 Deitate
2296 4515 2638 4581 nominatur,
2656 4516 2789 4571 vivit
2816 4523 2873 4571 et
2901 4523 3100 4588 regnat
3127 4518 3332 4589 ubique
3356 4519 3507 4575 Deus

1914 4607 2238 4663 benedictus
2266 4611 2323 4660 et
2348 4605 2669 4673 laudabilis,
2703 4623 2853 4661 nunc
2882 4612 2939 4661 et
2984 4624 3223 4679 semper,
3266 4625 3367 4680 per
3396 4611 3507 4663 im-

1913 4697 2176 4752 mortalia
2202 4697 2406 4752 saecula
2424 4696 2778 4763 saeculorum,
2809 4698 3013 4751 Amen.

1493 4814 1874 4870 ROSWEYDI
1911 4813 2249 4871 ΝΟΤΑΤΙΟ.

314 4914 383 4980 (l)
406 4915 645 4970 Macarii
671 4915 952 4985 Romani]
971 4914 1142 4968 Nulla
1162 4914 1331 4983 hujus
1359 4913 1569 4967 mentio
1591 4914 1649 4985 in
1681 4916 1826 4969 Mar-

243 4986 504 5056 tyrologio
524 4988 799 5041 Romano.
816 4983 1189 5055 Menologium
1209 4985 1548 5049 Graecorum,
1573 4983 1641 5041 23
1665 4985 1826 5056 Octo:

244 5051 351 5126 bris
381 5075 392 5109 :
417 5051 685 5124 E,Eodem
718 5051 1293 5126 diejcomme'moratio
1325 5057 1382 5109 S.
1406 5056 1467 5109 P.
1494 5057 1564 5109 N.
1598 5055 1825 5109 Macarii

244 5124 483 5181 Romani.
519 5149 546 5181 »
578 5130 794 5183 Menzea
812 5124 944 5181 fuse
973 5128 1170 5181 eodem
1199 5127 1289 5180 die
1318 5128 1459 5180 Acta
1487 5128 1609 5196 ejus
1638 5127 1821 5197 expri-

241 5204 410 5271 munt,
455 5216 578 5271 quae
615 5216 745 5253 cum
782 5199 869 5253 his
915 5199 1122 5271 nostris
1174 5199 1337 5271 plane
1367 5198 1721 5271 conveniunt.
1752 5199 1817 5252 In

241 5266 448 5324 Henzeis
462 5266 654 5325 tamen
667 5270 1047 5341 peregrinatio
1068 5276 1124 5323 et
1152 5266 1419 5323 itinerum
1434 5268 1815 5335 difficultates,

238 5354 374 5413 quas
387 5346 497 5395 tres
516 5342 942 5413 peregrinantes
962 5341 1104 5396 Vitae
1117 5341 1284 5413 hujus
1299 5345 1555 5413 auctores
1570 5341 1813 5413 subiere,

240 5409 584 5467 omittuntur.
610 5409 851 5469 Unicum
871 5413 1013 5467 Vitae
1030 5409 1206 5482 hujus
1223 5412 1326 5465 Ms.
1344 5411 1627 5481 exemplar
1650 5411 1818 5465 habui

238 5494 302 5533 ex
333 5481 547 5539 abbatis
565 5484 948 5551 Einhamensi,
972 5481 1295 5539 charactere
1319 5482 1484 5553 plane
1514 5483 1743 5537 recenti.

466 5584 733 5649 PATROL.
779 5584 1056 5647 LXXIII.

1980 4914 2251 4968 Baronius
2275 4914 2332 4967 in
2353 4911 2746 4983 Martyrologio
2770 4913 3043 4978 Romano,
3063 4911 3135 4967 ad
3153 4912 3302 4968 diem
3331 4913 3389 4972 11
3413 4918 3504 4971 Jac

1908 4985 2114 5049 nuarii,
2145 4985 2424 5038 existimat
2444 4984 2511 5056 de
2533 4985 2637 5056 hoc
2648 4983 2889 5037 Macario
2911 4985 3164 5038 Romano
3189 5002 3356 5056 agere
3381 4988 3504 5043 Pal-

1908 5057 2139 5120 ladium,
2173 5056 2308 5109 dum
2336 5071 2456 5124 cap.
2499 5053 2595 5111 123
2623 5060 2917 5108 enumerat
2949 5072 3044 5109 eos
3084 5056 3180 5125 qui
3209 5053 3280 5110 ad
3318 5057 3502 5114 Pinia-

1908 5144 2043 5181 num
2073 5126 2339 5179 maritum
2366 5141 2547 5197 parva}
2570 5125 2834 5197 Melania),
2855 5143 2977 5196 quae
3006 5143 3155 5181 nunc
3183 5127 3241 5180 in
3274 5128 3496 5197 Siciliae,

1903 5215 2051 5253 nunc
2080 5198 2138 5251 in
2168 5195 2484 5266 Campaniae
2515 5196 2666 5264 agris
2693 5195 3071 5264 exercebatur,
3103 5195 3493 5254 accesserunt:

1905 5288 1931 5321 α
1966 5268 2257 5348 Similiter,
2284 5266 2680 5348 inquit,_etiam
2702 5267 3188 5348 quidamnomine
3218 5270 3497 5348 Macarius

1902 5357 1965 5392 ex
1995 5339 2219 5392 vicaria.
2255 5358 2279 5389 ››
2305 5337 2576 5410 Baronius
2607 5337 2697 5391 hic
2725 5337 2988 5410 intelligit
3017 5340 3282 5394 vicariam
3306 5340 3498 5409 praefe-

1901 5417 2141 5474 cturam,
2176 5414 2342 5474 recte,
2374 5409 2523 5479 quod
2553 5425 2619 5464 ex
2658 5425 2727 5463 ea
2757 5409 3125 5466 monasticam
3167 5411 3340 5466 vitam
3367 5427 3490 5463 am-

1902 5482 2095 5553 plexus
2119 5480 2217 5539 sit.

3180 5582 3253 5643 14
