3876 6190
195 422 3461 458 ἦ,

1746 440 3460 458 ,,*___________

530 554 970 717 VITA
1081 556 1659 721 BEATI
1764 558 2879 731 POSTHUMII
2973 665 3099 731 (n.-

688 666 825 715 ι..ι.
864 666 970 717 [1
1081 666 1454 721 una
1498 666 1659 719 ,ιι
1768 666 2879 767 ιὐοιιιυυιιι
2973 666 3108 760 (1),-

688 798 1080 895 PATRIS
1128 814 1603 918 QUINQUE
1656 808 2128 904 MILLIUM
2175 824 2954 922 MONACHOBUM,

1451 999 1787 1070 iussero
1830 994 2222 1073 AUCTORE.

1465 1270 2163 1464 mruiogue.

248 1522 527 1597 Quoniam
559 1526 837 1590 desiderio
865 1526 1195 1591 desiderasti
1221 1542 1443 1609 Semper
1466 1532 1661 1594 audire
1684 1546 1806 1612 quae
1835 1540 2028 1598 sancta
2057 1548 2220 1608 'sunt;
2247 1546 2303 1598 et
2322 1556 2442 1611 nos,
2466 1554 2537 1598 ne
2565 1547 2787 1600 silentio
2806 1551 3062 1619 tempora
3082 1552 3453 1623 pemgantur,

184 1642 365 1679 curare
403 1626 677 1681 debemus
712 1645 722 1679 :
758 1628 961 1682 idcirco
1001 1630 1069 1683 de
1116 1630 1375 1702 operibus
1418 1622 1641 1687 Domini
1690 1636 1876 1689 tacere
1916 1638 2030 1686 non
2077 1642 2392 1704 possumus,
2430 1650 2552 1704 qum
2589 1636 2647 1688 in
2695 1637 2867 1689 servis
2920 1634 3035 1691 suis
3065 1622 3451 1697 indesinenter

182 1705 435 1769 ostendit.
460 1704 535 1769 At
558 1717 824 1787 pri'mum‘,
850 1714 920 1771 ‘de
948 1716 1141 1773 sancto
1162 1716 1489 1775 PosthUmio
1508 1718 1607 1775 Dei
1638 1732 1796 1777 servo
1817 1720 2123 1790 sciendum,
2150 1739 2258 1793 quo
2288 1722 2482 1777 ordine
2513 1730 2643 1777 eum
2670 1724 2941 1780 Dominus
2969 1728 3039 1781 ad
3066 1738 3226 1783 suam
3250 1736 3448 1786 vocare

182 1796 437 1872 dignatus
467 1806 554 1858 est
580 1802 842 1875 gratiam,
874 1800 1019 1861 sicut
1056 1806 1418 1864 referenti'um
1453 1808 1685 1881 jactavit
1734 1813 1932 1877 oratio,
1978 1808 2073 1882 qui
2113 1812 2489 1865 cdnversionis
2530 1810 2651 1882 ejus
2698 1815 2953 1869 Ordinem
2990 1814 3286 1873 noverunt.
3318 1820 3449 1875 Haec

181 1898 361 1947 vestrae
394 1888 686 1947 dilectioni
717 1894 939 1966 Scriptis
967 1896 1230 1951 intimare
1259 1899 1464 1965 curavi,
1499 1902 1779 1970 quomodo
1808 1908 1910 1972 per
1940 1900 2177 1955 iustirns
2207 1898 2479 1955 Dominus
2507 1902 2861 1958 credentibus
2890 1892 2949 1958 in
2975 1912 3035 1959 se
3070 1898 3450 1963 manifestavit

180 1982 319 2051 regni
341 1982 435 2036 sui
466 1982 819 2054 mysterium.

233 2388 377 2447 III
390 2391 586 2445 CAPUT
596 2403 903 2445 Paixuu.—
917 2389 1052 2445 Erat
1062 2391 1422 2445 Posthumius
1435 2370 1764 2460 Mempheus
1776 2393 1826 2450 Α
1849 2390 2036 2445 ﬁcavit
2052 2392 2354 2447 Dominum
2374 2394 2554 2450 valde.
2573 2394 2717 2449 Vere
2732 2404 2920 2451 autem
2940 2399 3279 2454 credidimus
3298 2400 3358 2455 in
3380 2417 3446 2455 eo

178 2480 385 2549 genere,
417 2479 651 2550 gentilis
674 2483 862 2542 natus,
888 2480 957 2532 ab
987 2479 1222 2533 infantia
1236 2479 1767 2549 innocens,ignarus
1849 2479 2144 2549 impletum
2175 2481 2315 2536 illud
2342 2484 2631 2554 propheta:
2657 2485 2957 2540 Ezechielis
2982 2486 3198 2555 (Ezccli.
3222 2490 3327 2557 III),
3356 2490 3441 2543 vel

176 2569 503 2633 litterarum,
529 2568 676 2623 etab
696 2568 849 2625 omni
876 2568 1078 2639 peritia
1103 2569 1324 2622 alienus
1344 2569 1763 2639 Egyptiorum,
1848 2568 2080 2622 Joannis
2116 2571 2353 2640 apostoli
2383 2572 2563 2640 (Apoc.
2597 2578 2669 2637 xi,
2702 2574 2797 2644 qui
2841 2574 3047 2629 librum
3083 2578 3151 2630 de
3181 2577 3441 2633 manibus

179 2657 236 2709 ab
279 2662 483 2712 eorum
530 2658 831 2727 gentilium
883 2657 1131 2711 delubris
1174 2672 1399 2729 semper
1444 2663 1761 2711 extraneas.
1848 2658 2175 2726 angelorum
2232 2660 2586 2731 accipientes,
2637 2664 3003 2718 comederunt
3045 2672 3102 2719 et
3148 2666 3442 2739 adimpleti

178 2746 367 2801 Fuerat
382 2747 625 2801 uestium
641 2745 1032 2817 spatarius(2),
1048 2756 1338 2817 nunquam
1359 2764 1419 2800 se
1448 2746 1765 2800 adolescen-
1845 2751 1978 2798 sunt
2003 2746 2282 2817 sapientia
2306 2748 2377 2802 ad
2402 2750 2872 2819 prophetandum.

178 2836 299 2889 tium
323 2835 599 2906 gregibus
630 2834 999 2900 commiscuit,
1020 2852 1123 2889 nec
1139 2835 1345 2906 publici
1382 2844 1517 2889 Usus
1546 2834 1762 2889 fabulas

176 2922 466 2995 aliquando
494 2924 770 2993 cognovit,
800 2941 899 2995 pes
936 2926 1059 2995 ejus
1086 2924 1157 2978 ad
1185 2924 1506 2978 saltandum
1538 2939 1651 2978 non
1677 2930 1764 2977 est

176 3020 493 3069 commotus.
531 3015 597 3069 In
615 3016 732 3068 vita
757 3030 861 3068 sua
888 3020 1179 3085 nunquam
1207 3014 1276 3067 de
1301 3029 1397 3067 ore
1428 3014 1552 3081 ejus
1580 3013 1761 3083 turpis

176 3116 343 3156 sermo
357 3104 652 3173 processit,
674 3118 857 3173 neque
872 3102 1110 3156 avaritia
1126 3102 1185 3155 in
1207 3118 1302 3156 cor
1317 3102 1438 3171 ejus
1459 3101 1760 3171 aliquando

177 3192 433 3246 ascendit.
457 3192 543 3246 Ad
572 3191 842 3245 feminam
873 3192 1062 3245 oculos
1082 3198 1232 3255 suus,
1253 3207 1381 3246 cum
1410 3191 1592 3244 adhuc
1612 3196 1761 3243 esset

175 3278 223 3332 in
258 3280 479 3344 saeculo;
515 3296 631 3334 non
668 3280 906 3346 levavit;
939 3279 1292 3333 mendacium
1342 3278 1494 3332 omni
1550 3278 1758 3332 virtute

174 3366 384 3437 vitavit;
418 3368 762 3423 discordiam
790 3369 877 3422 vel
918 3368 1111 3422 odium
1140 3369 1406 3421 adversus
1442 3368 1758 3439 proximum

175 3458 536 3528 summeque
551 3464 750 3511 contra
763 3462 1110 3521 ektraneum,
1133 3461 1393 3522 noverat;
1409 3455 1760 3511 custodiebat

175 3560 352 3612 pacem
369 3546 432 3600 in
458 3547 652 3601 animo
672 3554 773 3601 suo
796 3563 897 3617 per
917 3562 1082 3601 omne
1099 3552 1341 3616 tempus.

1916 2835 2048 2889 CAP.
2082 2836 2161 2890 III
2177 2880 2187 2891 .
2203 2866 2261 2875 —
2277 2837 2419 2891 Item
2438 2840 2670 2907 angelus
2684 2840 2904 2895 Domini
2914 2842 3104 2913 tetigit
3123 2842 3270 2897 labia
3288 2844 3444 2898 Post-

1844 2923 2042 2976 humii.
2074 2925 2145 2978 Et
2170 2925 2405 2995 depulsa
2432 2928 2828 2995 amaritudine,
2862 2930 3054 3000 lingua
3073 2932 3199 3001 ejus
3227 2931 3296 2985 de
3323 2932 3441 2986 Deo

1841 3011 2179 3083 loquebatur
2232 3013 2501 3084 ingentia.
2549 3016 2810 3088 Dixitque
2867 3018 2939 3072 ad
2982 3036 3113 3073 eum
3155 3021 3436 3090 angelus:

1844 3100 2157 3167 Posthumi,
2196 3103 2307 3173 ﬁge
2334 3119 2521 3173 genua
2549 3109 2648 3158 tua
2676 3105 2736 3159 in
2764 3111 2936 3172 terra,
2968 3114 3026 3161 et
3052 3108 3251 3162 faciem
3281 3114 3440 3183 tuam

1841 3189 1911 3243 ad
1941 3189 2249 3256 Orientem,
2284 3197 2342 3245 et
2367 3197 2502 3247 tunc
2522 3182 2861 3249 dabiturtibi
2889 3213 2924 3249 a
2944 3196 3059 3250 Deo
3080 3182 3440 3269 quemadmo-

1840 3277 1975 3331 dum
1991 3278 2170 3349 possis
2181 3296 2362 3334 orare.
2388 3281 2455 3334 Et
2472 3280 2660 3352 posuit
2673 3282 3035 3337 Posthumius
3052 3301 3239 3353 genua
3259 3300 3363 3339 sua
3376 3284 3438 3339 in

1838 3372 2069 3434 terram,
2095 3368 2294 3422 faciem
2316 3385 2539 3440 quoque
2561 3370 2732 3424 etiam
2756 3372 2828 3425 ad
2848 3372 3155 3440 Orientem,
3176 3378 3234 3428 et
3253 3373 3439 3427 infusa

1841 3461 1926 3510 est
1960 3457 2012 3510 ei
2042 3456 2242 3523 oratio,
2270 3463 2328 3512 et
2370 3458 2452 3512 ait
2481 3476 2493 3511 :
2527 3459 2865 3514 Bcnalicam
2894 3466 2970 3527 te,
3001 3462 3240 3516 Domine
3286 3462 3437 3516 Deus

1840 3545 2214 3615 omnipotens,
2240 3563 2336 3601 rex
2351 3547 2612 3613 caelestis,
2632 3548 2728 3619 qui
2747 3549 3136 3619 ignorantibus
3151 3557 3208 3605 te
3231 3567 3435 3606 nomen

232 3636 362 3692 Car.
381 3636 678 3690 II.-Cum
692 3652 824 3708 ergo
841 3636 956 3690 haec
971 3635 1042 3689 ab
1064 3652 1128 3689 eo
1146 3641 1498 3705 gererentur,
1514 3640 1572 3688 et
1587 3650 1757 3689 anno-
1838 3638 2000 3688 tuum
2021 3635 2370 3690 innotescere
2382 3642 2565 3702 234
2584 3636 2844 3708 facis,per
2855 3637 3162 3693 Dominum
3178 3646 3436 3694 nostrum

175 3736 283 3776 rum
304 3728 457 3778 esset
468 3724 704 3794 triginta
723 3730 957 3795 septem,
973 3723 1182 3795 placuit
1192 3724 1306 3778 Deo
1319 3723 1673 3794 eripereeum
1688 3723 1758 3777 de
1780 3708 1819 3770 Β
1837 3723 2030 3777 Jesum
2047 3724 2333 3779 Christum
2354 3725 2555 3780 Filium
2577 3731 2758 3793 tuum,
2777 3744 2984 3782 nomen
3003 3734 3165 3783 tuum
3185 3728 3434 3785 efﬁciens

174 3814 517 3884 corruptione
536 3820 914 3884 peccatorum,
945 3821 1003 3867 et
1027 3814 1097 3867 ad
1125 3813 1601 3884 incorruptionem
1631 3812 1757 3867 vitae

173 3904 378 3956 etiam
414 3910 668 3956 Evocare.
700 3902 860 3956 Unde
888 3902 1067 3957 fertur
1092 3902 1355 3956 introisse
1383 3903 1454 3955 ad
1493 3919 1620 3955 eum
1652 3918 1757 3954 an-

172 3990 345 4058 gelum
370 3991 620 4059 Domini,
647 3992 869 4062 quando
884 3992 1005 4063 ipse
1022 3992 1263 4062 plectam
1282 3992 1337 4059 (3
1344 4004 1357 4059 )
1375 3991 1444 4044 de
1464 3996 1623 4061 spato
1643 3991 1756 4061 ple-

171 4078 360 4134 ctebat.
397 4080 610 4151 Aitque
648 4082 717 4134 ad
747 4096 877 4135 eum
906 4082 1138 4150 angelus
1168 4097 1183 4131 τ
1218 4080 1530 4134 Posthumi.
1562 4082 1637 4134 At
1662 4081 1755 4134 ille

173 4167 241 4221 ait
272 4188 286 4221 :
320 4170 469 4233 Quid
499 4170 623 4224 est?
654 4168 722 4224 Et
754 4169 896 4224 dixit
939 4170 1010 4224 ad
1058 4186 1189 4223 eum
1224 4170 1456 4239 angelus
1486 4169 1709 4223 Domini
1737 4184 1750 4215 ε

171 4252 305 4318 Quid
335 4264 422 4312 est
442 4258 503 4311 in
524 4272 696 4312 manu
714 4264 814 4313 tua
830 4258 858 4311 ?
882 4259 982 4312 Ille
1012 4258 1122 4312 ait:
1146 4258 1319 4312 Funis
1340 4258 1659 4329 plectacius.
1687 4258 1756 4311 Et

170 4344 298 4399 dixit
323 4344 395 4401 ad
424 4358 557 4401 eum
577 4347 810 4418 angelus
830 4347 1054 4402 Domini
1081 4366 1092 4399 :
1123 4348 1300 4401 Deum
1327 4347 1622 4411 excelsum,
1658 4347 1753 4417 qui

172 4430 377 4489 habitat
402 4436 465 4490 in
494 4437 655 4503 οωιυ,
679 4437 827 4491 nosti
848 4436 872 4489 ?
892 4435 1254 4490 Posthumius
1291 4436 1434 4489 dixit
1458 4455 1469 4490 :
1494 4436 1748 4501 Domine,

172 4524 343 4577 nescio
378 4525 430 4579 si
458 4531 548 4579 est
574 4526 724 4579 Deus
762 4526 821 4579 in
856 4525 1029 4590 cado;
1059 4541 1188 4579 sum
1225 4525 1375 4579 enim
1404 4526 1664 4589 rusticus,
1699 4530 1755 4579 et

172 4612 314 4666 nulla
332 4619 417 4667 est
435 4614 576 4668 mihi
589 4612 885 4685 sapientia.
907 4614 1030 4667 Arti
1052 4624 1191 4668 mea:
1216 4614 1458 4668 inservio
1484 4613 1553 4667 ab
1576 4614 1755 4668 infan-

170 4700 241 4753 tia
268 4710 412 4770 mea,
447 4709 505 4757 et
534 4700 677 4757 nihil
696 4701 767 4756 ab
796 4702 1028 4757 urbanis
1049 4702 1369 4757 hominibus
1399 4702 1584 4756 audivi
1605 4703 1752 4773 quod

170 4788 448 4857 discerem,
477 4785 578 4846 sed
608 4798 669 4846 et
695 4791 980 4863 publicum
1017 4807 1240 4862 semper
1276 4791 1395 4861 fugi
1440 4807 1748 4848 accessum.

168 4877 307 4933 Dixit
331 4881 400 4934 ad
430 4898 560 4935 eum
586 4882 860 4951 angelus:
884 4882 997 4935 Ora
1015 4882 1215 4947 Deum,
1234 4886 1291 4935 et
1301 4880 1528 4936 dabitur
1545 4881 1648 4935 tibi
1668 4899 1752 4935 sa-

168 4966 367 5035 pientia
395 4975 454 5024 et
476 4970 818 5025 intellectus.
840 4970 1204 5025 Posthumius
1226 4970 1373 5024 dixit
1396 4990 1407 5023 :
1429 4971 1606 5024 Deum
1636 4988 1748 5025 non

1838 3812 2287 3878 manifestummt
2300 3815 2568 3885 populum
2589 3815 2689 3868 tibi
2704 3823 3070 3886 congregaret
3090 3835 3156 3871 ex
3173 3816 3433 3873 omnibus

1835 3900 2097 3970 gentibus
2114 3902 2458 3973 adoptivum.
2488 3905 2631 3958 Nam
2661 3906 2848 3958 volens
2868 3906 3077 3960 mundo
3108 3922 3434 3961 succurrere

1839 3988 2029 4043 labore
2067 3989 2364 4055 laboranti,
2396 3998 2625 4063 propter
2649 3994 2875 4063 generis
2904 3994 3136 4049 humani
3165 3996 3427 4063 salutem,

1838 4078 2003 4131 unico
2032 4078 2171 4132 Filio
2184 4096 2294 4133 non
2312 4081 2626 4151 pepercisti.
2662 4083 2771 4135 Per
2794 4100 2922 4136 eum
2944 4101 3076 4154 ergo
3091 4090 3147 4137 te
3180 4084 3428 4152 obsecro,

1839 4172 1895 4219 et
1922 4172 2080 4220 tuam
2112 4169 2574 4234 misericordiam,
2604 4175 2669 4223 ut
2695 4171 2834 4224 mihi
2855 4188 2997 4226 caeco
3018 4189 3214 4227 verum
3237 4174 3431 4228 lumen

1838 4254 1897 4308 in
1927 4255 2174 4310 tenebris
2202 4258 2505 4312 constituto
2543 4258 2823 4313 ostendas.
2855 4261 2939 4313 Tu
2968 4261 3138 4325 enim,
3169 4261 3427 4328 Domine,

1836 4340 1983 4398 nosti
2004 4345 2136 4415 quia
2153 4346 2368 4399 nullum
2401 4340 2639 4399 sciebam
2663 4346 2892 4400 omnino
2914 4363 3249 4414 sermonem,
3276 4354 3334 4401 et
3347 4348 3428 4402 di-

1833 4438 2038 4502 gnatus
2054 4451 2114 4487 es
2139 4434 2350 4488 donare
2374 4434 2522 4505 quod
2536 4434 2797 4504 loquerer
2818 4435 2889 4489 ad
2902 4440 2977 4502 te,
3002 4442 3059 4489 et
3077 4435 3318 4490 docuisti
3338 4453 3428 4491 me

1837 4522 2039 4592 quibus
2066 4529 2123 4576 te
2151 4540 2436 4594 rogarem.
2475 4525 2553 4578 Ex
2584 4541 2675 4579 me
2703 4525 2825 4596 ipso
2862 4542 3152 4596 cognosco,
3190 4526 3428 4582 Domine

1834 4611 1985 4665 Deus
2030 4628 2209 4678 meus,
2250 4613 2382 4683 quia
2411 4630 2539 4668 vere
2568 4615 2696 4669 caeci
2743 4614 2951 4681 vident,
2984 4614 3137 4669 surdi
3167 4615 3420 4681 audiunt,

1836 4706 2120 4755 mutorum
2149 4701 2357 4772 lingua:
2384 4703 2693 4769 solvuntur,
2708 4700 2889 4757 claudi
2920 4702 3427 4775 ambulant,lepro-

1833 4806 1880 4841 ει
1938 4791 2303 4857 mandantur,
2335 4809 2610 4863 pauperes
2653 4792 3124 4862 evangelizantur,
3168 4798 3425 4863 peccato-

1832 4896 1923 4932 res
1950 4885 2220 4934 vocantur
2248 4880 2457 4954 (Matth.
2508 4884 2605 4950 χι).
2638 4880 2774 4945 Quis
2803 4897 2960 4934 eram
3002 4897 3130 4951 ego,
3162 4882 3294 4952 quia
3333 4898 3424 4936 re-

1832 4968 2093 5022 cordatus
2120 4986 2180 5023 es
2209 4969 2318 5021 mei
2338 4970 2441 5024 ?ln
2472 4986 2581 5040 quo
2604 4970 2867 5040 przevalet
2885 4971 3034 5041 apud
3060 4977 3119 5026 te
3137 4968 3425 5043 pusillani-

164 5058 284 5111 novi
310 5070 491 5127 Orare,
522 5060 711 5114 nescio
731 5060 884 5113 enim
912 5059 1046 5130 quid
1074 5059 1276 5114 dicam.
1314 5060 1383 5113 Et
1410 5059 1625 5130 accepit
1654 5076 1749 5114 an-
1768 5070 1812 5129 C
1832 5057 1996 5111 initas
2026 5074 2170 5123 mea,
2201 5058 2332 5128 quia
2352 5058 2635 5127 requisisti
2664 5058 2792 5113 me?
2822 5059 3006 5124 Quare
3025 5077 3174 5115 nunc
3202 5067 3331 5133 peto
3359 5071 3423 5116 ut

161 5146 313 5214 gelu:
336 5148 526 5203 lolium
557 5149 721 5214 lauri,
742 5155 800 5202 et
827 5148 1051 5220 scripsit
1072 5148 1131 5203 in
1156 5165 1223 5204 eo
1256 5147 1426 5202 verba
1455 5148 1742 5215 orationis,

160 5239 216 5287 et
238 5235 392 5290 dedit
414 5238 554 5293 illud
579 5237 928 5304 Posthumio,
952 5238 1145 5293 dicens
1168 5256 1180 5291 ι
1208 5238 1469 5293 Manduca
1500 5238 1656 5304 illud,
1691 5245 1749 5293 et

160 5323 262 5377 erit
286 5337 545 5381 amorum
574 5327 632 5382 in
650 5343 747 5381 ore
776 5333 874 5381 tuo
902 5326 1047 5382 sicut
1075 5327 1165 5393 fel,
1190 5332 1553 5397 ventremque
1585 5332 1744 5380 tuum

160 5410 405 5483 implebit
421 5415 901 5471 obsecrationibus
919 5416 1225 5487 sapientiae,
1256 5421 1311 5469 et
1336 5415 1494 5469 dabit
1515 5415 1617 5469 tibi
1640 5415 1746 5469 for-

161 5511 305 5555 mam
329 5505 596 5560 orationis
624 5511 685 5560 et
703 5522 854 5561 sanie
873 5505 1158 5561 doctrinae.
1180 5505 1250 5559 Et
1272 5503 1550 5574 accipiens
1581 5505 1743 5558 Post-

161 5585 400 5653 11mm
413 5594 771 5649 manducavit
793 5612 806 5647 :
834 5599 892 5649 et
907 5593 1115 5649 factum
1135 5598 1222 5647 est
1242 5610 1304 5647 os
1315 5594 1437 5662 ejus
1463 5608 1740 5646 amarum.

159 5676 332 5736 Porro
356 5688 550 5740 venter
575 5685 700 5756 ejus
728 5683 1024 5743 dulcedine
1044 5682 1310 5754 impletus
1328 5687 1431 5751 est,
1456 5690 1507 5736 et
1523 5681 1745 5752 magni-

1829 5163 1862 5200 a
1882 5146 2139 5201 sordibus
2160 5164 2250 5201 me
2275 5146 2469 5200 abluas
2497 5153 2850 5217 peccatorum
2868 5150 3143 5205 naturalis
3183 5151 3422 5207 miseriae

1829 5252 1986 5302 meae,
2012 5252 2134 5305 quae
2164 5253 2253 5289 me
2272 5236 2438 5306 longo
2463 5241 2712 5307 tempore
2732 5238 2962 5307 pressit;
2986 5240 3238 5294 vivebam
3266 5242 3418 5295 enim

1829 5325 2081 5378 eruditus
2094 5342 2128 5377 a
2149 5324 2476 5395 parentibus
2490 5324 2794 5380 infideliter
2813 5343 2968 5381 more
2984 5328 3278 5398 gentilium
3300 5334 3421 5382 tan-

1830 5430 1999 5483 quam
2027 5413 2207 5467 socius
2231 5414 2638 5483 jumentorum.
2668 5415 2863 5472 Misisti
2890 5422 2954 5470 tu
2987 5418 3128 5472 mihi
3154 5417 3417 5486 angelum

1827 5508 2008 5569 tuum,
2023 5507 2082 5556 et
2099 5502 2422 5572 percussisti
2441 5502 2625 5557 femur
2652 5492 2860 5571 meum,
2884 5506 3264 5576 aperuistique
3278 5504 3417 5558 mihi

1829 5607 2057 5645 saxeum
2071 5596 2283 5661 pectus.
2316 5592 2408 5645 Vae
2432 5592 2639 5646 tacenti
2667 5592 2737 5646 de
2764 5598 2840 5659 te,
2871 5593 3006 5663 quia
3029 5593 3176 5663 ignis
3198 5590 3416 5645 ustione

1830 5679 2143 5735 trucidatur
2169 5680 2229 5735 in
2265 5680 2695 5752 sempiternum.
2728 5682 2869 5737 Ecce
2897 5681 2957 5735 in
2999 5681 3151 5735 brevi
3182 5675 3411 5748 cognOVi
