3876 6190
392 255 492 312 431

1427 251 1519 305 DE
1557 250 1746 306 VITIS
1790 243 2087 303 PATRUM
2124 243 2338 299 LIBER
2373 245 2663 302 PRIMUS.

3570 251 3676 310 43'2

393 378 659 452 quoniam
685 395 798 432 non
828 381 912 431 est
931 375 1201 446 gaudium
1230 375 1418 447 impiis
1437 375 1588 447 apud
1622 380 1698 439 te,
1731 390 1833 428 nec
1859 367 2052 444 pec-A
2068 385 2192 423 cum
2213 370 2354 440 legis
2364 376 2494 437 ture,
2510 371 2604 442 qui
2617 370 2754 424 mihi
2765 371 2824 425 in
2835 387 3002 426 carne
3013 371 3428 442 dominabatur,
3444 375 3672 432 subver-

392 467 682 522 catoribus
700 465 896 520 laetitia
922 470 1051 535 post
1070 463 1282 518 obitum
1313 464 1530 530 veniet;
1563 463 1672 518 nisi
1692 463 1763 516 ad
1784 467 1840 516 te
1869 476 1996 515 con-

2077 462 2230 512 tens:
2250 476 2284 512 a
2303 459 2561 513 sordibus
2576 477 2742 530 aqua,
2763 460 3006 532 Spiritus
3025 463 3202 516 sancti
3223 465 3670 534 regeneratione,

393 561 700 620 vertentur,
733 553 869 608 salvi
903 570 1025 608 esse
1063 569 1175 608 non
1205 559 1456 624 possunt.
1487 553 1556 606 Et
1585 551 1850 623 quoniam
1880 566 1993 604 non
2074 547 2657 618 mundasti.Loquitur
2674 548 2732 603 in
2756 566 2845 603 me
2860 549 3474 624 animarenovata,qure
3501 553 3671 626 longo

386 649 474 698 est
501 643 679 698 visum
696 641 798 696 tibi
825 642 1060 714 perdere
1088 642 1450 708 me,Domine
1471 641 1793 712 redemptor
1809 638 1991 692 humi-

389 731 565 787 litatis
593 748 750 798 meae,
782 731 1016 785 ostende
1043 731 1182 784 mihi
1203 731 1263 784 in
1293 730 1513 797 melius,
1538 734 1604 784 ut
1629 729 1688 783 in
1709 729 1874 800 pleno
1901 743 1988 781 co-

387 837 653 890 gnoscam
689 819 992 874 Dominum
1027 825 1084 873 et
1123 819 1466 874 Salvatorem
1497 819 1710 883 Jesum,
1741 821 1799 870 et
1835 815 1984 887 quod

387 925 502 964 non
521 914 610 963 est
629 909 772 963 alius
792 907 1002 979 absque
1020 914 1096 970 te,
1119 907 1213 978 qui
1237 925 1297 962 es
1326 905 1651 960 benedictus
1669 906 1728 960 in
1757 905 1979 959 saecula.

387 998 518 1053 Haec
543 997 722 1052 oratio
751 997 929 1052 sancti
949 996 1265 1051 Posthumii
1294 996 1497 1067 prima,
1530 1011 1631 1066 per
1654 1010 1822 1066 quam
1852 1010 1980 1048 eum

383 1085 695 1142 introduxit
721 1087 954 1157 angelus
983 1084 1209 1140 Domini
1237 1085 1309 1139 ad
1345 1084 1494 1139 viam
1523 1084 1654 1138 ﬁdei
1685 1083 1980 1155 requiren-

385 1176 538 1230 dam.

454 1264 584 1320 CAP.
615 1263 710 1319 IV.
745 1296 802 1305 -—
831 1264 966 1318 Erat
991 1262 1241 1318 intentus
1269 1279 1334 1318 ex
1361 1263 1467 1316 hoc
1493 1261 1696 1316 beatus
1723 1261 1970 1316 Posthu-

381 1352 548 1419 mius,
577 1352 800 1424 quando
827 1351 899 1406 ad
923 1368 1052 1406 eum
1072 1352 1305 1422 angelus
1323 1351 1546 1406 Domini
1575 1366 1829 1405 remeare
1847 1365 1974 1420 pos-

381 1447 469 1497 set
498 1459 510 1494 :
536 1441 712 1496 fretus
744 1457 811 1495 ex
828 1441 934 1495 hoc
961 1440 1239 1512 sperabat,
1273 1441 1422 1512 quod
1451 1445 1600 1495 esset
1626 1456 1756 1494 eum
1783 1439 1972 1494 Domi-

2072 639 2324 707 tempore
2347 637 2496 691 inter
2507 654 2635 692 oves
2655 639 2902 709 perditas
2918 639 3144 710 jacebat
3167 640 3402 712 abjecta.
3426 643 3670 714 Accepto

2068 724 2230 795 signo
2248 727 2470 782 laetatus
2489 744 2615 782 sum
2633 727 2793 799 quasi
2819 729 3064 783 nominis
3084 730 3274 800 magni
3301 749 3312 783 :
3337 747 3538 785 census
3563 731 3669 784 im-

2067 815 2422 886 peratoris(5)
2449 815 2613 870 militi
2630 816 2798 870 inﬁxo
2819 821 3116 887 reparatur
3135 817 3195 871 in
3212 817 3475 887 gratiam.
3490 818 3667 882 Quasi

2067 907 2258 956 mutus
2287 904 2475 974 accepi
2501 905 2902 976 vocem.Loqui
2931 905 3094 976 cupio
3125 905 3254 960 ﬁliis
3271 906 3402 973 tuis,
3418 911 3476 960 et
3502 907 3666 978 hym-

2065 1005 2201 1044 num
2252 1009 2484 1046 narrare
2539 993 2598 1047 in
2641 993 3006 1061 confessione,
3069 995 3334 1066 quoniam
3373 995 3665 1050 absolvisti

2062 1081 2342 1150 captivum
2379 1081 2736 1152 migrantem.
2768 1082 3030 1146 Quaesisti
3057 1084 3292 1138 stultum
3316 1101 3418 1155 per
3441 1085 3666 1156 sapien-

2057 1167 2215 1236 tiam,
2236 1169 2410 1224 vitam
2439 1171 2678 1237 donasti,
2712 1177 2972 1241 egentem
3000 1171 3214 1239 ditasti,
3247 1178 3534 1228 mortuum
3560 1190 3660 1228 re-

2059 1257 2360 1324 suscitasti,
2393 1259 2557 1330 longe
2585 1259 2833 1331 positum
2859 1260 3310 1332 appropinquare
3339 1267 3449 1317 tuae
3479 1263 3660 1334 maje-

2057 1346 2191 1400 stati
2219 1346 2416 1413 fecisti,
2445 1349 2692 1404 alienum
2721 1365 2756 1402 a
2783 1349 3202 1404 conversatione
3222 1351 3414 1417 Israel,
3438 1351 3662 1406 socium

2057 1439 2378 1490 sanctorum
2396 1441 2626 1492 tuorum
2649 1454 2751 1509 per
2770 1438 2976 1492 Christi
2995 1439 3240 1508 gratiam
3261 1457 3382 1494 esse
3404 1441 3659 1496 voluisti.

379 1547 486 1584 nus
499 1546 722 1602 semper
743 1529 1247 1584 visitaturus.Cum
1267 1534 1455 1583 autem
1473 1528 1635 1600 pauci
1651 1529 1770 1582 dies
1790 1531 2025 1602 trans-_
2051 1523 2183 1578 Ideo
2212 1526 2482 1579 conﬁteor
2513 1525 2634 1592 tibi,
2677 1532 2734 1581 et
2764 1528 3042 1597 psalmum
3073 1527 3256 1582 dicam
3285 1529 3501 1582 nomini
3530 1535 3660 1596 tuo,

377 1619 574 1686 issent,
608 1597 732 1673 ecce
753 1617 1120 1690 Posthumius
1141 1619 1305 1688 juxta
1329 1597 1790 1672 consuetudinem
1810 1633 1970 1671 suam
1985 1597 2034 1658 Β
2055 1629 2184 1699 cum
2205 1629 2296 1667 me
2319 1613 2576 1668 docueris
2603 1615 2892 1682 ordinem;
2921 1617 3160 1686 psallam
3187 1616 3310 1683 tibi,
3343 1624 3402 1672 et
3422 1617 3667 1673 benedi-

375 1707 573 1762 restim
589 1705 890 1778 torquebat
916 1724 983 1761 ex
1005 1707 1196 1776 junco.
1221 1707 1291 1761 Et
1315 1707 1600 1776 ingressus
1618 1706 1851 1776 angelus
1865 1706 1972 1760 Do-

377 1795 519 1850 mini
549 1795 788 1862 adeum,
822 1795 903 1849 ait
927 1811 939 1847 :
965 1795 1099 1860 Ave,
1129 1795 1443 1849 Posthumi.
1467 1795 1782 1865 Statimque
1811 1811 1972 1866 pave-

377 1884 556 1939 factus
575 1883 825 1938 surrexit
851 1883 1232 1938 Posthumius.
1259 1884 1328 1938 Et
1350 1883 1433 1937 ait
1455 1883 1536 1938 illi
1563 1884 1797 1954 angelus
1827 1901 1840 1936 :
1872 1883 1970 1938 Vis

377 1973 582 2027 ducam
611 1977 667 2027 te
695 1973 768 2026 ad
797 1971 979 2026 virum
1009 1972 1354 2054 sacerdotem
1371 1971 1492 2039 Dei,
1518 1972 1615 2043 qui
1642 1978 1698 2026 te
1725 1971 1972 2042 baptizet

375 2060 432 2116 in
462 2061 690 2116 nomine
719 2060 903 2115 Patris
933 2065 990 2114 et
1031 2060 1158 2114 Filii
1186 2066 1244 2115 et
1271 2060 1510 2132 Spiritus
1541 2061 1752 2115 sancti?
1783 2061 1850 2114 Et
1883 2077 1974 2115 re-

376 2149 606 2220 spondit
627 2149 990 2204 Posthumius
1011 2168 1028 2204 :
1049 2149 1288 2204 Domine
1317 2149 1395 2204 mi
1413 2157 1605 2204 sancte
1625 2150 1738 2216 Dei,
1763 2151 1972 2204 hocest

374 2237 518 2292 mihi
539 2237 782 2309 optabile
800 2238 1226 2309 jucundumque
1245 2239 1424 2304 valde,
1440 2243 1506 2292 ut
1531 2239 1695 2309 plene
1712 2255 1810 2298 me
1823 2239 1970 2292 viam

373 2326 574 2382 doceas
593 2327 714 2394 Dei,
737 2331 796 2381 et
821 2343 944 2398 quae
973 2327 1048 2381 sit
1073 2327 1318 2398 perfecta
1343 2327 1495 2381 salus
1523 2343 1756 2398 operum
1779 2344 1970 2398 super-

374 2432 596 2470 norum.
611 2416 682 2470 Et
706 2415 1076 2487 apprehendit
1099 2432 1229 2470 eum
1254 2415 1488 2486 angelus
1509 2415 1734 2470 Domini
1753 2433 1788 2469 a
1805 2415 1968 2470 verti-

375 2520 438 2558 ce
467 2503 654 2575 capilli
693 2503 892 2575 capitis
929 2505 1071 2574 ejus,
1105 2509 1163 2558 et
1197 2504 1357 2558 duxit
1395 2521 1527 2558 eum
1555 2494 1626 2558 ad
1666 2505 1968 2576 quemdam

375 2592 608 2646 nomine
637 2591 891 2646 Priscum
931 2591 1023 2661 (4),
1056 2596 1314 2646 sanctum
1353 2593 1534 2647 virum
1581 2599 1638 2648 et
1675 2593 1970 2648 timentem

374 2681 578 2734 Deum.
610 2663 815 2751 Aitque
841 2680 924 2734 illi
955 2699 969 2736 :
1004 2681 1165 2735 Hunc
1184 2681 1320 2736 doce
1347 2699 1470 2752 quae
1501 2682 1576 2736 sit
1603 2682 1694 2736 via
1720 2683 1965 2749 Domini,

374 2768 666 2840 sapientiae
695 2774 753 2822 et
787 2768 1126 2835 intellectus,
1159 2775 1214 2824 et
1241 2769 1464 2841 baptiza
1495 2787 1625 2825 eum
1654 2771 1714 2825 in
1741 2771 1968 2826 nomine

373 2856 560 2912 Patris
589 2863 646 2912 et
671 2857 798 2912 Filii
821 2862 878 2912 et
906 2857 1148 2930 Spiritus
1173 2859 1369 2914 sancti.
1392 2861 1568 2914 Porro
1589 2859 1848 2914 sacerdos
1865 2861 1972 2915 Do-

2053 1717 2175 1756 cam
2195 1701 2524 1770 nominituo
2545 1703 2604 1757 in
2615 1709 2974 1770 zetei'num,ct
2991 1705 3051 1758 in
3069 1706 3271 1760 saecula
3289 1707 3656 1762 saeculorum.

2123 1790 2258 1844 CAP.
2302 1791 2388 1846 VI.
2423 1821 2488 1831 -
2511 1797 2702 1858 23:5
2725 1793 2906 1864 Igitur
2921 1793 3283 1849 Posthumius
3303 1795 3660 1867 baptismum

2051 1884 2400 1944 consecutus,
2447 1879 2665 1934 litteras
2705 1881 3019 1948 nesciebat;
3078 1883 3176 1937 sed
3215 1889 3400 1938 tamen
3449 1901 3666 1939 nomen

2053 1968 2277 2023 Domini
2297 1969 2427 2024 ﬁdei
2447 1976 2750 2040 augmento
2770 1975 2828 2024 et
2842 1971 3040 2026 robore
3057 1971 3126 2026 de
3145 1972 3238 2026 die
3257 1972 3317 2026 in
3337 1972 3486 2027 diem
3508 1990 3666 2028 cres-

2053 2056 2232 2110 cebat.
2241 2057 2663 2114 Accendebatur
2672 2059 2934 2114 fraternae
2947 2060 3132 2115 studio
3147 2061 3664 2128 charitatis,humi-

2051 2145 2226 2201 litatis
2257 2147 2473 2202 vinculo
2501 2147 2574 2201 ad
2597 2148 2888 2204 universos
2905 2149 3199 2220 colligatus
3218 2150 3404 2204 fuerat
3421 2144 3655 2205 fratres.

2053 2234 2358 2290 Charitatis
2380 2237 2584 2306 jugum
2609 2237 2969 2292 vehementer
2995 2237 3224 2292 amabat
3255 2257 3267 2292 :
3305 2245 3658 2312 cunctosque

2050 2322 2271 2388 fratres,
2301 2324 2396 2395 qui
2425 2325 2680 2391 aderant,
2711 2325 2954 2380 ecclesiae
2983 2326 3239 2398 proxima
3264 2327 3388 2382 loca
3423 2328 3665 2383 inhabi-

2049 2417 2256 2478 tantes,
2283 2412 2516 2468 sollicite
2551 2413 2892 2485 requirebat.
2921 2415 3181 2470 Studiose
3224 2417 3470 2487 psalmos
3497 2416 3669 2472 dice-
3713 2434 3720 2442 '

2049 2499 2147 2554 bat
2175 2520 2186 2568 ;
2220 2518 2422 2573 corpus
2451 2519 2580 2556 vero
2609 2519 2777 2558 suum
2813 2503 3046 2574 jejuniis
3091 2504 3396 2575 afﬂigebat,
3429 2505 3488 2559 in
3519 2523 3663 2560 ora-

2049 2589 2203 2644 tione
2219 2591 2320 2644 Dei
2343 2591 2592 2661 quotidie
2613 2591 2998 2662 pernoctabat.
3015 2593 3280 2664 Agrestes
3299 2593 3502 2648 edebat
3519 2595 3665 2649 her-

2049 2677 2168 2744 bas,
2183 2684 2241 2732 et
2262 2695 2468 2750 aquam
2494 2679 2758 2750 frigidam
2782 2679 3024 2736 bibebat.
3043 2681 3234 2737 Cilicio
3255 2699 3458 2753 corpus
3489 2700 3669 2755 oper-

2051 2770 2173 2820 tum
2193 2767 2480 2838 fatigabat,
2499 2785 2597 2839 per
2611 2785 2864 2824 eremum
2880 2776 3202 2837 currens,ut
3214 2770 3485 2826 miserum
3499 2771 3666 2828 fran-

2049 2861 2212 2925 geret
2237 2873 2457 2928 corpus,
2479 2873 2736 2912 asserens
2764 2875 2886 2912 esse
2911 2864 3220 2929 peccatum,
3245 2859 3550 2931 aliquando
3586 2862 3667 2916 ab

373 2945 513 3000 mini
539 2945 1124 3016 audiens,gratulatus
1151 2952 1238 3002 est
1252 2948 1410 3003 valde
1427 2967 1439 3016 ;
1455 2948 1552 3002 sed
1573 2949 1830 3003 sacerdos
1849 2965 1962 3004 non
1979 2945 2025 3007 Ο
2051 2960 2218 3015 Opere
2247 2945 2295 3000 Si
2332 2951 2598 3000 vacasset.
2645 2946 3056 3002 Verbositatem
3093 2947 3367 3016 §erm0ni8
3395 2949 3666 3014 cavebat.

370 3033 649 3088 intellexit
669 3035 936 3106 angelum
963 3035 1065 3090 Dei
1093 3053 1234 3102 esse,
1261 3036 1356 3108 qui
1393 3035 1709 3092 introduxit
1735 3053 1864 3092 eum
1893 3039 1965 3093 ad

373 3138 455 3177 se.
480 3123 797 3194 Statimque
821 3124 1055 3194 angelus
1082 3124 1142 3178 in
1175 3125 1468 3196 splendida
1504 3130 1755 3181 mutatus
1783 3126 1966 3198 efﬁgie

370 3210 592 3266 refulsit
609 3211 669 3266 in
695 3211 893 3266 faciem
922 3213 1227 3268 sacerdotis
1254 3213 1314 3268 in
1335 3214 1477 3268 albis
1499 3214 1759 3280 vestibus,
1777 3216 1966 3270 vultu-

372 3316 482 3372 que
505 3301 726 3356 decoro.
745 3303 901 3356 Tunc
913 3302 1121 3357 Christi
1141 3303 1400 3359 sacerdos
1412 3304 1614 3358 timore
1635 3304 1968 3376 perterritus

370 3388 571 3444 cecidit
607 3395 998 3445 consternatus
1037 3391 1096 3444 in
1137 3397 1308 3446 terra.
1351 3393 1706 3464 Rursumque
1734 3395 1968 3464 angelus

371 3477 548 3532 erexit
567 3495 718 3543 eum,
746 3483 804 3532 et
827 3478 934 3532 ait:
957 3480 1042 3533 Ne
1070 3479 1300 3547 timeas;
1332 3497 1632 3536 conservus
1661 3483 1813 3536 enim
1834 3488 1967 3537 tuus

369 3569 429 3620 et
455 3565 710 3620 omnium
748 3567 989 3620 fratrum
1015 3572 1244 3622 tuorum
1275 3585 1378 3640 ego
1407 3587 1533 3624 sum
1577 3572 1755 3639 (Apoc.
1809 3571 1962 3640 XXII).

369 3653 634 3726 Oportuit
659 3655 812 3708 enim
830 3654 1305 3711 tibimanifestare
1329 3657 1565 3728 gloriam
1579 3659 1681 3714 Dei
1699 3659 1968 3724 nostri,ut

369 3741 512 3796 scias
528 3759 638 3812 quo
649 3743 815 3796 modo
827 3743 976 3798 hunc
987 3745 1186 3799 doceas
1202 3745 1430 3800 verbum
1443 3747 1687 3812 Domini,
1703 3749 1965 3804 erudiens

369 3845 499 3883 eum
513 3830 820 3884 secundum
833 3832 1198 3887 salvationem
1214 3835 1354 3904 ejus,
1374 3841 1438 3890 ut
1449 3837 1602 3892 vivat
1615 3837 1674 3890 in
1691 3843 1964 3894 aeternum

368 3933 558 3972 coram
587 3919 846 3974 Domino.
877 3920 1008 3975 Haec
1029 3921 1240 3987 dicens,
1264 3922 1521 3978 discessit
1546 3925 1617 3979 ab
1645 3925 1744 3981 eis.

441 4006 568 4062 CAP.
585 4007 652 4060 V.
681 4038 746 4048 —
757 4007 982 4063 Priscus
997 4015 1187 4064 autem
1216 4011 1508 4084 episcopus
1527 4019 1754 4086 accepto
1771 4033 1964 4072 secum

366 4095 714 4164 Posthumio,
733 4096 922 4151 docuit
954 4114 1085 4152 eum
1110 4099 1388 4170 jejunare.
1411 4102 1514 4156 Cui
1529 4120 1761 4158 manum
1789 4104 1966 4178 impo-

365 4199 524 4250 nens,
543 4185 1007 4241 catechumenum
1021 4186 1152 4243 fecit
1173 4207 1186 4258 ;
1208 4194 1301 4262 atq
1310 4207 1379 4245 ue
1401 4191 1483 4246 ita
1508 4193 1772 4249 velociter
1785 4193 1965 4266 bapti-

2050 3032 2253 3087 divinis
2281 3033 2439 3088 libris
2466 3035 2925 3090 accommodabat
2946 3053 3161 3104 aurem,
3189 3037 3386 3106 jurare
3416 3038 3664 3094 omnino

2049 3121 2434 3176 detestabatur
2457 3141 2470 3177 :
2495 3123 2768 3178 mundum
2791 3141 2852 3178 se
2871 3124 2929 3178 in
2952 3124 3106 3179 omni
3130 3125 3382 3180 oratione
3409 3143 3513 3180 sua
3538 3127 3668 3182 exi-

2049 3209 2293 3278 hibebat,
2317 3211 2582 3282 plangere
2611 3228 2724 3266 non
2739 3212 3058 3268 desinebat:
3081 3229 3218 3268 nam
3238 3230 3366 3269 cum
3385 3214 3666 3286 frequen-

2048 3298 2131 3352 tia
2155 3304 2446 3370 pateretur
2473 3301 2533 3354 in
2561 3317 2792 3371 corpore
2820 3301 3140 3356 daemonum
3168 3307 3544 3379 tentamenta,
3579 3305 3666 3359 ad

2049 3391 2184 3441 nota
2211 3388 2528 3442 orationum
2558 3389 2816 3460 praesidia
2843 3389 3188 3445 convolabat.
3209 3391 3280 3446 Et
3306 3407 3377 3445 ne
3405 3393 3668 3464 amplius

2049 3492 2244 3530 somno
2262 3477 2556 3548 indulgere
2579 3477 2880 3545 videretur,
2897 3485 2961 3534 ut
2989 3479 3252 3534 mortalia
3280 3480 3539 3543 nmmbra
3567 3482 3669 3536 fo-

2047 3569 2219 3630 veret,
2246 3566 2538 3636 paululum
2583 3583 2750 3638 super
2798 3583 2932 3622 saxa
2974 3567 3382 3639 requiescebat,
3425 3575 3490 3624 ut
3515 3587 3668 3626 cum

2046 3652 2256 3707 duritia
2292 3654 2482 3709 lectuli
2525 3655 2810 3710 doloribus
2855 3661 3055 3726 ageret
3090 3673 3311 3728 corpus,
3344 3657 3539 3712 statim
3579 3661 3670 3715 ad

2046 3741 2148 3796 Dei
2175 3749 2538 3814 consurgeret
2557 3759 2718 3816 opus.
2750 3745 2961 3798 Panem
2985 3745 3156 3798 etiam
3187 3762 3352 3800 suum
3380 3746 3452 3800 ad
3484 3763 3668 3802 men-

2045 3846 2238 3884 suram
2264 3831 2587 3902 accipiebat,
2621 3836 2678 3886 et
2705 3848 2911 3904 aquam
2940 3833 3012 3886 ad
3038 3846 3365 3888 mensuram
3389 3833 3668 3891 bibebat.

2043 3919 2348 3990 Nunquam
2376 3920 2542 3991 pleno
2569 3925 2763 3975 ventre
2790 3937 2826 3974 a
2845 3937 3040 3976 mensa
3065 3922 3319 3992 recessit,
3347 3939 3452 3977 nec
3482 3924 3668 3980 sitim

2047 4023 2209 4062 suam
2237 4024 2488 4078 unquam
2516 4009 2756 4076 satiavit,
2787 4009 3000 4074 dicens,
3027 4011 3154 4064 Non
3183 4027 3305 4066 esse
3327 4011 3572 4082 dignum
3609 4013 3670 4068 si

2045 4095 2231 4150 carnis
2268 4097 2529 4152 voluntas
2553 4104 2702 4152 esset
2727 4097 2978 4170 impleta.
3009 4097 3401 4154 Obedientiam
3431 4118 3568 4156 vero
3595 4107 3670 4158 et

2045 4183 2192 4251 fecit,
2215 4189 2272 4240 et
2287 4185 2494 4253 docuit,
2515 4186 2789 4258 patientia
2809 4203 2942 4242 vero
2964 4187 3236 4258 superbos
3254 4195 3313 4243 et
3337 4189 3667 4246 iracundos

364 4273 525 4340 zavit,
557 4272 762 4328 docens
787 4291 917 4329 eum
933 4276 1250 4348 symbolum
1279 4279 1644 4336 sacramenti,
1671 4283 1778 4347 Qui
1808 4300 1954 4349 mox,
1979 4273 2304 4356 Dbomines
2350 4274 2639 4330 humiliter
2679 4275 2973 4346 mitigavit.
3006 4277 3112 4331 Sed
3143 4277 3367 4348 quando
3401 4278 3669 4334 Satanas

363 4367 430 4415 ut
458 4361 772 4433 baptizatus
793 4369 897 4428 est,
920 4364 1187 4435 impletus
1215 4373 1302 4422 est
1332 4369 1544 4440 Spiritu
1565 4377 1776 4438 sancto,
1801 4378 1858 4426 et
1879 4373 1962 4428 di-

361 4449 444 4504 xit
470 4450 614 4506 hanc
641 4452 954 4506 orationem
987 4470 998 4506 :
1029 4454 1254 4510 Gratias
1284 4457 1386 4511 tibi
1411 4475 1536 4529 ago,
1568 4461 1804 4515 Domine
1827 4463 1960 4516 Jesu

359 4538 594 4607 Christe,
629 4540 725 4612 qui
755 4557 858 4612 per
885 4541 1158 4612 Spiritum
1181 4551 1440 4600 sanctum
1479 4549 1841 4604 reconciliare
1869 4567 1959 4606 me

2046 4362 2496 4433 suggestionibus
2525 4363 2642 4418 suis
2669 4363 2930 4436 cupiebat
2951 4365 3301 4436 propositum
3326 4366 3508 4438 ipsius
3533 4368 3669 4424 im-

2042 4451 2251 4522 pedire,
2282 4453 2470 4506 oculos
2491 4452 2549 4506 in
2576 4453 2780 4508 caelum
2804 4452 3042 4521 levabat,
3069 4459 3128 4509 et
3155 4455 3349 4510 statim
3379 4461 3670 4513 sanctum

2040 4541 2236 4595 adesse
2262 4540 2368 4595 sibi
2387 4541 2666 4596 sentiebat
2686 4541 2977 4598 auxilium.
2993 4543 3145 4598 Talis
3175 4545 3296 4614 ejus
3319 4543 3433 4598 vita
3461 4561 3672 4616 usque

2043 4629 2114 4683 ad
2168 4635 2452 4684 senectam
2484 4629 2610 4698 fuit,
2655 4631 2838 4701 qualis
2885 4631 2954 4685 ab
2993 4631 3154 4686 initio
3198 4631 3323 4699 fuit,
3365 4649 3497 4687 cum
3525 4633 3680 4690 hac

2039 4723 2374 4788 gererentur
2402 4718 2461 4772 in
2491 4735 2576 4785 eo,
2608 4724 2672 4774 ut
2701 4719 2932 4775 omnino
2972 4736 3152 4791 usque
3191 4720 3265 4775 ad
3303 4727 3671 4790 extremum,

2041 4823 2206 4862 suum
2235 4807 2549 4879 despiceret
2571 4825 2792 4880 corpus.

361 4627 624 4698 dignatus
645 4646 705 4684 es
734 4629 850 4684 Deo
880 4630 1054 4697 Patri,
1075 4637 1132 4686 et
1159 4633 1448 4688 redemisti
1475 4653 1566 4690 me
1594 4654 1627 4691 a
1649 4643 1830 4693 morte
1860 4645 1963 4694 eta

359 4733 528 4787 poena
549 4723 788 4772 aeterna:
814 4735 986 4790 quam
1005 4736 1119 4776 non
1141 4723 1433 4778 credentes
1453 4725 1512 4779 in
1539 4734 1593 4780 te
1613 4743 1960 4798 consequun-

358 4808 472 4871 tur,
501 4811 856 4875 peccatorum
875 4825 1107 4864 suorum
1122 4811 1462 4882 ponderibus
1485 4815 1793 4885 aggravati.
1815 4817 1959 4872 Sunt

359 4897 548 4946 autem
567 4901 794 4964 peccata
803 4897 1031 4967 plumbo
1049 4899 1324 4970 graviora,
1339 4901 1542 4973 quibus
1557 4920 1661 4974 ego
1682 4905 1846 4960 laetor
1865 4924 1959 4962 σχ-

357 4985 664 5074 tractus,et
677 4982 747 5037 de
768 4985 1433 5074 omnibusiniquitatibus
1451 4997 1510 5047 et
1527 4996 1956 5062 necessitatibus
2038 5003 2184 5058 lores
2209 4982 2367 5074 gravi
2396 5009 2679 5059 tormento
2707 5021 2838 5059 eum
2890 5005 3194 5072 aﬁicerent,
3231 5022 3345 5060 non
3373 5007 3534 5060 dedit
3567 5009 3682 5066 in.

357 5067 646 5162 liberatus,
679 5073 886 5126 exulto.
920 5075 1066 5129 Vere
1106 5078 1256 5132 enim
1289 5096 1657 5150 personarum
1704 5087 1954 5158 acceptio
2037 5067 2382 5162 dulgentiam
2411 5092 2604 5148 morbo
2634 5093 2999 5159 infirmitatis,
3027 5111 3130 5150 nec
3156 5067 3352 5148 calidis
3381 5111 3520 5150 usus
3559 5105 3680 5154 est

357 5157 708 5254 apudADeum
732 5177 844 5254 non
867 5166 954 5254 est
976 5164 1202 5254 (Αοω),
1232 5169 1330 5221 sed
1353 5169 1736 5227 misericordia
1764 5175 1954 5229 multi-
2034 5180 2220 5247 rebus,
2249 5177 2579 5252 necjejunia
2607 5182 2924 5249 minoravit,
2957 5183 3241 5237 aestimans
3261 5183 3411 5254 quod
3439 5183 3487 5238 si
3506 5201 3674 5241 cor-

354 5245 1250 5343 plex.Quomodoigiturindignus
1261 5271 1364 5325 ego
1376 5258 1446 5312 ad
1457 5259 1616 5314 sedes
1629 5262 1951 5318 accederem
2034 5269 2156 5339 pori
2185 5245 2376 5324 calido.
2393 5245 2516 5325 cibo
2537 5245 2945 5337 consuleretur,
2976 5287 3011 5324 a
3039 5245 3296 5326 Domino.
3309 5271 3670 5343 redemptio

353 5337 626 5430 creaturae
641 5336 898 5430 tum,_nisi
919 5343 981 5392 tu
999 5342 1324 5430 meccelesti
1349 5345 1530 5417 digito
1551 5353 1832 5420 tangeres,
1856 5352 1952 5406 foe-
2031 5336 2232 5412 animae
2259 5373 2373 5412 non
2398 5359 2648 5414 daretur.
2666 5359 2812 5413 Nam
2831 5358 2878 5413 si
2902 5336 3203 5429 aliquando
3215 5359 3479 5413 valetudo
3495 5336 3676 5430 ἐπι-

353 5438 490 5476 num
511 5423 658 5477 male
677 5423 1072 5518 aridum,quod
1092 5427 1414 5518 inrcorporis
1434 5439 1675 5494 materia
1693 5441 1948 5496 habitare
2031 5445 2112 5499 vis
2140 5445 2346 5500 debilia
2367 5463 2556 5517 genua
2576 5447 2856 5518 fatigaret,
2880 5447 2964 5501 ita
2981 5423 3047 5502 ut
3069 5447 3141 5502 ad
3167 5447 3386 5518 vigilias
3396 5423 3680 5508 Posthu-

349 5513 734 5584 praaceperas?
753 5513 1017 5596 velociter
1030 5516 1171 5572 mihi
1189 5519 1413 5578 voluisti
1431 5525 1746 5600 subvenire,
1761 5530 1948 5588 inimi-
2029 5533 2176 5590 mius
2199 5513 2499 5606 exsurgere
2523 5552 2638 5591 non
2666 5513 2896 5610 valeret,
2919 5537 3131 5593 orando
3159 5540 3218 5593 et
3244 5536 3552 5608 psallendo
3589 5541 3676 5599 in

2110 4915 2180 4968 Et
2205 4913 2252 4969 si
2272 4915 2495 4986 quando
2514 4915 2814 4970 inﬁrmitas
2843 4915 3083 4972 febrium
3107 4922 3208 4972 aut
3231 4917 3512 4972 stomachi
3539 4920 3674 4976 do-
