3942 6200
246 318 345 378 433

653 322 823 378 VITA
861 323 1072 380 BEATI
1116 325 1533 398 POSTHUMII,
1574 329 1831 389 PATRIS
1868 334 2194 402 QUINQUE
2232 336 2535 395 MILLIUM
2578 332 3116 393 MONACHORUM.

3411 334 3518 394 434

250 468 425 517 stratu
441 478 545 517 suo
555 479 666 517 non
678 463 1052 519 desinebat.Si
1068 467 1263 537 lingua
1276 487 1390 541 pra;
1402 472 1495 526 siti
1511 474 1833 543 siccantur,
1854 464 1904 521 A
1993 464 2147 518 Nihil
2174 480 2239 517 ex
2254 463 2360 517 hoc
2388 463 2751 517 Posthumius
2767 464 2986 517 locutus
3007 468 3096 517 est
3119 462 3395 529 Macario;
3420 464 3520 517 sed

246 552 426 606 cordis
449 552 650 606 intima
664 553 979 622 rugiebant,
1002 571 1073 609 ne
1103 557 1326 614 silentio
1358 562 1479 630 ejus
1509 562 1686 617 hostis
1714 566 1833 619 ani-

247 659 346 696 mze
374 641 631 695 diabolus
645 641 947 709 laetaretur,
980 650 1079 697 aut
1104 645 1163 698 in
1183 662 1349 717 Opere
1368 650 1469 703 Dei
1495 651 1583 705 vir
1610 660 1836 708 sanctus

245 731 532 801 negligens
566 731 931 785 inveniretur.
974 732 1082 787 Sed
1111 750 1236 789 cum
1263 736 1322 790 in
1360 743 1479 792 tam
1508 740 1834 796 districtiori

245 820 354 873 vita
373 819 738 873 Posthumius
758 828 1133 890 permaneret,
1166 824 1234 878 ad
1253 823 1655 897 baptizatorem
1676 847 1843 885 suum

245 909 508 981 perrexit,
524 913 581 962 et
601 908 670 962 ab
685 925 751 963 eo
771 911 1308 967 commendatoriam
1339 916 1649 972 orationem
1672 936 1842 991 popo-

244 998 364 1063 scit,
391 1002 449 1051 et
468 997 588 1051 sine
605 997 792 1068 aliquo
822 999 969 1054 victu
988 1001 1163 1054 eremi
1185 1002 1382 1072 petivit
1404 1021 1624 1060 arcana:
1649 1007 1839 1078 ibique

243 1085 420 1140 multo
446 1090 700 1157 tempore
716 1087 1055 1152 demoratus,
1080 1088 1403 1145 innumeras
1423 1092 1738 1149 daemonum
1760 1096 1842 1150 in-

243 1174 413 1228 sidias
431 1175 680 1245 pertulit.
713 1176 821 1230 Sed
850 1177 1142 1243 Dominus,
1163 1179 1258 1249 qui
1277 1179 1346 1233 de
1366 1182 1574 1236 mundo
1605 1200 1840 1239 venera-

243 1263 414 1316 bilem
443 1270 796 1318 converterat
821 1265 1022 1332 virum,
1047 1267 1296 1337 quotidie
1324 1286 1420 1323 cor
1447 1273 1567 1341 ejus
1583 1273 1842 1327 armabat

249 1352 314 1405 ad
346 1352 708 1407 sustinendas
736 1354 1011 1408 versutias
1040 1354 1377 1411 damonum.

309 1440 443 1495 CAP.
480 1442 600 1496 VII.
630 1470 683 1480 —
709 1444 858 1496 Nota
878 1443 1054 1512 igitur
1082 1443 1227 1498 facta
1257 1452 1347 1500 est
1366 1449 1839 1516 sanctoMacario,

242 1530 454 1584 scilicet
480 1529 627 1584 beati
652 1531 885 1585 Antonii
917 1532 1207 1603 discipulo,
1233 1536 1579 1590 conversatio
1600 1538 1845 1592 Posthu-

243 1619 358 1684 mii,
396 1624 450 1672 et
470 1618 686 1672 celebre
708 1620 829 1689 ejus
854 1620 1065 1689 factum
1090 1628 1175 1675 est
1202 1639 1428 1690 nomen,
1449 1625 1739 1696 visumque
1759 1633 1847 1681 est

244 1707 318 1761 illi
351 1707 429 1761 ad
456 1707 603 1761 hunc
632 1707 787 1761 abire
825 1709 885 1762 in
909 1726 1181 1763 eremum.
1213 1713 1356 1765 Nam
1388 1713 1535 1766 idem
1565 1716 1843 1771 Macarius

1920 551 2056 605 dum
2081 553 2204 621 ejus
2231 551 2401 605 verba
2424 568 2613 604 secum
2641 551 2697 604 in
2727 553 2915 605 animo
2948 552 3211 617 volveret,
3240 551 3520 606 Macarius

1921 641 2111 694 emisit
2139 641 2433 712 spiritum;
2461 640 2767 709 statimque
2788 641 3122 710 populorum
3143 640 3341 710 ingens
3354 639 3520 694 turba

1926 730 2143 783 intente
2157 730 2225 783 ad
2238 729 2406 783 funus
2436 732 2690 782 currunt.
2717 727 2810 797 Ibi.
2822 728 3180 798 psallentium
3196 728 3516 795 multitudo,

1926 817 2156 872 diversis
2186 819 2532 888 hymnorum
2570 815 2817 882 vocibus;
2851 817 3011 885 quasi
3051 833 3165 870 uno
3193 833 3290 870 ore
3326 815 3521 871 laudes

1929 906 2045 959 Deo
2078 905 2371 971 canebant,
2406 905 2581 958 donec
2617 920 2821 974 corpus
2848 904 2918 957 ad
2948 905 3265 974 sepulcrum
3286 904 3523 958 deduce-

1928 999 2086 1048 retur
2111 994 2488 1047 humandum:
2508 1009 2674 1047 nemo
2688 997 2882 1047 tamen
2899 992 3259 1047 vehementer
3275 992 3520 1060 dolebat,

1929 1097 1994 1136 eo
2008 1082 2154 1152 quod
2168 1087 2393 1136 sanctus
2415 1080 2685 1139 Macarius
2702 1085 2823 1134 tam
2846 1080 3521 1136 velocitermonasterium

1930 1171 2291 1241 relinqueret,
2327 1169 2595 1241 quoniam
2622 1170 2895 1224 Dominus
2930 1169 3174 1223 similem
3204 1170 3256 1224 ei
3287 1170 3524 1225 Posthu-

1928 1259 2105 1313 mium
2137 1259 2295 1329 gregi
2324 1276 2425 1313 suo
2456 1259 2792 1329 magistrum
2820 1258 3158 1329 providerat.

2000 1348 2129 1402 CAP.
2154 1346 2581 1404 VIR—Tribus
2596 1363 2728 1417 ergo
2741 1346 2937 1401 diebus
2957 1352 3084 1417 post
3100 1345 3278 1399 sancti
3294 1346 3524 1400 Macarii

1929 1437 2219 1490 decessum
2249 1435 2446 1490 orabat
2474 1436 2855 1502 Posthumius,
2887 1440 2953 1488 ut
2986 1435 3262 1504 acciperet
3289 1434 3359 1488 de
3387 1434 3524 1489 coalo

1928 1526 2142 1579 fontem
2169 1525 2436 1579 doctrinae
2447 1541 2548 1594 per
2562 1526 2590 1578 J
2596 1541 2756 1577 esum
2772 1524 2831 1577 in
2853 1523 3066 1593 Spiritu
3083 1529 3295 1588 sancto,
3319 1528 3384 1576 ut
3402 1540 3526 1594 pos-

1928 1619 2015 1667 set
2041 1618 2258 1666 tantam
2279 1613 2618 1683 populorum
2644 1611 2904 1664 militiam
2918 1611 3117 1664 docere
3140 1610 3521 1681 prudentiam.

1925 1702 2115 1755 Tertio
2130 1702 2301 1771 igitur
2319 1701 2409 1754 die
2430 1701 2581 1755 venit
2593 1700 2663 1753 ad
2684 1717 2813 1754 eum
2834 1700 3143 1754 secundum
3164 1699 3525 1752 consuetudi-

243 1796 307 1850 ab
337 1796 547 1850 illustri
576 1796 695 1850 viro
714 1798 961 1852 Antonio
985 1801 1392 1855 monachorum
1424 1802 1539 1856 fere
1569 1804 1844 1874 quinqua-
1861 1814 1909 1875 Β
1928 1806 2077 1854 nem,
2109 1790 2202 1860 (111i
2224 1806 2353 1842 eum
2374 1794 2728 1843 converterat
2750 1788 3005 1857 angclusa
3028 1793 3085 1841 et
3112 1788 3332 1841 Ῑοουευε
3348 1790 3436 1840 θεῖ
3452 1787 3524 1840 ad

241 1885 404 1955 ginta
423 1886 600 1939 millia
623 1892 945 1956 susceperat
972 1887 1360 1957 gubernanda.
1385 1891 1652 1961 Ejusdem
1673 1892 1847 1962 igitur

244 1975 473 2028 Macarii
503 1974 688 2029 exitus
720 1976 787 2029 de
810 1976 1011 2030 saeculo
1040 1978 1545 2049 appropinquabat,
1578 1987 1634 2034 et
1650 1982 1844 2035 Domi-

241 2064 365 2117 nico
380 2064 692 2135 gregi,quis
703 2070 832 2135 post
852 2066 900 2135 ej
911 2082 975 2119 us
988 2083 1275 2120 excessum
1293 2068 1605 2137 magisterii
1619 2071 1844 2125 nomine

245 2151 665 2223 subrogaretur,
680 2153 1088 2223 inquirebatur.
1108 2156 1344 2209 Sanctus
1358 2156 1548 2228 itaque
1567 2159 1844 2213 Macarius

242 2258 367 2295 cum
392 2242 462 2294 ad
490 2248 747 2296 sanctum
776 2242 1021 2296 venisset
1041 2243 1452 2311 Posthumium,
1478 2247 1694 2317 excepit
1713 2265 1842 2301 eum

242 2329 499 2394 libenter,
522 2330 801 2401 praecipue
822 2332 981 2400 cujus
998 2333 1117 2401 jam
1160 2332 1230 2385 ab
1260 2334 1459 2403 angelo
1498 2334 1709 2388 famam
1740 2353 1845 2390 au-

242 2419 442 2472 dierat.
474 2420 601 2473 Non
632 2435 765 2489 ergo
795 2420 888 2473 ille
919 2425 985 2473 ut
1013 2421 1231 2491 hospes,
1265 2422 1363 2475 sed
1402 2424 1523 2492 ejus
1562 2423 1845 2478 subtiliter

242 2508 532 2578 explorare
560 2509 909 2579 propositum
928 2515 1173 2563 venerat.
1199 2511 1373 2564 Porro
1413 2512 1643 2566 Macarii
1685 2530 1844 2583 aspe-

241 2596 441 2661 ctibus,
450 2597 764 2651 Posthumii
781 2598 1117 2669 complacuit
1128 2600 1561 2667 conversatio,et
1574 2618 1700 2654 eum
1717 2619 1843 2656 sua-

242 2685 372 2739 dere
393 2686 581 2756 cmpit,
603 2690 668 2739 ut
694 2686 869 2740 sancti
898 2687 1129 2740 Antonii
1151 2688 1618 2743 anachoretarum
1640 2691 1843 2760 princi-

241 2774 319 2844 pis
346 2791 463 2827 non
489 2780 820 2845 gravaretur
845 2774 1070 2829 visitare
1097 2776 1383 2847 reliquias.
1410 2778 1519 2832 Sed
1539 2795 1666 2832 cum
1687 2780 1841 2833 omni

242 2864 447 2917 virtute
464 2864 826 2931 reniteretur,
842 2870 900 2918 et
913 2864 1067 2918 abire
1085 2866 1307 2936 penitus
1317 2866 1605 2933 noluisset,
1626 2868 1683 2921 in
1697 2884 1843 2922 som-

244 2952 326 3006 nis
359 2952 723 3007 Posthumius
753 2953 872 3007 sine
902 2953 1088 3024 aliquo
1125 2955 1480 3009 cunctamine
1514 2956 1597 3009 ire
1622 2957 1835 3026 jussus,

243 3041 442 3095 divinae
472 3042 854 3096 contradicere
884 3059 996 3096 non
1042 3046 1264 3112 poterat
1289 3044 1593 3113 majestati.
1641 3046 1838 3116 Itaque

1928 1894 2087 1944 eum;
2121 1883 2178 1930 et
2192 1877 2484 1931 constituit
2505 1893 2633 1930 eum
2659 1875 3127 1930 monasteriorum
3149 1875 3436 1929 doctorem
3467 1880 3525 1928 et

1928 1966 2257 2038 principem,
2282 1966 2342 2019 in
2370 1983 2499 2020 eum
2517 1966 2698 2019 locum
2714 1982 2746 2018 a
2768 1981 2879 2035 quo
2900 1964 3177 2018 Macarius
3194 1968 3520 2031 recesserat;

1927 2055 2194 2126 deditque
2223 2055 2274 2109 ei
2303 2055 2543 2109 formam
2590 2054 2969 2125 spiritualium
3001 2057 3427 2123 praeceptorum.
3468 2058 3527 2106 et

1926 2144 2084 2197 abiit.
2118 2145 2291 2197 Porro
2318 2143 2685 2197 Posthumius
2716 2141 3069 2212 congregatis
3097 2140 3365 2195 fratribus
3386 2157 3525 2195 cun-

1925 2233 2048 2300 ctis,
2082 2232 2339 2303 aperiens
2368 2248 2431 2285 os
2460 2248 2645 2298 suum,
2674 2232 2893 2285 locutus
2923 2235 3009 2284 est
3036 2230 3136 2296 eis,
3169 2230 3359 2284 dicens
3399 2247 3411 2282 :

1994 2322 2219 2387 Audite,
2254 2321 2432 2384 ﬁlioli,
2454 2320 2685 2374 verbum
2708 2319 2857 2389 quod
2886 2318 3160 2372 Dominus
3191 2318 3410 2372 locutus
3438 2323 3526 2372 est

1922 2410 2097 2476 vobis,
2130 2410 2453 2481 praeclaram
2482 2412 2886 2479 praeceptorum
2894 2407 3177 2476 justitiam
3206 2412 3260 2460 et
3283 2406 3525 2461 charita-

1923 2499 1999 2553 tis
2026 2499 2276 2569 regulam
2319 2497 2574 2552 sensibus
2602 2496 2809 2550 nostris
2836 2496 3028 2550 volens
3068 2495 3384 2549 infundere.
3412 2495 3521 2549 Pa-

1922 2592 2089 2641 terna
2131 2587 2279 2641 enim
2319 2604 2450 2641 voce
2478 2587 2680 2657 loquor
2711 2585 2781 2639 ad
2811 2601 2907 2638 vos
2935 2581 2995 2637 in
3041 2583 3269 2639 nomine
3293 2583 3522 2638 Domini

1923 2677 2102 2731 nostri
2130 2678 2265 2731 Jesu
2294 2676 2521 2739 Christi,
2563 2679 2620 2729 et
2648 2673 2891 2745 Spiritus
2927 2672 3030 2727 Dei
3076 2673 3273 2728 nostri.
3321 2672 3522 2743 Accepi

1924 2766 2078 2820 enim
2095 2766 2333 2819 formam
2354 2765 2423 2818 de
2441 2780 2613 2818 manu
2627 2763 2905 2833 angeli,ut
2922 2761 3105 2815 dicam
3117 2761 3379 2816 universa
3397 2778 3521 2832 quae

1923 2854 2228 2908 acciderint
2271 2853 2458 2907 sensui
2491 2869 2636 2918 meo,
2669 2852 2742 2905 ad
2782 2855 3030 2905 vestram
3069 2849 3517 2906 aediﬁcationem.

1921 2945 2143 2998 Intente
2170 2943 2347 3013 igitur
2388 2941 2628 3013 praebete
2656 2957 2851 2995 aures:
2886 2940 3036 2994 Deus
3066 2939 3186 3010 ipse
3231 2939 3521 2994 mandavit

1923 3033 2071 3103 quod
2096 3032 2165 3085 de
2197 3048 2293 3085 ore
2325 3047 2449 3085 meo
2478 3029 2747 3101 procedit.

242 3147 369 3185 cum
389 3131 630 3185 Macario
651 3131 976 3201 aggreditur
1003 3130 1128 3196 iter,
1160 3131 1578 3186 multitudinem
1610 3115 1840 3204 οοηεξ-ε-
1863 3128 1907 3188 C
1992 3121 2184 3175 Prima
2202 3126 2288 3174 est
2308 3121 2456 3174 enim
2475 3118 2727 3173 mandati
2744 3116 3157 3182 confoederatio,
3184 3116 3243 3170 in
3259 3115 3517 3172 omnibus

240 3221 483 3290 gationis
530 3220 950 3285 monachorum,
986 3236 1108 3291 qua;
1140 3237 1174 3273 a
1201 3221 1318 3275 solo
1345 3220 1694 3291 gubernatur
1715 3224 1837 3277 Ma-

242 3310 405 3376 cario,
438 3310 745 3379 ingressus,
769 3310 838 3362 de
867 3325 977 3379 quo
1002 3326 1147 3379 saepe
1173 3308 1247 3376 (6)
1271 3310 1514 3364 diximus
1532 3327 1734 3383 corpus
1754 3329 1838 3366 se-

244 3399 440 3468 pelisse
461 3398 736 3468 magistri,
762 3415 890 3453 cum
915 3398 1147 3469 spiritus
1163 3400 1286 3468 ejus
1313 3405 1542 3454 vocatus
1557 3406 1643 3454 est
1655 3417 1720 3455 ex
1739 3418 1837 3456 sse-

244 3489 382 3541 culo.

312 3560 417 3623 Qui
445 3575 575 3613 cum
596 3576 655 3613 se
684 3559 741 3613 in
772 3565 1021 3614 extremo
1050 3560 1175 3614 vitae
1211 3559 1376 3614 istius
1402 3561 1727 3631 temporalis
1752 3578 1837 3615 as-

245 3648 465 3719 piceret,
499 3648 769 3702 advocato
797 3649 868 3702 ad
896 3665 956 3703 se
985 3654 1178 3703 sancto
1200 3649 1549 3715 Posthumio,
1574 3650 1654 3703 ita
1683 3667 1838 3704 exor-

243 3753 333 3791 sus
355 3742 442 3791 est
470 3737 520 3790 ei
546 3756 557 3790 :
592 3737 674 3791 En
702 3737 894 3805 frater,
929 3743 1153 3809 tempus
1184 3737 1547 3792 resolutionis
1576 3755 1718 3792 mea:
1741 3738 1834 3793 in-

246 3831 377 3893 stat;
410 3832 753 3897 quapropter
772 3826 1006 3880 audiens
1036 3826 1246 3880 bonum
1274 3825 1660 3881 testimonium
1674 3827 1742 3881 de
1756 3832 1831 3893 te,

246 3914 407 3968 ﬁnem
434 3914 736 3968 senectutis
762 3931 901 3969 meae
924 3914 1229 3968 debilitatis
1263 3915 1529 3985 supposui
1549 3915 1835 3984 gressibus

247 4004 313 4056 ad
340 4004 768 4074 pertingendum
798 4019 977 4073 usque
1008 4004 1079 4057 ad
1108 4009 1183 4057 te.
1209 4004 1372 4057 Nunc
1395 4004 1569 4073 igitur
1583 4004 1724 4059 bene
1752 4005 1835 4059 fe-

246 4092 368 4145 cisti
412 4093 597 4146 venire
640 4108 882 4146 mecum.
938 4092 1170 4164 Suscipe
1213 4110 1345 4163 ergo
1376 4100 1610 4163 paterno
1643 4111 1835 4149 amore

243 4197 465 4250 gregem
493 4182 595 4235 Dei
636 4182 706 4235 ad
750 4182 1079 4251 regendum.
1107 4182 1234 4236 Noli
1265 4198 1514 4253 quaerere
1545 4183 1694 4253 quod
1732 4182 1833 4238 tibi

244 4270 383 4323 utile
401 4276 501 4337 est,
523 4270 621 4324 sed
646 4271 796 4341 quod
817 4271 1030 4336 multis,
1074 4276 1140 4324 ut
1169 4271 1307 4325 salvi
1346 4273 1486 4325 ﬁant
1509 4273 1561 4336 (Ι
1585 4274 1709 4328 σον.
1739 4276 1788 4341 x)
1816 4292 1829 4341 ;

244 4374 311 4412 ne
326 4376 458 4429 ergo
474 4376 641 4430 neges
658 4360 997 4431 suscipiendi
1008 4360 1235 4414 honoris
1247 4360 1832 4429 gratiam,mercedem

243 4462 276 4502 a
302 4448 535 4503 Domino
556 4456 883 4521 recepturus
911 4454 1165 4519 tempore
1195 4454 1534 4519 opportuno.

309 4536 693 4591 Tuncsanctus
714 4537 1075 4592 Posthumius
1088 4536 1322 4608 pedibus
1342 4538 1464 4607 ejus
1484 4539 1829 4608 provolutus,

245 4624 323 4678 ait
347 4643 360 4677 :
390 4625 723 4680 Charissime
760 4625 950 4692 Pater,
981 4626 1259 4697 quomodo
1287 4626 1425 4680 mihi
1452 4632 1570 4680 tam
1611 4643 1833 4697 magna:

246 4714 616 4769 multitudinis
635 4732 828 4769 curam
853 4715 1116 4787 imponis,
1142 4714 1349 4768 rustico
1368 4714 1832 4781 homini,litteras

246 4804 550 4858 nescienti?
574 4805 809 4859 Provide
837 4805 1015 4874 igitur
1028 4822 1093 4858 ex
1124 4803 1203 4858 eis
1224 4804 1487 4858 meritum
1520 4804 1825 4872 hominem,

249 4893 345 4962 qui
363 4894 531 4964 possit
544 4911 671 4949 cum
687 4894 1063 4949 sollicitudine
1082 4899 1271 4948 tantas
1283 4893 1503 4947 animas
1525 4910 1720 4963 regere
1740 4912 1834 4965 po-

249 4981 518 5050 pulorum.
549 4983 706 5038 Tunc
729 4983 997 5037 Macarius
1018 4982 1098 5036 ait
1118 4982 1444 5037 Posthumio
1468 5000 1479 5034 :
1514 4982 1833 5038 Excusatio-

251 5085 350 5122 nes
374 5086 478 5124 non
497 5072 685 5139 audio,
706 5088 889 5142 neque
911 5088 1109 5126 causas
1128 5070 1334 5141 recipio
1353 5089 1366 5137 ;
1384 5071 1442 5124 hi
1465 5072 1617 5127 enim
1640 5088 1834 5127 omnes

250 5156 354 5211 sub
378 5164 471 5214 tua
498 5161 712 5215 ditione
732 5160 1060 5226 manebunt,
1083 5176 1185 5214 nec
1206 5159 1350 5213 alius
1370 5166 1454 5213 est
1474 5166 1646 5215 tanta:
1664 5160 1835 5215 absti-

251 5248 447 5303 nentiae
469 5250 571 5317 vir,
588 5250 684 5320 qui
706 5249 884 5321 possit
903 5250 1066 5303 istius
1086 5248 1277 5319 populi
1300 5248 1623 5317 gubernare
1646 5255 1838 5315 236

247 5335 476 5403 animas,
498 5356 563 5393 ac
578 5339 815 5393 sollicite
833 5343 1195 5410 pertractare.
1220 5338 1289 5392 Et
1312 5343 1375 5391 ut
1398 5337 1606 5391 certius
1629 5338 1832 5406 dicam,

248 5423 601 5481 dilectissime
624 5427 816 5493 frater,
852 5433 909 5481 te
942 5426 1213 5481 electione
1254 5442 1357 5479 sua
1384 5426 1655 5480 Dominus
1686 5428 1837 5481 desi-

248 5514 434 5582 gnavit
458 5517 528 5570 ad
555 5516 973 5587 suscipiendum
1003 5516 1154 5569 hunc
1167 5515 1464 5569 ministerii
1495 5515 1680 5569 locum
1704 5530 1715 5565 :
1738 5533 1837 5571 ne-

252 5617 524 5673 quaquam
553 5621 688 5675 ergo
708 5605 919 5660 cmlesti
946 5605 1158 5677 poteris
1179 5603 1559 5659 contradicere
1574 5605 1835 5674 jussioni.

1920 3226 2017 3263 vos
2047 3208 2272 3263 obedire
2294 3208 2620 3278 majoribus.

1994 3298 2251 3354 Secunda
2275 3297 2528 3351 mandati
2549 3301 2634 3350 est
2652 3294 2944 3365 subjectio,
2971 3299 3037 3349 ut
3053 3294 3113 3348 in
3140 3293 3343 3348 timore
3362 3297 3515 3348 casto

1919 3387 2176 3441 serviatis
2197 3387 2457 3441 Domino.
3138 3398 3145 3407 '

1990 3476 2179 3530 Tertia
2211 3474 2413 3546 positio
2447 3479 2549 3541 est,
2586 3477 2650 3527 ut
2677 3474 3060 3543 temperanter
3087 3474 3145 3524 et
3169 3469 3260 3541 pie
3281 3474 3338 3524 et
3361 3469 3515 3538 juste

1918 3565 2113 3619 vivatis
2139 3565 2195 3618 in
2223 3565 2327 3617 hoc
2356 3564 2557 3618 saeculo
2581 3564 2714 3633 (Tit.
2746 3564 2805 3629 II)
2823 3605 2835 3617 .

1989 3654 2203 3718 Quarta
2232 3652 2483 3707 mandati
2507 3650 2670 3717 ratio,
2695 3655 2759 3704 ut
2786 3665 3018 3720 corpora
3035 3654 3220 3703 vestra
3246 3646 3513 3718 afﬂigatis

1918 3760 2019 3815 per
2037 3759 2125 3797 om
2134 3742 2361 3812 nia,quo
2384 3740 2609 3812 possitis
2628 3738 2917 3810 acquirere
2932 3738 3252 3793 animarum
3273 3737 3512 3791 salutem

1917 3831 2196 3886 domando
2205 3830 2459 3902 jejuniis,
2484 3846 2552 3883 ac
2576 3827 2964 3882 mortificando
2983 3842 3231 3894 carnem,
3250 3825 3383 3898 quia
3394 3826 3515 3880 haec

1917 3926 2003 3976 est
2031 3919 2327 3974 delectatio
2353 3918 2626 3973 bonorum
2659 3933 2912 3988 operum.

1987 4010 2195 4074 Quinta
2211 4006 2805 4073 constitutio,orationi
2828 4006 3154 4076 frequenter
3169 4003 3512 4070 instare,sic—

1915 4104 1981 4153 ut
2003 4098 2366 4169 etApostolus
2380 4095 2763 4151 indesinenter
2773 4111 2934 4149 orare
2944 4111 3048 4149 nos
3055 4093 3220 4165 jubet
3235 4093 3307 4162 (Ι.
3332 4094 3506 4147 Thess.

1916 4194 1993 4254 v).
2026 4187 2264 4242 Orantes
2305 4186 2511 4257 quippe
2540 4196 2764 4255 semper
2803 4200 2870 4237 ac
2892 4184 3238 4254 jejunantes,
3290 4188 3349 4235 et
3378 4181 3510 4235 fidei

1914 4276 2128 4330 donain
2149 4275 2421 4329 memoria
2442 4274 2714 4327 mentium
2736 4271 3051 4326 tenebimus
3073 4272 3267 4335 infixa,
3297 4276 3363 4324 ut
3386 4286 3512 4339 pos-

1916 4365 2092 4419 simus
2121 4363 2549 4418 scaturientium
2580 4361 2897 4415 daemonum
2926 4374 3193 4429 superare
3221 4362 3505 4412 naturam.

1850 4445 1900 4503 D
1989 4453 2254 4523 Sequitur
2282 4450 2435 4504 aliud
2480 4466 2659 4520 genus
2708 4448 2936 4512 erroris,
2966 4448 3022 4502 in
3053 4464 3162 4518 quo
3192 4447 3378 4515 majus
3423 4451 3509 4500 est

1915 4542 2117 4596 animae
2137 4542 2425 4605 damnum,
2466 4537 2741 4610 superbiae
2783 4537 2995 4591 malum
3044 4552 3144 4607 per
3170 4534 3363 4589 omnia
3385 4550 3509 4588 esse

1915 4631 2259 4685 cavendum:
2295 4629 2412 4683 haec
2457 4628 2721 4698 angelum
2768 4627 2827 4680 in
2876 4624 3183 4697 primordio
3211 4622 3408 4677 mundi
3438 4622 3508 4676 de

1916 4721 2057 4775 caelo
2088 4719 2311 4789 dejecit,
2344 4723 2402 4772 et
2442 4717 2698 4772 novimus
2727 4714 3046 4787 superbiam
3073 4712 3346 4783 originale
3387 4728 3509 4766 esse

1914 4814 2223 4881 peccatum.
2255 4808 2341 4862 Ad
2372 4824 2540 4878 quam
2572 4804 2973 4859 excludendam
2990 4802 3058 4855 de
3078 4800 3511 4871 cogitationibus

1914 4898 2122 4952 nostris
2152 4897 2332 4951 Deum
2348 4912 2571 4967 semper
2598 4894 2983 4964 deprecemur,
3005 4896 3069 4945 ut
3088 4891 3330 4945 donetur
3348 4888 3511 4945 nobis

1916 4987 2096 5042 forma
2114 4985 2469 5061 humilitatis.

1987 5074 2217 5129 Accedit
2246 5079 2302 5129 et
2329 5072 2440 5126 alia
2459 5068 2742 5125 infestatio
2771 5067 2968 5121 mortis
2997 5066 3054 5121 in
3079 5083 3328 5138 corpore,
3364 5066 3412 5120 si
3440 5065 3512 5122 de

1917 5163 2169 5218 saeculari
2227 5161 2489 5215 vitiorum
2553 5174 2724 5212 causa
2789 5155 3189 5211 monachorum
3252 5156 3515 5211 sollicitet

1919 5268 2280 5325 quemquam.

1989 5340 2320 5395 Funiculum
2354 5354 2481 5391 vero
2518 5336 2810 5391 charitatis
2849 5340 2981 5389 ante
3022 5334 3212 5390 omnia
3240 5334 3391 5388 inter
3417 5349 3513 5387 vos

1920 5429 2140 5494 habete,
2165 5428 2272 5481 ﬁde
2302 5426 2569 5481 continua
2596 5426 2655 5479 in
2678 5441 2776 5495 spe
2802 5429 3114 5491 manentes,
3146 5422 3411 5493 quoniam
3439 5420 3513 5474 ad

1920 5534 2157 5589 regnum
2196 5516 2295 5571 Dei
2324 5515 2604 5571 festinatis
2640 5512 3149 5568 aeternitatisCura
3184 5527 3317 5581 ergo
3355 5507 3515 5562 disci-

1921 5608 2087 5681 plinae
2114 5607 2513 5661 monachorum
2526 5603 2773 5677 perfecta
2787 5607 2873 5656 est
2882 5601 3125 5656 dilectio.
3146 5600 3279 5654 Haec
3292 5594 3515 5651 vincula
