3942 6200
423 313 532 370 435

1463 309 1555 379 ΠΕ
1589 309 1778 375 VITIS
1816 309 2112 379 PATBUM
2147 309 2362 376 LIBER
2396 308 2686 378 PRIMUS.

3591 293 3702 368 ﬁ

429 439 720 504 charitatis
748 444 806 494 et
831 437 980 509 pacis
1010 439 1285 493 exornant
1314 435 1434 496 sine
1459 431 1727 514 avaritia.
1761 435 1939 504 Igitur
1967 435 2023 488 in
2043 438 2088 506 Α
2106 436 2324 511 plicitas
2345 437 2642 502 conﬁrmat
2670 434 3088 506 Seripturarum
3107 421 3701 514 ΠθίΜιιὶιὶῇρΐᾷῑρῄἀβ

429 529 728 583 dilectione
746 527 964 582 sincera
983 525 1180 584 modus
1197 523 1480 584 sufﬁciens
1507 529 1595 584 est
1623 524 2022 594 praesentibus;

431 621 490 671 et
514 617 611 688 qui
625 615 859 678 invicem
871 613 1132 683 diligunt,
1159 612 1259 680 lilii
1278 613 1436 682 regni
1454 611 1817 688 vocabuntur.
1836 613 2020 676 Perfe-

430 705 572 760 ctius
615 703 852 758 invicem
879 702 1203 775 diligentes,
1250 701 1358 772 ipsi
1387 706 1521 759 sunt
1554 701 1650 772 qui
1680 701 2025 766 manducaui:

427 808 632 865 panem
659 792 719 846 in
748 808 921 863 regno
948 791 1054 846 Dei
1071 791 1194 848 sine
1215 791 1438 850 macula
1468 792 1640 856 (Lucr
1666 791 1802 860 XIV).
1827 789 2021 855 Perfe-

428 881 502 937 cti
531 897 664 952 ergo
691 881 869 948 eritis,
910 881 959 952 si
1007 879 1284 939 mundum
1311 867 1646 942 sacriﬁcium
1674 879 1920 940 Charitas
1963 880 2023 942 in

429 970 659 1026 odorem
687 969 980 1025 suavitatis
1023 969 1140 1026 zelo
1185 967 1500 1028 succendat.
1553 967 1832 1029 Gaudebit
1871 969 2023 1031 enim

428 1059 704 1114 Dominus
723 1060 886 1114 Jesus
911 1057 971 1113 in
999 1055 1175 1122 vobis,
1208 1057 1342 1128 quia
1361 1056 1572 1119 fecistis
1609 1057 1852 1118 ﬁdeliter
1875 1044 2024 1137 quod

427 1147 548 1219 ipse
577 1147 879 1202 mandavit.
913 1148 1058 1202 Nam
1078 1146 1262 1216 prima
1285 1144 1424 1215 legis
1442 1145 1500 1202 in
1516 1151 1707 1212 monte.
1725 1146 1861 1206 Sina
1879 1146 2028 1207 ordi-

432 1237 588 1290 natio
616 1237 734 1291 haec
761 1236 832 1290 ad
860 1237 1090 1306 Moysen
1115 1235 1247 1291 data
1277 1240 1362 1291 est
1385 1252 1395 1290 :
1424 1234 1655 1305 Diliges,
1684 1235 1886 1306 inquit,
1921 1235 2026 1296 Do-

433 1326 652 1380 minum
693 1326 873 1379 Deum
909 1329 1070 1392 tuum
1101 1341 1166 1380 ex
1205 1328 1322 1381 toto
1351 1323 1516 1381 corde
1549 1329 1668 1389 tuo,
1711 1330 1768 1385 et
1805 1341 1872 1381 ex
1911 1329 2028 1384 tota

435 1414 628 1468 anima
647 1418 748 1468 tua
780 1415 956 1483 (Deut.
984 1427 1064 1476 v1;
1100 1415 1226 1469 Luc.
1255 1429 1318 1478 x;
1351 1413 1516 1468 Leuit.
1555 1413 1683 1483 xxx).
1718 1413 1978 1473 Secunda
2008 1427 2022 1467 :

435 1503 652 1573 Diliges
671 1502 986 1573 proximum
1017 1506 1196 1569 tuum,
1229 1501 1373 1558 sicut
1398 1501 1662 1570 teipsum.
1685 1501 1860 1558 Vacat
1877 1501 2027 1562 enim

434 1591 658 1647 dilectio
685 1592 807 1658 Dei,
840 1591 947 1645 nisi
963 1593 1241 1662 jungatur
1271 1595 1327 1646 et
1353 1590 1855 1668 proxirqulenum
1877 1590 2029 1650 enim

433 1687 777 1752 praeceptum
809 1681 1078 1743 veritatis,
1113 1685 1178 1734 ut
1205 1670 1436 1738 maneat
1463 1681 1522 1734 in
1553 1697 1722 1738 sensu
1741 1681 2031 1744 individua

2107 527 2222 587 Deo
2251 525 2416 589 aliter
2445 525 2771 592 sentientes,
2803 522 3128 580 exciderunt
3150 515 3498 583 adilectione
3521 512 3704 584 ipsius

2106 619 2164 679 et
2187 614 2568 687 proximorum
2589 628 2840 680 suorum-
2872 609 2980 684 Qui
3001 613 3191 678 autem
3205 601 3530 678 huiusmodi
3544 604 3699 675 sueta

2105 703 2566 778 βυάἱειηιββνμβῑλ
2584 701 2915 777 prophetam.
2935 698 3232 773 dicentem:
3252 694 3367 772 Pas
3381 689 3708 778 iustitiae?

2102 775 2550 868 honorristatis
2578 775 2822 864 (Bamb
2848 792 2924 865 γ).
2953 786 3044 863 Sic
3082 783 3234 860 enim
3277 781 3470 856 videns
3507 775 3707 868 pepuli

2103 866 2192 956 ﬁlii
2220 881 2574 957 dilectionem
2597 876 2966 955 fraternitatis
2979 891 3100 948 esse
3117 873 3521 953 incorruptam,
3552 866 3710 957 inter

2105 955 2334 1044 cunctos
2361 969 2496 1046 facit
2523 985 2618 1043 ess.
2638 967 2901 1042 amicitiae
2929 964 3032 1026 Dei
3052 962 3173 1034 ﬁeri
3199 960 3398 1038 socias.
3423 955 3708 1046 Quoniam

2106 1059 2204 1133 qui
2227 1059 2470 1128 diligunt
2497 1057 2697 1131 Deum,
2728 1054 3037 1128 secundum
3059 1051 3192 1108 boni
3225 1047 3410 1124 operis
3437 1045 3706 1126 gloriam,

2105 1148 2341 1222 invicem
2362 1149 2420 1202 in
2431 1146 2693 1223 operibus
2709 1144 2872 1218 bonis
2889 1143 3112 1220 irritam
3125 1139 3340 1214 faciunt
3357 1137 3527 1198 vitam
3538 1134 3711 1198 istius

2107 1237 2322 1310 mundi,
2340 1236 2697 1308 profanantes
2709 1231 2981 1311 quidquid
3000 1247 3064 1296 ex
3078 1227 3300 1292 diabolo
3318 1232 3403 1292 est
3413 1224 3714 1302 cogitatio-

2110 1343 2243 1380 num
2276 1327 2552 1379 malarum
2581 1325 2640 1378 in
2672 1322 2934 1391 cordibus
2955 1319 3057 1385 Dei
3076 1333 3399 1382 servorum;
3436 1314 3712 1386 quoniam

2110 1415 2344 1490 cupiunt
2372 1414 2839 1486 anachoretarum
2865 1409 3075 1486 perfrui
3099 1405 3288 1470 vita,si
3322 1421 3522 1487 corpus
3548 1401 3712 1460 abdi-

2110 1510 2240 1572 cant
2249 1504 2431 1572 adhuc
2443 1503 2502 1566 in
2511 1509 2664 1564 terra
2679 1500 2985 1576 positigam
2999 1495 3316 1566 Cthlestibus.
3331 1493 3706 1563 delectentur,

2110 1593 2249 1656 nihil
2267 1599 2558 1658 terrenum
2579 1607 2807 1663 prorsus
2822 1588 3137 1663 exquirant,
3151 1585 3241 1655 utj
3249 1599 3338 1658 aro
3350 1581 3709 1657 εὲεωιξπῇντφ

2111 1681 2474 1753 tenebrarum
2511 1696 2708 1735 causas
2736 1678 3126 1750 cc-nculcantes
3154 1691 3220 1730 ac
3260 1674 3706 1754 prosternentes.

433 1771 632 1840 regula
670 1770 980 1827 charitatis.
1023 1771 1180 1832 Tunc
1212 1787 1346 1839 ergo
1383 1769 1606 1824 dilectio
1647 1768 1812 1824 beata
1839 1769 1948 1826 erit
1972 1752 2122 1847 inBj
2181 1771 2392 1840 Verum
2424 1770 2556 1842 quia
2583 1767 2898 1830 cmlestibus
2925 1761 3247 1836 regionibus.
3267 1752 3407 1831 apti,
3440 1775 3535 1824 V05.
3563 1759 3712 1832 satis

433 1860 620 1930 pleno,
653 1859 701 1913 si
733 1859 876 1912 colla
907 1858 1238 1912 obedientiae
1269 1857 1569 1929 posueritis
1590 1858 1897 1928 proposito.

433 1947 438 1952 ’
506 1947 841 2002 Obedientia
905 1963 1129 2018 quoque
1177 1947 1238 2000 in
1265 1947 1698 2017 congregatione
1743 1947 2024 2018 laudatur.

435 2035 590 2090 Nihil
623 2034 778 2100 vobis
811 2035 1078 2106 proderit,
1128 2035 1305 2105 ﬁlioli,
1339 2036 1386 2088 si
1416 2035 1936 2104 diligitis‘invicem,
1973 2041 2030 2091 et

433 2140 547 2178 non
576 2123 744 2178 vultis
769 2124 1009 2188 invicem
1028 2123 1273 2185 obedire.
1297 2123 1532 2178 Dilectio
1563 2123 1686 2180 sine
1710 2123 2032 2182 obedientia

436 2211 602 2266 faciet
625 2213 1008 2277 criminosum,
1042 2217 1100 2266 et
1117 2213 1460 2268 conscientia
1476 2229 1710 2282 aegrum.
1739 2211 2032 2280 Quomodo

437 2301 588 2355 enim
607 2317 842 2371 gramen
870 2300 1167 2355 seminales
1196 2301 1434 2372 impedit
1459 2301 1689 2365 fructus,
1725 2302 1804 2358 sic
1837 2301 2034 2360 inobe-

433 2390 597 2444 diens
609 2391 779 2444 homo
787 2389 997 2444 frustra
1006 2391 1084 2460 jej
1091 2395 1311 2458 unat,et
1325 2391 1591 2460 orationis
1601 2391 1818 2448 nullum
1833 2391 2037 2461 accipit

435 2479 886 2549 fructumJgitur
897 2479 992 2549 qui
1015 2495 1073 2532 ιη
1092 2495 1205 2533 uno
1221 2495 1342 2532 esse
1363 2479 1844 2550 concupiscunt,et
1853 2480 2036 2537 vivere

433 2573 623 2622 mente
642 2564 926 2622 communi
948 2567 1362 2638 disposuerunt,
1387 2569 1444 2622 hi
1459 2567 1705 2623 consiliis
1725 2569 2034 2639 majoribus

434 2656 988 2728 serviant.Quidquid
999 2673 1066 2710 ex
1073 2656 1321 2712 consiliis
1332 2657 1662 2727 processerit
1673 2658 1902 2715 Patrum
1911 2698 1924 2722 ,
1932 2658 2036 2714 hoc

433 2749 603 2806 faciat
629 2751 762 2821 quia
788 2749 1126 2822 perfectione
1144 2751 1326 2805 adhuc
1354 2751 1548 2822 procul
1566 2757 1669 2804 est.
1701 2751 2029 2822 Quicunque

433 2839 612 2895 ﬁ'ater
635 2839 822 2894 oneris
841 2839 1129 2910 quidpiam
1149 2839 1290 2894 collo
1309 2857 1412 2894 suo
1439 2840 1763 2912 portaverit,
1782 2856 1884 2894 nec
1903 2842 2028 2912 qui-

434 2927 567 2983 dem
583 2929 846 2988 sustinet,
873 2929 944 2982 de
964 2929 1201 2983 humero
1229 2945 1332 2982 suo
1358 2945 1500 2983 onus
1515 2934 1752 2993 exstare,
1783 2929 1834 2984 si
1858 2929 2029 2985 abbas

435 3033 681 3088 praesens
707 3016 896 3082 fuerit,
928 3017 1215 3087 reperiens
1241 3033 1445 3088 aquam
1466 3017 1732 3072 scativam
1758 3017 1873 3072 sive
1899 3036 2029 3090 ger-

2111 1861 2331 1934 placere
2349 1857 2610 1930 convenit
2630 1855 2900 1922 Creatori,
2924 1853 3168 1927 virgines
3185 1855 3372 1908 mente
3395 1853 3453 1920 et
3470 1863 3711 1932 corpore

2110 1953 2523 2022 permanentes,
2541 1947 2754 2018 fructus
2775 1944 2904 2018 fidei
2925 1948 2982 1998 et
3007 1943 3203 2010 limam
3230 1937 3503 2004 sermonis
3533 1951 3716 2011 quam

2112 2039 2351 2108 maxime
2378 2041 2796 2105 conservantes;
2819 2033 2976 2107 nefas
3002 2037 3089 2106 est
3101 2031 3252 2096 enim
3279 2033 3344 2102 ut
3369 2026 3717 2096 monachum

2113 2130 2239 2200 quis
2267 2127 2642 2199 reprehendat
2668 2125 2726 2192 in
2751 2123 2969 2193 modico
2995 2121 3154 2196 veiin
3184 2119 3442 2194 maxime.
3463 2117 3720 2191 Irrepre-

2115 2218 2414 2284 hensihiles
2445 2215 2594 2270 enim
2617 2231 2719 2284 nos
2749 2229 2872 2278 esse
2911 2214 3188 2286 oportere,
3219 2205 3518 2284 Apostolus
3546 2204 3721 2266 docet

2119 2309 2331 2376 (Coloss.
2365 2311 2460 2373 iv),
2484 2310 2542 2372 et
2561 2308 2625 2358 ut
2643 2317 2828 2359 sermo
2863 2304 3056 2373 noster
3068 2299 3127 2372 in
3139 2296 3326 2372 gratia
3343 2295 3460 2359 sale
3489 2307 3724 2364 semper

2116 2397 2192 2462 sit
2202 2394 2478 2461 conditus,
2507 2391 2720 2456 scilicet
2736 2389 3092 2463 condimento
3109 2402 3218 2456 quo
3239 2401 3339 2459 nos
3359 2380 3722 2464 Evangelista

2119 2484 2382 2552 condivit,
2399 2482 2590 2552 dicens
2613 2481 2748 2546 :Yos
2769 2478 2902 2550 estis
2921 2477 3002 2549 sal
3023 2483 3186 2545 terra:
3209 2473 3421 2544 (Matth.
3451 2475 3525 2539 γ).
3550 2469 3722 2550 Quod

2117 2579 2246 2644 peto
2276 2578 2340 2629 ut
2367 2588 2478 2639 non
2507 2571 2565 2640 in
2607 2568 2763 2636 vobis
2789 2569 3104 2639 evanescat,
3131 2580 3201 2624 ne
3230 2562 3389 2641 forte,
3426 2576 3553 2632 cum
3579 2575 3725 2630 eva-

2116 2663 2322 2729 nuerit,
2379 2666 2537 2727 extra
2576 2655 3068 2729 congregationem
3131 2648 3507 2724 multitudinis
3563 2647 3724 2724 foras

2117 2753 2466 2824 Proiiciatur,
2499 2747 2704 2818 linguis
2731 2745 3088 2818 inimicorum
3110 2740 3359 2819 quotidie
3378 2737 3718 2812 maculam.

2107 2843 2266 2907 dum.

2183 2933 2300 2994 Hoc
2323 2935 2513 2994 autem
2533 2927 2784 2992 obsecro,
2809 2922 3301 2991 filioli,secundum
3323 2919 3558 2996 fortnam
3580 2933 3712 2998 qua:

2111 3021 2251 3084 mihi
2279 3021 2412 3082 data
2434 3023 2520 3082 est
2537 3019 2607 3084 de
2624 3031 2795 3080 manu
2814 3013 3018 3086 angeli,
3039 3011 3237 3086 facere
3255 3009 3504 3083 linguam
3524 3007 3714 3083 detre-

434 3105 748 3160 minantem
766 3106 865 3173 (7),
883 3109 1085 3176 praeter
1103 3104 1322 3159 abbatis
1343 3106 1638 3161 consilium
1656 3107 1947 3161 diverterit
1959 3107 2030 3170 ad
2049 3110 2094 3170 Ο
2110 3110 2368 3174 bentium
2397 3109 2738 3179 iniquorum,
2769 3104 2866 3184 qui
2893 3101 3140 3158 mordaci
3169 3100 3358 3168 dente,
3381 3097 3552 3177 etiam
3585 3096 3713 3176 sine

431 3193 1103 3260 bibendum,autalterius
1110 3193 1302 3249 fratris
1313 3211 1502 3250 secum
1516 3195 2028 3260 comitantis,etiam

431 3281 697 3353 junioris,
721 3277 1010 3354 peccatum
1020 3283 1220 3350 fecisti,
1237 3283 1335 3354 qui
1358 3289 1564 3355 praeter
1581 3283 2028 3340 benedictionem

436 3387 643 3444 aquam
671 3371 1065 3443 potasti.Quod
1081 3371 1130 3426 si
1150 3373 1303 3426 calor
1312 3373 1444 3428 solis
1461 3373 1815 3438 exarserit,et
1846 3375 2031 3430 volue-

437 3459 516 3515 ris
537 3459 750 3524 bibere,
781 3466 840 3516 et
877 3459 1050 3515 abbas
1081 3461 1153 3516 ad
1179 3466 1235 3516 te
1261 3467 1446 3528 θεία
1479 3463 1818 3518 domandum
1846 3465 2033 3536 prohi-

433 3548 648 3617 buerit;
666 3550 714 3604 si
735 3550 821 3604 vel
847 3551 2032 3623 mentemurmuraveris,deliquisti.Deinde

438 3638 488 3693 si
516 3639 574 3696 in
594 3639 686 3693 via
711 3638 1012 3693 calcaveris
1040 3638 1280 3710 spinam,
1301 3655 1415 3694 non
1436 3646 1522 3694 est
1540 3641 2033 3708 educenda,donec

440 3727 612 3781 abbas
631 3727 980 3798 praeceperit.

509 3815 713 3871 Procul
740 3813 811 3868 ab
836 3815 1071 3868 invicem
1099 3821 1389 3871 contextus
1417 3816 1556 3872 vites
1585 3819 1840 3878 sternite.

511 3903 655 3958 Cum
665 3903 735 3957 ad
747 3903 1141 3957 dormiendum
1152 3906 1798 3974 seceditis,interstitium
1812 3909 2032 3964 cubitus

438 3989 714 4046 habeatur
731 3991 920 4058 unius;
942 4008 1032 4058 ne,
1057 3993 1193 4047 dum
1219 3994 1290 4048 ad
1311 3994 1552 4050 invicem
1572 3997 1889 4068 proximant
1906 4015 2032 4053 cor-

440 4096 600 4152 pora,
613 4081 942 4139 nutriantur
965 4081 1212 4137 libidinis
1238 4083 1535 4138 incentiva.

504 4169 682 4224 Porro
694 4170 985 4240 negotium
1000 4171 1198 4236 noctis,
1217 4179 1446 4244 propter
1460 4173 1730 4245 lucifugae
1749 4176 2030 4232 demones

434 4265 493 4314 et
514 4259 850 4330 noctipetas,
875 4259 933 4314 in
953 4259 1192 4331 spiritali
1217 4278 1386 4332 opere
1405 4270 1728 4334 peragatur.
1765 4265 2030 4337 Experre-

429 4348 535 4403 ctis
553 4354 744 4404 autem
773 4349 928 4404 nulla
939 4349 1008 4402 de
1019 4351 1376 4406 saecularibus
1388 4369 1560 4407 causa
1574 4353 1898 4424 ingerenda,
1927 4355 2030 4410 do-

2109 3217 2298 3264 causa.
2330 3197 2585 3262 Ecclesiae
2601 3193 2809 3262 Christi
2837 3192 3111 3264 insultare
3131 3189 3416 3265 festinant-

2181 3288 2585 3353 Dissensiones,
2619 3301 2760 3357 quas
2793 3281 3010 3350 habetis
3038 3280 3188 3354 inter
3201 3295 3318 3346 vos,
3346 3275 3603 3356 projicite
3633 3274 3704 3352 ab

2115 3377 2368 3443 invicem,
2398 3377 2638 3441 scientes
2664 3373 2969 3441 Dominum
3011 3374 3268 3443 nostrum
3297 3382 3411 3428 non
3439 3381 3564 3431 esse
3591 3364 3710 3433 dis-

2114 3467 2408 3532 sensionis,
2441 3465 2538 3520 sed
2568 3463 2719 3535 pacis
2752 3463 2801 3530 (I
2825 3461 3100 3525 Cor.x1vi.
3133 3457 3193 3512 Si
3223 3472 3336 3527 qua
3352 3455 3528 3526 igitur
3554 3470 3712 3530 scan-

2114 3557 2259 3620 dala,
2293 3555 2519 3618 inimico
2535 3555 2892 3624 suggerente,
2925 3549 3098 3604 frater
3113 3545 3284 3604 habet
3311 3545 3579 3606 adversus
3594 3543 3709 3598 fra-

2113 3653 2278 3708 trem,
2309 3649 2540 3716 propter
2566 3639 2964 3706 obedientiam,
2995 3636 3104 3695 fidc
3133 3640 3407 3698 etstante,
3429 3633 3706 3702 dimittat;

2115 3734 2382 3806 quoniam
2412 3749 2516 3803 ego
2545 3748 2658 3786 non
2685 3747 2751 3785 ex
2781 3745 2872 3784 me
2899 3728 3115 3798 loquor,
3143 3725 3240 3784 sed
3262 3741 3328 3784 ex
3353 3723 3492 3787 Deo;
3525 3722 3624 3793 qui
3650 3721 3708 3786 in

2114 3839 2286 3878 manu
2306 3822 2490 3877 nuntii
2520 3821 2608 3876 sui
2628 3819 2820 3874 docuit
2849 3833 2958 3872 me.

2184 3913 2254 3967 Et
2281 3913 2331 3966 si
2359 3909 2736 3972 obedientiam
2769 3906 2999 3978 praelato
3020 3901 3391 3975 pmbueritis,
3422 3900 3706 3972 hospitali-

2111 4007 2289 4056 tatem
2317 3999 2720 4073 peregrinanti,
2746 4015 2812 4052 ex
2841 3999 3116 4068 praecepto
3145 3993 3368 4058 Domini
3399 3992 3598 4051 facitis.

2184 4091 2246 4146 Si
2275 4091 2394 4144 ﬁeri
2426 4095 2628 4160 potest,
2661 4088 2815 4144 nullo
2837 4091 2997 4157 pacto
3023 4084 3184 4138 miles
3213 4083 3316 4139 Dei
3335 4081 3503 4138 debet
3519 4081 3699 4146 irasci,

2112 4196 2226 4234 non
2255 4181 2435 4238 solum
2465 4179 2533 4232 ad
2555 4177 2753 4244 socios,
2784 4191 2978 4230 verum
3010 4174 3180 4228 etiam
3214 4171 3286 4226 ad
3317 4175 3630 4228 astruens.

2183 4271 2248 4324 In
2269 4283 2602 4339 quocunque
2621 4265 2864 4336 negotio,
2892 4263 3082 4318 nullus
3103 4260 3457 4332 saecularium
3483 4274 3701 4318 servum

2111 4359 2212 4413 Dei
2225 4356 2709 4427 audeatjudicare,
2737 4354 2873 4424 quia
2888 4353 3038 4408 inter
3051 4367 3110 4408 se
3131 4356 3188 4406 et
3207 4350 3365 4406 illum
3383 4347 3700 4411 distat.Non

429 4454 535 4492 nec
545 4439 616 4493 ad
625 4439 762 4510 galli
771 4443 1019 4505 cantum,
1050 4439 1426 4500 fraternarum
1439 4443 1758 4498 orationum
1775 4462 2024 4500 commu—
2044 4467 2092 4526 D
2108 4447 2342 4518 patiaris
2353 4447 2714 4516 coniugatum
2722 4443 2934 4514 judicio
2943 4447 3130 4496 tecum
3141 4437 3698 4513 contenderemqu

424 4527 516 4581 nis
544 4527 684 4582 hora
697 4530 977 4585 succedat.
1010 4532 1258 4586 Alterius
1276 4533 1423 4588 vocis
1433 4538 1630 4588 cantus
1650 4535 1892 4589 alterum
1913 4553 2026 4591 non

381 4687 385 4691 γ
429 4617 634 4672 excitet
659 4618 731 4671 ad
760 4619 1036 4675 orandum
1061 4639 1074 4687 ;
1105 4621 1204 4674 sed
1232 4638 1359 4676 cum
1379 4638 1544 4676 suum
1569 4628 1764 4693 pectus
1784 4625 2025 4681 tundere

429 4707 678 4777 ceperit,
721 4707 816 4780 qui
855 4709 1100 4780 primum
1140 4717 1498 4780 experrectus
1544 4717 1649 4773 est,
1695 4721 2026 4784 provocetur

429 4795 601 4850 etiam
630 4796 725 4850 ille
737 4799 1072 4868 quidormit,
1105 4817 1422 4870 exsurgere.
1449 4801 1769 4872 Saepeenim
1786 4805 2026 4864 Satanas

427 4898 628 4938 somno
642 4885 892 4942 animam
917 4894 1138 4960 captam
1151 4890 1440 4944 nocturnis
1456 4890 1686 4946 involvit
1694 4893 2026 4949 tenebris.ut

430 4969 500 5024 ab
513 4973 784 5028 orationis
805 4978 1113 5046 patrocinio
1127 4983 1387 5050 separata
1408 4978 1499 5046 sit,
1523 4987 1791 5051 operante
1802 4982 2024 5038 diabolo

429 5059 581 5114 socio
606 5062 990 5119 tenebrarum.
1034 5067 1166 5122 Ideo
1203 5067 1324 5122 dico
1353 5069 1527 5135 vobis,
1561 5069 1738 5136 ﬁlioli,
1775 5072 2022 5142 vigilate.

428 5148 564 5219 quia
626 5151 854 5206 nescitis
911 5171 1025 5224 qua
1085 5156 1227 5210 hora
1291 5157 1384 5212 fur
1447 5159 1635 5214 veniet
1698 5161 2024 5216 animarum

429 5238 648 5304 (Matth.
680 5239 854 5308 xx1v).

497 5326 732 5383 Studete
757 5327 933 5400 igitur
971 5333 1317 5404 complacare
1353 5337 1490 5405 Deo,
1541 5339 2021 5396 conversationem

419 5415 698 5494 habentes
707 5417 1246 5489 spiritalem.Divina
1260 5426 1528 5480 mandata
1542 5427 1601 5482 in
1618 5428 2018 5484 dilectioneDei

422 5523 552 5584 cum
571 5506 868 5578 sapientia,
892 5507 1034 5579 legis
1047 5517 1328 5582 praecepta
1345 5513 1405 5567 in
1436 5515 1644 5570 tabulis
1666 5518 1918 5574 cordium
1933 5535 2020 5573 ve-

419 5602 667 5652 strorum
684 5596 928 5664 sint;nec
948 5599 1175 5670 quidem
1198 5601 1440 5674 amplius
1454 5605 1683 5676 sapiatis
1697 5623 1868 5679 quam
1889 5607 2019 5664 sim-

2112 4541 2199 4590 est
2244 4536 2394 4590 enim
2425 4533 2700 4595 monacho
2721 4532 2998 4596 'ﬁ‘audem
3029 4535 3086 4586 et
3126 4529 3364 4600 injurias
3401 4527 3694 4591 sustinere,

2111 4642 2277 4696 quam
2308 4631 2372 4680 ut
2399 4623 2664 4678 audiatur
2693 4639 2790 4676 vox
2818 4620 3014 4687 militis
3047 4617 3253 4674 Christi
3279 4617 3341 4672 in
3364 4619 3628 4674 clamore.

2180 4716 2305 4768 Non
2325 4715 2484 4768 decet
2508 4712 2844 4766 monachum
2860 4726 3029 4766 causa
3047 4707 3298 4779 pecuniae
3320 4723 3444 4762 esse
3457 4705 3696 4776 negotia-

2108 4811 2306 4870 torem,
2351 4803 2447 4857 sed
2491 4801 2800 4856 caelestium
2837 4799 3113 4864 bonorum
3142 4798 3299 4853 lucra
3335 4802 3690 4853 mercantem.

2109 4893 2383 4952 Praedicet
2410 4891 2638 4946 verbum
2669 4890 2886 4953 salutis,
2908 4889 3128 4943 animas
3147 4887 3348 4943 invitet
3365 4888 3437 4941 ad
3479 4887 3689 4946 omium,

2107 4982 2177 5035 ad
2225 4981 2465 5036 nihilum
2507 4979 2750 5033 deducat
2801 4979 2990 5033 saeculi
3019 4977 3384 5032 desiderium.
3414 4977 3530 5030 Cor
3553 4975 3690 5031 enim

2109 5070 2492 5125 Christianum
2523 5069 2758 5132 exsulta,
2791 5067 3033 5122 maxime
3069 5058 3214 5128 servi
3243 5065 3363 5132 Dei,
3396 5072 3690 5138 tyrannum

2107 5159 2488 5213 fraudatorem
2509 5157 2846 5222 animarum,
2864 5157 3066 5212 divinae
3085 5157 3304 5211 virtutis
3324 5157 3579 5211 oratione
3603 5172 3685 5210 ei-

2107 5253 2339 5319 pugnat.
2509 5237 2514 5247 ’

2173 5339 2333 5404 Quod
2346 5338 2392 5393 si
2412 5343 2656 5393 terrores
2672 5338 2889 5409 aliquos
2904 5337 3220 5403 intulerint,
3253 5343 3446 5393 currat
3459 5337 3532 5392 ad
3547 5335 3686 5390 auxi-

2101 5429 2239 5484 lium
2261 5429 2459 5494 crucis,
2484 5428 2676 5482 statim
2693 5428 2788 5482 ille
2801 5428 3047 5482 recedet:
3069 5427 3318 5482 versutia
3337 5429 3461 5498 ejus
3493 5423 3682 5480 crebris

2101 5518 2446 5573 orationibus
2477 5525 2535 5572 et
2556 5517 2790 5588 jejuniis
2807 5517 3489 5598 devincitur..F‘ilioli,quid
3506 5516 3576 5570 ad
3597 5529 3678 5572 ve-

2101 5612 2278 5662 stram
2305 5607 2552 5682 pertinet
2598 5625 2811 5674 curam,
2853 5609 2902 5664 si
2929 5609 3195 5668 adversus
3241 5625 3339 5669 v.08
3366 5605 3678 5668 conveniant
