3942 6200
479 372 584 431 439

1501 365 1594 419 DE
1630 363 1818 418 VITIS
1854 361 2150 416 PATRUM
2187 357 2402 414 LIBER
2437 352 2756 411 PRIMUS.‘

3588 343 3674 401 Ilio

483 500 745 572 operibus
765 495 1087 550 renuntiare
1116 492 1268 546 omni
1299 491 1464 544 modo
1493 489 1776 551 condecet,
1804 491 1870 538 ut
1897 483 2062 536 coele-
2083 487 2133 544 A
2151 497 2323 552 quere
2353 478 2576 550 poterit,
2627 476 2810 546 ipsum
2846 470 3058 542 jugiter
3104 466 3161 520 in
3196 468 3377 518 mente
3425 461 3668 526 habentes,

2520 566 2568 572 --
2811 567 2818 572 .
2902 560 2986 572 ΛΑ
3058 562 3067 572 ι
3158 555 3168 566 ⁵
3202 555 3332 572 ικημ-
3375 551 3650 572 ]-Ι-ᾼ-μξημ-κ

483 594 629 643 stem
675 598 1088 654 consequamur
1106 580 1320 634 vitam?
1367 579 1721 648 QuaprOpter
1773 587 2076 644 pergamus

484 677 553 731 ad
585 690 858 737 eremum,
891 671 1033 725 nihil
1080 669 1369 724 nobiscum
1402 667 1664 730 ferentes,
1689 663 1759 716 ad
1783 660 2074 732 acquiren-

482 765 611 819 dam
638 762 921 816 celestem
937 759 1272 830 gloriam,et
1301 755 1646 827 superiorem
1676 742 2075 820 investigemus

481 869 547 907 ex
571 849 870 906 virtutibus
889 848 1262 918 disciplinam.
1281 845 1380 900 His
1393 844 1558 898 dictis
1586 839 1830 914 universi
1845 853 2076 893 consen-

480 957 635 1008 sere;
659 939 1084 1006 deferentesque
1095 936 1168 990 ad
1188 950 1440 989 eremum
1455 947 1644 986 secum
1665 946 1836 1002 parva
1857 929 2076 982 olerum

481 1029 780 1095 scmina,et
796 1027 884 1080 bis
915 1031 1127 1091 acutos,
1161 1039 1472 1095 parvosque
1523 1019 1770 1074 sarculos
1791 1016 1888 1087 (2),
1922 1015 2070 1070 unde

481 1119 717 1174 humum
759 1116 1103 1180 defoderent,
1145 1112 1377 1184 profecti
1400 1113 1613 1168 sunt.et
1629 1112 1904 1162 venerunt
1921 1105 2002 1158 ita
2018 1104 2076 1157 in

481 1223 734 1262 eremum
768 1225 780 1260 :
827 1220 1139 1274 rursusque
1169 1201 1507 1256 Frontonius
1531 1199 1640 1253 ait:
1701 1195 1974 1250 Dominus
2018 1192 2077 1246 in

481 1296 782 1366 Evangelio
813 1295 894 1348 ait
918 1313 928 1347 :
955 1293 1139 1347 Nolite
1173 1291 1418 1362 cogitare
1448 1288 1581 1359 quid
1594 1283 1960 1348 manducetis,
1976 1287 2076 1336 aut

481 1385 618 1456 quid
639 1384 862 1450 bibatis,
894 1389 990 1436 aut
1014 1398 1124 1452 quo
1169 1377 1501 1450 operiamini
1525 1396 1538 1443 ;
1570 1377 1687 1429 haec
1707 1375 1858 1428 enim
1886 1370 2077 1425 omnia

480 1481 676 1544 gentes
724 1472 919 1526 mundi
950 1475 1226 1542 quaerunt.
1269 1467 1512 1530 Quaarite
1559 1465 1800 1536 primum
1834 1477 2071 1530 regnum

490 1563 612 1628 Dei,
639 1568 696 1616 et
705 1561 986 1631 justitiam
1017 1561 1158 1628 ejus,
1208 1563 1265 1610 et
1285 1559 1400 1612 haec
1419 1555 1610 1609 omnia
1633 1552 1968 1622 adjicientur
1990 1566 2080 1601 vo-

482 1650 568 1704 bis
598 1651 811 1722 (ΜαιιΙι.
841 1656 938 1713 v1).
972 1649 1288 1701 Teneamus
1320 1643 1680 1716 promissum,
1725 1647 1784 1695 et
1835 1638 2078 1692 invenie-

481 1757 607 1793 mus
630 1741 689 1792 in
709 1737 870 1792 nobis
887 1753 1026 1808 opus
1041 1735 1266 1790 Domini
1285 1741 1698 1788 conservatum.
1715 1731 1924 1786 Omnes
1943 1744 2076 1798 ergo

2154 551 2396 640 eumque
2422 566 2647 622 assidue
2665 560 2926 617 orantes?
2945 560 3109 614 Certe
3128 555 3174 609 si
3201 555 3340 608 fame
3366 551 3680 608 defecerimus

2155 660 2213 714 in
2245 674 2452 722 eremo,
2495 673 2598 710 nos
2616 652 2921 709 Dominum
2949 659 3288 709 accusemus,
3321 647 3375 695 et
3389 642 3680 712 impropere-

2155 766 2281 804 mus
2297 749 2366 813 ei,
2392 763 2519 801 cum
2549 744 2619 799 ad
2648 743 2832 814 ipsum
2870 735 3185 792 venerimus
3235 731 3499 785 dicentes:
3529 731 3682 785 Credi-

2156 839 2343 894 dimus
2363 832 2664 904 Evangelio
2702 837 2820 896 tuo,
2855 827 2952 882 ubi
2979 823 3167 879 dixisti
3197 820 3340 892 quod
3361 819 3616 874 universos
3638 821 3684 875 in

2155 933 2214 982 te
2233 926 2523 982 credentes
2543 921 2666 977 coeli
2692 918 2897 992 pabulo
2911 930 3104 988 pasces
3126 931 3138 966 :
3160 909 3386 966 fecimus
3399 913 3577 962 cuncta
3588 926 3686 979 qua:

2157 1014 2488 1090 prmcepisti,
2526 1009 2876 1084 speravimus
2901 1006 2962 1059 in
2977 1010 3052 1068 te,
3085 1007 3142 1056 et
3174 1007 3237 1055 tu
3278 1015 3376 1054 nos
3412 998 3684 1068 despexisti.

2159 1086 2269 1162 Sed
2291 1105 2425 1176 quia
2447 1102 2524 1156 ibi
2553 1117 2654 1154 nos
2677 1095 2945 1170 probasti,
2965 1093 3057 1146 hic
3071 1089 3268 1160 magis,
3294 1093 3358 1142 ut
3374 1086 3556 1158 probes
3576 1087 3688 1141 veri-

2157 1201 2355 1260 tatem,
2386 1191 2556 1247 redde
2578 1188 2724 1260 quod
2747 1181 3075 1258 promisisti.
3103 1178 3288 1234 Nolite
3318 1193 3444 1246 ergo
3475 1192 3688 1230 murmu-

2159 1301 2286 1339 rare
2315 1283 2584 1336 adversus
2605 1279 2804 1342 Deum,
2831 1290 2902 1328 ne
2915 1272 3350 1332 murmurantes,
3379 1265 3512 1318 sicut
3537 1269 3689 1334 patres

2155 1373 2333 1428 nostri
2362 1371 2421 1424 in
2452 1369 2556 1422 hoc
2583 1368 2823 1429 deserto,
2855 1356 3258 1432 aserpentibus
3293 1353 3538 1427 pereatis.
3564 1353 3692 1416 Quod

2157 1463 2205 1517 si
2227 1457 2653 1532 expectaveritis
2678 1453 3003 1516 Dominum,
3031 1446 3254 1519 quando
3284 1442 3520 1506 voluerit,
3567 1440 3692 1494 dabit

2158 1551 2306 1606 bona
2333 1546 2662 1604 timentibus
2710 1561 2789 1597 se.
2847 1535 2977 1604 Quo'
3011 1539 3180 1599 dicto,
3240 1533 3504 1587 siluerunt
3537 1546 3695 1583 omnes

2159 1639 2450 1712 paululum
2495 1654 2529 1690 a
2560 1629 3006 1688 murmuratione
3045 1642 3149 1680 sua
3183 1643 3194 1678 :
3250 1626 3409 1677 erant
3451 1625 3618 1674 tamen
3651 1621 3695 1670 in

2159 1745 2398 1784 maerore
2426 1725 2616 1798 positi.

480 1827 814 1882 habitabant
839 1827 896 1879 in
922 1796 1137 1890 eremo,
1163 1823 1222 1876 in
1243 1839 1410 1894 Opere
1440 1819 1664 1875 Domini
1690 1796 2144 1889 jugiterlabo-B
2237 1819 2374 1872 Cap.
2407 1796 2500 1870 IV.
2525 1843 2594 1855 —
2625 1813 2739 1880 Ego
2767 1824 2897 1862 vero
2929 1803 3198 1876 proposui
3228 1800 3476 1855 universa
3502 1796 3702 1850 breviter

481 1923 694 1984 rantes,
726 1921 782 1968 et
809 1916 868 1968 in
891 1930 1070 1984 agone
1086 1911 1364 1982 spirituali
1387 1909 1760 1981 proficientes;
1780 1904 2081 1976 adjuvabat

483 2005 633 2061 enim
688 2003 966 2058 Dominus
1012 2017 1200 2055 servos
1230 2016 1378 2054 suos.
1432 1999 1556 2069 Ipse
1585 2013 1714 2050 vero
1741 1995 2081 2050 Frontonius

481 2111 596 2148 non
622 2111 724 2164 pro
751 2110 811 2145 se
840 2097 1084 2156 tantum,
1137 2089 1234 2143 sed
1274 2105 1375 2159 pro
1405 2087 1617 2141 cunctis
1641 2085 1860 2150 orabat,
1900 2083 2081 2137 sciens

483 2183 756 2253 scriptum
783 2198 904 2236 esse
925 2199 936 2234 :
958 2181 1084 2234 Non
1101 2194 1357 2250 quaerens
1383 2177 1530 2247 quod
1547 2174 1688 2228 mihi
1703 2174 1841 2228 utile
1861 2173 1954 2239 sit,
1985 2172 2082 2226 sed

485 2272 633 2343 quod
655 2270 866 2336 multis,
892 2275 956 2324 ut
983 2269 1118 2322 salvi
1147 2269 1288 2320 ﬁant
1311 2268 1360 2329 (Ι
1381 2266 1512 2320 'Cor.
1533 2271 1609 2342 gr).

559 2362 690 2414 CAP.
713 2360 779 2414 lI.
803 2389 867 2400 —
901 2359 1153 2428 Cumque
1181 2357 1239 2408 in
1269 2355 1464 2408 eadem
1497 2369 1686 2407 eremo
1739 2353 1908 2421 longo
1947 2357 2087 2404 tem-

490 2466 626 2522 pore
649 2453 1025 2510 morarentur,
1059 2450 1280 2499 tentare
1303 2461 1397 2497 eos
1426 2441 1783 2496 adversarius
1811 2439 2085 2494 Christia-

487 2556 690 2594 norum
720 2537 906 2608 cepit,
937 2541 1003 2589 ut
1031 2535 1343 2603 cogitarent
1372 2532 1432 2584 in
1474 2531 1640 2584 corde
1672 2547 1772 2583 suo
1821 2529 1968 2600 quod
1993 2529 2086 2582 de-

496 2627 752 2682 buissent
778 2626 836 2678 in
866 2623 1068 2701 smeulo
1089 2621 1390 2687 demorari,
1431 2619 1564 2690 quia
1605 2619 2088 2672 Anachoretarum

488 2716 604 2769 vita
655 2713 957 2768 durissima
999 2717 1104 2778 est,
1137 2715 1196 2763 et
1222 2726 1387 2763 nemo
1433 2725 1557 2761 eam
1599 2713 1785 2778 potest
1833 2707 2085 2760 sufferre.

501 2804 924 2859 Murmuravere
943 2817 1076 2870 ergo
1105 2799 1163 2852 in
1185 2797 1447 2851 cordibus
1467 2796 1603 2862 suis,
1637 2795 1914 2850 dicentes:
1945 2795 2093 2858 Quid

503 2896 607 2957 est,
643 2890 792 2962 quod
820 2889 996 2945 voluit
1031 2889 1201 2942 Pater
1229 2892 1422 2940 noster
1448 2883 1808 2949 Frontonius,
1840 2890 1905 2938 ut
1931 2883 2094 2938 habi-

494 2987 683 3035 temus
709 2979 766 3032 in
797 2976 1028 3032 eremo?
1057 2974 1326 3045 Nunquid
1365 2973 1446 3026 illi
1485 2972 1581 3043 qui
1609 2973 1668 3025 in
1694 2971 1926 3026 urbibus
1955 2978 2012 3026 et
2038 2989 2094 3025 ln

2161 1905 2406 1976 exsequi,
2440 1908 2500 1958 et
2526 1906 2726 1956 cuncta
2751 1911 3010 1952 sermone
3050 1891 3258 1946 rustico
3287 1885 3701 1958 comprehendere

2162 2014 2284 2068 quae
2308 1974 2442 2049 cum
2465 2009 2566 2046 suo
2597 1985 2860 2062 prosequi
2885 1983 3053 2038 titulo
3080 1981 3164 2034 fas
3195 1985 3306 2046 est;
3348 1982 3403 2030 et
3431 1991 3522 2046 per
3538 1974 3703 2044 hujus-

2163 2062 2315 2140 modi
2344 2081 2512 2137 libelli
2538 2078 2848 2134 sententias
2890 2089 2954 2128 ac
2985 2070 3340 2144 syllogismos
3363 2065 3500 2120 dulci
3523 2062 3701 2132 eloquio

2165 2189 2412 2239 currere,
2465 2175 2633 2242 prout
2673 2173 2859 2240 potest
2907 2160 3296 2232 unusquisque
3333 2157 3498 2210 lector
3527 2151 3703 2206 audire.

2166 2264 2483 2318 Redeamus
2502 2259 2574 2314 ad
2605 2257 2861 2311 ordinem
2903 2251 3070 2324 empti
3115 2247 3386 2322 opusculi,
3419 2249 3477 2298 ut
3503 2258 3601 2296 non
3624 2255 3704 2294 no-

2166 2359 2286 2408 stra
2313 2351 2607 2404 videamur
2635 2364 2905 2402 asserere.

2240 2443 2370 2497 CAP.
2394 2441 2462 2494 ν.
2497 2467 2560 2479 -
2585 2437 2778 2508 Pergit
2808 2436 2996 2506 itaque
3018 2432 3272 2504 angelus,
3303 2429 3496 2484 missus
3519 2422 3712 2480 aDomi-

2169 2549 2240 2586 no
2261 2529 2332 2585 ad
2372 2529 2674 2602 quemdam
2701 2526 2932 2580 divitem
2959 2528 3142 2588 nocte,
3165 2526 3226 2574 et
3240 2517 3488 2574 dicitilli:
3518 2515 3592 2570 Tu
3607 2529 3710 2584 epu-

2170 2621 2305 2675 laris
2324 2620 2382 2673 in
2404 2617 2612 2672 divitiis
2639 2614 2949 2687 splendide,
2989 2617 3047 2666 et
3075 2611 3224 2665 servi
3249 2609 3359 2663 mei
3377 2608 3432 2661 in
3464 2620 3626 2659 eremo
3649 2602 3713 2654 in-

2171 2709 2366 2778 digent
2398 2723 2570 2778 pane;
2623 2721 2792 2774 surge
2823 2719 2956 2773 ergo
2985 2700 3251 2764 diluculo,
3288 2703 3344 2752 et
3388 2695 3536 2750 mitte
3574 2690 3711 2746 servis

2174 2797 2316 2851 meis
2345 2813 2498 2850 escas
2529 2812 2593 2848 ex
2631 2792 2891 2848 omnibus
2921 2807 3044 2863 qua:
3071 2789 3174 2844 tibi
3207 2787 3356 2853 dedi,
3406 2785 3528 2856 quia
3550 2795 3712 2854 procu-

2175 2891 2422 2940 ratorem
2469 2890 2525 2938 te
2554 2883 2715 2955 posui
2751 2881 2938 2952 gregis
2968 2879 3099 2945 mei,
3131 2879 3231 2950 qui
3256 2883 3311 2931 te
3338 2875 3468 2930 caelo
3517 2873 3714 2926 laetante

2172 2975 2389 3044 jugiter
2407 2973 2558 3044 pavi,
2589 2989 2690 3026 nec
2713 2986 2965 3042 unquam
3011 2967 3224 3022 dimisi.
3279 2967 3364 3020 Ita
3387 2980 3510 3034 ergo
3549 2956 3715 3044 placuit

498 3068 744 3124 castellis
773 3065 1048 3129 habitant,
1081 3065 1262 3118 Deum
1283 3063 1472 3116 videre
1501 3078 1614 3115 non
1636 3065 1873 3132 possunt
1892 3079 1904 3128 ;
1925 3067 1982 3115 et
2001 3061 2097 3132 qui
2129 3126 2160 3132 _
2180 3063 2320 3116 milli
2349 3043 2793 3132 exieleemosyna
2819 3065 2920 3114 tua
2943 3059 3174 3112 reﬁcere
3192 3070 3463 3127 pauperes
3489 3043 3716 3117 meos,qui

497 3159 557 3213 in
602 3172 790 3211 eremo
845 3155 1123 3221 habitant,
1173 3145 1277 3207 soli
1321 3151 1546 3206 vident?
1585 3167 1772 3204 nonne
1827 3168 1922 3204 eos
1966 3126 2237 3206 beniCin
2257 3152 2482 3205 deserto
2513 3126 2881 3220 spiritualiter
2906 3148 3112 3212 vivunt,
3149 3126 3276 3200 etse
3305 3143 3436 3198 mibi
3463 3157 3554 3195 suo
3572 3135 3719 3192 Domi-

503 3252 662 3302 actus
703 3243 1141 3299 commendant?
1188 3241 1448 3313 quisnam
1496 3239 1705 3310 poterit
1747 3239 1870 3293 cibo
1910 3241 2098 3294 vivere

499 3333 874 3406 angelorum?
905 3334 1042 3389 Ecce
1073 3330 1346 3385 morimur
1374 3329 1554 3395 fame;
1597 3327 1846 3382 defectus
1888 3329 2101 3398 vigilia-

503 3441 630 3479 rum
665 3440 779 3478 non
799 3421 948 3494 capit
971 3421 1148 3486 labor,
1174 3420 1271 3473 sed
1301 3418 1520 3472 acriora
1539 3433 1642 3470 nos
1660 3417 1930 3487 frangunt
1944 3417 2099 3486 jeju-

505 3513 620 3579 nia,
643 3512 896 3581 fiuntque
916 3509 1122 3562 debilia
1136 3524 1343 3579 genua,
1357 3512 1423 3561 ut
1435 3505 1821 3576 unusquisque
1841 3511 2098 3560 nostrum

507 3617 622 3656 non
649 3599 827 3671 possit
854 3605 1026 3652 stare.

575 3690 705 3744 CAP.
737 3688 836 3742 III.
861 3717 921 3728 —
950 3685 1200 3740 Audiens
1226 3685 1565 3739 Frontonius
1597 3701 1790 3738 eorum
1818 3701 2098 3752 murmur,

507 3775 895 3846 antequamad
922 3790 1050 3826 eum
1075 3773 1438 3826 convenirent
1465 3773 1713 3826 dicentes
1727 3773 1960 3842 aliquid,
1982 3773 2101 3844 ipse

508 3863 853 3936 praeveniens
880 3878 975 3915 eos
1005 3861 1119 3914 ait:
1148 3861 1450 3931 Quousque
1481 3861 1715 3915 irritatis
1744 3861 1924 3916 Deum
1952 3879 2104 3916 mur-

509 3957 801 4006 murantes
824 3949 882 4003 in
907 3948 1168 4004 cordibus
1195 3949 1412 4014 vestris,
1438 3955 1495 4003 et
1518 3949 1767 4004 dicentes
1795 3966 1808 4004 :
1835 3951 2104 4022 Nunquid

510 4040 607 4112 qui
635 4055 888 4094 eremum
915 4037 1252 4103 inhabitant,
1270 4039 1562 4092 hitantum
1581 4039 1831 4094 suntDei
1846 4039 1990 4094 servi
2013 4041 2024 4093 !
2050 4046 2108 4094 et

511 4129 638 4202 quis
684 4145 748 4182 ex
780 4127 902 4182 cibo
927 4127 1136 4198 poterit
1164 4127 1347 4182 vivere
1387 4128 1750 4198 angelorum!
1795 4129 2104 4183 Convenia-

511 4235 639 4273 mus
663 4217 735 4272 ad
767 4216 1422 4287 abbatem,etloquamur
1439 4217 1510 4270 ad
1531 4234 1680 4282 eum,
1699 4223 1764 4272 ut
1787 4217 2106 4272 habitemus

511 4308 570 4363 in
601 4307 852 4361 civitate:
883 4306 1013 4377 quia
1042 4305 1089 4359 si
1123 4305 1220 4376 qui
1249 4322 1350 4360 nos
1380 4305 1492 4359 illic
1511 4306 1771 4373 viderint,
1793 4313 2106 4378 opportune

510 4397 672 4453 nobis
695 4398 859 4467 juxta
885 4395 988 4450 Dei
1017 4399 1209 4449 votum
1237 4395 1489 4464 dirigunt
1515 4412 1689 4462 escas,
1713 4402 1882 4467 prout
1905 4397 2108 4467 cuique

2179 3257 2252 3295 no
2281 3240 2642 3294 crediderunt
2667 3257 2679 3303 ;
2712 3237 2918 3291 idcirco
2937 3236 3451 3297 faciassermonem,
3469 3242 3615 3301 quem
3632 3239 3720 3278 nlo-

2181 3330 2272 3396 do,
2301 3330 2508 3383 missus
2537 3344 2572 3382 a
2599 3327 2856 3392 Domino,
2885 3326 3084 3396 loquor
3111 3324 3278 3378 adte.
3308 3320 3460 3386 Quod
3488 3317 3581 3372 nisi
3606 3316 3720 3370 fece-

2183 3419 2279 3485 ris,
2312 3417 2596 3488 dissipasti
2624 3416 2803 3470 foedus
2819 3415 3113 3486 paciﬁcum
3143 3412 3368 3467 Domini
3386 3410 3482 3465 Dei
3510 3409 3600 3462 tui.

2255 3509 2392 3562 CAP.
2416 3507 2510 3561 VI.
2544 3534 2607 3544 -—-
2637 3507 2712 3559 At
2741 3505 2835 3558 ille
2877 3509 3036 3558 tanto
3074 3509 3294 3557 terrore
3348 3504 3641 3561 conventus,
3671 3510 3720 3547 ex

2183 3598 2280 3652 illo
2305 3612 2501 3650 somno
2523 3593 2952 3666 expergiscitur;
2984 3607 3435 3662 consurgensque
3454 3597 3724 3650 mane,eon-

2183 3687 2392 3740 vocatis
2427 3683 2757 3739 necessariis
2786 3683 3000 3748 amicis,
3026 3681 3316 3752 servisque
3344 3683 3524 3746 $40
3548 3674 3644 3729 suis
3680 3671 3726 3724 fl-

2184 3774 2422 3841 delibus,
2445 3775 2664 3828 locutus
2693 3778 2779 3826 est
2801 3772 2874 3825 ad
2899 3789 3008 3836 eos,
3038 3771 3262 3824 dicens:
3291 3767 3498 3824 Jacenti
3525 3763 3640 3818 mihi
3652 3775 3726 3814 no-

2186 3871 2273 3919 cte
2303 3865 2360 3918 in
2390 3864 2555 3928 lecto,
2584 3861 2872 3934 quidpiam
2893 3861 3108 3932 soporis
3131 3875 3420 3931 ceperam;
3451 3861 3504 3911 et
3521 3869 3630 3908 ecce
3653 3865 3726 3903 su-

2186 3953 2302 4008 bito
2331 3953 2563 4007 nuntius
2584 3951 2779 4016 astitit,
2805 3950 3014 4004 dicens:
3041 3949 3123 4004 En
3145 3955 3210 4003 tu
3233 3945 3471 4020 epularis
3489 3945 3541 3998 in
3563 3937 3727 3994 divitiis

2187 4043 2301 4097 tuis
2331 4041 2638 4114 splendide,
2673 4040 2816 4094 servi
2844 4055 2974 4093 vero
3007 4039 3118 4092 mei
3163 4039 3224 4092 in
3265 4038 3480 4092 deserto
3521 4031 3729 4100 indigent

2189 4131 2444 4204 panibus.
2494 4131 2672 4201 Surge
2689 4146 2822 4200 ergo
2843 4129 3109 4194 diluculo,
3149 4131 3208 4181 et
3238 4127 3399 4182 mitte
3435 4123 3590 4179 servis
3618 4117 3727 4172 meis

2189 4237 2342 4276 escas
2361 4238 2428 4274 ex
2449 4219 2708 4274 omnibus
2733 4235 2856 4290 quae
2875 4218 3004 4272 dedi
3018 4211 3729 4288 tibi,quiaprocuratoremte

2189 4310 2350 4382 posui
2373 4307 2561 4379 gregis
2583 4307 2710 4362 mei.
2755 4308 2893 4362 Ecce
2923 4307 3146 4361 mittere
3175 4321 3368 4377 quaero
3392 4323 3404 4372 ;
3429 4302 3520 4358 sed
3542 4298 3625 4354 ubi
3642 4311 3730 4349 iuo-

2190 4404 2388 4453 rentur
2415 4398 2562 4452 servi
2578 4397 2699 4462 Dei,
2726 4397 2946 4466 ignoro.
2980 4395 3156 4466 Cupio
3187 4398 3524 4466 praeceptum
3542 4384 3732 4458 implere

511 4486 786 4542 Dominus
813 4483 1036 4538 dederit
1077 4483 1280 4536 facere.
1332 4483 1476 4538 Illud
1505 4490 1694 4538 autem
1725 4485 1948 4552 scitote,
1980 4483 2174 4556 quiaD
2193 4487 2544 4542 admonitus:
2570 4486 2666 4540 sed
2686 4486 2810 4556 quis
2829 4485 2988 4552 mihi,
3017 4485 3088 4538 ad
3127 4501 3298 4556 quem
3320 4483 3546 4553 dirigam
3567 4479 3731 4535 locum,

513 4593 626 4630 non
649 4573 873 4629 necabit
890 4571 1164 4628 Dominus
1183 4571 1329 4625 fame
1355 4572 1603 4626 animam
1620 4574 1780 4643 justi.
1806 4574 1943 4628 Ecce
1966 4575 2112 4628 oeuli

515 4665 746 4721 Domini
761 4680 932 4736 super
946 4663 1213 4716 timentes
1235 4677 1384 4728 eum,
1415 4667 1480 4716 ut
1507 4662 1623 4716 alat
1641 4679 1736 4717 eos
1764 4663 1913 4716 fame
1943 4665 2108 4730 (Psal.

514 4756 716 4825 xxxn).
742 4755 812 4809 Et
839 4753 980 4808 illud
1009 4768 1124 4805 non
1143 4751 1538 4806 memoramini
1558 4751 1846 4822 scriptum,
1865 4753 2012 4822 quod
2031 4753 2114 4806 ait

516 4843 818 4914 Apostolus
840 4861 852 4896 :
885 4843 951 4896 In
967 4841 1114 4895 fame
1128 4846 1185 4894 et
1199 4840 1290 4894 siti
1311 4839 1397 4910 (ΙΙ
1407 4840 1528 4895 Cor.
1546 4853 1620 4906 x1)
1636 4840 1660 4893 Τ
1675 4841 1784 4895 Sed
1804 4841 1956 4896 vobis
1978 4857 2113 4912 quo-

520 4948 629 5002 que
643 4931 703 4986 in
718 4947 907 4986 eremo
931 4946 1221 5002 nunquam
1241 4929 1542 4984 defuerunt
1555 4929 1769 4983 radices
1783 4929 2105 4998 herbarum,

519 5036 621 5074 nec
653 5019 939 5073 mansistis
961 5019 1261 5090 aliquando
1277 5019 1476 5089 jejuni.
1507 5018 1900 5072 Recordamini
1921 5025 2112 5074 autem

519 5109 654 5182 quia
682 5113 847 5162 antea
877 5108 1094 5162 locutus
1122 5125 1247 5162 sum
1277 5107 1458 5163 vobis:
1490 5107 1675 5162 Nolite
1703 5107 1949 5178 cogitare
1978 5109 2109 5180 quid

519 5197 888 5263 manducetis,
921 5203 1021 5250 aut
1056 5196 1190 5266 quid
1233 5195 1456 5262 bibatis,
1489 5202 1588 5251 aut
1617 5213 1726 5268 quo
1759 5197 2111 5268 Operiamini,

518 5288 636 5342 hzec
665 5286 814 5341 enim
839 5285 1028 5340 omnia
1052 5291 1249 5355 gentes
1268 5285 1464 5340 mundi
1485 5291 1744 5355 quaerunt
1767 5288 1982 5353 (Matth.
2011 5291 2109 5355 v1).

519 5376 688 5432 Novit
722 5374 996 5430 Dominus
1023 5373 1208 5428 cibum
1238 5374 1372 5427 dare
1398 5373 1729 5429 timentibus
1757 5391 1836 5429 se.
1869 5376 2114 5440 Quaerite

519 5465 764 5538 primum
794 5479 1031 5534 regnum
1060 5463 1182 5528 Dei,
1219 5468 1276 5517 et
1287 5463 1567 5533 justitiam
1590 5466 1730 5535 ejus,
1766 5473 1823 5520 et
1849 5466 1966 5521 haec
1989 5483 2112 5520 om-

519 5555 617 5610 nia
639 5553 977 5626 adjicientur
994 5551 1165 5608 vobis.
1191 5551 1249 5606 Si
1273 5553 1423 5606 enim
1444 5553 1714 5608 Dominus
1743 5555 1989 5610 volatilia
2010 5573 2112 5628 pa-

521 5643 644 5710 scit,
677 5649 735 5698 et
767 5659 958 5698 corvos
992 5657 1106 5696 non
1143 5641 1372 5706 deserit,
1411 5644 1690 5716 quomodo
1728 5660 1830 5699 nos
1867 5645 2112 5703 derelin-

2194 4577 2490 4630 ostendet?
2519 4575 2791 4630 Convenit
2819 4591 2910 4628 me
2950 4573 3204 4645 angelus,
3250 4570 3507 4646 praecepit
3524 4572 3575 4623 et
3598 4565 3731 4620 Deus.

2196 4665 2305 4718 Sed
2329 4682 2444 4730 vos,
2469 4664 2564 4735 qui
2594 4663 2843 4718 seniores
2866 4663 3306 4729 estis,ostendite
3321 4663 3514 4716 locum.
3530 4659 3588 4712 Et
3606 4666 3736 4709 nemo

2194 4754 2370 4810 valuit
2425 4754 2506 4808 illi
2564 4753 2812 4807 iudicare
2842 4753 3050 4817 locum,
3081 4752 3213 4823 quia
3269 4753 3329 4806 in
3365 4750 3546 4805 abdito
3571 4740 3736 4800 montis

2196 4844 2518 4907 manebant,
2541 4848 2598 4897 et
2619 4859 2780 4897 nemo
2804 4841 2901 4898 ubi
2922 4848 3284 4897 morarentur
3303 4844 3608 4914 agnoverat.

2266 4935 2404 4990 CAP.
2435 4932 2560 4988 VII.
2596 4964 2660 4974 —
2679 4933 2858 5003 Igitur
2879 4933 3054 4987 altera
3073 4939 3234 4987 nocte
3245 4931 3458 4986 duriori
3485 4924 3738 4984 commina-

2196 5023 2348 5078 tione
2369 5022 2996 5093 conventus,plagisque
3015 5021 3302 5076 confossus
3321 5022 3469 5076 dives
3484 5020 3585 5082 ille,
3607 5012 3740 5070 coni-

2196 5112 2349 5184 pitur
2377 5118 2432 5166 et
2461 5117 2713 5182 urgetur,
2749 5117 2812 5166 ut
2842 5103 3015 5165 servis
3040 5111 3141 5165 Dei
3170 5111 3439 5181 dirigeret
3465 5123 3620 5164 escas.
3657 5103 3739 5158 lte-
3775 5103 3781 5114 '

2197 5218 2322 5256 rum
2353 5201 2599 5254 diluculo
2629 5217 2988 5270 consurgens,
3006 5200 3334 5271 aprioribus
3350 5198 3537 5254 amicis
3562 5207 3738 5266 quaere-

2195 5290 2293 5344 bat
2320 5289 2634 5355 consilium,
2658 5295 2722 5344 ut
2759 5289 2866 5343 sibi
2887 5289 3156 5356 dicerent,
3189 5294 3288 5344 aut
3312 5294 3461 5344 certe
3472 5284 3655 5340 abaliis
3677 5279 3740 5332 in-

2197 5380 2503 5451 quirerent,
2529 5377 2624 5432 ubi
2646 5378 2790 5433 servi
2813 5378 2915 5432 Dei
2935 5383 3310 5433 morarentur.
3347 5375 3538 5432 Aiebat
3557 5383 3738 5444 quoque

2196 5469 2306 5522 ista
2330 5485 2456 5522 cum
2487 5467 2730 5522 maxime
2760 5468 2915 5535 ﬂetu,
2948 5469 3144 5540 plagas
3165 5467 3479 5531 ostendens,
3498 5458 3736 5535 quibust

2192 5574 2366 5614 manu
2398 5557 2585 5628 angeli
2613 5556 2797 5612 fuerat
2820 5561 2982 5611 noete
3007 5562 3315 5629 correptus.
3341 5542 3448 5611 sed
3466 5569 3584 5609 cum
3603 5561 3736 5603 nemo

2193 5653 2385 5720 posset
2401 5648 2584 5704 locum
2600 5646 2964 5702 habitationis
2980 5663 3265 5703 servorum
3279 5645 3382 5702 Dei
3400 5644 3449 5698 ei
3463 5638 3733 5700 ostendere,
