3942 6200
289 310 394 368 441

1074 316 1267 371 -ἯΤΑ
1304 316 1561 372 SANCTI
1598 314 1996 372 FRONTONII
2034 317 2357 373 ABBATIS.
2399 312 2736 371 NOTATIO.

3442 299 3558 358 442

291 453 441 496 unus
468 442 564 514 qui
591 458 705 513 prae
719 441 932 496 caeteris
956 442 1185 512 majoris
1206 445 1329 495 erat
1348 441 1944 513 consilii,responditA
1964 460 2087 498 rere
2100 442 2324 510 herbas,
2344 445 2409 495 ut
2421 436 2741 494 laborantia
2756 432 3022 488 animalia
3035 430 3175 485 escis
3194 428 3449 500 pluribus
3468 442 3569 511 re:

290 537 349 585 et
377 532 489 585 ait:
523 531 580 585 Si
606 531 849 585 volueris
880 531 1130 601 accipere
1159 530 1453 585 consilium
1499 545 1708 598 meum,
1742 531 1877 587 cha-

287 620 532 687 rissime,
559 620 793 674 forsitan
823 620 930 675 erit
961 620 1065 674 hoc
1080 619 1183 674 tibi
1207 619 1448 674 salubre.
1483 620 1625 675 Sunt
1652 619 1753 675 tibi
1783 638 1875 676 ca-

286 709 422 763 meli
446 710 822 781 septuaginta,
854 726 1026 764 onera
1050 726 1236 774 eosex
1257 709 1515 764 omnibus
1550 709 1729 777 bonis,
1751 708 1875 782 qui-

284 797 392 852 bus
417 798 685 869 intelligis
709 799 809 854 Dei
840 798 1078 854 famulos
1102 816 1262 871 posse
1290 800 1465 866 vesci;
1498 804 1555 853 et
1582 798 1761 870 dirige
1790 817 1878 855 ca-

286 887 462 941 melos
490 903 592 958 per
621 888 783 954 viam,
816 889 1041 943 nemine
1062 886 1317 943 ducente.
1343 889 1412 942 Et
1448 888 1502 965 si
1521 905 1587 942 ex
1616 890 1732 943 Deo
1776 890 1881 944 hoc

283 976 495 1053 factum
526 983 612 1030 est
637 976 956 1049 imperium,
979 977 1246 1032 animalia
1269 984 1369 1033 tua
1387 979 1539 1033 salva
1566 980 1883 1048 regredien-

284 1069 380 1118 tur
408 1066 480 1120 ad
508 1070 601 1120 te:
635 1067 683 1120 si
721 1083 848 1120 vero
867 1066 967 1121 tibi
998 1083 1065 1121 ex
1086 1067 1306 1121 diabolo
1334 1069 1559 1138 jactura
1597 1068 1874 1134 imminet,

281 1152 529 1209 libenter
549 1155 726 1210 tolera
754 1156 977 1226 ﬂagella
1003 1156 1290 1227 temporis,
1325 1170 1494 1226 quam
1522 1154 1722 1211 acriori
1735 1155 1877 1212 forte

279 1244 430 1298 caede
450 1245 792 1316 corripiaris.
811 1245 973 1308 Quod
995 1245 1040 1298 si
1054 1246 1159 1299 hoc
1172 1243 1274 1300 tibi
1290 1246 1582 1300 consilium
1600 1246 1874 1318 displicet,

1962 533 2262 591 licerentur
2276 582 2287 592 .

2035 625 2163 681 CAP.
2193 628 2288 681 IX.
2323 652 2384 663 —
2414 623 2578 679 Mane
2608 625 2797 674 autem
2841 619 3004 683 facto,
3047 612 3218 669 abbas
3261 608 3556 666 consilium

1961 717 2098 770 utile
2128 716 2358 785 eligens,
2384 718 2439 767 et
2462 711 2751 765 avaritiam
2772 707 2997 762 omnino
3017 717 3304 777 spernens,
3338 697 3556 752 medie-

1959 812 2134 861 tatem
2159 804 2400 876 sumpsit
2416 817 2690 866 escarum,
2716 799 2883 852 aliam
2900 813 3029 855 vero
3045 799 3261 866 partem
3278 789 3553 851 dividens,

1962 912 2130 966 super
2159 894 2403 949 camelos
2430 908 2642 958 omnes,
2669 904 2738 944 ne
2761 886 2856 942 alii
2875 886 3199 940 viderentur
3215 885 3460 952 portare,
3496 880 3553 928 et

1962 985 2123 1039 fieret
2150 985 2276 1039 aliis
2304 982 2531 1053 injuria,
2557 978 2815 1035 omnibus
2834 975 3079 1031 medium
3108 968 3376 1045 imposuit
3388 981 3552 1029 onus,

1960 1074 2112 1127 velut
2140 1071 2391 1142 eulogias
2414 1070 2488 1139 (8)
2511 1083 2778 1123 revocans
2800 1065 3037 1121 Domino
3058 1078 3269 1127 rerum,
3290 1064 3355 1115 ut
3384 1055 3558 1112 avari-

1958 1162 2054 1217 tize
2084 1164 2263 1232 legem
2295 1159 2591 1224 scinderet,
2627 1162 2684 1211 et
2715 1155 3071 1210 medietatem
3101 1149 3401 1206 oblationis
3423 1164 3554 1219 pro-

1957 1252 2081 1324 prio
2126 1251 2352 1306 domino
2404 1248 2742 1303 camelorum
2784 1243 3135 1299 reddidisset.
3164 1242 3335 1296 Erant
3382 1238 3556 1308 igitur

278 1348 468 1404 quaere
480 1332 655 1387 alium
671 1333 765 1404 qui
781 1334 991 1404 poterit
1002 1335 1136 1388 dare
1158 1334 1357 1389 melius
1377 1351 1726 1406 responsum.
1750 1337 1879 1390 Haec
1961 1341 2267 1412 supradicti
2286 1338 2452 1393 amici
2462 1354 2587 1392 cum
2599 1334 2825 1391 domino
2837 1334 3176 1389 camelorum
3186 1329 3557 1397 ,consolantes

277 1421 491 1487 dicens,
526 1423 812 1489 conticuit,
834 1424 930 1477 sed
949 1423 1052 1494 ipsi
1082 1423 1238 1477 diviti
1264 1429 1319 1477 et
1340 1424 1435 1494 qui
1462 1440 1590 1477 cum
1622 1441 1685 1477 eo
1718 1430 1881 1479 erant
1962 1446 2094 1486 eum
2142 1431 2211 1483 de
2256 1427 2583 1482 animalium
2627 1431 2917 1480 tantorum
2969 1421 3235 1494 periculo,
3281 1417 3557 1488 simulque

277 1509 669 1579 hujuscemOdl
701 1512 997 1566 οοηδίὶίιιιῖι
1026 1511 1166 1566 bene
1192 1512 1420 1583 Ριᾶουίῐ·
1455 1512 1722 1567 OneraVit
1745 1530 1877 1584 ergo
1961 1519 2265 1574 Dominum
2294 1518 2675 1588 deprecantes,
2703 1532 2773 1569 ne
2805 1513 3081 1568 accideret
3108 1507 3392 1564 innocenti
3438 1506 3555 1560 viro

274 1600 577 1670 sexaginta
603 1599 847 1672 qumque
877 1602 1119 1655 camelos
1148 1600 1217 1669 l3)
1249 1618 1315 1654 ex
1342 1601 1431 1655 his
1460 1618 1582 1672 quae
1604 1603 1748 1655 SBTVi
1776 1603 1877 1657 Dei
1960 1613 2119 1664 tanta
2143 1609 2386 1678 jactura.
2422 1606 2631 1661 Octava
2659 1610 2847 1659 autem
2877 1603 2984 1665 die,
3011 1618 3138 1655 cum
3154 1603 3343 1653 essent
3361 1612 3558 1650 omnes

273 1688 573 1744 comedere
599 1696 860 1761 possent;
885 1691 1133 1761 quinque
1153 1707 1282 1744 vero
1298 1691 1639 1745 camelorum
1668 1691 1878 1747 cibaria
1958 1698 2018 1753 in
2044 1715 2220 1752 unum
2260 1695 2492 1762 collecti,
2522 1694 2724 1765 jejuni;
2755 1709 2903 1747 unus
2931 1691 3026 1762 qui
3051 1690 3199 1744 leves
3230 1705 3293 1742 ac
3307 1686 3556 1742 tinnulas

272 1775 418 1830 faeta
463 1779 754 1849 ίῐηΡοευίῐ,
804 1795 987 1832 escam
1045 1784 1375 1833 cunctorum
1427 1780 1773 1847 animalium,
1819 1767 1937 1834 inB
1962 1803 2127 1841 aures
2157 1785 2416 1851 habebat,
2461 1801 2561 1855 per
2591 1782 2820 1836 flamina
2865 1785 3160 1834 ventorum
3209 1775 3555 1847 campanulm

273 1867 526 1922 maximo
555 1868 746 1922 dolore
792 1868 1017 1922 dicens:
1065 1867 1121 1922 Si
1166 1868 1291 1939 quis
1340 1868 1614 1922 invenerit
1656 1886 1768 1935 eos,
1823 1876 1880 1923 et

270 1973 471 2011 eorum
507 1955 828 2028 exposuerit
852 1974 1041 2019 onera,
1074 1956 1205 2011 visis
1253 1956 1478 2011 cibariis
1525 1958 1881 2011 miserebitur

270 2044 367 2111 eis,
402 2051 465 2099 et
489 2044 649 2099 dabit
677 2046 759 2099 eis
789 2047 1147 2100 manducare.
1199 2046 1268 2101 Et
1311 2063 1440 2101 cum
1484 2047 1699 2116 ingenti
1744 2048 1880 2102 fletu

269 2146 381 2189 uno
409 2136 614 2190 ordine
646 2136 935 2190 innectens
960 2135 1216 2201 chordas,
1236 2136 1440 2190 direxit
1468 2153 1563 2190 eos
1584 2153 1684 2207 per
1710 2136 1878 2204 viam,

274 2225 683 2279 commendans
719 2225 977 2289 Domino,
1012 2230 1078 2278 ut
1103 2225 1150 2278 si
1165 2242 1231 2278 ex
1249 2226 1364 2279 Deo
1389 2230 1537 2278 esset
1554 2225 1875 2296 imperium,

270 2321 600 2369 remearent
628 2313 886 2368 celeriter
906 2329 1034 2368 cum
1065 2315 1267 2368 salute.
1282 2314 1483 2368 Nullus
1497 2330 1623 2368 vero
1645 2315 1880 2370 ducator

274 2403 351 2474 (4)
379 2419 517 2458 cum
549 2401 886 2457 animalibus
915 2401 1067 2457 abiit.

341 2493 484 2548 CAP.
518 2493 668 2547 VIII.
694 2523 762 2533 —
782 2493 852 2547 Et
878 2493 1102 2566 quando
1127 2495 1336 2566 egressi
1365 2500 1498 2549 sunt
1519 2496 1774 2565 januam,
1799 2496 1880 2549 di-

274 2581 428 2635 misit
452 2582 709 2637 servulus
738 2583 981 2653 primum
1013 2583 1305 2649 camelum,
1336 2585 1497 2654 cujus
1525 2584 1777 2638 ducalem
1807 2582 1876 2652 (5)

277 2670 527 2735 tenebat,
567 2688 735 2742 quem
763 2671 947 2725 caeteri
977 2672 1373 2742 sequebantur,
1412 2678 1469 2727 et
1496 2673 1756 2727 abierunt
1782 2690 1883 2745 per

278 2761 425 2814 viam
456 2761 623 2830 juxta
653 2760 1008 2831 przecinctum
1036 2761 1239 2815 montis
1271 2761 1362 2830 (6),
1392 2768 1589 2816 euntes
1619 2763 1742 2817 soli.
1772 2762 1880 2817 Sed

274 2850 471 2904 nescio
494 2866 568 2903 an
593 2850 696 2903 soli
725 2849 922 2903 cameli
953 2866 1186 2920 pergere
1206 2855 1487 2921 poterant,
1527 2852 1623 2906 sed
1652 2853 1879 2907 Domini

273 2939 487 2993 nuntio
509 2944 816 3011 praeeunte,
838 2938 983 2992 viam
1004 2939 1276 2993 directam
1304 2941 1391 3003 (ut
1419 2941 1764 2995 intellectum
1794 2947 1880 2995 est

271 3029 493 3099 postea)
520 3027 785 3084 abierunt
810 3033 868 3082 et
886 3033 1086 3099 quarto
1107 3028 1197 3082 die
1228 3029 1476 3084 confecto
1505 3030 1723 3095 itinere,
1742 3030 1882 3085 hora

1959 1878 2184 1948 rapiens
2213 1876 2480 1941 sonitum,
2524 1872 2814 1945 paululum
2865 1869 3124 1934 reticuit;
3179 1872 3237 1921 et
3281 1883 3409 1920 cum
3452 1864 3555 1917 be-

1960 1982 2032 2020 ne
2075 1965 2303 2019 tandem
2354 1968 2647 2017 sonantem
2697 1958 3211 2031 comprehenderet,
3260 1956 3375 2009 ait:
3412 1954 3556 2007 Puto

1962 2055 2110 2125 quod
2165 2071 2230 2108 ex
2286 2052 2584 2107 altitudine
2633 2050 2909 2104 montium
2975 2062 3258 2117 campanae
3306 2042 3557 2098 sonantis

1963 2148 2150 2198 motus
2179 2142 2426 2197 auditur.
2459 2142 2615 2195 Tunc
2645 2155 2840 2194 omnes
2877 2135 3087 2208 egressi
3129 2137 3428 2188 senserunt
3463 2148 3557 2186 ca-

1963 2234 2237 2287 melorum
2294 2231 2603 2296 adventus;
2652 2226 2987 2298 gratulando
3037 2220 3308 2278 mirabilis
3357 2219 3560 2276 accidit

1962 2322 2172 2388 laetitia,
2223 2320 2461 2377 fecunda
2500 2334 2632 2373 vero
2684 2317 2756 2371 de
2806 2314 3185 2370 consolatione
3242 2310 3365 2364 viri.
3412 2308 3558 2364 Nam

1961 2412 2058 2483 qui
2088 2410 2352 2464 defuncta
2379 2406 2647 2461 animalia
2665 2410 2765 2459 aut
2780 2404 3001 2475 perdita
3013 2404 3132 2472 jam
3151 2399 3398 2469 lugebat,
3416 2413 3560 2467 gau-

1961 2500 2100 2554 dens
2130 2500 2199 2553 de
2219 2496 2459 2567 receptis
2479 2493 2815 2550 animalibus
2839 2497 2960 2558 24
2978 2498 3013 2557 |
3044 2489 3364 2544 laetabatur.
3386 2486 3561 2541 Vene-

1961 2594 2097 2642 runt
2125 2604 2317 2642 omnes
2345 2585 2523 2651 illaesi,
2565 2600 2678 2638 non
2717 2582 2907 2636 tristes
2943 2580 3121 2646 vultu,
3174 2594 3278 2632 nec
3323 2575 3558 2630 maciem

1962 2676 2310 2732 necessitatis
2338 2674 2629 2728 habentes.
2673 2670 2931 2741 Suscepit
2970 2685 3103 2739 ergo
3137 2666 3383 2721 camelos
3428 2679 3561 2718 suos

1965 2767 2133 2820 homo
2162 2766 2274 2831 ille,
2303 2781 2431 2818 cum
2452 2778 2659 2833 magna
2686 2760 2998 2831 gratiarum
3027 2757 3246 2811 actione
3271 2775 3281 2809 :
3327 2760 3386 2807 et
3430 2752 3562 2806 visis
3602 2814 3619 2827 λγ

1964 2854 2246 2919 oneribus,
2279 2853 2457 2906 multo
2486 2850 2727 2922 amplius
2753 2852 3058 2914 recreatus,
3100 2844 3359 2900 exsultat.
3406 2843 3562 2896 Tunc

1961 2949 2019 2997 et
2044 2943 2167 2997 illos
2197 2942 2424 3007 amicos,
2457 2946 2515 2994 et
2533 2955 2809 3011 pauperes
2825 2938 3035 3009 plures,
3051 2935 3122 2990 ad
3141 2933 3440 3007 prandium
3461 2946 3560 2985 no-

1961 3032 2071 3086 bile
2099 3035 2278 3095 vocat,
2312 3029 2649 3098 easdemque
2677 3026 2930 3096 eulogias
2957 3022 3337 3096 indigentibus
3378 3020 3564 3074 distriT-

272 3132 426 3171 nona
446 3116 746 3187 agentibus
765 3134 904 3188 opus
930 3117 1030 3171 Dei
1050 3116 1338 3184 fratribus,
1362 3118 1507 3172 sicut
1528 3119 1755 3189 quidam
1785 3135 1880 3190 po-
1901 3127 1944 3187 ο
1961 3120 2087 3174 buit
2115 3136 2252 3191 quas
2279 3122 2594 3189 acceperat.
2631 3115 2743 3170 Sed
2773 3120 2830 3168 et
2867 3114 3062 3167 amicis
3093 3113 3187 3182 qui
3218 3112 3455 3165 aderant
3490 3125 3556 3163 ex

274 3211 394 3261 stea
428 3207 630 3261 retulit
657 3206 835 3272 nobis,
871 3223 996 3260 ecce
1021 3207 1237 3277 primus
1258 3212 1390 3261 ante
1419 3207 1565 3262 fores
1593 3207 1880 3262 accubavit

273 3296 564 3350 camelus:
599 3297 697 3350 sed
727 3312 1011 3367 campanae
1041 3296 1287 3350 sonitum
1319 3295 1394 3366 (7)
1426 3296 1621 3351 audire
1650 3313 1761 3351 non
1777 3314 1879 3369 po-

271 3387 383 3441 tuit
411 3391 778 3457 perstrepens
826 3402 996 3440 sonus
1034 3386 1396 3457 hymnorum.
1428 3385 1614 3440 Abbas
1661 3391 1853 3441 tamen

274 3475 551 3545 quoniam
578 3490 751 3545 prope
770 3474 975 3528 ostium
1006 3485 1146 3541 erat,
1181 3474 1297 3545 ipse
1325 3474 1479 3544 prior
1504 3474 1659 3539 vidit,
1685 3480 1742 3528 et
1773 3490 1875 3544 ga-

236 3550 428 3619 Ivisus
463 3569 552 3618 est
576 3563 755 3618 valde.
775 3565 1062 3633 Angustus
1083 3564 1231 3617 enim
1248 3569 1369 3618 erat
1398 3564 1659 3618 introitus
1685 3580 1875 3617 mona-

273 3653 455 3720 sterii,
491 3658 550 3707 et
570 3653 721 3707 solus
746 3652 917 3706 abbas
944 3652 1092 3706 fores
1120 3669 1222 3706 suo
1251 3657 1402 3706 statu
1430 3652 1743 3719 claudebat,
1768 3670 1875 3708 caa-

272 3744 531 3814 terisque
546 3741 891 3813 interpositis
902 3741 1168 3796 fratribus
1178 3742 1373 3808 tacuit,
1387 3741 1527 3795 nihil
1538 3742 1881 3813 respondens

275 3831 460 3886 donec
486 3831 683 3903 hymni
712 3832 1146 3902 complerentur.
1178 3832 1334 3885 Tunc
1352 3831 1630 3902 completo
1650 3831 1884 3902 hymno-

278 3937 406 3975 rum
437 3921 639 3974 ordine
664 3920 945 3976 advocatis
976 3919 1260 3986 fratribus,
1295 3935 1438 3990 pcne
1473 3920 1875 3990 improperans,

277 4010 358 4064 ait
382 4028 395 4063 :
431 4009 543 4064 Ubi
563 4015 695 4063 sunt
709 4009 1186 4063 murmurationes
1198 4015 1394 4063 vestrm
1414 4009 1438 4060 ?
1464 4009 1601 4062 Ecce
1611 4009 1883 4062 Dominus

275 4096 625 4171 improperio
652 4098 780 4152 forti
812 4098 972 4153 nobis
1003 4115 1157 4153 escas
1178 4097 1248 4152 ab
1265 4098 1379 4152 alto
1396 4097 1569 4163 misit,
1597 4097 1687 4152 cui
1710 4098 1886 4152 voluit

274 4188 393 4243 viro
433 4188 702 4259 prudenti
733 4187 1015 4258 imperans
1044 4187 1280 4241 adduxit
1299 4186 1459 4240 nobis
1487 4187 1730 4240 camelos
1749 4203 1884 4241 onu-

274 4282 410 4332 stos.
468 4277 693 4340 Venite,
741 4278 1087 4348 deponamus
1134 4293 1323 4342 onera,
1378 4281 1443 4330 ut
1478 4275 1695 4346 possint
1734 4276 1886 4329 refici

275 4366 552 4420 animalia
580 4367 746 4421 lassa.
780 4367 937 4420 Tunc
966 4382 1160 4420 omnes
1193 4366 1338 4419 mira
1355 4365 1735 4434 gratulatione
1749 4364 1883 4430 laeti,

1962 3210 2043 3264 eis
2067 3209 2302 3278 largitus
2332 3214 2417 3261 est
2440 3225 2452 3272 ;
2486 3211 2542 3260 et
2573 3206 2691 3276 ipse
2716 3212 2943 3276 quoque
2960 3200 3405 3255 benedictionem
3431 3213 3556 3252 san-

1962 3303 2063 3353 cta:
2082 3296 2453 3369 jucunditatis
2482 3295 2776 3365 accipiens,
2809 3290 3091 3362 gaudebat
3119 3290 3177 3342 in
3202 3287 3440 3342 Domino

2035 3388 2168 3441 CAP.
2203 3387 2272 3440 Χ.
2300 3416 2363 3426 -
2387 3386 2464 3438 Ex
2487 3383 2583 3436 illo
2622 3382 2795 3453 igitur
2820 3396 2988 3445 anno,
3019 3394 3198 3448 usque
3228 3377 3285 3431 in
3317 3379 3556 3429 mortem

1963 3474 2271 3540 Frontonii,
2302 3474 2380 3526 sic
2399 3473 2552 3526 dives
2570 3472 2665 3524 ille
2694 3474 2886 3524 notato
2904 3474 3177 3538 tempore,
3207 3464 3429 3537 quando
3450 3464 3563 3534 pri-

1963 3582 2119 3619 mum
2150 3564 2399 3627 miserat,
2425 3578 2579 3615 escas
2605 3558 2947 3613 necessarias
2976 3557 3112 3627 ipsis
3157 3553 3470 3624 dirigebat;
3503 3558 3561 3607 et

1963 3654 2090 3708 aliis
2106 3654 2186 3706 sic
2205 3650 2467 3706 divitibus
2487 3649 2757 3704 Dominus
2777 3645 3109 3718 imperabat,
3134 3650 3198 3699 ut
3215 3661 3281 3698 ex
3300 3641 3561 3697 omnibus

1964 3742 2203 3813 dapibus
2221 3738 2603 3810 irrigati,nihil
2621 3737 2721 3792 Dei
2743 3736 2883 3790 servi
2898 3752 3025 3789 cum
3046 3738 3238 3788 sancto
3253 3729 3556 3786 Frontonio

1964 3832 2152 3886 minus
2180 3829 2470 3883 haberent.
2494 3825 2818 3898 Vigilabant
2836 3825 2894 3879 in
2916 3823 3174 3895 operibus
3188 3822 3289 3876 Dei
3311 3820 3410 3874 ﬁlii
3430 3836 3559 3873 cum

1964 3921 2151 3983 Patre,
2186 3916 2680 3990 spiritualibusque
2708 3931 2803 3969 eos
2832 3913 3139 3967 admonens
3167 3909 3421 3981 dapibus,
3454 3908 3562 3962 im-

1965 4008 2155 4080 plebat
2174 4006 2423 4079 quotidie
2444 4020 2704 4059 sermone
2722 4002 2930 4057 caelesti
2952 4021 2963 4069 ;
2998 4000 3394 4070 exsultansque
3415 3998 3565 4052 laeta-

1967 4097 2132 4152 batur
2159 4097 2217 4150 in
2247 4095 2505 4159 Domino,
2521 4092 2737 4165 quisibi
2757 4092 2927 4146 talem
2948 4089 3560 4153 dederatintellectum,

1965 4192 2032 4241 ut
2057 4187 2180 4240 avia
2203 4184 2522 4239 solitudinis
2558 4183 2680 4235 loca
2704 4181 2874 4250 digna
2896 4179 3203 4251 quaesisset.

2038 4276 2169 4329 (lar.
2203 4275 2299 4328 XI.
2334 4300 2396 4311 --
2425 4271 2746 4341 Legendum
2778 4270 2880 4322 hoc
2894 4268 3122 4335 tradite,
3156 4268 3465 4343 multorum
3494 4265 3565 4319 ad

1968 4364 2109 4419 aediﬁ
2117 4362 2395 4417 cationem
2416 4359 2838 4413 monachorum.
2864 4357 2962 4411 Ille
2978 4357 3127 4409 enim
3143 4355 3323 4424 magis
3334 4355 3443 4407 erit
3452 4370 3565 4407 me-

273 4455 657 4510 communiter
683 4455 997 4526 gratiarum
1026 4455 1302 4508 actionem
1335 4454 1454 4509 Deo
1497 4453 1881 4515 reddiderunt,
1902 4449 1952 4507 D
1968 4454 2076 4507 lior
2104 4454 2163 4505 in
2190 4454 2490 4521 conspectu
2510 4448 2629 4513 Dei,
2646 4464 2757 4501 non
2778 4446 3094 4517 quicunque
3113 4443 3330 4514 legerit,
3353 4442 3451 4496 sed
3468 4443 3566 4513 qui

275 4550 333 4598 et
368 4545 690 4616 gaudentes
719 4543 1076 4615 deponebant
1110 4559 1283 4597 onera
1310 4543 1671 4603 camelorum,
1708 4543 1891 4613 Supra

275 4635 534 4705 quinque
559 4650 688 4688 vero
712 4634 974 4699 camelos,
1004 4632 1270 4687 reseratis
1298 4631 1768 4697 sarcinis,cibaria
1790 4648 1886 4685 re-

276 4728 574 4797 pererunt.
588 4722 893 4777 Abluentes
905 4722 1080 4792 igitur
1090 4721 1419 4776 animalium
1429 4721 1695 4792 pedes,de
1708 4726 1890 4775 strata

276 4829 477 4868 eorum
510 4813 762 4867 fecerunt
788 4812 1094 4884 praesepia;
1129 4817 1187 4866 et
1215 4810 1687 4882 apposuerunteis
1709 4826 1882 4876 escas,

284 4919 428 4973 quas
448 4902 559 4973 ipsi
583 4901 687 4955 sibi
704 4906 1378 4973 apportaverant,necnon
1398 4905 1456 4953 et
1473 4898 1581 4969 ipsi
1595 4898 1767 4952 etiam
1781 4898 1891 4952 dis-

279 4991 593 5048 currebant
611 5007 713 5063 per
737 5007 932 5046 omnes
953 4990 1160 5045 montis
1182 4990 1487 5055 anfractus,
1513 4992 1674 5042 notas
1709 4987 1889 5058 inqui-

1971 4541 2248 4595 credendo
2277 4539 2379 4594 Dei
2411 4537 2587 4592 servis
2608 4537 2688 4590 sic
2718 4536 2930 4590 fecerit.
2954 4534 3266 4589 Mercedem
3296 4537 3486 4585 autem
3535 4547 3569 4585 a

1972 4630 2195 4685 Christo
2223 4630 2251 4684 J
2257 4645 2355 4683 esu
2383 4628 2623 4681 Domino
2653 4632 2846 4679 nostro
2876 4623 3126 4694 recipiet,
3152 4622 3246 4692 qui
3265 4622 3569 4692 eleemosy-

1972 4737 2102 4774 nam
2121 4733 2433 4790 pauperum
2446 4732 2558 4770 non
2589 4713 2921 4786 despexerit,
2950 4719 3009 4766 et
3036 4728 3223 4765 servos
3243 4710 3567 4763 Deidirecto

1971 4809 2136 4864 corde
2166 4807 2405 4861 intuitus
2444 4804 2628 4868 fuerit,
2662 4804 2723 4857 in
2751 4801 2932 4871 gloria
2966 4799 3189 4854 Domini
3219 4799 3399 4852 nostri
3437 4800 3568 4853 Jesu

1975 4898 2203 4963 Christi,
2230 4896 2321 4950 cui
2343 4900 2425 4949 est
2449 4895 2630 4947 honor
2647 4896 2704 4945 et
2715 4890 2897 4961 gloria
2915 4890 2973 4942 in
2995 4890 3197 4943 saecula
3218 4889 3567 4943 saeculorum.

1970 4988 2171 5040 Amen.
2203 4986 2333 5039 Haec
2358 4982 2462 5036 sub
2479 4980 2765 5035 Antonino
2786 4978 2858 5046 (9)
2884 4978 3226 5049 imperatore
3238 4983 3401 5048 gesta
3412 4981 3565 5042 sunt,

1970 5074 2357 5129 tertiodecimo
2382 5086 2529 5124 anno
2558 5067 2779 5139 imperii
2809 5068 2952 5138 ejus.

1553 5193 1938 5251 ROSWEYDI
1974 5190 2310 5247 NOTATIO.

355 5299 438 5363 (ι)
452 5294 783 5368 Frontinii.]
803 5296 940 5368 Aliis
952 5297 1154 5368 Fronto
1166 5294 1388 5368 dicitur,
1412 5293 1812 5368 Martyrologiu
1822 5309 1877 5346 m

285 5369 629 5434 Romanum,
661 5367 727 5421 14
756 5365 964 5438 Aprilis
989 5385 1000 5419 :
1037 5385 1063 5419 «
1092 5365 1440 5438 Alexandriae
1460 5365 1638 5438 sancti
1650 5365 1881 5438 Fronto-

281 5440 375 5493 nis
388 5438 629 5504 abbatis,
643 5435 935 5507 cujus—vita
953 5438 1248 5492 sanctitate
1260 5442 1315 5490 et
1328 5436 1611 5489 miraculis
1621 5435 1838 5507 claruit.
1853 5454 1875 5485 ι

279 5510 499 5565 Eadem
522 5510 671 5581 apud
697 5505 1029 5581 Usuardumr
1059 5514 1117 5561 et
1158 5508 1429 5581 Adonem.
1470 5506 1640 5581 Addit
1692 5505 1879 5560 Beda:

287 5600 315 5633 ιι
329 5582 445 5645 Qui
461 5577 819 5652 septuaginta
827 5580 1007 5652 ferme
1018 5580 1188 5652 Pater
1199 5578 1412 5652 exstitit
1423 5577 1844 5631 monachorum.
1855 5594 1880 5628 )›

284 5650 597 5707 Rhabanus
616 5650 967 5707 et’Notkerus
985 5650 1164 5705 fusius
1176 5650 1464 5722 aliquanto
1484 5664 1605 5703 rem
1627 5652 1882 5713 narrant,

1964 5308 2029 5345 ex
2042 5291 2145 5344 hoc
2171 5290 2310 5353 loco,
2335 5293 2399 5342 ut
2423 5289 2679 5357 apparet,
2710 5286 3120 5357 depromptam.
3139 5282 3322 5357 Miror
3340 5280 3489 5334 unde
3510 5280 3568 5333 in

1967 5361 2216 5415 Florario
2237 5352 2572 5414 Sanctorum
2606 5352 2986 5425 manuscriptb
3014 5374 3024 5407 :
3064 5373 3089 5405 «
3126 5352 3280 5408 Obiit
3303 5368 3451 5406 anno
3480 5366 3570 5403 sa-

1962 5433 2097 5485 lutis
2132 5431 2251 5486 17’}.
2286 5449 2312 5481 ι)
2350 5431 2429 5485 De
2459 5431 2564 5485 hoc
2595 5429 2797 5483 Petrus
2847 5427 2905 5480 in
2948 5426 3201 5486 catalogo
3251 5428 3573 5477 sanctorum

1964 5501 2105 5573 libro
2137 5501 2578 5573 x1,cap.ultimo,
2608 5517 2763 5554 num.
2787 5492 3226 5573 120._C_avendus
3252 5495 3442 5564 lapsus
3464 5492 3574 5573 _Pe-

1964 5572 2062 5636 tri,
2097 5573 2193 5626 lib.
2220 5567 2305 5638 Ix,
2330 5573 2610 5644 cap.109,
2640 5577 2697 5625 et
2718 5569 3008 5644 Antonini,
3024 5568 3084 5644 in
3097 5567 3328 5644 Chron._,
3354 5567 3512 5644 parte
3528 5576 3567 5624 I,

1966 5633 2063 5702 tit.
2091 5658 2161 5709 vl,
2196 5633 2317 5715 cap.
2336 5633 2424 5711 26.,
2449 5643 2550 5716 §1,
2580 5633 2675 5715 qui
2691 5633 3040 5695 confundunt
3060 5639 3197 5691 Acta
3216 5636 3385 5704 hujus
3397 5633 3567 5686 Fron-
