3942 6200
392 301 497 362 447

1395 309 1490 366 DE
1525 311 1716 368 VITIS
1753 311 2056 400 PATRUM
2092 309 2308 366 LIBER
2343 309 2632 366 PRIMUS.
3323 305 3346 320 ί

3558 309 3668 364 448

393 431 498 486 tim
533 431 712 486 edicto
731 432 914 486 sanxit
932 435 997 485 ut
1011 432 1318 488 Christiani
1348 450 1540 490 omnes
1565 437 1834 508 pietatem
1861 424 2036 506 eju-A
2067 433 2266 501 fecisti,
2299 450 2363 488 ac
2391 450 2504 488 non
2533 434 2700 488 modo
2730 449 2869 488 meae
2919 433 3177 488 amicitiae
3224 432 3559 488 memoriam
3598 450 3668 486 ex

393 537 522 575 rare
551 526 899 592 cogerentur.
913 521 993 574 Ac
1007 520 1270 592 deinceps
1298 536 1440 577 nova
1471 523 1870 595 suppliciorum
1891 539 1985 593 ge-

391 624 531 663 nera
543 606 1086 676 comminiscebatur,
1105 613 1274 680 atque
1286 610 1554 666 inusitata
1571 613 1766 666 mortis
1776 627 1988 682 genera

393 697 732 764 minabatur;
749 697 1076 768 litterasque
1100 698 1170 752 ad
1181 715 1375 754 omnes
1391 701 1634 770 regionis
1648 701 1846 755 ditioni
1871 717 1985 755 suae

391 785 654 855 subjectae
683 793 872 858 partes
891 786 1172 852 mittebat,
1195 789 1395 860 quibus
1426 796 1486 844 et
1511 791 1784 862 praefectis
1815 797 1871 844 et
1889 791 1990 845 du-

389 873 544 928 cibus
573 874 888 946 imperabat
917 881 981 930 ut
1001 877 1297 932 tormentis
1325 885 1494 950 atque
1513 879 1724 950 iniquis
1745 879 1989 934 caedibus

389 962 450 1017 in
475 963 730 1019 homines
750 965 960 1036 pietate
975 966 1235 1038 praeditos
1246 969 1988 1038 grassarenturPraasertim

387 1057 580 1108 autem
606 1053 666 1108 in
689 1055 1186 1126 praestantissimos
1207 1073 1456 1128 quosque
1468 1058 1988 1113 monasticiordinis

391 1143 850 1213 excandescebat,
879 1149 1048 1216 atque
1075 1142 1427 1217 implacabile
1441 1146 1737 1202 adversum
1767 1165 1862 1204 eos
1877 1147 1990 1202 bel-

389 1238 512 1292 lum
533 1235 826 1291 excitabat.
852 1235 936 1290 0b
965 1251 1200 1306 eamque
1217 1251 1443 1290 causam
1471 1236 1718 1308 priorum
1737 1238 1988 1308 plerique

393 1327 584 1382 animo
613 1323 950 1379 vacillabant
981 1343 991 1376 :
1025 1325 1119 1378 alii
1146 1330 1360 1391 autem,
1396 1325 1529 1395 quia
1556 1325 1894 1380 cruciatibus
1913 1326 1988 1380 fe-

391 1415 585 1470 rendis
634 1415 878 1485 impares
923 1420 1103 1478 erant,
1131 1413 1344 1467 nefario
1371 1413 1548 1484 ipsius
1573 1414 1810 1486 imperio
1833 1431 1990 1486 pare-

396 1504 552 1559 bant.
586 1505 661 1558 At
684 1519 815 1558 vero
840 1503 1161 1556 monastica‘.
1185 1503 1378 1556 classis
1403 1503 1570 1557 duces
1591 1504 1990 1574 atqueantisti-

327 1658 330 1664 ι
391 1599 496 1660 tes,
529 1593 733 1664 partim
759 1591 932 1662 ipsius
959 1591 1312 1661 iniquitatem
1343 1598 1714 1662 coarguentes
1743 1609 1808 1646 ac
1837 1593 1991 1647 refu-

2066 521 2254 576 animo
2274 524 2470 594 procul
2497 523 2732 593 ejecisti,
2755 539 2951 577 verum
2983 523 3152 576 etiam
3182 523 3451 576 adversus
3480 523 3668 593 ipsam

2067 617 2328 665 naturam
2347 611 2622 682 impetum
2645 611 2844 678 fecisti,
2862 628 2926 666 ac
2941 627 3010 665 ne
3029 616 3258 666 tuorum
3275 611 3503 683 quidem
3531 611 3676 664 lilio-

2069 716 2198 754 rum
2217 700 2578 754 miseratione
2603 701 2855 766 affectus,
2879 706 3000 754 tum
3025 716 3176 770 opes,
3196 706 3316 754 tum
3338 715 3566 753 omnem
3596 699 3670 752 vi-

2069 793 2140 843 tae
2169 789 2524 860 splendorem
2554 805 2656 860 pro
2685 789 2862 843 nihilo
2893 788 3124 860 putasti,
3152 793 3483 858 tantamque
3512 788 3674 857 igno-

2069 877 2302 932 miniam
2335 883 2451 931 tam
2487 878 2774 932 luculenta
2790 877 2973 949 gloria
3000 877 3275 948 potiorem
3305 882 3364 931 et
3381 876 3677 948 praestabi-

2067 966 2268 1020 liorem
2291 967 2574 1021 habuisti?
2597 967 2878 1032 Quidnam
2897 973 2954 1022 te
2981 966 3052 1020 ad
3071 966 3177 1020 hoc
3209 966 3454 1036 impulit,
3485 967 3680 1036 cujus-

2069 1072 2201 1109 nam
2228 1056 2368 1110 lucri
2400 1073 2546 1128 spes,
2567 1061 2634 1110 ut
2661 1072 2792 1110 eum
2820 1055 2916 1127 qui
2944 1055 2974 1110 J
2979 1071 3104 1110 esus
3141 1055 3468 1109 nominatur
3492 1055 3679 1109 omni-

2069 1143 2173 1198 bus
2205 1144 2310 1198 diis
2354 1149 2524 1216 atque
2573 1145 2896 1199 hominibus
2946 1149 3336 1216 anteponeres,
3370 1144 3442 1198 ad
3466 1143 3677 1197 duram

2071 1234 2214 1287 hanc
2257 1239 2315 1288 et
2360 1233 2811 1305 superstitiosam
2840 1236 2969 1289 vita;
3012 1234 3292 1288 rationem
3321 1233 3676 1288 suavissima:

2071 1323 2302 1393 hujusce
2329 1323 2457 1377 vitae
2485 1323 2912 1376 oblectamentis
2942 1322 3288 1376 anteferres?

2143 1413 2261 1466 Hac
2283 1413 2536 1466 oratione
2563 1412 2774 1478 audita,
2811 1412 2892 1465 vir
2919 1411 3016 1466 ille
3046 1412 3168 1478 Dei,
3193 1411 3380 1482 lepida
3404 1411 3576 1466 simul
3602 1427 3673 1466 ac

2073 1501 2308 1572 placida,
2330 1505 2388 1554 et
2414 1501 2674 1571 aequabili
2693 1517 2823 1556 voce
2851 1501 2922 1554 ad
2935 1501 3085 1554 hunc
3100 1501 3332 1554 modum
3347 1500 3676 1570 respondit:

2075 1589 2132 1644 Si
2159 1606 2446 1644 sermones
2475 1606 2695 1644 mecum
2718 1605 3010 1644 conserere
3029 1589 3089 1642 in
3109 1589 3358 1642 animum
3385 1588 3622 1651 inducis,
3645 1605 3680 1642 ο

391 1687 598 1746 tantes,
635 1680 906 1750 martyrio
934 1679 1104 1734 vitam
1135 1680 1422 1745 ﬁniebant,
1464 1688 1634 1752 atque
1668 1681 1738 1734 ad
1781 1681 1992 1752 sempi-
2010 1677 2056 1736 B
2073 1695 2188 1744 rex,
2221 1678 2308 1732 fac
2325 1679 2516 1732 hostes
2543 1683 2671 1732 tuos
2689 1695 2720 1732 e
2740 1679 2926 1732 medio
2947 1677 3218 1732 tribunali
3238 1677 3588 1744 submoveas,
3610 1693 3681 1730 ac

393 1776 615 1824 ternam
647 1769 1053 1823 beatitudinem
1083 1769 1516 1839 perveniebant,
1543 1770 1746 1840 partim
1775 1771 1834 1824 in
1865 1771 1994 1824 soli-

390 1857 684 1912 tudinibus
725 1863 782 1912 et
819 1857 1104 1911 montibus
1149 1874 1270 1911 sese
1303 1857 1678 1925 occultabant,
1727 1875 1840 1912 non
1881 1863 1993 1912 tor-

390 1953 714 2002 mentorum
747 1964 868 2018 quze
907 1945 1044 2017 ipsis
1073 1946 1554 2000 denuntiabantur
1591 1952 1766 2015 metu,
1795 1963 1991 2001 verum

405 2036 680 2091 diviniore
711 2037 955 2106 quodam
983 2035 1212 2090 consilio
1237 2053 1302 2090 ac
1321 2036 1690 2107 providentia.

465 2129 595 2181 ΟΑΡ.
629 2127 922 2180 II.—Cum
949 2121 1140 2196 itaque
1161 2125 1484 2196 hujusmodi
1516 2125 1695 2195 caligo
1725 2125 1992 2180 Indorum

395 2215 684 2284 regionem
723 2214 1036 2280 invasisset,
1069 2231 1134 2268 ac
1163 2215 1242 2284 pii
1273 2220 1330 2268 et
1375 2214 1553 2269 sancti
1600 2215 1704 2268 viri
1746 2215 1994 2286 undique

392 2309 748 2369 vexarentur,
773 2303 1078 2374 impietatis
1107 2309 1298 2358 autem
1328 2310 1776 2375 propugnatores
1797 2303 1994 2375 opibus

394 2408 459 2446 ac
479 2393 732 2464 potentia
763 2393 1049 2460 ﬂorerent,
1064 2397 1234 2464 atque
1251 2393 1544 2447 cruoribus
1563 2399 1622 2447 et
1638 2393 1994 2446 victimarum

397 2481 596 2536 nidore
615 2481 737 2552 ipse
769 2498 990 2553 quoque
1021 2498 1118 2536 aer
1147 2482 1640 2548 inﬁceretur,unus
1659 2499 1688 2535 e
1708 2483 1993 2552 regiorum

399 2575 758 2642 satraparum
788 2570 1152 2642 principibus,
1168 2571 1344 2624 animi
1360 2570 1708 2636 fortitudine,
1722 2571 1995 2642 corporis-

403 2677 512 2732 que
533 2659 924 2730 magnitudine
952 2676 1016 2713 ac
1037 2660 1474 2732 pulchritudine,
1511 2660 1837 2730 caeterisque
1869 2659 1994 2714 aliis

399 2748 688 2820 rebus,qui
696 2749 797 2803 bus
813 2749 1061 2819 corporis
1083 2749 1361 2818 elegantia
1375 2753 1432 2802 et
1441 2748 1612 2802 animi
1623 2749 1990 2818 generositas,

397 2844 668 2910 tanquam
686 2839 852 2892 certis
872 2838 1207 2909 quibusdam
1227 2837 1374 2892 notis
1398 2837 1634 2908 exprimi
1649 2837 1995 2903 solent,alios

399 2943 595 2982 omnes
626 2927 1012 2982 antecellebat.
1037 2926 1412 2991 Quamobrem
1441 2941 1570 2980 cum
1599 2927 1836 2998 impium
1857 2926 1995 2980 illud

2071 1772 2194 1822 tum
2225 1767 2294 1820 de
2325 1767 2412 1820 his
2433 1767 2601 1822 rebus
2631 1785 2770 1838 quas
2795 1767 3113 1837 intelligere
3130 1767 3286 1838 cupis
3317 1766 3419 1820 tibi
3444 1783 3679 1836 respon-

2073 1855 2356 1910 debo.Illis
2379 1863 2569 1910 autem
2591 1856 2957 1928 praesentibus
2969 1857 3158 1910 nullus
3176 1856 3314 1910 mihi
3327 1855 3396 1909 ad
3413 1861 3470 1908 te
3484 1871 3679 1908 sermo

2073 1945 2370 1999 erit.Citra
2397 1961 2715 2000 sermonem
2745 1951 2934 1999 autem
2964 1944 3235 2008 excrucia,
3268 1943 3560 2008 obtrunca,
3590 1943 3686 1996 fac

2073 2035 2318 2106 denique
2349 2035 2622 2105 quidquid
2651 2033 2822 2088 lubet.
2857 2034 2995 2088 Mihi
3016 2034 3168 2088 enim
3188 2033 3433 2087 mundus
3462 2032 3688 2087 cruciﬁ-

2075 2141 2177 2177 xus
2207 2129 2310 2191 est,
2351 2129 2409 2178 et
2445 2141 2548 2193 ego
2578 2123 2808 2189 mundo,
2844 2129 2909 2178 ut
2938 2123 3020 2176 ait
3045 2139 3204 2176 meus
3231 2121 3504 2192 magister
3534 2121 3682 2192 (Gal.

2075 2211 2174 2282 γι).
2211 2213 2464 2284 Cumque
2495 2229 2589 2266 rex
2611 2212 2880 2266 dixisset:
2917 2212 3160 2276 Quinam
3189 2212 3415 2266 tandem
3450 2215 3585 2264 sunt
3621 2209 3686 2264 hi

2077 2303 2266 2357 hostes
2296 2301 2576 2372 mei,quos
2597 2318 2688 2355 me
2704 2301 2834 2355 hinc
2853 2300 3116 2370 ablegare
3134 2299 3300 2370 jubes
3315 2300 3340 2353 ?
3357 2286 3682 2364 Iracundia,

2077 2390 2262 2460 inquit
2279 2391 2393 2455 ille,
2419 2396 2478 2444 et
2499 2391 2796 2462 cupiditas.
2812 2391 2958 2444 Nam
2983 2406 3062 2444 eae
3083 2389 3329 2460 primum
3358 2388 3586 2458 quidem
3603 2386 3690 2440 ah

2075 2479 2326 2534 omnium
2356 2496 2545 2534 rerum
2575 2485 2809 2551 parente
2843 2483 3012 2550 atque
3041 2477 3348 2532 architecto
3375 2477 3457 2531 ita
3475 2476 3689 2548 produ-

2075 2573 2176 2622 ctae
2205 2574 2355 2634 sunt,
2399 2575 2461 2622 ut
2507 2573 2723 2622 natura;
2752 2568 3189 2639 opitularentur,
3223 2583 3288 2620 ac
3315 2581 3466 2620 nunc
3505 2565 3688 2619 etiam

2077 2657 2333 2711 eamdem
2360 2657 2430 2710 iis
2460 2673 2690 2728 operam
2735 2655 3004 2728 praebent,
3032 2656 3126 2726 qui
3149 2671 3262 2710 non
3289 2661 3355 2708 ut
3371 2653 3547 2719 carni,
3579 2653 3689 2708 sed

2075 2751 2141 2801 ut
2162 2746 2387 2818 spiritui
2423 2752 2861 2800 consentaneum
2891 2751 2994 2810 est,
3029 2745 3239 2798 vivunt.
3285 2744 3352 2798 In
3397 2741 3554 2797 vobis
3581 2758 3687 2796 au-

2075 2841 2211 2902 tem,
2243 2835 2338 2906 qui
2364 2851 2595 2906 prorsus
2623 2835 2876 2890 carnales
2915 2833 3068 2899 estis,
3102 2849 3206 2887 nec
3233 2833 3410 2888 ullam
3440 2831 3679 2903 spiritus

2075 2929 2296 2996 partem
2313 2911 2550 2990 habetis,
2584 2923 2917 2978 adversariae
2943 2922 3296 2988 exstiterunt,
3324 2937 3504 2992 eaque
3548 2937 3677 2991 quae

397 3015 639 3070 edictum
669 3016 936 3082 audisset,
967 3016 1123 3070 inani
1151 3017 1256 3070 hac
1301 3020 1470 3086 atque
1517 3015 1676 3069 humi
1731 3021 1992 3086 serpente
2013 3035 2056 3094 ο
2079 3013 2322 3068 inimicis
2347 3019 2407 3068 et
2433 3012 2689 3068 hostibus
2713 3012 3070 3076 conveniunt,
3103 3011 3684 3082 exsequuntur.Cupi-

396 3105 577 3176 gloria
600 3112 658 3160 et
677 3105 892 3160 deliciis
911 3106 1094 3160 valere
1127 3105 1320 3176 jussis,
1355 3105 1423 3158 ad
1451 3104 1854 3159 monachorum
1879 3121 1992 3158 coe-

395 3199 518 3250 tum
548 3211 670 3250 sese
698 3195 1043 3266 aggregavit,
1076 3200 1247 3266 atque
1271 3197 1331 3248 in
1361 3194 1496 3248 locis
1521 3193 1786 3247 solitariis
1835 3211 1992 3248 exsu-

395 3285 539 3352 lans,
574 3285 806 3355 jejuniis
837 3289 894 3338 et
919 3283 1142 3354 vigiliis,
1159 3299 1222 3337 ac
1248 3283 1503 3354 diligenti
1531 3283 1882 3338 oraculorum
1913 3282 1994 3336 di-

395 3374 656 3428 vinorum
677 3373 1040 3428 meditatione
1055 3389 1252 3427 sensus
1283 3389 1415 3427 suos
1436 3371 1692 3443 apprime
1721 3387 1996 3443 repurga-

395 3462 512 3531 bat,
543 3463 910 3534 animumque
934 3462 1004 3516 ab
1034 3461 1188 3516 omni
1211 3461 1412 3516 vitiosa
1437 3461 1728 3515 affectione
1750 3461 1998 3514 solutum

399 3557 457 3608 et
499 3552 820 3618 abductum,
854 3568 918 3606 ea
949 3552 1073 3606 lucc
1113 3568 1283 3622 quam
1315 3551 1700 3622 tranquillitas
1725 3567 1759 3604 a
1785 3549 1998 3603 vitiosis

400 3641 786 3696 affectionibus
806 3639 954 3712 parit
980 3640 1318 3694 illustrabat.
1338 3641 1454 3694 Rex
1475 3645 1682 3702 autem,
1708 3655 1835 3692 cum
1867 3653 1998 3692 eum

401 3733 677 3802 majorem
724 3730 784 3784 in
821 3729 1051 3784 modum
1091 3729 1370 3799 diligeret,
1405 3734 1574 3799 atque
1606 3728 1662 3781 in
1693 3728 1904 3781 honore
1932 3743 1996 3780 ac

401 3819 584 3892 pretio
603 3819 854 3884 haberet,
887 3823 952 3872 ut
978 3818 1083 3871 hoc
1111 3817 1345 3884 audivit,
1373 3817 1442 3870 de
1467 3816 1634 3870 amici
1651 3817 1876 3887 jactura
1902 3815 1998 3869 do-

401 3907 581 3963 lorem
601 3907 790 3962 animo
811 3906 978 3978 cepit,
993 3905 1491 3976 vehementiusque
1513 3905 1780 3959 adversus
1805 3920 1997 3958 mona-

402 3999 536 4053 chos
574 3997 798 4052 exarsit.
830 3999 1014 4067 Atque
1042 4012 1172 4050 cum
1201 3995 1457 4049 homines
1487 3995 1558 4048 ad
1599 4011 1728 4048 eum
1761 3992 1995 4062 conqui-

403 4087 640 4142 rendum
666 4102 1114 4157 quaquaversum
1143 4084 1406 4151 misisset,
1431 4089 1505 4150 et,
1523 4081 1998 4154 quemadmodum

403 4177 578 4246 vulgo,
597 4175 820 4241 dicitur,
851 4176 1070 4230 nullum
1100 4191 1212 4228 non
1233 4173 1476 4244 lapidem
1501 4172 1767 4225 movisset
1797 4168 1862 4240 (8)
1889 4186 1998 4240 quo

407 4281 539 4320 eum
568 4264 860 4328 inveniret,
883 4263 1186 4334 aliquando
1205 4268 1332 4334 post
1358 4261 1439 4315 illi
1469 4261 1565 4331 qui
1585 4261 1655 4314 ad
1695 4277 1824 4314 eum
1852 4259 1998 4313 inve-

2075 3103 2220 3156 ditas
2237 3102 2466 3170 etenim,
2485 3119 2613 3156 cum
2634 3102 2685 3156 ei
2717 3118 2751 3155 a
2769 3100 2924 3155 vobis
2942 3117 3109 3172 opera
3135 3100 3680 3171 datur,voluptatem

2076 3192 2283 3246 ericitat
2310 3210 2322 3245 :
2351 3207 2478 3245 cum
2515 3196 2704 3244 autem
2729 3189 3006 3254 aboletur,
3036 3187 3406 3243 iracundiam.
3431 3188 3680 3242 Proinde

2072 3281 2350 3335 facessant
2373 3281 2508 3351 ipsae
2537 3279 2810 3333 hodierno
2836 3279 2926 3333 die
2965 3277 3064 3332 abs
3093 3282 3152 3332 te
3175 3297 3188 3344 ;
3221 3277 3452 3348 praesint
3483 3282 3680 3331 autem

2079 3370 2150 3424 ad
2181 3386 2376 3424 eorum
2424 3386 2546 3440 quae
2575 3386 2608 3424 a
2647 3385 2737 3422 me
2780 3368 3039 3422 dicentur
3068 3365 3417 3421 auditionem
3442 3382 3508 3420 ac
3531 3365 3688 3436 judi-

2081 3476 2250 3523 c1um,
2275 3457 2577 3530 prudentia
2606 3463 2663 3512 et
2695 3457 2936 3527 justitia.
2986 3457 3132 3511 Nam
3163 3455 3211 3509 si
3241 3455 3593 3509 iracundiam
3625 3460 3682 3508 et

2087 3547 2450 3618 cupiditatem
2471 3551 2660 3611 $45
2671 3545 2739 3599 de
2755 3544 2938 3598 medio
2959 3543 3271 3610 sustuleris,
3295 3549 3466 3614 atque
3486 3559 3682 3597 911mm

2081 3637 2201 3691 loco
2224 3634 2582 3707 prudentiam
2603 3639 2661 3688 et
2682 3633 2966 3703 justitiam
2993 3632 3302 3695 induxeris,
3331 3617 3465 3686 vere
3491 3633 3684 3686 omnia

2077 3724 2176 3780 tibi
2197 3723 2400 3777 dicam.
2435 3726 2621 3794 Atque
2647 3739 2744 3776 rex
2769 3722 2858 3775 his
2888 3720 3072 3775 verbis
3101 3727 3189 3775 est
3216 3737 3354 3774 usus
3384 3739 3396 3774 :
3423 3721 3508 3774 En
3535 3721 3683 3792 peti—

2075 3814 2218 3868 tioni
2239 3819 2350 3868 tua:
2371 3813 2530 3877 cessi,
2576 3817 2745 3882 atque
2771 3810 3144 3881 cupiditatem
3172 3815 3231 3864 et
3269 3809 3626 3864 iracundiam
3657 3827 3687 3862 e

2077 3903 2310 3956 concilio
2329 3903 2580 3972 cjiciam;
2632 3899 2888 3971 daboque
2929 3915 3164 3970 Operam
3207 3903 3272 3953 ut
3299 3899 3604 3970 prudentia
3631 3904 3686 3953 et

2072 3991 2296 4062 justitia
2321 3991 2770 4063 interponantur.

2151 4083 2278 4135 Jam
2308 4080 2482 4151 igitur
2517 4079 2728 4150 absque
2759 4079 2874 4132 ullo
2915 4084 3071 4132 metu
3115 4077 3254 4131 mihi
3289 4093 3504 4148 expone
3535 4077 3682 4131 unde.

2083 4169 2184 4224 tibi
2230 4169 2320 4223 hic
2373 4185 2531 4223 error
2571 4167 2802 4222 obortus
2828 4169 2920 4228 sit,
2958 4173 3024 4222 ut
3051 4183 3118 4221 ea
3148 4183 3271 4237 quae
3313 4166 3373 4220 in
3400 4181 3550 4218 vana
3587 4181 3680 4236 spe

2083 4259 2265 4332 posita
2292 4263 2440 4313 sunt.
2477 4259 2546 4312 iis
2573 4256 2740 4312 rebus
2762 4274 2885 4328 quae
2916 4255 3175 4311 manibus
3204 4259 3491 4320 tenentur,
3518 4262 3682 4325 atque

407 4355 730 4426 stigandum
759 4353 915 4408 missi
940 4353 1253 4418 fuerant,ut
1280 4368 1410 4406 eum
1440 4351 1498 4404 in
1527 4349 1828 4404 solitudine
1857 4364 2004 4402 com-
2023 4391 2071 4450 υ
2088 4349 2262 4403 oculis
2283 4352 2608 4414 cernuntur,
2633 4352 2962 4418 anteponas.
2986 4345 3556 4416 Respondensautem
3578 4359 3687 4398 ere-

406 4445 617 4499 morari
631 4441 1034 4507 senserunt,ita
1047 4440 1382 4512 perscrutati
1403 4445 1623 4507 sunt,ut
1633 4439 1859 4492 tandem
1877 4455 2006 4492 cum
2027 4438 2068 4450 “’
2092 4439 2233 4492 mita
2259 4438 2400 4492 dixit
2425 4456 2436 4490 :

409 4535 744 4605 arriperent,
761 4537 931 4602 atque
955 4527 1028 4583 ad
1051 4530 1200 4600 regis
1219 4529 1470 4583 tribunal
1489 4528 1893 4582 sisterent.Rex
1909 4543 2007 4581 au-

408 4629 681 4690 tem,cum
710 4637 842 4676 eum
871 4619 968 4691 qui
992 4619 1276 4690 quondam
1292 4617 1602 4688 splendidis
1621 4616 1866 4671 vestibus
1886 4622 2006 4670 ute-

409 4711 598 4777 batur,
623 4710 876 4782 atquein
906 4707 1124 4779 magnis
1154 4707 1368 4761 deliciis
1388 4706 1558 4760 vitam
1591 4705 1865 4775 exigebat,
1889 4710 2007 4758 tam

411 4801 598 4854 viliter
625 4807 683 4855 et
710 4800 926 4870 abjecte
956 4797 1244 4862 amictum,
1274 4813 1338 4850 ac
1357 4795 1633 4865 religiosae
1660 4785 2009 4848 exercitatio-

411 4889 500 4943 nis
510 4890 811 4960 asperitate
831 4888 1122 4944 afflictum.
1136 4886 1376 4957 vitasque
1396 4884 1659 4939 solitariae
1680 4883 1843 4954 signa
1859 4883 2010 4937 haud

416 4979 649 5033 obscure
677 4984 992 5048 gestantem
1024 4975 1420 5048 conspexisset,
1460 4989 1699 5027 mmrore
1727 4972 1894 5026 simul
1931 4977 2013 5026 at-

419 5083 528 5139 que
553 5066 844 5120 iracundia
862 5066 1218 5138 implebatur,
1247 5069 1418 5135 atque
1446 5079 1512 5117 ex
1541 5068 1780 5134 utroque
1812 5061 2012 5116 affectu

419 5161 732 5228 temperato
761 5173 1039 5222 sermone,
1071 5157 1153 5211 ita
1191 5173 1322 5210 eum
1351 5155 1628 5209 allocutus
1657 5158 1743 5207 est
1775 5173 1786 5208 :

491 5247 538 5302 Ο
569 5261 758 5300 vecors
786 5251 844 5298 et
861 5245 1109 5310 demens,
1143 5245 1278 5316 quid
1305 5249 1361 5298 te
1389 5243 1622 5298 adduxit
1647 5248 1713 5296 ut
1740 5242 2013 5296 honorem

423 5354 554 5392 cum
582 5334 913 5406 ignominia,
947 5334 1302 5388 etillustrem
1331 5334 1570 5403 gloriam
1606 5349 1731 5387 cum
1770 5331 1922 5402 turpi
1950 5347 2016 5384 ac

424 5424 714 5482 dedecoris
743 5424 908 5495 pleno
936 5421 1128 5476 habitu
1151 5423 1556 5476 commutares?
1583 5421 1800 5476 Siccine
1820 5425 1902 5485 tu,
1919 5419 2016 5490 qui

2162 4526 2220 4580 Si
2235 4525 2549 4596 intelligere
2572 4540 2748 4594 cupis,
2773 4539 2806 4577 ο
2829 4539 2946 4590 rex,
2975 4521 3124 4576 unde
3147 4522 3254 4576 hoc
3272 4521 3524 4593 primum
3554 4519 3682 4574 mihi

2087 4615 2278 4669 animo
2297 4615 2568 4684 injectum
2596 4611 2857 4678 fuerit,ut
2875 4611 3115 4666 caducas
3140 4627 3230 4665 res
3245 4615 3680 4671 contemnerem,

2090 4721 2155 4758 ac
2183 4721 2274 4758 me
2303 4708 2484 4757 totum
2519 4719 2634 4756 sem
2640 4701 2994 4772 piternarum
3022 4717 3212 4754 rerum
3243 4699 3361 4770 spei
3385 4699 3682 4759 traderem,

2091 4793 2242 4848 audi.
2273 4791 2438 4860 Olim,
2465 4808 2593 4846 cum
2621 4791 2804 4844 adhuc
2817 4789 3054 4860 juvenili
3085 4794 3250 4843 aetate
3270 4787 3680 4853 essem,bonum

2092 4899 2158 4936 ac
2179 4883 2427 4936 salutare
2448 4879 2680 4934 verbum
2702 4879 2912 4944 audivi,
2927 4879 3090 4948 cujus
3111 4878 3193 4932 vis
3209 4877 3481 4947 majorem
3503 4877 3559 4929 in
3571 4890 3684 4928 mo-

2093 4973 2228 5025 dum
2255 4987 2343 5024 me
2367 4970 2574 5040 rapuit,
2597 4969 2885 5040 ipsiusque
2912 4965 3382 5033 memoria,divini
3395 4964 3680 5034 cujusdam

2095 5059 2326 5116 seminis
2355 5059 2552 5124 instar,
2583 5058 2794 5128 pectori
2826 5075 2952 5112 meo
2983 5057 3154 5112 insita
3177 5056 3260 5110 ita
3284 5053 3680 5127 permansit,ut

2095 5165 2386 5220 nunquam
2415 5165 2449 5201 a
2477 5165 2566 5202 me
2586 5147 2774 5201 divelli
2795 5147 3045 5218 potuerit
3076 5165 3088 5212 ;
3122 5146 3263 5200 adeo
3296 5151 3363 5198 ut
3386 5151 3442 5198 et
3475 5142 3681 5196 radices
3770 5141 3778 5149 '

2097 5239 2296 5310 egerit,
2320 5241 2378 5292 et
2400 5253 2632 5308 germen
2671 5236 2932 5301 ediderit,
2964 5253 3028 5290 ac
3055 5241 3278 5288 maturo
3308 5239 3554 5303 tempore
3573 5229 3685 5282 fru-

2098 5335 2252 5382 ctum
2277 5327 2338 5382 in
2363 5343 2453 5380 me
2481 5325 2696 5380 tulerit.
2719 5325 2902 5396 Hujus
2923 5330 3116 5378 autem
3136 5322 3290 5377 verbi
3319 5322 3439 5376 haec
3456 5319 3534 5374 vis
3544 5322 3675 5372 erat:

2101 5417 2390 5482 Excordes,
2425 5414 2720 5487 inquiebat
2740 5414 2854 5480 ille,
2890 5429 2954 5466 ac
2981 5411 3171 5466 stolidi
3199 5411 3471 5476 homines,
3503 5407 3682 5462 animo

425 5532 598 5588 regno
628 5531 754 5569 meo
775 5528 1034 5586 praeeras,
1059 5516 1228 5580 atque
1253 5511 1313 5564 in
1330 5512 1516 5582 copias
1538 5527 1691 5564 meas
1719 5509 2019 5580 imperium
2101 5507 2183 5561 ita
2198 5504 2505 5576 comparati
2524 5509 2676 5572 sunt,
2699 5509 2764 5558 ut
2783 5519 2852 5558 ea
2865 5519 2990 5574 quae
3005 5507 3158 5567 sunt,
3177 5501 3411 5572 perinde
3424 5516 3488 5553 ac
3509 5498 3553 5552 si
3572 5510 3680 5550 non

431 5584 672 5662 militare
699 5584 1009 5666 obtinebas,
1027 5601 1274 5672 teipsum
1287 5616 1589 5671 puerorum
1617 5599 1926 5656 ludibrium
1947 5597 2022 5652 ef-
2103 5595 2238 5664 sint,
2261 5599 2659 5666 aspernentur;
2692 5609 2759 5648 ea
2776 5597 2965 5646 autem
2997 5607 3120 5661 qua:
3141 5605 3255 5644 non
3277 5594 3427 5651 sunt,
3457 5584 3675 5660 perinde

1517 5689 1532 5710 α
