3942 6200
253 316 352 374 449

652 318 822 373 VITA
857 316 1299 373 SANC’I‘ORUM
1334 317 1680 372 BARLAAM
1720 314 2065 373 EREMITE
2103 317 2191 371 ET
2227 316 2593 371 JOSAPHAT
2631 317 2854 371 INDUE
2890 317 3125 372 REGIS.

2641 206 2663 231 Ι

3416 317 3522 372 450

253 458 313 495 ac
339 442 387 495 si
416 441 551 508 sint,
574 442 1003 512 amplectantur,
1027 458 1093 495 ac
1111 441 1393 495 mordicus
1415 442 1715 496 retineant.
1740 442 1848 507 Qui
1863 444 1915 503 A
1930 459 2044 508 cas,
2078 442 2173 513 qui
2195 442 2318 496 ﬁeri
2348 445 2534 512 potest
2559 447 2624 496 ut
2648 459 2761 496 non
2792 443 3002 514 optimo
3021 443 3151 512 jure
3180 445 3236 496 te
3254 441 3370 494 veri
3393 440 3527 494 boni

252 536 436 584 autem
456 547 655 584 eorum
675 548 799 601 quae
820 535 953 584 sunt
966 529 1319 584 dulcedinem
1341 531 1571 585 minime
1590 532 1849 601 degusta-

252 620 343 682 vit.
371 620 421 674 is
451 636 647 674 eorum
677 636 803 689 qua:
834 636 946 673 non
978 625 1111 673 sunt
1129 624 1395 673 naturam
1415 620 1718 690 perfectam
1745 620 1848 672 ha-

256 707 381 761 bere
400 725 514 762 non
526 709 748 778 poterit.
780 710 937 762 Hanc
954 725 1123 779 porro
1144 707 1253 761 nisi
1274 709 1617 779 exploratam
1638 707 1850 763 habue-

250 797 336 857 rit,
353 813 601 867 quonam
622 798 788 851 modo
800 814 865 851 ea
885 802 1211 850 contemnet
1221 814 1286 850 ac
1298 813 1399 867 pro
1419 797 1594 850 nihilo
1606 797 1852 867 putabit?

250 886 421 939 Porro
451 903 552 956 per
571 903 640 939 ea
664 903 786 956 quae
816 890 969 951 sunt,
991 886 1109 939 haec
1139 886 1317 940 oratio
1346 886 1715 956 sempiternas
1739 902 1848 952 res,

251 980 417 1045 atque
436 992 469 1029 a
483 975 792 1045 jactatione
808 975 1020 1028 alienas
1035 974 1386 1044 intelligebat
1408 992 1418 1026 :
1447 991 1548 1045 per
1567 991 1633 1028 ea
1662 979 1853 1028 autem

252 1080 371 1134 quae
398 1080 514 1117 non
537 1071 687 1128 sunt,
710 1064 857 1117 hanc
890 1063 1061 1116 vitam
1085 1069 1142 1117 et
1169 1063 1414 1128 delicias,
1443 1079 1507 1117 ac
1528 1064 1853 1117 mendacem

250 1152 715 1223 prosperitatem:
747 1152 971 1223 quibus,
998 1169 1031 1205 o
1060 1169 1178 1218 rex,
1210 1152 1320 1206 heu
1347 1152 1358 1205 !
1394 1168 1489 1205 cor
1516 1158 1677 1206 tuum
1707 1153 1854 1206 male

249 1241 476 1294 affixam
507 1246 594 1294 est
623 1260 635 1293 :
677 1258 892 1312 egoque
932 1241 1069 1294 item
1099 1241 1381 1311 quondam
1420 1258 1489 1294 ea
1516 1242 1851 1312 complecte-

246 1329 363 1383 bar.
380 1330 593 1384 Verum
621 1331 790 1399 hujus
816 1330 1091 1385 sermonis
1106 1329 1206 1394 vis,
1240 1329 1493 1384 animum
1512 1346 1700 1384 meum
1731 1329 1850 1384 sine

248 1419 362 1472 ulla
382 1419 805 1473 intermissione
834 1420 1113 1485 vellicans,
1135 1424 1402 1485 mentem,
1424 1436 1548 1489 quae
1573 1418 1685 1472 mei
1702 1419 1851 1489 prin-

248 1507 496 1579 cipatum
540 1513 709 1573 tenet,
743 1508 816 1561 ad
844 1509 902 1562 id
932 1508 1080 1579 quod
1109 1507 1309 1561 melius
1350 1512 1489 1573 erat,
1532 1508 1851 1578 eligendum

249 1596 543 1651 excitabat.
575 1598 851 1651 Caeterum
899 1598 986 1650 lex
1023 1596 1255 1667 peccati,
1289 1613 1415 1650 cum
1467 1596 1672 1650 mentis
1714 1612 1852 1650 meae

248 1685 370 1755 lege
399 1702 682 1756 pugnans,
716 1702 781 1739 ac
819 1687 974 1740 velut
1009 1685 1346 1755 quibusdam
1375 1684 1734 1755 compedibus
1761 1701 1850 1738 me

1929 531 2151 585 inscitia
2169 530 2425 584 laborare
2445 530 2646 596 dicam,
2672 538 2738 584 ut
2757 531 2852 601 qui
2880 531 3107 585 omnino
3148 531 3265 585 haec
3293 530 3442 583 inter
3466 546 3527 583 se

1929 636 2248 690 componas,
2271 620 2540 690 pietatem
2559 620 2773 675 scilicet
2791 637 2925 689 erga
2942 621 3122 673 Deum
3134 637 3261 674 cum
3281 619 3529 673 humana

1934 708 2183 762 amicitia
2225 714 2282 762 et
2318 708 2500 779 gloria
2526 707 2705 761 instar
2729 725 2888 779 aquae
2915 708 3233 762 deﬂuente?
3273 708 3529 772 Quonam

1934 796 2069 850 item
2099 797 2265 851 modo
2294 796 2353 850 in
2377 798 2481 850 hac
2502 814 2561 850 re
2581 797 2717 850 socii
2742 796 2845 850 tibi
2875 798 3048 850 futuri
3070 814 3287 863 sumus,
3319 814 3383 850 ac
3414 812 3530 850 non

1934 890 2131 939 contra
2147 891 2266 940 tum
2291 885 2612 951 amicitiam,
2627 892 2748 939 tum
2770 886 3060 952 honorem,
3079 893 3201 940 tum
3222 885 3528 939 liberorum

1934 992 2204 1043 amorem,
2227 977 2340 1031 etsi
2362 977 2494 1047 quid
2516 977 2667 1030 aliud
2686 978 2868 1046 majus
2893 982 3055 1040 esset,
3079 976 3521 1047 aspernabimur,

1934 1081 2059 1118 cum
2086 1070 2162 1131 te,
2195 1082 2228 1119 o
2252 1083 2368 1129 rex,
2400 1066 2458 1118 in
2484 1066 2662 1119 Deum
2701 1067 2970 1119 scelerate
2995 1082 3192 1135 gerere
3221 1066 3527 1139 conspicia-

1935 1170 2081 1219 mus,
2101 1154 2197 1225 qui
2215 1154 2317 1207 tibi
2334 1154 2517 1225 ipsum
2539 1171 2659 1208 esse
2691 1160 2747 1208 et
2770 1154 3032 1224 spiritum
3044 1154 3246 1207 ducere
3270 1153 3526 1224 praebuit,

1933 1244 2029 1314 qui
2057 1249 2141 1297 est
2168 1243 2424 1297 Christus
2452 1244 2612 1298 Jesus
2645 1244 2897 1297 omnium
2916 1242 3188 1297 Dominus
3218 1259 3230 1295 :
3265 1243 3362 1312 qui
3395 1259 3524 1297 cum

1932 1332 2206 1403 principio
2227 1338 2433 1398 careat,
2466 1333 2830 1403 ejusdemque
2854 1349 2982 1387 cum
3004 1332 3170 1385 Patre
3201 1331 3533 1385 aeternitatis

1932 1421 2023 1487 sit,
2057 1422 2335 1491 coelosque
2373 1438 2438 1476 ac
2465 1426 2678 1475 terram
2704 1438 2962 1475 sermone
2990 1420 3315 1492 procrearit,
3356 1419 3534 1473 homi~

1932 1527 2061 1563 nem
2090 1514 2279 1564 tamen
2300 1516 2490 1575 σιῃθ
2512 1511 2748 1564 suismet
2772 1510 3033 1564 manibus
3054 1509 3269 1563 et‘linxit
3289 1524 3532 1579 eumque

1931 1597 2355 1652 immortalitate
2384 1600 2687 1664 coornavit,
2721 1616 3021 1669 regemque
3050 1599 3299 1653 omnium
3338 1615 3528 1652 rerum

1933 1702 2055 1756 quae
2079 1687 2137 1740 in
2156 1693 2311 1740 terra
2337 1692 2470 1741 sunt
2488 1687 2794 1746 constituit.
2817 1688 2979 1757 eique
2997 1689 3145 1757 quod
3174 1688 3426 1741 omnium
3449 1703 3535 1741 re-

248 1773 515 1840 vinciens,
548 1786 655 1845 per
680 1775 942 1828 affectum
964 1790 1098 1844 erga
1126 1790 1215 1827 res
1234 1778 1540 1843 praesentes
1570 1772 1850 1843 captivum
1874 1757 1917 1816 Β
1936 1791 2061 1828 rum
2089 1776 2614 1845 praestantissimum
2636 1779 2775 1840 erat,
2800 1776 2904 1829 hoc
2933 1781 3019 1828 est
3047 1776 3389 1845 paradisum,
3410 1782 3534 1829 tan-

247 1861 497 1915 tenebat.

314 1950 463 2004 Cum
475 1955 667 2009 autem
679 1950 984 2005 Salvatoris
1000 1950 1178 2004 nostri
1194 1949 1526 2019 benignitati
1541 1966 1605 2004 ac
1614 1949 1853 2004 bonitati

248 2054 333 2092 me
364 2055 432 2092 ex
462 2039 569 2093 hac
584 2038 783 2093 acerba
794 2039 1116 2109 captivitate
1136 2039 1419 2093 vindicare
1440 2039 1669 2110 placuit,
1684 2044 1851 2109 atque

246 2126 366 2197 ipse
386 2128 566 2181 menti
587 2144 726 2181 meae
754 2128 823 2181 ad
838 2128 1212 2197 superandam
1229 2127 1441 2197 peccati
1470 2128 1654 2196 legem
1680 2127 1853 2181 robur

248 2215 488 2280 addidit,
519 2216 819 2286 oculosque
847 2232 1003 2270 meos
1026 2216 1267 2287 aperuit,
1284 2222 1345 2270 ut
1364 2215 1499 2269 mali
1531 2232 1595 2269 ac
1613 2215 1743 2282 boni
1761 2217 1852 2270 de-

173 2346 179 2355 .
248 2305 458 2359 lectum
489 2304 791 2371 haberem;
843 2310 967 2358 tum
1005 2304 1232 2370 scilicet,
1263 2310 1404 2370 tum,
1444 2304 1694 2375 inquam,
1726 2306 1850 2358 ani-

247 2393 524 2448 madverti
537 2410 602 2447 ac
621 2393 751 2459 vidi,
772 2393 1070 2465 prasentia
1089 2394 1277 2448 omnia
1293 2394 1598 2447 vanitatem
1629 2399 1686 2447 et
1704 2392 1852 2446 afﬂi-

248 2483 495 2537 ctionem
514 2482 744 2553 spiritus
764 2499 885 2537 esse
907 2484 1093 2549 (Eccli.
1111 2484 1171 2553 I),
1191 2482 1665 2553 quemadmodum
1682 2482 1852 2536 etiam

248 2571 698 2641 sapientissimus
745 2571 1007 2625 Salomon
1048 2571 1290 2642 quodam
1329 2571 1448 2625 loco
1494 2571 1653 2625 dixit.
1708 2572 1851 2625 Tum

248 2660 467 2730 peccati
489 2660 744 2714 velamen
773 2676 802 2713 e
832 2660 998 2713 corde
1025 2676 1150 2713 meo
1201 2660 1484 2714 sublatum
1530 2665 1634 2725 est,
1684 2665 1852 2730 atque

250 2748 568 2824 obscpritas
595 2764 663 2802 ea
688 2765 810 2818 quae
841 2765 909 2801 ex
945 2748 1195 2818 corporis
1222 2749 1475 2803 crassitie
1497 2748 1685 2803 animo
1726 2765 1850 2802 meo

254 2835 620 2890 incumbebat
645 2836 896 2891 discussa
924 2841 983 2889 et
1022 2836 1312 2907 dissipata,
1346 2844 1515 2907 atque
1556 2839 1852 2908 cujusnam

250 2924 326 2978 rei
367 2941 539 2978 causa
576 2930 898 2995 procreatus
928 2941 1053 2978 sum
1091 2925 1328 2994 agnovi;
1366 2924 1616 2995 mihique
1645 2925 1852 2979 facien-

248 3013 387 3067 dum
408 3030 532 3067 esse
549 3019 614 3067 ut
632 3030 733 3084 per
745 3013 1140 3067 mandatorum
1153 3012 1597 3067 observationem
1613 3014 1684 3068 ad
1703 3030 1854 3068 sum-

249 3118 405 3156 mum
439 3101 603 3156 illum
646 3118 838 3155 rerum
877 3101 1129 3156 omnium
1176 3102 1493 3155 effectorem
1532 3103 1852 3158 ascendam.
1875 3074 1918 3133 ϐ

250 3191 608 3261 Quapropter
628 3189 837 3244 relictis
853 3189 1111 3245 omnibus
1129 3190 1451 3256 rebus,eum
1470 3197 1694 3245 secutus
1706 3208 1853 3246 sum.

250 3278 588 3349 Gratiasque
615 3279 733 3332 Deo
761 3295 862 3349 per
889 3279 916 3333 J
922 3295 1079 3332 esum
1109 3280 1398 3334 Christum
1430 3281 1732 3334 Dominum
1760 3296 1857 3334 no-

256 3373 439 3421 strum
471 3382 595 3436 ago,
631 3367 780 3437 quod
810 3383 899 3420 me
929 3384 994 3421 ex
1020 3368 1140 3421 luto
1167 3373 1223 3421 et
1260 3367 1505 3422 lateritio
1532 3368 1746 3432 labore,
1792 3385 1855 3421 ac

253 3455 473 3509 creduli
503 3460 562 3509 et
588 3455 852 3525 pestifero
883 3455 1241 3510 tenebrarum
1275 3456 1444 3526 hujus
1484 3457 1669 3511 saeculi
1698 3456 1854 3527 prin-

254 3544 373 3615 cipe
402 3544 679 3610 liberarit,
712 3544 971 3614 viamque
991 3543 1130 3597 mihi
1160 3544 1638 3614 compendiariam
1655 3551 1711 3598 et
1730 3562 1856 3616 pro-

250 3633 448 3687 clivem
491 3632 819 3699 ostenderit,
853 3649 956 3704 per
984 3649 1152 3703 quam
1197 3632 1257 3686 in
1299 3634 1404 3687 hoc
1433 3634 1591 3687 ﬁctili
1621 3650 1869 3705 corpore

252 3710 569 3791 angelicam
598 3721 728 3775 vita:
754 3721 1030 3775 rationem
1072 3722 1379 3792 amplexari
1417 3722 1645 3793 possim.
1681 3723 1856 3793 Cujus

255 3809 632 3881 adipiscendae
661 3809 1098 3876 studio,arctam
1126 3810 1271 3863 hanc
1300 3816 1359 3864 et
1385 3815 1683 3880 angustam
1710 3811 1857 3864 viam

255 3898 685 3969 ingrediendam
731 3898 870 3952 mihi
908 3898 1038 3953 duxi
1089 3899 1301 3965 (Matth.
1336 3903 1452 3967 v11),
1491 3900 1570 3953 sic
1603 3899 1861 3954 videlicet

257 3987 445 4042 animo
474 3986 833 4053 constitutus,
869 3992 933 4040 ut
956 3988 1314 4058 praesentium
1336 4004 1525 4043 rerum
1552 3988 1859 4042 vanitatem

257 4082 426 4148 atque
438 4075 761 4130 instabilem
779 4090 975 4129 earum
990 4076 1353 4146 jactationem
1371 4082 1427 4131 et
1440 4093 1859 4131 conversmnem

256 4165 623 4219 vehementer
641 4164 971 4235 improbem,
996 4181 1178 4235 neque
1198 4165 1397 4219 adduci
1420 4165 1628 4237 possim
1657 4171 1721 4220 ut
1745 4182 1860 4219 cre-

259 4251 392 4305 dam
414 4252 570 4306 aliud
585 4252 894 4324 quidquam
916 4258 1118 4323 praater
1136 4252 1195 4306 id
1217 4254 1366 4324 quod
1386 4271 1513 4308 vere
1534 4254 1744 4308 bonum
1774 4261 1861 4309 est

262 4339 477 4394 bonum
506 4341 905 4412 appellandum
936 4358 1076 4396 esse.
1109 4343 1157 4395 A
1201 4358 1311 4412 quo
1338 4347 1419 4409 tu,
1450 4360 1482 4397 o
1513 4360 1627 4410 rex,
1658 4344 1862 4399 misere

1934 1879 2102 1933 quam
2131 1864 2345 1934 regiam
2368 1865 2671 1934 quamdam
2704 1864 2891 1917 aulam
2911 1864 3196 1921 attribuit.
3219 1866 3293 1918 At
3320 1865 3414 1917 ille
3441 1864 3531 1918 in-

1932 1953 2084 2006 vidia
2108 1953 2394 2023 deceptus,
2428 1958 2485 2006 et
2506 1953 2563 2006 in
2587 1952 2840 2007 fraudem
2860 1952 3141 2019 inductus,
3167 1953 3533 2023 etvoluptatis

1932 2040 2206 2095 illecebris
2240 2042 2505 2095 delinitus
2526 2043 2676 2109 (Gen.
2710 2057 2803 2108 III;
2842 2041 2971 2109 Sap.
3010 2042 3114 2109 111),
3147 2041 3236 2095 his
3266 2040 3528 2095 omnibus

1933 2130 2139 2184 misere
2164 2131 2415 2201 dejectus
2444 2135 2557 2198 est;
2581 2135 2639 2184 et
2661 2131 2758 2201 qui
2784 2130 2940 2201 prius
2960 2129 3157 2184 beatus
3180 2129 3529 2197 censebatur,

1934 2219 2202 2273 miserum
2219 2221 2600 2290 spectaculum
2620 2218 2920 2290 praebebat,
2942 2219 3318 2290 lacrymisque
3347 2218 3418 2272 ob
3439 2234 3535 2272 ac-

1934 2313 2154 2378 ceptam
2168 2308 2547 2362 calamitatem
2569 2309 2772 2378 dignus
2797 2312 2937 2361 erat.
2953 2308 3160 2361 Verum
3179 2307 3463 2361 enimvero
3482 2306 3533 2360 is

1935 2394 2031 2464 qui
2061 2411 2162 2449 nos
2190 2395 2483 2449 efﬁnxerat
2511 2412 2575 2449 ac
2594 2400 3000 2466 procreaverat,
3016 2394 3273 2463 benignis
3302 2409 3535 2447 rursum

1933 2483 2108 2537 oculis
2130 2500 2399 2537 manuum
2416 2502 2647 2539 suarum
2668 2501 2809 2555 opus
2827 2483 3197 2554 conspicatus,
3221 2483 3433 2537 nullam
3455 2482 3538 2536 di-

1932 2571 2180 2626 vinitatis
2219 2590 2334 2627 sum
2356 2573 2724 2627 mutationem
2755 2573 3085 2644 suscipiens,
3114 2577 3318 2625 nostrae
3338 2571 3538 2625 salutis

1933 2677 2121 2726 causa,
2138 2661 2196 2715 id
2217 2662 2364 2731 quod
2385 2679 2487 2715 nos
2507 2679 2701 2716 sumus
2723 2663 2864 2717 citra
2882 2648 3190 2733 peccatum,
3223 2660 3402 2714 factus
3422 2650 3527 2727 est,

1934 2754 2103 2820 atque
2123 2767 2343 2804 crucem
2363 2755 2419 2803 et
2438 2755 2676 2806 mortem
2697 2756 2897 2821 sponte
2914 2749 3385 2816 subiens,hostem
3405 2765 3539 2803 eum

1935 2838 2031 2907 qu'i
2053 2840 2173 2908 jam
2203 2838 2333 2892 inde
2358 2838 2428 2891 ab
2456 2839 2617 2893 initio
2645 2840 2841 2909 generi
2872 2844 3063 2893 nostro
3103 2836 3387 2891 invidebat
3410 2854 3539 2908 pro-

1934 2927 2148 2993 stravit,
2190 2944 2405 2997 nosque
2443 2927 2644 2981 acerba
2680 2929 2779 2981 illa
2823 2927 3144 2997 captivitate
3182 2925 3450 2981 liberatos
3476 2926 3540 2981 in

1936 3014 2182 3086 priorem
2211 3016 2548 3080 libertatem,
2574 3032 2675 3086 pro
2689 3032 2789 3069 sua
2800 3032 2938 3085 erga
2954 3032 3055 3070 nos
3079 3014 3347 3082 bonitate,
3373 3015 3540 3069 resti-

1936 3104 2064 3168 tuit,
2098 3120 2276 3174 eoque
2301 3121 2527 3158 rursum
2556 3105 2705 3157 unde
2730 3121 2831 3157 nos
2859 3102 3241 3157 inobedientia
3270 3102 3535 3156 exturba-

1937 3198 2111 3257 verat,
2146 3192 2215 3246 ob
2245 3210 2405 3247 suam
2420 3210 2558 3263 erga
2577 3208 2679 3247 nos
2700 3192 3130 3257 humanitatem,
3170 3191 3408 3255 reduxit,
3424 3207 3543 3245 ma~

1932 3281 2168 3352 joreque
2203 3298 2372 3352 quam
2395 3287 2563 3336 antea
2589 3282 2800 3336 honore
2828 3286 3156 3351 prosecutus
3188 3286 3291 3334 est.

2008 3371 2171 3423 Hunc
2186 3370 2361 3440 igitur
2382 3372 2477 3441 qui
2491 3376 2686 3425 nostra
2705 3386 2878 3424 causa
2888 3375 2973 3423 tot
2982 3368 3263 3422 cruciatus
3283 3367 3535 3438 pertulit,

1936 3458 2220 3529 tantisque
2268 3475 2494 3513 rursum
2533 3477 2636 3514 nos
2668 3458 2951 3513 beneﬁciis
2992 3457 3194 3522 aﬁ‘ecit,
3234 3442 3412 3520 hunc,
3448 3455 3539 3509 in-

1938 3564 2127 3617 quam,
2153 3547 2273 3618 ipse
2300 3547 2506 3618 rejicis,
2536 3553 2704 3618 atque
2731 3549 2854 3617 ejus
2874 3562 3098 3600 crucem
3126 3544 3375 3599 dicteriis
3395 3544 3540 3598 inse-

1937 3635 2125 3702 ctaris,
2158 3640 2422 3707 totusque
2452 3636 2697 3706 corporis
2716 3635 2950 3700 deliciis,
2965 3652 3031 3688 ac
3057 3633 3381 3704 perniciosis
3410 3633 3540 3686 affe-

1937 3723 2118 3778 ctibus
2143 3724 2360 3791 afﬁxus,
2393 3724 2765 3795 ignominiosa
2796 3740 2860 3777 ac
2888 3722 3257 3793 turpitudinis
3283 3722 3449 3793 plena
3468 3720 3542 3774 si-

1940 3813 2193 3866 mulacra
2221 3813 2354 3867 deos
2379 3813 2648 3884 appellas.
2681 3813 2797 3866 Nec
2825 3811 3070 3882 teipsum
3085 3811 3357 3865 duntaxat
3377 3826 3411 3863 a
3428 3826 3541 3863 caa-

1941 3901 2165 3955 lestium
2196 3890 2472 3955 bonorum
2517 3901 2913 3972 conjunctione
2958 3899 3305 3965 abstraxisti;
3348 3915 3542 3952 verum

1942 3988 2113 4042 etiam
2143 4007 2357 4057 omnes,
2392 3989 2487 4060 qui
2511 3990 2625 4044 tuis
2653 3989 2904 4061 imperiis
2934 3988 3342 4059 obtemperant,
3372 3986 3442 4041 ab
3475 4003 3544 4041 ea

1940 4094 2213 4139 removes,
2245 4085 2415 4150 atque
2441 4079 2500 4132 in
2530 4079 2731 4133 animae
2762 4077 3073 4148 periculum
3116 4076 3364 4147 conjicis.
3397 4076 3544 4140 Quo—

1940 4166 2087 4220 circa
2114 4166 2278 4220 velim
2302 4183 2498 4220 noscas
2530 4184 2620 4220 me
2639 4166 2873 4219 minime
2902 4165 3334 4219 commissurum
3352 4169 3417 4217 ut
3436 4162 3542 4217 tibi

1940 4271 2187 4325 paream,
2223 4255 2283 4308 in
2326 4256 2632 4323 eademque
2674 4259 2862 4307 tecum
2914 4269 3050 4321 erga
3092 4254 3274 4306 Deum
3308 4251 3542 4322 ingrati-

1942 4345 2139 4399 tudine
2171 4362 2384 4411 verser;
2435 4348 2603 4412 atque
2631 4358 2761 4396 eum
2792 4341 2886 4411 qui
2915 4341 3179 4411 praeclare
3209 4341 3278 4393 de
3308 4356 3398 4394 me
3422 4356 3542 4394 me-

258 4434 315 4483 te
336 4429 615 4500 abrupisti
632 4446 697 4484 ac
716 4431 794 4500 sej
804 4430 1035 4484 unxisti.
1062 4429 1251 4500 anue
1275 4430 1344 4484 de
1363 4448 1534 4486 causa
1551 4449 1654 4487 nos
1691 4433 1860 4488 etiam
1881 4426 1929 4485 D
1945 4434 2085 4488 ritus
2115 4439 2219 4498 est,
2246 4432 2496 4502 mihique
2518 4431 2758 4485 salutem
2780 4430 2991 4492 attulit,
3026 4428 3301 4498 abjurem,
3323 4428 3544 4482 etiamsi

261 4534 293 4570 a
318 4523 379 4572 te
399 4518 667 4587 disjuncti
692 4535 755 4572 ac
776 4518 1029 4572 distracti
1050 4535 1263 4585 sumus,
1279 4520 1545 4590 quoniam
1566 4528 1630 4576 tu
1658 4522 1717 4575 in
1732 4540 1860 4592 per-

256 4605 519 4677 spicuum
537 4611 594 4660 et
615 4606 994 4661 indubitatum
1017 4607 1249 4662 exitium
1270 4607 1404 4672 ruis,
1425 4626 1488 4662 ac
1503 4626 1604 4664 nos
1624 4611 1682 4664 in
1710 4611 1859 4665 idem

259 4695 576 4766 periculum
597 4695 907 4767 praecipites
921 4695 1053 4749 ferri
1065 4696 1237 4766 cogis.
1254 4697 1398 4751 Nam
1410 4699 1655 4768 quandiu
1673 4699 1732 4754 in
1743 4700 1861 4754 sola

250 4784 454 4837 mundi
496 4783 700 4838 militia
737 4783 1124 4850 censebamur,
1177 4786 1391 4839 nullam
1430 4787 1596 4857 ofﬁcii
1642 4793 1860 4858 partem

255 4872 849 4942 prmtermittebamus.
865 4873 946 4927 Ac
963 4877 1027 4927 tu
1056 4890 1278 4944 quoque
1294 4874 1538 4945 optimus
1552 4875 1713 4930 testis
1727 4877 1855 4943 eris,

256 4976 365 5015 nos
396 4977 499 5015 nec
527 4961 901 5032 negligentiae,
934 4977 1037 5017 nec
1066 4963 1331 5018 socordiae
1358 4964 1584 5019 nomine
1610 4982 1861 5037 unquam

254 5067 386 5105 esse
426 5056 651 5105 notatos
679 5068 743 5105 ac
780 5052 1170 5122 reprehensos.

333 5139 714 5210 Posteaquam
743 5146 934 5194 autem
960 5140 1017 5194 id
1040 5156 1280 5210 quoque,
1313 5140 1461 5211 quod
1490 5141 1742 5197 omnium
1772 5143 1865 5198 bo-

252 5244 462 5281 norum
484 5234 654 5299 caput
671 5235 776 5294 est,
800 5229 905 5283 hoc
923 5233 1011 5282 est
1026 5228 1312 5299 pietatem,
1336 5229 1495 5284 nobis
1515 5238 1863 5303 extorquere,

252 5315 476 5386 Deique
527 5317 864 5371 detrimento
905 5317 1076 5387 (quod
1112 5316 1579 5374 detrimentorum
1617 5322 1868 5375 omnium

257 5410 585 5459 extremum
605 5422 669 5459 ac
686 5405 1085 5476 gravissimum
1100 5410 1204 5473 est)
1218 5422 1318 5461 nos
1339 5407 1560 5463 aﬁicere
1581 5409 1863 5474 studuisti,

260 5492 541 5565 nobisque
558 5495 786 5549 interim
802 5495 1042 5549 honores
1073 5493 1143 5548 ob
1158 5511 1284 5549 eam
1303 5512 1529 5551 causam
1548 5498 1606 5553 in
1631 5516 1733 5553 nos
1754 5500 1869 5553 col-

258 5581 416 5637 latos
448 5586 621 5655 atque
632 5583 981 5656 amplissima
998 5582 1269 5639 beneﬁcia
1288 5585 1347 5641 in
1367 5587 1697 5645 memoriam
1718 5604 1872 5645 revo-

1943 4522 2077 4576 feris
2113 4539 2203 4575 me
2233 4519 2590 4574 lacerandum
2622 4529 2680 4573 et
2719 4517 3127 4572 absumendum
3153 4515 3401 4586 objicias,
3445 4519 3546 4568 aut

1940 4610 2145 4680 gladio,
2176 4615 2277 4663 aut
2295 4608 2413 4679 igni
2435 4625 2524 4663 me
2554 4608 2798 4673 addicas,
2835 4624 2957 4678 quae
2989 4605 3215 4676 quidem
3243 4604 3302 4657 in
3322 4609 3423 4657 tua
3450 4620 3545 4674 po-

1943 4703 2147 4753 testate
2176 4698 2287 4752 sita
2306 4703 2463 4755 sunt.
2507 4699 2703 4768 Neque
2732 4696 2888 4751 enim
2924 4698 3163 4747 mortem
3193 4692 3542 4760 exstimesco,

1942 4803 2043 4841 nec
2057 4787 2355 4858 prmsentia
2373 4792 2589 4858 expeto,
2611 4786 2816 4857 quippe
2833 4800 2956 4854 quae
2973 4797 3244 4852 perquam
3265 4780 3546 4836 imbecilla

1945 4882 2001 4930 et
2024 4893 2169 4929 vana
2196 4893 2319 4930 esse
2336 4881 2687 4947 compertum
2700 4873 2957 4927 habeam.
2974 4870 3120 4934 Quid
3150 4869 3299 4923 enim
3322 4869 3381 4923 in
3409 4869 3545 4940 ipsis

1946 4964 2209 5019 utilitatis
2231 4965 2352 5018 est?
2392 4964 2525 5035 quid
2564 4963 2706 5034 quod
2755 4960 2956 5015 stabile
2984 4958 3059 5013 sit
3088 4974 3152 5011 ac
3180 4958 3548 5013 diuturnum?

1947 5056 2142 5126 Neque
2169 5055 2227 5109 id
2247 5055 2448 5121 solum,
2476 5070 2670 5108 verum
2694 5052 2886 5117 etiam,
2915 5055 3038 5105 tum
3062 5065 3284 5119 quoque
3303 5065 3431 5103 cum
3453 5049 3550 5107 ad-

1948 5150 2099 5209 sunt,
2115 5142 2461 5214 ingensipsis
2481 5158 2731 5196 aerumna
2752 5141 3052 5210 conjuncta
3070 5142 3172 5203 est,
3200 5138 3398 5209 ingens
3416 5156 3550 5193 mo:-

1950 5250 2064 5299 ror,
2095 5233 2293 5303 ingens
2318 5239 2375 5287 et
2400 5236 2670 5303 perpetua
2692 5228 3007 5283 sollicitudo
3017 5227 3331 5299 ,siquidem
3351 5245 3548 5282 eorum
3604 5242 3613 5247 ‘

1951 5322 2221 5392 voluptati
2250 5339 2314 5375 ac
2342 5319 2688 5391 perceptioni
2707 5318 2847 5372 nihil
2868 5334 2980 5372 non
3010 5316 3292 5370 maestitia)
3307 5334 3372 5370 ac
3390 5317 3547 5370 dolo-

1952 5410 2031 5463 ris
2051 5410 2331 5463 adnexum
2357 5415 2442 5463 est
2474 5428 2485 5462 :
2514 5410 2765 5479 ipsorum
2794 5406 3020 5473 divitiae,
3056 5412 3358 5477 paupertas
3382 5409 3540 5468 sunt;

1952 5499 2204 5570 ipsorum
2228 5497 2561 5567 sublimitas,
2594 5503 2844 5553 extrema
2867 5495 3126 5567 dejectio.
3155 5493 3425 5557 Quisnam
3451 5508 3547 5546 au-

1952 5592 2068 5643 tem
2088 5603 2283 5643 eorum
2303 5588 2454 5643 mala
2472 5586 2854 5644 enumerando
2874 5581 3138 5655 consequi
3168 5582 3383 5653 possit?
3412 5581 3548 5646 Quae
