3942 6200
329 312 433 378 451
1346 294 1440 366 ne
1476 291 1665 366 vt‘tis
1703 286 1998 364 aliialii!
2034 283 2250 362 ἱλἰὲΕῆ
2289 285 2578 363 liminis.
3491 301 3602 367 452

332 448 558 522 qliidetii
583 438 774 517 paucis
815 440 994 493 Verbis
1023 437 1320 507 theologus
1360 433 1520 490 meus
1552 433 1625 502 (9}
1657 430 1796 488 inihi
1827 431 1927 522 d'd-
1946 433 1990 491 Α
2008 425 2169 522 uteris
2187 435 2245 484 'se
2271 418 2526 522 contulit,
2560 423 2624 486 ut
2648 413 3336 522 deméiitioribijssacriiia
3354 415 3605 503 oiierret,

333 512 681 600 monstravit,
696 532 782 585 his
811 525 988 583 verbis
1010 529 1209 581 utens:
1239 525 1412 580 T‘otus
1445 524 1688 578 mundus
1719 523 1776 576 in
1814 520 1931 575 ma-
2011 517 2316 590 laudesque
2345 512 2411 574 ad
2445 521 2719 575 edendam
2743 521 2892 592 grati
2939 515 3110 577 animi
3139 519 3613 596 significationem

335 627 487 696 ligno
517 623 728 694 positus
758 621 842 672 est
875 603 930 684 (Ι
956 619 1116 672 Ῑοᾰη,
1148 621 1177 668 v
1207 616 1254 668 ei.
1287 619 1371 683 ll).
1403 615 1480 667 Ac
1532 613 1790 696 rursum:
1825 611 1935 664 No-
2015 602 2358 696 persolveret
2385 628 2395 662 :
2431 610 2698 680 ignorans
2728 609 2994 696 nimirum
3039 612 3297 684 quisnam
3333 611 3614 668 bonorum

339 695 438 769 lite
467 707 699 781 diligere
720 697 1212 775 itlu'ndummeQue
1233 706 1300 757 ea
1329 705 1451 774 qua-
1470 701 1524 755 in
1553 695 1762 755 mundo
1781 697 1932 753 sunt.

343 801 620 867 quoniam
641 803 808 852 omne
837 794 986 866 quod
1015 795 1073 848 in
1101 793 1313 848 mundo
1329 796 1431 856 est,
1457 787 1556 845 aut
1571 789 1656 844 est
1673 786 1938 858 concupi-

339 889 551 946 scenae
579 887 784 952 carnis,
808 877 908 939 aut
926 881 1377 953 concupiscentia
1406 879 1714 944 oculorum,
1731 874 1829 930 aut
1849 881 1939 929 “su-

341 978 538 1051 perbia
561 977 687 1031 vita
739 975 808 1029 Et
831 973 1074 1027 mundus
1116 969 1338 1035 transit,
1370 969 1429 1023 et
1462 963 1939 1037 conScupiSCeutia

340 1071 482 1140 ejus.
503 1067 611 1131 Qui
629 1069 817 1119 autem
837 1055 972 1116 facit
990 1061 1338 1114 voluntatem
1366 1057 1487 1121 Dei,
1505 1055 1765 1111 manetin
1787 1059 1944 1108 aeter-

348 1159 508 1214 num.
540 1156 698 1209 Hanc
717 1153 892 1224 igitur
921 1155 1025 1220 ego
1054 1147 1258 1202 bonum
1289 1147 1392 1201 Del
1423 1142 1768 1200 voluntatem
1798 1141 1945 1214 quae-

341 1251 494 1312 rens;
527 1244 718 1299 omnia
742 1251 842 1313 pro
862 1239 1128 1294 derelicto
1143 1236 1333 1302 habui,
1350 1239 1479 1290 cuni
1501 1234 1681 1304 iisque
1711 1237 1800 1286 me
1818 1231 1944 1284 coii-

341 1336 504 1407 junXi
534 1333 629 1404 qui
649 1331 844 1386 eadem
863 1328 1170 1400 cupiditate
1191 1327 1472 1390 tenentur,
1495 1327 1663 1394 atque
1685 1318 1946 1407 eumdem

349 1406 530 1478 Deum
562 1419 851 1491 expetunt.
869 1419 1026 1472 Inter
1043 1420 1183 1486 quas
1202 1417 1314 1468 non
1327 1413 1585 1466 simultas
1607 1411 1709 1476 est,
1741 1411 1854 1462 non
1883 1406 1948 1460 li-

350 1516 468 1578 vor,
485 1515 598 1564 non
622 1517 887 1562 maerores
909 1499 966 1559 et
985 1511 1160 1570 curae;
1192 1502 1291 1556 Sed
1321 1507 1515 1555 Omnes
1533 1492 1682 1553 idem
1696 1497 1947 1551 ciirricu-

351 1602 470 1656 l'um
497 1599 725 1660 obeunt;
758 1600 823 1650 'ut
849 1595 920 1649 ad
949 1593 1320 1664 Sempitemas
1351 1597 1444 1643 eas
1469 1585 1788 1642 mansiones
1817 1582 1948 1656 per:-

349 1690 596 1750 veniant,
629 1691 768 1757 quas
798 1683 1076 1737 luminum
1111 1681 1280 1734 Pater
1305 1679 1375 1733 iis
1415 1678 1449 1732 Α
1487 1676 1688 1748 quibus
1725 1673 1951 1728 amatur

877 1773 894 1826 i
920 1791 931 1838 τ
967 1773 994 1825 1
1024 1772 1146 1825 Cor.
1174 1772 1258 1831 lii;
1293 1769 1406 1822 Hbs
1437 1729 1539 1836 δέ)
1570 1768 1670 1836 pro
1701 1761 1952 1834 parenti-
1971 1729 2018 1802 Β

349 1865 476 1931 bus,
499 1866 600 1919 llos
617 1869 716 1935 pro
729 1855 1018 1922 uati-ibus,
1038 1860 1141 1914 hos
1162 1863 1263 1929 pro
1285 1856 1480 1935 ainicis
1500 1860 1557 1909 et
1583 1850 1956 1907 familiaribus

353 1954 554 2009 habeo.
586 1933 670 2006 Ab
693 1951 764 2005 iis
793 1955 980 2004 autem
1004 1948 1098 2019 qui
1121 1933 1405 2017 ‘quo'ndam
1427 1943 1593 1998 amici
1617 1942 1724 1996 mei
1753 1958 1818 1994 ac
1849 1940 1959 1994 fra-

354 2048 472 2098 tre‘s
502 2047 666 2097 erant
695 2038 950 2110 elongavi
981 2037 1222 2107 fugiens,
1264 2040 1322 2088 et
1359 2032 1540 2087 mansi
1571 2023 1628 2086 in
1657 2027 1959 2086 solitudine

359 2135 522 2204 (Ptul.
561 2133 716 2195 txil),
757 2131 938 2184 Deum
969 2127 1315 2197 eXsp'ectan's,
1343 2123 1439 2194 qui
1469 2122 1682 2176 salvum
1715 2136 1804 2174 me
1832 2116 1962 2172 fecit

356 2237 390 2276 a
421 2218 886 2292 puisillanimitate
915 2215 1167 2287 spiritus,
1203 2219 1260 2268 et
1283 2212 1638 2284 tempestate.

430 2311 561 2364 Haec
580 2313 709 2364 cum
750 2307 828 2360 ita
855 2305 1148 2360 commode
1176 2319 1240 2356 ac
1265 2297 1513 2372 jucunde
1537 2305 1571 2353 ‘a
1597 2296 1698 2382 Dei
1735 2296 1962 2351 nomine

360 2399 511 2454 dicta
533 2399 738 2464 eesent,
767 2403 863 2450 rex
891 2392 1184 2448 iracundia
1201 2391 1427 2463 quidem
1454 2385 1866 2460 impellebatur,
1900 2393 1964 2439 ac

361 2490 620 2542 sanctum
634 2487 812 2540 virum
825 2482 1042 2538 acerbis
1052 2480 1337 2553 suppliciis
1349 2475 1667 2533 etcruciare
1682 2469 1960 2548 cupiebat;

363 2581 592 2631 rursum
620 2569 810 2628 autem
831 2588 891 2626 se
913 2569 1272 2641 reprimebat,
1297 2571 1466 2638 διήιξε
1495 2565 1550 2619 id
1571 2560 1805 2634 aggredi
1826 2579 1964 2616 cun-

365 2665 642 2729 ctabatur,
667 2660 1042 2716 Venerandam
1073 2658 1250 2728 ipsius
1269 2655 1602 2726 dignitatem
1619 2669 1682 2708 ac
1711 2649 1968 2724 splendo-

369 2758 490 2808 rem
529 2753 759 2807 veritus.
805 2750 1132 2804 Sermonem
1176 2755 1308 2800 vero
1354 2744 1652 2815 excipiens,
1696 2739 1786 2796 his
1837 2749 1966 2796 eum

365 2842 549 2897 verbis"
578 2845 664 2896 est
691 2840 964 2895 allocutus
1000 2855 1011 2889 :

443 2931 722 3001 undique,
759 2941 790 2983 ο
823 2925 1014 2991 miser,
1047 2924 1213 2979 exitio
1243 2929 1340 2978 tuo
1369 2920 1654 3001 studuisti,
1686 2921 1749 2974 ut
1779 2919 1874 2990 qui
1899 2913 1970 2972 ad

370 3022 577 3092 ipsum,
609 2999 852 3082 uirium,
879 3022 942 3071 ut
965 3015 1204 3079 videtur,
1231 3018 1287 3066 te
1311 2999 1652 3083 impellente,
1672 3015 1795 3063 tum
1823 3022 1976 3062 men-

2019 693 2270 752 omilium
2290 707 2419 752 vere
2435 705 2630 753 auctor
2649 691 2814 764 esset,
2830 687 2899 754 ad
2922 697 3088 771 quem
3119 697 3410 774 spirituaie
3439 705 3621 757 sacri-

2022 719 2270 752 ommum
2290 719 2419 752 vere
2435 719 2630 753 aucwr
2649 719 2814 764 esset,
2830 719 2899 754 aa
2922 719 3088 771 quem
3119 719 3145 754 s
3187 719 3410 774 irituaie
3439 720 3621 757 sacri-

2022 773 2208 840 litium
2227 779 2480 841 adhiberi
2505 787 2751 842 'debe'ret.
2776 789 2876 844 Ille
2901 781 3074 859 igitur
3089 719 3256 844 rebus
3276 784 3546 846 inanimis
3569 801 3632 846 et

2021 870 2208 928 surdis
2237 867 2335 929 iliii
2362 881 2548 931 ortum
2583 873 2878 952 acceptum
2907 879 3108 946 ferens,
3145 877 3370 952 quaqua
3399 897 3630 934 versum

2023 965 2208 1018 missis
2243 959 2456 1020 nuntiis
2486 945 2814 1037 plebem—ad
2854 964 2976 1038 ejus
3005 945 3262 1023 nataiitia
3274 945 3632 1023 telebranda

2025 1051 2332 1123 cOgendam
2349 1053 2600 1108 curabat.
2615 1048 2694 1109 Ac
2711 1057 2938 1110 cernere
2955 1059 3075 1112 erat
3092 1075 3287 1112 omnes
3303 1058 3454 1128 regis
3467 1047 3628 1112 metu

2025 1133 2390 1209 conﬂuentes,
2415 1145 2716 1215 secumque
2737 1161 2803 1199 ea
2821 1140 2944 1216 qua:
2962 1145 3032 1200 ad
3049 1145 3387 1200 sacriﬁcium
3411 1140 3634 1200 accom-

2026 1227 2254 1286 mndata
2277 1227 2441 1286 erant
2471 1219 2784 1300 aliereiites,
2810 1243 2910 1305 pro
2930 1235 3203 1306 cujusque
3231 1224 3443 1290 scilicet
3457 1221 3633 1289 facul-

2027 1313 2208 1374 tatum
2240 1309 2486 1384 modulo,
2520 1315 2688 1392 atque
2719 1328 2855 1392 erga
2885 1340 3014 1378 eum
3044 1313 3449 1378 benevolentia.
3474 1309 3631 1378 Prae-

2029 1402 2222 1463 sertim
2251 1405 2440 1464 autem
2457 1403 2576 1481 ipse
2592 1401 2850 1465 stimulos
2871 1412 2951 1466 eis
2979 1401 3049 1466 ad
3071 1407 3514 1467 munificentiam
3533 1396 3634 1466 ad-

2031 1493 2305 1564 movebat,
2339 1503 2404 1553 ut
2431 1493 2528 1570 qui
2553 1489 2996 1572 quamplurimos
3045 1493 3102 1555 et
3149 1496 3424 1555 maximos
3461 1489 3634 1554 boves

2029 1587 2353 1641 mactandos
2377 1578 2620 1642 diferret.
2644 1575 2826 1660 Atque
2859 1581 2932 1643 ad
2958 1577 3108 1644 hunc
3128 1587 3356 1644 modum
3383 1587 3639 1644 luculen-

2031 1672 2250 1730 tissimo
2267 1675 2419 1731 'fes'to
2437 1681 2680 1748 peracto,
2705 1685 2919 1743 omnes,
2945 1671 3062 1732 tam
3083 1678 3178 1750 qui
3191 1677 3461 1733 senatorii
3477 1671 3635 1732 ordi-

2037 1765 2124 1818 nis‘
2141 1769 2303 1819 erant
2316 1763 2760 1837 magistratuque
2781 1750 3177 1837 fungebantur,
3198 1773 3368 1838 quam
3388 1760 3638 1821 militum

2039 1869 2268 1908 manum
2298 1859 2467 1925 atque
2495 1855 2666 1909 etiam
2696 1855 2940 1926 plebeios
2971 1863 3028 1910 et
3056 1855 3327 1927 ignobiles
3353 1851 3646 1928 amplissi-

2040 1941 2147 1996 mis
2176 1933 2338 1996 dohi‘s
2369 1935 2831 2014 prosequebatur.
3122 2011 3128 2018 _

2113 2031 2178 2085 In
2193 2031 2315 2102 ipso
2327 2017 2518 2086 autem
2536 2019 2921 2088 natalitiorum
2939 2029 3038 2088 ﬁlii
3055 2017 3290 2089 solemni
3302 2023 3422 2108 die,
3437 2023 3648 2088 deiecti

2041 2115 2144 2173 viri
2174 2111 2397 2176 circiter
2423 2121 2852 2192 quinquaginta,
2899 2117 2994 2196 qui
3041 2119 3099 2176 in
3143 2119 3210 2177 ea
3252 2111 3649 2178 Chaldaeorum

2042 2199 2536 2281 sapientiaquem
2559 2205 2962 2283 conSpiciendis
2973 2207 3345 2283 notandisque
3364 2203 3652 2266 sideribus

2043 2301 2314 2364 versatur,
2341 2295 2589 2354 studium
2612 2299 2780 2371 atque
2809 2317 3036 2372 operam
3064 2287 3419 2366 collocarent,
3451 2294 3526 2354 ad
3551 2317 3649 2352 re-

2043 2391 2173 2457 gem
2206 2389 2602 2443 convenerunt.
2633 2387 2784 2454 Quos
2809 2387 2936 2444 cum
2965 2407 3064 2444 rex
3093 2381 3322 2461 propius
3365 2389 3440 2443 ad
3468 2405 3529 2442 se
3554 2405 3647 2442 ac-

2045 2407 2173 2457 gem
2206 2407 2602 2443 convenerunt.
2633 2407 2784 2454 quos
2809 2407 2936 2444 cum
2965 2407 3064 2444 rex
3093 2407 3192 2461 pro
3236 2407 3322 2444 ius
3365 2407 3440 2443 an
3468 2407 3529 2442 se
3554 2407 3647 2442 ac-

2045 2471 2242 2530 cedere
2255 2471 2533 2547 jussiss‘et,
2551 2463 2620 2531 de
2637 2475 2872 2548 singulis
2893 2407 3360 2550 percunctabatur
3369 2463 3649 2550 quidnam

2047 2571 2187 2635 puer
2207 2565 2262 2618 in
2290 2565 2472 2620 lucem
2503 2563 2684 2620 editus
2713 2557 2937 2622 futurus
2957 2574 3124 2622 esset.
3150 2557 3237 2621 Illi
3265 2559 3456 2621 autem
3477 2565 3654 2636 longa

2048 2653 2491 2708 coii'sideratione
2521 2650 2734 2722 habita,
2767 2649 3018 2710 futurum
3049 2637 3308 2710 dicebant
3348 2661 3415 2709 ut
3448 2635 3653 2726 opibus

2049 2755 2114 2797 ac
2136 2743 2387 2814 potentia
2413 2733 2658 2810 floreret,
2694 2745 2864 2816 atque
2893 2762 3087 2816 omnes
3128 2741 3224 2816 qui
3249 2761 3488 2816 regnum
3518 2751 3655 2798 ante

2049 2829 2237 2903 ipsum
2267 2826 2638 2887 obtinuissent
2655 2829 2965 2904 superaret.
2985 2827 3142 2888 Unus
3164 2851 3290 2888 vero
3309 2818 3652 2903 astrologus,

2055 2917 2151 2990 qui
2182 2921 2360 2975 socio's
2377 2921 2570 2975 omnes
2587 2927 2718 2976 'suos
2739 2905 3052 2976 eruditione
3074 2918 3342 2990 anteibat,
3363 2923 3451 2976 his
3469 2921 3657 2976 verbis

2057 3011 2192 3063 usus
2221 3013 2305 3063 est
2333 3027 2345 3063 :
2376 3010 2661 3074 Quantum
2681 3027 2746 3065 ex
2764 3007 3012 3065 siderum
3031 3027 3200 3066 cursu
3213 2994 3502 3065 addiscere
3522 3027 3656 3082 pos-

375 3081 492 3164 tem
509 3081 1218 3178 tumlinguamucueris,ac
1230 3081 1461 3173 proinde
1480 3098 1770 3154 obscuram
1783 3081 2036 3170 quam-C
2055 3103 2200 3163 sum,
2230 3113 2262 3151 ο
2293 3107 2404 3164 rex,
2443 3088 2543 3152 iilii
2573 3099 2668 3172 qui
2697 3115 2846 3154 nunc
2873 3099 2938 3154 ex
2967 3095 3023 3154 te
3049 3105 3205 3154 ortus
3235 3106 3320 3154 est
3342 3081 3658 3171 amplitudo

376 3199 507 3254 dam
538 3190 707 3268 atque
736 3196 964 3250 inanem
992 3191 1290 3247 verborum
1319 3189 1557 3245 maniam
1587 3185 1866 3243 effuderis.
1898 3181 1977 3240 Ac

378 3287 490 3342 nisi
508 3285 785 3341 sermonis
804 3281 1078 3355 principio
1099 3285 1188 3334 me
1199 3279 1301 3334 tibi
1321 3280 1598 3334 facturum
1619 3272 1973 3348 recepissem,

375 3375 442 3431 ut
470 3392 500 3430 e
533 3375 716 3430 medio
759 3373 992 3428 concilio
1030 3368 1383 3425 iracundiam
1423 3365 1780 3440 depellerem,
1830 3374 1981 3420 nunc

377 3467 574 3519 carnes
604 3466 731 3517 tuas
760 3463 818 3516 in
848 3462 1038 3532 ignem
1069 3459 1454 3528 conjecissem.
1483 3457 1759 3520 Quoniam
1790 3461 1980 3509 autem

377 3555 497 3626 ipse
526 3555 902 3614 antet'ertens,
935 3548 1149 3618 tibique
1181 3553 1404 3610 cavens,
1435 3542 1758 3615 huiusmodi
1797 3537 1980 3598 verbis

380 3650 473 3696 me
507 3639 820 3703 obvinkisti,
853 3636 1148 3692 audaciam
1175 3636 1333 3690 tuam
1367 3633 1437 3688 ob
1466 3630 1761 3704 pristinam
1798 3639 1981 3686 meam

381 3732 517 3800 erga
539 3725 598 3782 te
629 3725 936 3781 amicitiam
966 3724 1102 3778 fero.
1135 3721 1513 3787 Quamobrem
1527 3729 1782 3790 exsurge,
1815 3726 1984 3790 atque

383 3818 456 3872 ab
486 3816 662 3870 oculis
692 3815 830 3868 meis
849 3813 1082 3885 profuge
1105 3831 1117 3880 ;
1143 3817 1256 3866 non
1272 3813 1391 3882 jam
1407 3813 1464 3864 te
1484 3805 1700 3876 videbo,
1717 3805 1812 3862 sed
1837 3800 1984 3862 male

389 3903 650 3959 mactabo

457 3994 545 4048 Ita
563 3995 820 4063 egressus
845 3989 946 4045 D‘e'i
962 3989 1128 4044 homo
1145 3987 1204 4042 in
1219 3977 1577 4043 solitudinem
1604 3987 1989 4054 ‘secessit,mte-

386 4083 516 4138 rore
555 4080 782 4152 quidem
809 4085 876 4134 eo
909 4079 1136 4133 nomine
1167 4075 1415 4142 aifectiis,
1468 4073 1614 4148 quod
1651 4076 1986 4149 martyrium

2060 3193 2227 3258 atque
2257 3187 2536 3258 profectus
2558 3187 2744 3242 nonin
2765 3191 2864 3243 tuo
2899 3205 3074 3258 regno
3109 3189 3239 3256 erit,
3269 3185 3366 3243 sed
3397 3189 3457 3242 in
3477 3188 3657 3242 altero

2061 3269 2468 3347 praestantiore,
2501 3282 2670 3348 atque
2702 3269 3215 3349 incomparabiliter
3242 3277 3654 3332 excellentiore'.

2061 3352 2244 3436 Atque
2257 3365 2438 3437 ipsum
2455 3351 2903 3422 Christianorum
2915 3384 3136 3439 quoque
3143 3363 3474 3437 religionem
3486 3383 3656 3438 quam

2061 3453 2122 3508 tu
2153 3455 2444 3509 insectaris
2469 3453 2827 3526 arrepturum
2859 3455 3136 3522 existimo,
3169 3473 3270 3509 nec
3299 3463 3428 3509 eum
3457 3445 3528 3509 ab
3557 3456 3658 3509 hoc

2063 3550 2229 3614 scopo
2256 3550 2320 3597 a‘c
2349 3551 2445 3614 'spc
2477 3539 2871 3598 aberraturum
2901 3551 3060 3616 puto.
3093 3535 3222 3599 Haec
3267 3544 3481 3598 scilicet
3522 3544 3659 3598 dixit

2063 3621 2395 3702 astrologus,
2430 3629 2495 3686 ut
2522 3628 2657 3687 oiim
2688 3623 2916 3688 Balaam
2945 3629 3130 3694 (Nam.
3160 3634 3340 3703 XXIII),
3370 3651 3485 3688 non
3513 3633 3663 3704 quod

2065 3722 2370 3791 astrologia
2400 3717 2632 3776 veritate
2656 3723 2892 3788 nitatur,
2920 3719 3017 3777 sed
3039 3717 3186 3794 quod
3221 3723 3370 3778 Deus
3397 3730 3462 3777 ut
3480 3722 3663 3776 omnis

2064 3811 2254 3881 impiis
2301 3807 2581 3865 excusatio
2624 3817 3031 3882 amputaretur,
3064 3812 3358 3866 veritatem
3385 3829 3488 3883 per
3515 3813 3663 3884 ipsos

2070 3900 2418 3954 adversarios
2447 3900 2786 3957 ostenderet.

2143 3977 2258 4042 iter
2287 3994 2498 4055 autem,
2532 3993 2595 4043 ut
2620 3981 2738 4044 haec
2761 3969 3051 4054 intellexit,
3089 3990 3368 4061 ejusmodi
3400 3991 3665 4044 nuntium

2067 4071 2316 4148 graviter
2350 4095 2416 4132 ac
2441 4069 2676 4132 molesto
2713 4075 2902 4134 animo
2931 4079 3166 4152 excepit,
3211 4079 3667 4150 voluptatemque

389 4171 624 4225 minime
652 4169 898 4234 obiiSSet,
933 4171 1194 4223 caeterum
1225 4163 1379 4222 nullo
1429 4173 1540 4221 non
1570 4166 1680 4232 die,
1715 4171 1987 4236 qnantum
2070 4155 3666 4246 suammmstitiainterrumpisensit.Nihiiominustamen,

389 4249 461 4315 ad
481 4257 878 4314 conscientiam
897 4253 1121 4323 attinet,
1147 4257 1420 4328 martyrio
1437 4251 1871 4326 ibngen‘s,atque
1889 4247 1992 4308 ad-
2073 4253 2131 4307 in
2153 4254 2371 4324 privata
2395 4247 2636 4325 quadam
2659 4239 2900 4321 civitate,
2925 4239 3300 4327 pulzherrimo
3331 4239 3547 4327 palatio
3577 4273 3670 4310 ex—

389 4354 582 4406 versu's
613 4348 955 4420 principatus
979 4353 1034 4400 et
1055 4342 1378 4416 potestates,
1407 4345 1671 4400 adversus
1688 4343 1882 4398 mundi
1901 4357 2049 4420 re-u
2075 4331 2307 4408 structo,
2355 4337 2759 4414 splendidaque
2805 4341 2970 4398 domo
2998 4343 3299 4410 elaborata,
3332 4330 3447 4398 illic
3492 4346 3672 4400 ﬁlium

595 4401 954 4492 tenebrarum
975 4401 1145 4504 huius
1166 4401 1378 4500 saeculi,
1390 4429 1658 4488 adversus
1678 4401 2054 4504 “spiritualiab
2075 4401 2686 4503 colldcavit,.jussitque
2721 4427 2784 4486 ut
2822 4429 3026 4487 eiactis
3049 4433 3244 4504 primis
3274 4401 3458 4488 aetatis
3488 4433 3668 4495 annis,

391 4522 677 4599 nequitiae,
698 4524 762 4580 iit
775 4525 857 4580 ait
883 4521 1084 4578 beatus
1112 4519 1340 4587 Paulus,
1373 4517 1647 4577 dimicans
1673 4523 1990 4591 (Ephesmx).
2075 4509 2245 4574 nullis
2275 4517 2346 4574 ad
2375 4537 2502 4574 eum
2540 4537 2794 4576 accessus
2831 4527 3073 4594 pateret.
3118 4509 3300 4597 Atque
3340 4519 3674 4598 paedagogos

393 4615 539 4669 cum
567 4611 852 4685 igiturilie
873 4607 1120 4679 abiisset,
1139 4621 1234 4664 rex
1253 4609 1508 4680 grai/iure
1537 4603 1830 4664 iracundia
1859 4612 1994 4663 con—

396 4702 620 4770 citatus,
646 4703 917 4758 acriorem
948 4697 1392 4772 persecutionem
1420 4700 1686 4753 adversus
1725 4695 1996 4752 monasti-

397 4797 528 4846 cum
558 4789 761 4862 agmen
790 4789 1066 4856 exercere,
1103 4786 1428 4859 maioreque
1467 4783 1677 4842 honore
1703 4777 1886 4852 ξίν,
1921 4781 1998 4840 'si‘-

401 4877 779 4934 inulacro‘rum
809 4879 1050 4934 cultores
1087 4889 1154 4932 ac
1189 4865 1508 4932 sacerdotes
1549 4871 1768 4930 amcere
1797 4875 1991 4946 coepit.

475 4966 607 5022 CM).
635 4961 735 5022 iii.
761 4997 824 5008 —
865 4970 1007 5023 Cum
1045 4966 1236 5022 autem
1264 4969 1359 5022 rei:
1385 4966 1443 5021 in
1471 4971 1590 5020 tam
1623 4965 1778 5034 gravi
1811 4965 2000 5018 errOré

401 5053 575 5126 atque
584 5053 897 5126 impositura
907 5053 1240 5120 Versantur,
1257 5052 1507 5110 nascitur
1519 5053 1570 5108 ei
1583 5047 2002 5124 elegantissima

404 5145 588 5200 forma
609 5142 778 5209 filius,
798 5143 966 5216 atque
979 5149 1046 5197 ‘ex
1073 5151 1140 5198 ea
1157 5139 1571 5216 pulchritudine
1590 5151 1715 5214 quae
1732 5133 1836 5214 ipsi
1857 5137 1999 5196 aii‘u-

402 5235 467 5289 ta
493 5235 620 5286 erat
641 5233 699 5287 in
721 5231 869 5303 quod
894 5232 1144 5287 futurum
1171 5239 1293 5288 erat
1323 5233 1687 5304 prmsignaus.
1726 5228 1818 5286 Sic
1845 5226 2001 5285 enim

402 5331 663 5378 sermone
681 5319 965 5376 i’érebatur
984 5321 1044 5375 in
1059 5321 1156 5376 illa
1173 5328 1325 5376 terra
1352 5327 1587 5394 puerum
1605 5322 1725 5393 pari
1754 5316 2003 5392 pulchri-

405 5409 603 5469 tudine
635 5423 704 5465 ac
736 5413 1026 5465 venustate
1057 5415 1333 5482 nuSquam
1363 5400 1800 5464 cirstitissefiiex
1817 5403 2006 5464 autem

405 5501 477 5558 ob
501 5500 660 5574 pueri
689 5493 1043 5556 nativitatem
1071 5500 1312 5554 maximo
1331 5495 1537 5570 gaudio
1567 5493 1842 5570 perfusus,
1878 5503 2004 5552 eum

405 5575 1031 5664 Josaphatnoininavit;
1055 5591 1225 5661 argue
1258 5589 1329 5644 ad
1357 5581 1633 5644 idolorum
1661 5577 1875 5659 tempia
1905 5587 2004 5642 de“-

2077 4607 2186 4680 ipsi
2215 4613 2274 4663 ‘et
2315 4610 2598 4664 ministros
2637 4613 2802 4666 aetate
2839 4603 3105 4666 florentes
3148 4611 3465 4681 eximiaque
3493 4611 3675 4665 forma

2080 4685 2341 4769 przfcditOS
2379 4699 2744 4761 constituens,
2775 4696 2883 4771 hoc
2908 4700 3045 4771 ipsis
3083 4699 3387 4764 mandavit,
3427 4705 3495 4754 ut
3539 4699 3674 4754 nihil

2082 4788 2277 4841 eorum
2304 4805 2425 4859 quae
2447 4783 2505 4842 in
2527 4789 2631 4843 hac
2653 4785 2765 4843 vita
2783 4769 3018 4844 molesta
3032 4795 3166 4844 sunt
3181 4795 3539 4861 perspectum
3570 4789 3675 4860 ipsi

2082 4872 2346 4943 facerent,
2364 4879 2475 4931 non
2493 4870 2753 4944 mortem,
2769 4875 2880 4932 non
2892 4885 3256 4942 senectutem,
3271 4895 3383 4932 non
3393 4877 3673 4932 morbum.

2084 4977 2194 5020 non
2240 4961 2649 5037 paupertatem,
2691 4984 2804 5022 non
2835 4964 3141 5038 quidquam
3178 4955 3333 5022 aliud
3358 4967 3672 5032 molestiae;

2082 5055 2340 5143 quodque
2368 5054 2476 5126 ipsi
2497 5054 2926 5110 oblectationem
2945 5055 3306 5128 interpellare
3343 5063 3572 5130 posset;
3601 5073 3679 5143 vp-

2083 5142 2210 5198 rum
2243 5143 2434 5198 omnia
2449 5145 2695 5214 jucunda
2723 5151 2780 5199 et
2819 5161 2947 5200 cum
2976 5145 3133 5200 suavi
3163 5146 3348 5200 fructu
3375 5142 3678 5217 conjuncta
3717 5173 3724 5182 -

2081 5238 2476 5304 proponerent,
2502 5228 2566 5287 ut
2589 5229 2650 5287 in
2677 5224 2764 5288 his
2787 5233 2966 5306 ipsius
2993 5235 3213 5289 animus
3241 5251 3370 5289 cum
3395 5235 3678 5306 voluptate

2085 5333 2150 5375 ac
2178 5311 2390 5376 deliciis
2429 5321 2672 5388 versans,
2711 5319 2849 5376 nihil
2879 5325 3106 5378 omnino
3135 5340 3324 5378 rerum
3361 5323 3678 5378 futurarum

2088 5410 2425 5480 cegitatione
2457 5407 2747 5483 complecti
2786 5419 2992 5484 posset,
3023 5429 3088 5488 ac
3128 5430 3199 5467 ne
3237 5412 3404 5467 verbo
3453 5414 3678 5484 quidem

2087 5495 2252 5554 tenus
2281 5497 2350 5554 de
2379 5495 2586 5555 Christi
2630 5495 2896 5572 religione
2936 5502 3224 5575 ipsiusque
3253 5501 3497 5578 decretis
3527 5501 3678 5576 quid-

2089 5595 2257 5660 quam
2287 5583 2684 5648 audiret.Nam
2700 5581 2805 5646 hoc
2831 5609 2946 5664 prae
2975 5591 3232 5648 omnibus
3256 5591 3426 5648 rebus
3458 5591 3568 5664 ipsi
3585 5608 3678 5647 oc-
