3876 6190
437 247 546 304 455

1470 244 1565 298 DE
1601 243 1791 298 VITIS
1830 239 2126 297 PATRUM
2163 235 2378 292 LIBER
2412 234 2704 290 PRIMUS.

3554 240 3644 298 456

438 373 783 445 temporaria
807 377 912 438 est,
945 368 1221 425 acerbitas
1249 372 1440 422 autem
1459 367 1839 438 sempiterna:
1866 364 2028 420 Chri-
2044 365 2096 424 Î‘
2113 361 2252 416 duos
2281 360 2584 414 monachos
2602 376 2704 431 per
2721 359 3006 413 desertum
3042 355 3150 411 iter
3181 357 3433 415 facientes
3481 366 3652 420 cernit.

439 463 752 517 stianorum
779 463 976 514 contra
1004 458 1163 512 labor
1193 457 1418 528 quidem
1440 456 1814 527 temporarius
1834 459 2036 520 est,vo-

439 552 625 622 luptas
653 555 842 604 autem
865 553 922 602 et
937 547 1152 602 utilitas
1171 543 1907 608 immortalis.Quamobrem
1917 542 2037 596 feli-

439 639 579 693 citer
593 638 759 692 velim
778 637 941 690 cedat
957 636 1168 690 bonum
1191 641 1354 689 tuum
1379 634 1891 698 consilium.249
1909 631 2037 686 Pul-

438 729 633 781 chrum
645 731 732 788 est
745 727 916 789 enim,
950 743 1015 780 ac
1043 725 1202 779 valde
1231 725 1546 795 pulchrum,
1577 740 1644 777 ea
1673 721 2039 793 quaeinteritu

439 815 677 870 obnoxia
707 821 840 870 sunt
868 831 998 869 cum
1026 813 1384 884 sempiternis
1413 816 1779 866 commutare.

510 905 612 958 His
648 903 831 958 verbis
861 903 1088 971 auditis,
1120 919 1216 956 rex
1246 903 1608 956 vehementer
1636 900 1862 971 quidem
1894 898 2037 952 indi-

437 1000 642 1064 gnatus
674 998 787 1057 est;
810 999 1071 1047 caeterum
1094 991 1442 1045 iracundiam
1473 988 1820 1061 compressit,
1851 1003 2034 1058 neque

436 1083 543 1154 ipsi
571 1089 694 1136 tum
723 1082 1030 1153 quidquam
1059 1082 1276 1135 locutus
1306 1086 1408 1134 est.
1439 1081 1514 1133 At
1541 1079 1654 1145 ille,
1687 1083 1751 1133 ut
1780 1077 1876 1148 qui
1906 1093 2036 1148 pru-

439 1172 578 1226 dens
591 1188 655 1225 ac
674 1187 847 1242 sagax
870 1176 1232 1239 esset,regem
1250 1185 1354 1223 sua
1373 1167 1547 1222 verba
1571 1167 1816 1238 graviter
1830 1171 1888 1220 et
1912 1182 2036 1220 mo-

445 1261 583 1314 leste
606 1259 885 1330 accepisse
911 1259 1327 1324 animadvertit,
1370 1263 1707 1328 versutoque
1761 1255 1950 1310 animo
1978 1253 2036 1308 id

441 1349 721 1403 duntaxat
747 1349 949 1418 egisse,
983 1351 1048 1402 ut
1065 1347 1244 1418 ipsius
1269 1347 1523 1400 animum
1556 1346 1906 1416 exploraret;
1934 1344 2036 1397 do-

442 1454 709 1508 mumque
729 1453 1002 1502 reversus,
1027 1437 1085 1490 in
1108 1453 1346 1490 maerore
1369 1439 1538 1506 atque
1553 1435 1824 1504 languore
1849 1448 2036 1486 versa-

443 1526 630 1595 batur,
651 1525 988 1580 addubitans
1017 1525 1276 1578 videlicet
1295 1541 1540 1595 quonam
1561 1523 1728 1577 modo
1757 1522 1908 1592 regis
1921 1521 2039 1574 ani-

440 1632 597 1668 mum
627 1615 932 1685 mitigaret,
965 1619 1135 1685 atque
1156 1613 1487 1684 impendens
1507 1612 1612 1666 sibi
1632 1611 1943 1682 periculum
1955 1609 2038 1664 ef-

2117 452 2270 515 Quos
2292 449 2482 503 statim
2501 447 2918 519 comprehendi,
2941 452 3000 502 et
3018 447 3088 500 ad
3112 463 3331 528 currum
3341 465 3491 505 suum
3509 453 3657 508 addu-

2117 539 2166 592 ci
2186 538 2375 608 jussit.
2407 539 2592 608 Atque
2613 537 2895 592 iracundis
2915 536 3091 590 oculis
3109 553 3202 590 eos
3220 537 3448 603 intuens,
3471 539 3658 610 ignem-

2124 643 2251 698 que,
2277 631 2344 681 ut
2361 626 2470 680 dici
2497 626 2658 692 solet,
2685 625 2904 696 spirans
2932 623 3066 694 (10):
3094 625 3186 680 An
3205 642 3312 679 non
3339 627 3661 696 audiistis,in-

2123 717 2262 786 quit,
2307 733 2340 770 o
2389 715 2724 786 impostores
2761 720 2819 768 et
2845 713 3365 784 circumscriptores,
3419 733 3664 786 prmones

2119 821 2274 859 meos
2295 810 2488 875 aperte
2510 804 2922 875 proclamantes
2942 819 3013 856 ne
3029 802 3154 872 quis
3173 804 3337 857 vestri
3353 803 3666 860 diaboliciin-

2117 893 2302 948 stituti
2329 899 2462 964 post
2486 892 2738 946 triduum
2759 892 2818 946 in
2846 891 2984 945 urbe
3018 897 3116 945 aut
3143 892 3255 946 ulla
3277 893 3442 962 regni
3467 895 3570 948 mei
3591 911 3668 948 re-

2112 983 2282 1053 gione
2294 982 2659 1048 inveniretur,
2690 987 2790 1035 aut
2819 981 3030 1051 alioqui
3053 997 3277 1051 prorsus
3295 981 3407 1051 igni
3424 999 3668 1037 cremare-

2114 1072 2244 1126 tur?
2273 1071 2528 1125 Monachi
2557 1075 2746 1124 autem
2777 1089 2789 1124 :
2812 1071 2916 1136 En,
2937 1069 3219 1140 inquiunt,
3243 1086 3342 1140 pro
3371 1086 3434 1123 eo
3451 1071 3670 1140 acjussi-

2117 1159 2210 1225 sti,
2240 1177 2307 1214 ex
2331 1158 2565 1214 urbibus
2587 1159 2700 1214 tuis
2725 1175 2790 1212 ac
2815 1157 3138 1228 regionibus
3149 1158 3473 1212 excedimus.
3494 1159 3676 1214 Verum

2118 1264 2245 1303 cum
2258 1249 2493 1318 longum
2523 1247 2682 1302 nobis
2707 1247 2819 1302 iter
2845 1245 3192 1318 propositum
3216 1245 3306 1312 sit,
3325 1253 3388 1300 ut
3413 1247 3480 1300 ad
3500 1247 3676 1301 fratres

2119 1343 2342 1391 nostros
2371 1337 2808 1408 proficiscamur,
2838 1353 2902 1389 ac
2921 1335 3044 1389 cibo
3067 1351 3375 1402 careamus,
3401 1335 3500 1388 hac
3517 1335 3680 1389 viain-

2117 1426 2388 1492 cedimus,
2404 1431 2471 1480 ut
2497 1424 2659 1480 nobis
2673 1425 2876 1479 viatica
2893 1429 3218 1496 suppetant,
3251 1439 3351 1478 nec
3377 1423 3514 1478 fame
3543 1423 3682 1478 absu-

2119 1531 2360 1568 mamur.
2376 1515 2490 1568 Rex
2521 1519 2709 1568 autem
2732 1513 2946 1584 inquit:
2979 1513 3087 1576 Qui
3110 1513 3306 1568 mortis
3319 1512 3494 1566 minas
3509 1513 3686 1566 metuit

2119 1603 2250 1657 huic
2269 1602 2420 1657 cibos
2441 1619 2768 1673 comparare
2785 1601 3017 1655 minime
3034 1607 3211 1654 vacat.
3232 1600 3484 1655 Monachi
3495 1605 3679 1654 autem:

441 1703 682 1774 fugeret.
713 1705 856 1758 Cum
889 1707 1078 1757 autem
1103 1703 1376 1756 insomnis
1398 1707 1620 1755 noctem
1643 1705 1822 1754 totam
1853 1672 2102 1769 exige-B
2124 1691 2294 1745 Recte
2314 1690 2522 1756 diXiSti,
2555 1707 2587 1744 0
2620 1707 2741 1755 rex,
2777 1689 3076 1760 inquiunt:
3135 1689 3234 1760 qui
3264 1693 3497 1742 mortem
3523 1693 3688 1741 mei-11'

440 1798 546 1856 ret,
582 1793 704 1861 ejus
725 1791 821 1862 qui
841 1791 999 1862 pedis
1027 1789 1357 1844 infractione
1372 1787 1663 1844 laborabat
1690 1788 1749 1842 in
1793 1792 2040 1841 mentem

442 1879 549 1950 ipsi
571 1880 741 1945 venit,
771 1896 1013 1950 eumque
1047 1879 1119 1932 ad
1147 1895 1207 1932 se
1237 1878 1478 1932 accitum
1507 1877 1589 1931 ita
1616 1882 1702 1930 est
1730 1877 2037 1930 allocutus:

442 1969 714 2022 Memoria
737 1974 921 2033 teneo,
977 1973 1033 2022 te
1063 1967 1203 2020 mihi
1252 1967 1358 2021 hoc
1385 1966 1606 2032 dixisse,
1658 1965 1808 2036 quod
1859 1964 2040 2019 noxiis

441 2056 626 2110 verbis
673 2056 971 2110 medearis.
1026 2057 1126 2110 Ille
1153 2060 1361 2110 autem:
1405 2055 1504 2108 Est
1531 2055 1630 2117 ita,
1663 2053 1864 2124 inquit,
1901 2059 1958 2106 et
1993 2053 2042 2107 si

443 2162 582 2216 opus
601 2149 706 2211 est,
739 2143 982 2198 scientiae
1012 2161 1150 2198 meae
1167 2144 1448 2214 specimen
1482 2143 1663 2197 edam.
1684 2143 1921 2197 Senator
1937 2158 2040 2196 au-

441 2238 559 2288 tem
591 2250 909 2288 sermonem
939 2233 1239 2304 excipiens,
1273 2231 1378 2303 ipsi
1418 2237 1662 2286 veterem
1701 2248 1861 2286 suam
1904 2247 2039 2301 erga

439 2339 631 2392 regem
644 2321 1082 2376 benevolentiam
1097 2327 1155 2376 et
1172 2321 1565 2376 auctoritatem
1575 2337 1744 2391 quam
1757 2319 2038 2391 apudeum

441 2409 722 2464 obtineret
749 2409 1021 2481 exposuit,
1072 2408 1470 2479 recentemque
1500 2409 1634 2464 item
1671 2407 1777 2462 sibi
1813 2412 2036 2461 versuto

439 2498 630 2553 animo
657 2498 1324 2564 adhibitum'sermonem,
1348 2503 1404 2552 et
1423 2483 1896 2568 quemadmodum
1919 2495 2039 2566 ipse

443 2587 669 2658 quidem
697 2587 870 2658 probe
888 2587 1284 2658 respondisset,
1307 2587 1399 2640 ille
1419 2591 1610 2640 autem
1626 2585 1804 2657 ipsius
1833 2601 2040 2639 sermo-

443 2691 572 2729 nem
601 2675 837 2730 molesto
867 2675 1058 2728 animo
1087 2674 1385 2746 accipiens,
1417 2690 1518 2744 per
1560 2673 1748 2727 vultus
1777 2673 2040 2727 mutatio-

451 2771 600 2820 nem,
631 2755 775 2808 iram
795 2753 854 2807 in
881 2754 1081 2808 intimo
1098 2761 1323 2824 pectore
1344 2752 1662 2806 latitantem
1684 2751 2041 2806 ostendisset.

514 2845 736 2914 Pauper
763 2849 954 2897 autem
981 2843 1077 2896 ille
1107 2848 1165 2896 et
1191 2841 1469 2906 inï¬rmus,
1499 2857 1560 2894 re
1578 2856 1706 2894 cum
1734 2839 1922 2894 animo
1942 2856 2044 2894 suo

443 2931 822 2997 considerata,
846 2931 1015 2985 dixit:
1040 2931 1252 2985 Noscas
1279 2935 1518 3002 oportet,
1538 2929 1624 2983 vir
1641 2927 2040 2995 illustrissime,

441 3037 635 3092 regem
659 3021 864 3074 malam
895 3037 960 3074 ac
987 3019 1274 3074 sinistram
1312 3020 1611 3074 adversum
1637 3023 1694 3073 te
1722 3017 2044 3090 opinionem

444 3110 784 3180 concepisse,
837 3125 1038 3180 nempe
1089 3109 1236 3180 quod
1293 3108 1468 3179 ipsius
1511 3124 1748 3178 regnum
1771 3123 2042 3178 occupare

443 3199 694 3266 studeas,
727 3203 899 3268 atque
946 3197 1203 3252 tentandi
1239 3197 1324 3252 tui
1352 3197 1538 3252 studio
1568 3213 1636 3251 ea
1683 3195 1890 3250 dixisse
1918 3212 2042 3267 quae

441 3287 598 3340 dixit:
648 3286 1014 3356 quamobrem
1044 3286 1130 3340 fac
1171 3301 1455 3356 exsurgas,
1513 3301 1579 3338 ac
1630 3289 1792 3339 tonso
1839 3283 2041 3354 capite,

441 3375 858 3446 splendidisque
873 3375 961 3428 his
982 3373 1226 3429 vestibus
1238 3373 1488 3444 abjectis,
1511 3379 1680 3444 atque
1701 3373 1896 3427 induto
1926 3372 2046 3426 cili-

440 3465 546 3530 cio,
569 3481 695 3518 cum
718 3464 962 3534 primum
982 3463 1280 3528 luxerit,ad
1298 3479 1490 3533 regem
1503 3462 1691 3516 adeas.
1717 3462 1837 3516 Hoc
1855 3465 2047 3515 autem

440 3553 759 3606 sciscitante
787 3552 1057 3622 quidnam
1077 3551 1183 3604 sibi
1205 3552 1283 3605 sic
1297 3551 1524 3604 habitus
1541 3549 1692 3617 velit,
1717 3549 1994 3620 responde
2025 3567 2042 3602 :

442 3643 514 3696 De
528 3641 596 3694 iis
625 3641 794 3694 rebus
815 3641 885 3694 de
905 3639 1109 3710 quibus
1132 3657 1353 3694 mecum
1401 3639 1668 3693 hesterno
1689 3639 1780 3692 die
1801 3638 2042 3692 collocu-

442 3734 532 3783 tus
561 3747 639 3794 es,
671 3745 704 3782 o
736 3747 850 3794 rex,
875 3745 946 3782 en
973 3729 1192 3794 adsum,
1213 3733 1444 3799 paratus
1465 3733 1521 3781 te
1538 3727 1598 3782 in
1627 3727 1732 3782 hac
1758 3726 1849 3780 via
1873 3743 2045 3797 quam

440 3816 662 3886 ingredi
696 3816 1036 3870 constituisti
1065 3817 1246 3887 sequi.
1284 3816 1428 3870 Nam
1462 3816 1568 3870 etsi
1605 3815 1827 3869 deliciae
1854 3831 1918 3868 ac
1945 3832 2043 3869 vo-

441 3904 685 3976 luptates
717 3905 981 3976 jucundae
1017 3911 1166 3970 sunt,
1224 3904 1370 3959 absit
1397 3911 1590 3958 tamen
1618 3909 1683 3958 ut
1709 3920 1804 3958 eas
1833 3909 1960 3974 post
1987 3909 2044 3958 te

440 3993 734 4048 retineam.
768 3995 844 4048 At
869 4010 1000 4048 vero
1017 3993 1241 4048 virtutis
1267 3993 1395 4061 iter,
1427 3994 1578 4064 quod
1603 3993 1826 4063 ingredi
1855 4009 2038 4064 paras,

439 4082 572 4137 licet
597 4083 838 4138 arduum
894 4089 952 4136 et
979 4099 1240 4154 asperum
1283 4083 1376 4150 sit,
1421 4087 1631 4149 tamen,
1663 4083 1830 4136 modo
1856 4087 2044 4136 tecum

441 4171 735 4239 sim,facile
755 4177 812 4226 et
839 4171 1080 4244 proclive
1098 4188 1163 4226 ac
1191 4171 1506 4243 jucundum
1531 4171 1656 4226 erit.
1687 4172 1761 4226 Ut
1775 4171 1924 4226 enim
1952 4187 2043 4226 me

2121 1785 2244 1845 unt,
2294 1779 2352 1833 id
2379 1783 2597 1845 curant,
2653 1795 2898 1849 quonam
2929 1783 3091 1849 pacto
3116 1793 3251 1832 "eam
3271 1776 3548 1847 effugiant.
3573 1775 3688 1840 Qui-

2121 1884 2254 1922 nam
2279 1875 2469 1922 autem
2491 1868 2550 1922 hi
2580 1873 2730 1929 sunt,
2763 1867 2875 1921 nisi
2927 1867 3024 1938 qui
3053 1865 3220 1920 ï¬‚uxis
3273 1865 3438 1920 rebus
3478 1864 3694 1918 intabes-

2123 1961 2276 2024 cunt,
2301 1973 2506 2028 easque
2525 1957 2596 2010 ad
2617 1961 2906 2027 stuporem
2935 1972 3116 2026 usque
3127 1955 3410 2009 mirantur
3430 1953 3567 2018 ?Qui
3593 1952 3694 2023 qui-

2123 2045 2253 2100 dem
2283 2063 2411 2100 cum
2438 2045 2498 2100 in
2514 2046 2693 2099 altera
2735 2045 2851 2099 vita
2879 2045 3191 2115 quidquam
3215 2043 3347 2098 boni
3386 2059 3505 2096 sese
3529 2057 3694 2096 conse-

2122 2139 2352 2188 cuturos
2382 2151 2502 2188 esse
2547 2134 2863 2204 desperent,
2889 2149 2925 2186 a
2965 2131 3342 2204 praesentibus
3396 2131 3573 2185 divelli
3617 2145 3698 2184 ne-

2124 2227 2356 2293 queunt,
2389 2222 2458 2276 ob
2489 2239 2724 2294 eamque
2752 2239 2976 2276 causam
3007 2227 3250 2276 mortem
3278 2221 3496 2274 timent.
3531 2220 3595 2272 At
3611 2235 3697 2272 nos

2118 2311 2213 2382 qui
2219 2311 2241 2381 j
2249 2328 2339 2365 am
2350 2311 2566 2383 pridem
2579 2311 2854 2366 mundum
2865 2317 2924 2365 et
2932 2327 3000 2364 ea
3011 2327 3134 2382 quae
3149 2309 3212 2364 in
3223 2309 3436 2366 mundo
3447 2313 3574 2363 sunt
3585 2306 3698 2361 odio

2114 2399 2522 2470 prosequimur,
2555 2404 2880 2470 arctamque
2921 2404 2979 2453 et
3023 2403 3331 2470 angustam
3358 2398 3502 2451 viam
3542 2395 3687 2451 Chri-

2121 2489 2194 2542 sti
2214 2505 2384 2542 causa
2413 2489 2782 2560 ingredimur,
2809 2505 2912 2542 nec
2942 2487 3142 2542 mortis
3164 2493 3346 2552 metu,
3370 2503 3473 2541 nec
3489 2500 3704 2557 praesen-

2119 2575 2263 2630 tium
2291 2593 2483 2630 rerum
2504 2577 2810 2647 cupiditate
2838 2575 3111 2630 afficimur
3135 2593 3148 2642 ;
3192 2591 3392 2630 verum
3409 2577 3700 2628 futurarum

2121 2665 2395 2718 duntaxat
2426 2681 2615 2719 rerum
2644 2665 2923 2719 desiderio
2943 2670 3228 2718 tenemur.
3264 2663 3542 2727 Quoniam
3553 2659 3704 2732 igitur

2127 2769 2280 2808 mors
2307 2770 2376 2808 ea
2421 2771 2590 2825 quam
2628 2753 2789 2808 nobis
2821 2753 3038 2808 infertis
3090 2753 3168 2807 ad
3223 2751 3615 2823 sempiternam
3657 2753 3706 2802 et

2129 2843 2577 2912 praestantiorem
2596 2843 2769 2896 vitam
2789 2842 3064 2897 transitus
3094 2841 3366 2908 efï¬citur,
3409 2839 3605 2894 idcirco
3623 2853 3708 2892 cu-

2125 2931 2348 3002 piditati
2377 2931 2563 3002 potius
2588 2931 2748 2986 nobis
2777 2939 2862 2987 est
2881 2949 3051 3004 quam
3071 2933 3308 2987 terrori.

2199 3019 2302 3074 Hic
2322 3037 2416 3074 rex
2437 3037 2539 3091 per
2558 3021 2864 3088 solertiam,
2885 3021 3144 3076 videlicet
3159 3020 3470 3076 monachos
3483 3017 3710 3088 arripere

2127 3109 2376 3178 cupiens,
2409 3109 2584 3162 dixit:
2621 3109 2805 3174 Quid?
2827 3111 2915 3165 An
2953 3127 3066 3165 non
3085 3111 3264 3181 paulo
3295 3115 3430 3164 ante
3465 3125 3559 3161 vos
3577 3120 3712 3160 sece-

2127 3197 2258 3250 dere
2279 3197 2513 3264 dixistis,
2532 3203 2598 3252 ut
2619 3214 2744 3253 meo
2772 3199 3007 3269 imperio
3025 3199 3281 3270 pareatis
3296 3199 3322 3251 ?
3342 3197 3503 3262 Quod
3518 3195 3564 3248 si
3581 3208 3710 3247 mor-

2128 3291 2243 3340 tem
2271 3286 2500 3340 minime
2542 3286 2775 3356 timetis,
2819 3287 2952 3358 quid
2993 3292 3080 3342 est
3121 3286 3502 3360 quamobrem
3546 3284 3718 3353 fugam

2128 3372 2364 3428 ineatis?
2391 3376 2472 3430 En
2497 3376 2612 3430 haec
2628 3392 2849 3447 quoque
2866 3376 3076 3430 frustra
3093 3383 3152 3431 et
3171 3376 3428 3431 inaniter
3439 3377 3713 3446 jactantes,

2129 3463 2350 3517 mentiti
2380 3465 2534 3518 estis.
2569 3465 3004 3536 Responderunt
3030 3465 3302 3520 monachi
3337 3485 3350 3518 :
3385 3465 3510 3520 Non
3537 3462 3721 3516 idcirco

2125 3551 2372 3622 fugimus
2395 3553 2544 3623 quod
2559 3553 2948 3608 denuntiatam
2970 3552 3130 3608 nobis
3151 3554 3257 3608 abs
3278 3559 3339 3609 te
3360 3558 3598 3608 mortem
3616 3565 3722 3620 per-

2126 3640 2486 3696 timescamus
2503 3661 2521 3707 ;
2553 3657 2752 3697 verum
2797 3642 2882 3696 tui
2916 3642 3293 3698 miseratione
3341 3639 3624 3705 commoti,
3661 3653 3722 3692 ne

2123 3729 2438 3799 graviorem
2468 3731 2992 3785 condemnationem
3020 3729 3126 3785 tibi
3174 3747 3558 3795 accersamus,
3591 3743 3726 3782 sece-

2126 3817 2259 3872 dere
2304 3819 2364 3872 in
2405 3819 2656 3874 animum
2700 3819 3048 3876 induximus.
3089 3827 3294 3887 $50
3323 3821 3476 3876 Nam
3513 3815 3724 3887 alioqui,

2127 3911 2404 3976 quantum
2431 3907 2504 3962 ad
2523 3925 2624 3962 nos
2651 3908 2873 3976 attinet,
2901 3909 3056 3962 nullo
3079 3909 3258 3964 modo
3287 3909 3478 3963 minas
3509 3915 3634 3962 tuas
3652 3920 3731 3958 ex-

2124 3997 2492 4066 pavescimus.
2521 3997 2609 4050 Ad
2633 3997 2749 4051 haec
2777 4013 2874 4051 rex
2913 3997 2996 4052 ita
3019 4003 3374 4064 commotus,
3401 3998 3554 4070 ipsos
3575 3991 3723 4050 exuri

2121 4083 2310 4154 jussit.
2355 4085 2555 4156 Sicque
2583 4085 2686 4139 Dei
2724 4085 2918 4140 famuli
2947 4090 3205 4141 extremo
3235 4087 3374 4141 vitae
3422 4086 3516 4140 die
3545 4081 3722 4146 functi,

2125 4173 2386 4244 martyrii
2404 4189 2669 4228 coronam
2690 4191 2791 4246 per
2804 4174 2994 4245 ignem
3011 4174 3206 4245 adepti
3229 4181 3394 4230 sunt.
3423 4173 3728 4242 Statimque

440 4260 978 4316 oblectamentorum
1022 4262 1192 4332 hujus
1239 4261 1366 4316 vitae
1413 4261 1626 4316 socium
1655 4259 1916 4326 habuisti,
1951 4259 2098 4361 itan
2125 4261 2369 4316 edictum
2389 4263 2808 4333 promulgatum
2827 4268 2930 4329 est,
2945 4268 3010 4318 ut
3031 4263 3078 4316 si
3097 4263 3235 4334 quis
3259 4264 3584 4319 monachus
3599 4261 3734 4315 inve-

441 4349 614 4406 etiam
644 4351 1028 4406 molestiarum
1054 4349 1350 4404 habiturus
1369 4367 1446 4415 es,
1473 4366 1582 4421 quo
1603 4349 1775 4404 etiam
1798 4349 1857 4403 in
1887 4348 2036 4402 futu-

439 4455 632 4494 rorum
650 4438 922 4493 bonorum
936 4438 1262 4493 societatem
1281 4444 1469 4494 tecum
1484 4439 2037 4493 veniam.Praeclarus

439 4527 614 4598 igitur
639 4528 732 4582 ille
759 4528 844 4580 vir
871 4527 1083 4581 inï¬rmi
1103 4527 1346 4581 hominis
1367 4527 1536 4582 verba
1553 4528 1940 4599 comprobans,
1955 4527 2038 4581 fe-

441 4615 520 4669 cit
548 4616 1022 4686 quemadmodum
1057 4615 1178 4687 ipse
1202 4622 1520 4670 monuerat.
1559 4617 1701 4670 Eum
1722 4617 1914 4687 itaque
1943 4633 2042 4670 rex

441 4703 632 4759 videns
665 4711 833 4776 atque
849 4705 1100 4770 audiens,
1125 4705 1231 4760 hac
1254 4705 1481 4776 quidem
1505 4705 1574 4760 de
1609 4721 1780 4760 causa
1802 4705 2041 4760 delecta-

441 4795 534 4844 tus
561 4794 848 4864 est,ipsius
869 4793 1138 4848 nimirum
1159 4810 1295 4864 erga
1321 4811 1382 4848 se
1409 4793 1854 4848 benevolentiam
1866 4792 2042 4847 admi-

441 4895 592 4946 rans;
615 4887 783 4951 atque
812 4881 952 4936 falsa
981 4899 1102 4937 esse
1131 4899 1254 4954 quae
1283 4882 1550 4937 adversus
1585 4899 1714 4937 eum
1743 4882 1814 4936 ad
1841 4899 1902 4936 se
1940 4881 2040 4935 de-

439 4966 556 5021 lata
583 4967 806 5022 fuerant
832 4971 1170 5041 intelligens,
1217 4973 1432 5042 majore
1474 4988 1604 5026 eum
1633 4971 1843 5026 honore
1871 4963 2040 5042 atqiie

443 5056 591 5127 apud
608 5074 668 5110 se
687 5059 1020 5114 auctoritate
1036 5077 1100 5114 ac
1111 5059 1490 5114 familiaritate
1507 5060 2040 5114 donavit.Caeterum

441 5144 711 5198 adversus
741 5148 1042 5202 monachos
1073 5166 1298 5202 rursum
1321 5149 1406 5202 ira
1427 5149 1653 5216 exarsit,
1673 5165 1867 5202 eorum
1896 5148 2040 5203 scili-

441 5238 531 5286 cet
550 5233 666 5288 Î¹Î¹Ï‰Î¿
693 5241 971 5306 praecepta
981 5253 1103 5290 esse
1124 5237 1335 5304 dicens,
1353 5243 1418 5292 ut
1439 5237 1696 5292 homines
1714 5237 1784 5291 ab
1801 5238 2037 5308 hujusce

440 5322 565 5376 vitae
584 5323 964 5394 voluptatibus
980 5325 1320 5392 abstineant,
1345 5332 1516 5397 atque
1537 5327 1752 5382 incerta
1768 5343 1884 5398 spe,
1908 5332 2036 5380 tan-

443 5427 612 5483 quam
641 5428 742 5482 per
764 5413 1066 5481 somnium,
1099 5430 1220 5468 sese
1246 5414 1406 5468 illudi
1437 5414 1643 5470 sinant.

513 5500 656 5555 Cum
696 5507 890 5558 autem
934 5519 1131 5560 rursus
1159 5503 1232 5559 ad
1267 5503 1623 5561 venationem
1654 5506 2033 5578 egrederetur,

2121 4349 2232 4403 niri
2251 4355 2457 4420 posset,
2472 4350 2592 4404 sine
2611 4352 2729 4406 ulla
2747 4351 3108 4422 inquisitione
3128 4353 3550 4408 trucidaretur.
3566 4352 3733 4420 Atque

2120 4437 2202 4492 ita
2228 4439 2415 4494 nullus
2441 4439 2769 4509 hujusmodi
2793 4439 3006 4494 ordinis
3025 4439 3084 4494 in
3103 4441 3206 4496 illa
3229 4442 3477 4512 regione
3503 4440 3735 4510 reliquus

2121 4526 2300 4580 factus
2329 4531 2434 4593 est,
2467 4527 2576 4582 nisi
2597 4529 2692 4599 qui
2720 4529 2779 4582 in
2798 4528 3102 4596 montibus,
3127 4534 3188 4583 et
3219 4530 3540 4601 speluncis,
3573 4533 3629 4581 et
3649 4541 3734 4580 ca-

2119 4616 2306 4670 vernis
2341 4622 2506 4670 terrae
2546 4633 2670 4672 sese
2719 4618 3086 4672 occultarant.
3119 4617 3356 4674 Verum
3395 4620 3520 4674 haec
3561 4618 3742 4672 hacte-

2123 4721 2228 4760 nus
2243 4747 2254 4760 .

2193 4795 2324 4848 CAP.
2340 4794 2408 4850 V.
2428 4823 2489 4836 -â€”
2505 4795 2581 4848 At
2605 4795 2754 4866 regis
2771 4794 2939 4862 ï¬lius,
2954 4795 3024 4850 de
3045 4812 3156 4868 quo
3185 4796 3369 4852 initio
3394 4795 3562 4852 nobis
3577 4791 3742 4850 oratio

2121 4882 2384 4937 instituta
2403 4888 2506 4950 est,
2523 4882 2583 4937 in
2613 4883 2820 4954 palatio
2840 4885 2988 4955 quod
3016 4884 3130 4956 ipsi
3159 4891 3541 4941 exstructum
3573 4884 3744 4938 fuerat

2120 4971 2201 5026 ita
2218 4987 2472 5037 manens,
2494 4977 2558 5026 ut
2576 4989 2611 5026 a
2633 4973 2858 5026 nemine
2875 4973 3025 5028 adiri
3045 4980 3264 5044 posset,
3267 4975 3598 5045 juvenilem
3620 4975 3744 5028 aeta-

2121 5064 2236 5114 tem
2263 5060 2490 5114 tandem
2512 5060 2702 5132 attigit
2721 5065 2865 5130 (cum
2884 5061 3103 5116 interea
3118 5079 3366 5117 onmem
3387 5069 3516 5118 tam
3549 5059 3748 5116 (Ethio-

2121 5164 2256 5218 pum
2268 5165 2439 5218 quam
2457 5150 2760 5204 Persarum
2781 5150 3094 5205 doctrinam
3113 5149 3747 5224 percepisset)prudens

2121 5241 2178 5290 et
2186 5237 2466 5302 cordatus,
2482 5242 2652 5308 atque
2665 5238 2924 5293 omnibus
2939 5239 3214 5294 virtutum
3227 5241 3264 5294 d
3273 5241 3480 5295 otibus
3499 5238 3744 5295 illustris.

2119 5325 2268 5388 Quin
2288 5327 2573 5382 naturales
2589 5327 2762 5384 etiam
2783 5329 3120 5398 quaestiones
3139 5345 3213 5399 pr
3221 5329 3624 5403 aeceptoribus
3641 5325 3749 5381 suis

2119 5414 2494 5486 proponebat;
2529 5416 2669 5470 adeo
2697 5421 2762 5470 ut
2790 5415 2897 5488 ipsi
2926 5433 3148 5488 quoque
3169 5417 3580 5474 adolescentis
3607 5417 3757 5486 inge-

2119 5503 2276 5560 nium
2297 5504 2584 5576 animique
2604 5521 2840 5561 acumen
2860 5506 3317 5576 admirarentur,
3336 5524 3569 5582 rexque
3595 5507 3758 5562 etiam
