3942 6200
265 325 366 384 457
666 326 836 381 VITA
874 326 1311 382 SANCTORUM
1349 327 1692 382 BARLAAM
1730 323 2064 382 EREMITAE
2104 323 2192 377 ET
2227 323 2592 379 JOSAPHAT
2628 326 2852 381 INDIE
2889 327 3122 384 REGIS.
3421 330 3528 388 458

263 450 375 520 ipse
403 465 470 502 ex
498 449 683 502 vultus
710 449 885 519 ipsius
905 455 1216 515 venustate,
1241 450 1526 521 animique
1551 451 1764 516 habitu,
1791 450 1850 504 in
1867 452 1916 511 A
1937 448 2086 502 inter
2109 464 2300 502 muros
2316 452 2374 503 et
2389 449 2592 519 januas
2613 449 2710 504 abs
2738 455 2795 505 te
2822 453 3140 520 concludar,
3171 469 3348 526 eoque
3371 460 3525 514 statu

263 544 544 608 stuporem
570 538 910 592 traheretur.
935 538 1239 592 Mandabat
1269 544 1458 592 autem
1484 540 1570 594 his
1601 539 1695 610 qui
1724 556 1850 593 cum
1933 537 2056 602 sim,
2095 542 2158 590 ut
2186 553 2220 590 a
2241 537 2465 591 nemine
2486 538 2627 591 adiri
2654 556 2718 593 ac
2749 542 2900 594 cerni
2928 559 3148 612 queam.
3170 543 3466 611 Quoniam,
3491 563 3524 601 o

263 644 324 681 eo
351 626 717 680 versabantur
741 632 807 680 ut
835 627 1035 680 darent
1062 645 1290 698 operam
1330 645 1400 681 ne
1443 629 1576 698 quid
1624 645 1850 698 prorsus
1933 627 2030 690 ﬁli,
2065 626 2250 696 inquit
2278 643 2391 692 rex,
2434 627 2561 680 nolo
2594 628 2898 698 quidquam
2927 631 3115 685 videas
3145 633 3292 702 quod
3313 634 3526 703 pectori

261 732 449 769 eorum
476 732 598 785 qua;
624 714 682 768 in
702 716 808 769 hac
827 716 941 770 vita
952 717 1191 770 molesta
1209 721 1342 769 sunt
1368 717 1724 786 intelligeret,
1749 733 1851 770 nec

261 805 484 858 omnino
516 804 662 874 quod
696 821 848 858 mors
878 809 1183 875 praesentes
1203 806 1517 875 voluptates
1549 805 1845 875 exciperet.

262 893 534 947 Caeterum
560 893 715 946 inani
732 909 830 963 spe
852 893 1155 959 nitebatur,
1174 899 1343 963 atque
1357 896 1441 960 (ut
1459 894 1752 964 proverbio
1772 894 1853 947 di-

262 981 423 1050 citur)
448 981 506 1035 in
523 982 724 1035 caelum
740 983 974 1051 sagittas
993 981 1275 1052 mittere('l
1290 981 1342 1048 1)
1361 982 1685 1036 conabatur.
1707 983 1853 1045 Quo-

262 1087 392 1124 nam
423 1071 572 1124 enim
587 1070 751 1123 modo
763 1087 913 1123 mors
925 1070 1184 1124 humanae
1207 1075 1422 1123 naturae
1433 1071 1717 1140 incognita
1731 1087 1851 1124 esse

262 1164 450 1230 posset
467 1157 494 1211 ?
513 1160 708 1229 Itaque
729 1175 799 1212 ne
821 1160 981 1228 pueri
1011 1159 1238 1229 quidem
1251 1159 1623 1229 cognitionem
1637 1159 1847 1228 effugit.

260 1249 406 1302 Nam
425 1265 552 1303 cum
572 1248 823 1302 animum
844 1264 1065 1302 summa
1094 1248 1397 1314 sagacitate
1420 1253 1678 1302 ornatum
1695 1254 1751 1301 et
1772 1248 1854 1302 in-

261 1342 537 1391 structum
567 1336 816 1403 haberet,
833 1353 1020 1390 secum
1039 1336 1156 1407 ipse
1181 1336 1568 1390 considerabat
1582 1337 1850 1406 quidnam

259 1431 480 1497 patrem
500 1426 821 1480 adduxisset
844 1426 1026 1496 utipsi
1049 1426 1300 1480 omnium
1324 1425 1538 1479 aditum
1560 1425 1851 1479 interdice-

260 1521 361 1579 ret,
399 1531 502 1569 nec
531 1513 835 1585 quemlibet
863 1515 933 1568 ad
960 1531 1020 1568 se
1041 1514 1304 1568 accedere
1336 1519 1642 1585 pateretur.
1670 1515 1778 1568 Per
1792 1530 1851 1567 se

258 1603 772 1673 enimintelligebat
783 1603 887 1656 hoc
907 1603 1047 1656 citra
1067 1603 1242 1673 patris
1264 1602 1562 1672 imperium
1583 1618 1694 1655 non
1707 1602 1847 1655 ﬁeri.

258 1693 536 1746 Caeterum
565 1691 684 1762 ipse
711 1691 1060 1761 interrogare
1089 1691 1406 1754 verebatur,
1432 1697 1553 1744 tum
1584 1691 1730 1762 quod
1753 1690 1852 1742 mi-

1933 719 2029 768 tuo
2043 715 2358 768 molestiam
2370 716 2585 781 afferat,
2603 715 2818 786 tibique
2829 719 3169 789 voluptatem
3180 721 3520 792 interpellat.

1934 803 2220 873 Siquidem
2248 804 2352 856 hoc
2379 819 2484 872 ago
2507 821 2570 857 ac
2593 810 2799 874 specto,
2825 811 2889 859 ut
2907 808 2964 860 in
2983 810 3269 878 perpetuis
3288 810 3522 876 deliciis,

1933 897 2102 962 atque
2133 891 2286 944 omni
2313 892 2520 961 gaudio
2547 893 2831 964 animique
2860 897 3159 966 voluptate,
3204 915 3368 953 omne
3395 899 3525 953 vita:

1932 980 2445 1050 tempustraducas.
2464 983 2539 1035 At
2559 981 2721 1034 velim
2748 984 2909 1050 scias,
2939 1001 2970 1037 ο
3001 985 3154 1054 here,
3176 987 3358 1058 inquit
3377 988 3526 1041 filius

1933 1069 2003 1121 ad
2033 1074 2269 1138 patrem,
2295 1086 2384 1122 me
2398 1070 2501 1123 hoc
2530 1071 2694 1124 modo
2724 1088 2835 1124 non
2862 1073 2920 1124 in
2933 1073 3139 1142 gaudio
3162 1081 3330 1146 atque
3349 1075 3526 1130 animi

1933 1157 2235 1227 voluptate,
2283 1159 2377 1211 sed
2413 1159 2596 1228 potius
2641 1160 2700 1212 in
2749 1160 3048 1216 afflictione
3093 1169 3261 1235 atque
3307 1165 3523 1234 ingenti

1934 1246 2195 1314 angustia
2225 1246 2391 1299 vitam
2421 1263 2588 1317 agere
2614 1267 2626 1314 ;
2660 1249 2798 1302 adeo
2822 1255 2884 1302 ut
2903 1250 3021 1320 ipse
3044 1268 3263 1322 quoque
3282 1253 3437 1306 cibus
3460 1270 3526 1307 ac

1933 1338 2097 1404 potus
2123 1333 2343 1387 fastidio
2375 1335 2513 1388 mihi
2544 1341 2600 1388 et
2629 1337 2920 1391 acerbitati
2949 1339 3057 1405 sit;
3103 1340 3312 1394 etenim
3355 1341 3528 1410 gestit

1932 1421 2154 1475 animus
2193 1439 2260 1475 ea
2289 1440 2411 1492 quae
2438 1429 2594 1476 extra
2637 1425 2738 1478 has
2770 1427 2973 1495 januas
3013 1433 3143 1481 sunt
3187 1428 3522 1499 perspicere.

1933 1509 2307 1572 Quamobrem
2333 1512 2380 1564 si
2407 1529 2497 1565 me
2518 1513 2642 1566 lzete
2660 1531 2723 1567 ac
2728 1515 2976 1583 jucunde
2996 1505 3179 1571 vivere
3194 1517 3370 1588 cupis,
3390 1517 3528 1587 jube

1933 1614 2022 1652 me
2037 1598 2309 1653 arbitratu
2331 1616 2457 1654 meo
2472 1600 2620 1654 foras
2639 1604 2916 1672 progredi,
2933 1609 3101 1674 atque
3117 1621 3312 1659 earum
3335 1623 3527 1661 rerum

1934 1703 2170 1757 quarum
2185 1694 2510 1759 prospectus
2524 1689 2662 1743 mihi
2681 1697 2922 1760 negatur
2940 1694 3254 1763 spectaculo
3274 1695 3527 1750 animum

256 1779 409 1834 nime
420 1796 550 1834 vero
567 1785 1006 1834 consentaneum
1023 1796 1146 1833 esse
1171 1780 1397 1843 diceret,
1427 1779 1562 1849 quin
1592 1783 1750 1848 pater
1787 1795 1854 1831 ea
1873 1804 1918 1863 B
1934 1775 2232 1830 oblectare.

256 1886 379 1940 qua:
409 1869 512 1939 ipsi
523 1869 899 1922 conducerent
911 1869 1398 1934 animadverteret;
1416 1873 1538 1921 tum
1557 1867 1853 1937 quodillud

253 1973 380 2011 secu
390 1974 445 2010 m
466 1961 773 2028 reputaret,
790 1957 838 2010 si
850 1957 907 2009 id
924 1956 992 2010 de
1004 1956 1180 2027 patris
1191 1957 1476 2010 voluntate
1487 1956 1664 2018 ﬁeret,
1682 1971 1855 2024 quan-

251 2044 518 2098 tumlibet
545 2045 664 2116 ipse
693 2048 1138 2115 percontaretur,
1173 2061 1232 2097 se
1251 2049 1438 2097 tamen
1457 2043 1540 2096 rei
1561 2042 1852 2096 veritatem

252 2132 489 2186 minime
499 2133 914 2187 intellecturum
926 2150 1067 2187 esse.
1083 2133 1434 2202 Quapropter
1445 2149 1510 2185 ex
1518 2131 1734 2196 aliis,ac
1743 2146 1857 2183 non

251 2239 283 2274 a
307 2227 476 2292 patre
504 2222 621 2276 haec
645 2222 787 2275 scire
811 2221 1118 2275 constituit.
1144 2222 1339 2291 Itaque
1367 2237 1493 2274 cum
1510 2237 1684 2274 unum
1705 2237 1734 2272 e
1749 2236 1856 2289 pae-

252 2309 488 2381 dagogis
517 2309 744 2380 reliquis
766 2310 1079 2364 chariorem
1100 2309 1592 2363 acfamiliariorem
1602 2308 1851 2374 haberet,

257 2415 505 2470 eumque
533 2400 746 2468 majore
767 2399 950 2452 adhuc
973 2398 1357 2452 benevolentia
1373 2397 1478 2450 sibi
1500 2397 1850 2462 devinxisset,

263 2493 433 2558 atque
468 2487 830 2558 amplissimis
843 2486 1172 2541 muneribus
1183 2486 1475 2552 affecisset,
1500 2485 1569 2538 ab
1590 2502 1654 2539 eo
1675 2485 1859 2538 scisci-

256 2575 491 2629 tabatur
519 2575 786 2646 quidnam
814 2592 1005 2645 regem
1036 2575 1353 2645 impulisset
1396 2579 1462 2628 ut
1498 2590 1627 2627 eum
1664 2574 1722 2626 in
1751 2574 1856 2626 hoc

252 2670 410 2736 septo
447 2665 730 2718 inclusum
750 2669 988 2718 teneret.
1023 2664 1167 2718 Illud
1198 2664 1368 2716 etiam
1395 2661 1769 2732 adjungebat:
1797 2662 1855 2716 Si

253 2752 389 2807 mihi
419 2759 620 2823 aperte
650 2753 756 2806 hoc
779 2752 1118 2824 exposueris,
1144 2751 1403 2805 omnibus
1416 2756 1472 2804 te
1494 2756 1848 2820 anteponam,

251 2848 653 2913 perpetuaeque
673 2841 928 2896 amicitiae
950 2841 1128 2894 foedus
1147 2845 1334 2894 tecum
1359 2839 1573 2893 feriam.
1595 2839 1857 2908 Pmdago-

250 2947 352 2999 gus
383 2935 600 2991 autem,
633 2934 699 2983 ut
726 2930 823 2999 qui
851 2930 1021 2983 etiam
1055 2929 1173 3000 ipse
1212 2929 1456 2999 prudens
1494 2934 1550 2981 et
1595 2927 1856 2981 cordatus

254 3026 418 3085 esset,
450 3019 724 3089 puerique
743 3019 1104 3089 sagacitatem
1121 3034 1186 3071 ac
1203 3017 1453 3071 numeris
1477 3016 1738 3070 omnibus
1755 3015 1854 3068 ab-

2004 1865 2133 1918 Hazc
2161 1869 2226 1918 ut
2253 1883 2348 1918 rex
2377 1866 2604 1933 audivit,
2639 1867 2906 1921 mcestitia
2947 1869 3176 1923 affectus
3204 1877 3382 1936 25]
3419 1876 3524 1938 est,

1934 1951 2182 2024 illudque
2214 1954 2495 2024 cogitabat
2513 1956 2647 2020 fore,
2673 1961 2736 2009 ut
2757 1957 2801 2009 si
2832 1956 2912 2009 illi
2943 1958 3091 2026 quod
3120 1957 3348 2027 petebat
3366 1959 3529 2013 dene-

1932 2047 2113 2110 garet,
2138 2044 2410 2112 majorem
2443 2044 2492 2096 ei
2516 2061 2814 2097 maerorem
2841 2062 2904 2098 ac
2921 2045 3352 2100 sollicitudinem
3369 2048 3529 2101 aﬂ‘er-

1937 2135 2041 2186 ret.
2084 2131 2354 2194 Quocirca
2390 2149 2448 2185 se
2497 2149 2618 2203 quae
2655 2138 2818 2203 grata
2863 2133 2971 2205 ipsi
3013 2140 3202 2188 essent
3249 2135 3531 2190 facturum

1937 2219 2092 2272 dixit.
2116 2221 2196 2272 Ac
2227 2220 2416 2273 statim
2436 2221 2667 2274 eximios
2697 2239 2868 2292 equos
2885 2238 2947 2275 ac
2977 2224 3284 2277 satellitum
3297 2241 3530 2279 manum

1943 2307 2106 2377 regia:
2120 2308 2381 2378 dignitati
2394 2315 2791 2379 congruentem
2800 2311 2984 2380 parari
2989 2312 3346 2382 jussit,eique
3356 2312 3526 2380 foras,

1940 2396 2157 2465 quoties
2178 2398 2359 2464 vellet,
2392 2398 2783 2468 progrediendi
2808 2404 3142 2469 potestatem
3163 2401 3310 2454 fecit.
3331 2401 3406 2454 Iis
3426 2418 3528 2455 au-

1938 2489 2054 2538 tem
2070 2487 2164 2556 qui
2185 2502 2312 2538 cum
2332 2502 2397 2539 eo
2417 2486 2783 2540 versabantur
2802 2503 3155 2558 summopere
3167 2489 3454 2543 mandavit
3467 2494 3532 2544 ut

1939 2579 2202 2627 curarent
2231 2591 2301 2627 ne
2330 2574 2465 2643 quid
2493 2574 2782 2644 injucundi
2813 2575 3030 2630 obviam
3053 2576 3312 2644 haberet;
3335 2595 3532 2632 verum

1938 2662 2209 2733 quidquid
2230 2663 2525 2732 pulchrum
2557 2668 2614 2716 et
2637 2679 2921 2717 amoenum
2951 2681 3015 2718 ac
3040 2666 3351 2734 jucundum
3363 2672 3529 2733 esset,

1937 2749 2044 2820 ipsi
2060 2751 2444 2818 ostenderent;
2461 2752 2802 2822 choreasque
2822 2752 2878 2806 in
2889 2752 2990 2806 viis
3008 2754 3305 2824 agitarent,
3324 2755 3534 2808 suavis-

1937 2838 2205 2908 simisque
2220 2839 2572 2892 cantionibus
2589 2855 2816 2910 operam
2831 2841 3048 2908 darent,
3071 2859 3134 2895 ac
3150 2842 3304 2896 varia
3321 2847 3533 2914 specta-

1938 2927 2061 2979 cula
2074 2927 2496 2994 constituerent,
2510 2934 2573 2982 ut
2594 2928 2711 2998 ipse
2731 2935 2978 2983 mentem
3006 2929 3094 2985 his
3115 2931 3281 2986 rebus
3294 2947 3533 3002 occupa—

1937 3020 2026 3068 ret
2052 3020 2219 3086 atque
2247 3015 2566 3070 oblectaret.

253 3108 502 3161 solutam
526 3106 884 3178 prudentiam
908 3107 1250 3178 exploratam
1281 3105 1529 3170 haberet,
1552 3121 1733 3174 neque
1753 3103 1856 3156 sibi
1873 3115 1914 3175 ο
2010 3105 2148 3157 Cum
2181 3105 2356 3174 igitur
2382 3105 2530 3176 regis
2551 3106 2699 3160 ﬁlius
2724 3107 2793 3160 ad
2814 3107 2962 3161 hunc
2991 3109 3220 3162 modum
3250 3109 3398 3163 foras
3409 3126 3530 3165 cre-

253 3194 320 3248 ab
351 3213 420 3250 eo
448 3196 762 3266 periculum
791 3195 970 3249 ullum
1010 3196 1314 3249 conflatum
1364 3193 1435 3247 iri
1485 3193 1848 3257 existimaret,

1933 3191 2034 3245 bro
2063 3193 2515 3262 progrederetur,
2555 3195 2796 3263 quadam
2835 3195 2923 3248 die
2953 3195 3343 3251 ministrorum
3389 3197 3530 3251 obli-

253 3285 449 3338 omnia
461 3284 813 3354 eisigillatim
830 3284 1320 3354 exposuit,nempe
1339 3288 1395 3336 et
1408 3282 1853 3353 persecutionem
1933 3280 2095 3334 vione
2123 3280 2331 3334 factum
2358 3287 2444 3335 est
2465 3287 2530 3335 ut
2553 3283 2692 3335 duos
2721 3283 2868 3336 viros
2896 3284 3255 3354 perspiceret,
3292 3301 3532 3356 quorum

255 3373 526 3426 adversus
557 3373 920 3439 Christianos,
955 3389 1018 3426 ac
1059 3372 1413 3443 potissimum
1467 3371 1730 3424 adversus
1761 3386 1854 3423 eos

256 3461 349 3532 qui
388 3478 455 3515 se
483 3461 680 3532 pietati
711 3461 956 3515 colenda:
985 3466 1134 3514 totos
1163 3460 1511 3514 devovissent
1539 3459 1856 3529 promulga-

254 3555 390 3616 tam,
429 3555 490 3603 et
519 3549 991 3620 quemadmodum
1021 3548 1091 3602 ab
1121 3548 1379 3602 omnibus
1428 3546 1681 3601 ﬁnitimis
1721 3545 1856 3599 locis

256 3638 480 3709 expulsi
509 3646 568 3692 et
595 3638 758 3708 ejecti
782 3638 1036 3704 fuissent,
1071 3641 1240 3707 atque
1259 3637 1396 3691 item
1425 3653 1491 3689 ea
1520 3635 1777 3705 quazipso
1798 3635 1857 3688 in

256 3726 445 3781 lucem
466 3727 616 3780 edito
635 3726 900 3796 astrologi
917 3726 1306 3797 praedixissent
1319 3769 1331 3780 .
1350 3726 1434 3778 Ne
1448 3724 1636 3794 igitur,
1651 3723 1854 3793 inquit,

256 3817 460 3870 audita
488 3832 682 3869 eorum
709 3815 979 3879 doctrina,
1005 3831 1129 3868 eam
1159 3813 1417 3882 religioni
1443 3817 1647 3866 nostra:
1668 3809 1860 3882 praefe-

258 3922 368 3968 ras,
403 3902 616 3958 idcirco
646 3919 681 3957 a
709 3920 839 3973 rege
869 3903 1002 3957 data
1030 3918 1199 3973 Opera
1228 3908 1330 3967 est,
1362 3917 1434 3954 nc
1466 3901 1630 3954 multi
1675 3906 1858 3953 tecum

257 3992 729 4048 consuetudinem
740 3991 1031 4056 haberent,
1054 3991 1150 4045 sed
1162 3990 1323 4061 pauci
1345 3989 1591 4043 omnino.
1608 3989 1686 4041 Ac
1699 3988 1860 4042 nobis

257 4082 433 4135 etiam
461 4087 630 4152 atque
657 4080 828 4134 etiam
855 4079 1160 4144 mandavit,
1189 4083 1253 4131 ut
1276 4077 1628 4131 studeremus
1643 4093 1712 4130 ne
1726 4076 1859 4146 quid

255 4171 499 4241 hujusce
531 4169 658 4223 vitae
685 4167 1070 4224 molestiarum
1094 4182 1193 4238 per
1221 4183 1324 4220 nos
1353 4166 1712 4235 intelligeres.

329 4259 468 4312 Haec
486 4263 551 4312 ut
569 4258 890 4312 adolescens
903 4254 1134 4320 audivit,
1149 4255 1366 4308 nullum
1380 4255 1619 4307 alterum
1630 4252 1860 4307 verbum

258 4346 543 4418 adjunxit.
560 4347 834 4401 Cmterum
856 4344 1116 4399 salutaris
1131 4359 1316 4397 sermo
1330 4342 1503 4413 ipsius
1524 4347 1717 4412 pectus
1737 4341 1862 4395 teti-

1937 3369 2079 3422 alter
2106 3370 2282 3440 lepra,
2307 3370 2449 3423 alter
2472 3370 2715 3424 caacitate
2742 3371 3048 3425 laborabat.
3079 3373 3228 3436 Quos
3249 3375 3533 3445 conspica-

1937 3462 2047 3521 tus,
2083 3463 2251 3528 atque
2273 3458 2447 3511 animi
2471 3459 2738 3512 mmstitia
2758 3460 3006 3526 affectus,
3031 3460 3100 3513 ab
3121 3461 3192 3515 iis
3214 3463 3309 3532 qui
3339 3480 3530 3518 secum

1938 3551 2099 3599 erant
2127 3546 2355 3616 quinam
2400 3547 2457 3600 hi
2513 3553 2715 3611 essent,
2759 3554 2815 3601 et
2863 3549 3146 3619 quodnam
3206 3567 3375 3620 grave
3429 3552 3535 3608 hoc

1940 3635 2317 3704 spectaculum
2344 3641 2508 3701 esset,
2542 3642 2900 3706 percontatus
2927 3643 3038 3704 est;
3072 3638 3153 3691 illi
3182 3645 3534 3708 autem,cum

1939 3722 1995 3776 id
2023 3723 2166 3793 quod
2201 3723 2256 3776 in
2285 3723 2459 3794 ipsius
2488 3729 2775 3794 aspectum
2820 3731 3050 3779 venerat
3096 3729 3374 3783 occultare
3421 3746 3534 3784 non

1940 3817 2185 3882 possent,
2202 3812 2302 3864 has
2319 3812 2595 3865 humanas
2612 3813 2959 3868 calamitates
2972 3830 3092 3869 esse
3104 3818 3531 3887 responderunt,

1942 3917 2062 3970 qua:
2090 3916 2154 3952 ex
2185 3906 2448 3970 corrupta
2475 3902 2729 3968 materia,
2767 3908 2823 3956 et
2850 3919 3079 3974 corpore
3098 3905 3313 3960 vitiosis
3333 3907 3536 3962 humo-

1941 3987 2096 4040 ribus
2124 3988 2307 4058 pleno,
2328 3988 2664 4042 mortalibus
2684 3991 3009 4060 contingere
3030 3994 3229 4048 solent.
3253 3995 3395 4049 Tum
3409 3997 3530 4051 ille:

1943 4076 2244 4130 Cunctisne
2275 4076 2594 4130 hominibus
2637 4079 2754 4132 haec
2795 4080 3045 4135 accidere
3082 4087 3537 4140 consueverunt?

1940 4164 2067 4218 Non
2096 4165 2332 4231 cunctis,
2370 4165 2636 4235 inquiunt
2658 4167 2759 4233 illi,
2790 4185 2982 4222 verum
3008 4169 3077 4223 iis
3105 4171 3377 4226 duntaxat
3407 4191 3541 4244 quo-

1942 4269 2068 4306 rum
2093 4253 2352 4307 valetudo
2375 4259 2602 4324 propter
2627 4254 2910 4324 improbos
2943 4257 3204 4314 humores
3234 4261 3538 4330 depravata

1943 4341 2033 4394 sit.
2063 4340 2309 4394 Rursum
2330 4342 2503 4410 igitur
2523 4342 2790 4396 sciscitari
2810 4345 3054 4414 perrexit
3081 4348 3403 4404 adolescens
3427 4369 3438 4402 :
3479 4351 3536 4404 Si

255 4435 359 4505 git,
395 4452 466 4490 ac
496 4433 758 4489 Paracliti
785 4433 968 4504 gratia
1000 4432 1320 4503 spirituales
1342 4431 1517 4501 ipsius
1534 4431 1721 4484 oculos
1738 4427 2054 4500 ape-Dnon
2081 4445 2276 4483 omnes
2301 4429 2558 4484 homines
2573 4431 2630 4484 in
2653 4431 2753 4485 has
2776 4433 3124 4490 calamitates
3145 4435 3391 4491 incidere
3411 4454 3538 4492 con-

230 4525 371 4578 'rire
403 4539 674 4594 aggressa
700 4528 803 4589 est,
835 4539 963 4576 eum
992 4522 1062 4575 ad
1110 4537 1304 4574 verum
1351 4519 1550 4585 Deum,
1596 4523 1866 4589 tanquam
1942 4524 2261 4583 sueverunt,
2293 4519 2388 4571 sed
2421 4519 2647 4589 quidam
2675 4520 2966 4588 duntaxat,
2999 4525 3424 4594 exploratumne
3452 4533 3538 4581 est

258 4617 524 4684 porrecta
538 4627 708 4666 manu
731 4610 960 4677 ducens,
978 4606 1731 4680 quemadmodumorationis
1745 4623 1870 4678 pro-
1943 4607 2174 4678 quinam
2199 4607 2313 4660 sint
2344 4624 2482 4677 quos
2522 4609 2801 4663 malorum
2842 4610 3174 4667 acerbitates
3231 4619 3538 4685 arrepturaa

256 4717 463 4772 gressu
486 4698 1016 4754 demonstrabimus.
1035 4699 1175 4752 Cum
1192 4701 1379 4750 autem
1399 4711 1495 4749 rex
1514 4695 1689 4765 ipsius
1710 4700 1872 4765 pater
1943 4695 2056 4749 sint
2079 4714 2091 4763 ;
2125 4712 2196 4749 an
2216 4702 2412 4750 contra
2435 4697 2574 4750 citra
2604 4698 2775 4751 ullam
2797 4699 3212 4755 distinctionem
3261 4708 3429 4774 atque
3473 4721 3538 4758 ex

258 4789 460 4844 crebro
493 4805 624 4845 eum
653 4789 856 4843 viseret
899 4786 1222 4857 (singularis
1271 4784 1478 4839 etenim
1522 4783 1700 4853 ipsius
1737 4799 1872 4852 erga
1944 4784 2242 4855 improviso
2273 4785 2624 4839 conflantur?
2645 4787 2712 4839 Et
2729 4787 2852 4856 quis
2873 4789 3101 4842 tandem
3121 4790 3433 4858 hominum,
3456 4809 3540 4847 re-

260 4895 397 4932 eum
426 4895 592 4933 amor
618 4882 782 4946 erat),
804 4875 1046 4947 quadam
1064 4873 1154 4928 die
1173 4874 1262 4927 his
1288 4871 1470 4926 verbis
1487 4871 1557 4925 ad
1579 4888 1707 4925 eum
1718 4871 1866 4924 filius
1948 4873 2295 4943 sponderunt
2322 4873 2421 4940 illi,
2452 4874 2643 4928 futura
2660 4876 2973 4946 perspicere
3004 4895 3068 4931 ac
3097 4880 3340 4949 perfecte
3366 4882 3536 4936 intel-

258 4983 401 5022 usus
432 4973 522 5021 est
551 4985 561 5020 :
591 4966 636 5021 Ο
665 4966 800 5020 here
837 4981 902 5019 ac
931 4981 1047 5030 rex,
1080 4962 1291 5032 aliquid
1323 4977 1388 5015 ex
1415 4966 1472 5014 te
1509 4960 1650 5014 scire
1680 4959 1863 5030 cupio,

259 5057 428 5126 cujus
444 5071 618 5109 causa
632 5060 935 5126 perpetuus
950 5067 1175 5118 mceror,
1200 5056 1368 5120 atque
1390 5048 1572 5102 omnis
1589 5047 1869 5102 intermis-

260 5144 440 5199 sionis
470 5161 670 5214 eXpers
699 5141 1012 5197 sollicitudo
1024 5140 1276 5194 animum
1301 5155 1486 5192 meum
1509 5142 1660 5191 exest
1671 5152 1870 5190 accon-

259 5235 400 5288 ﬁcit.
436 5235 608 5288 Pater
636 5237 825 5287 autem
856 5232 1037 5286 exhoc
1055 5230 1176 5301 ipso
1195 5241 1452 5282 sermone
1474 5225 1869 5280 intimisvisce-

259 5323 423 5376 ribus
452 5322 842 5386 discruciatus,
882 5320 998 5375 ait:
1049 5319 1149 5373 Dic
1178 5316 1336 5383 mihi,
1391 5315 1718 5369 charissime
1767 5314 1865 5380 fili,

261 5412 535 5483 quisnam
563 5411 636 5465 sit
659 5411 748 5465 hic
770 5426 977 5464 mceror
998 5408 1094 5479 qui
1113 5413 1170 5460 te
1191 5405 1425 5470 obsidet,
1449 5421 1513 5458 ac
1523 5403 1715 5457 statim
1736 5418 1865 5456 eum

257 5500 317 5553 in
349 5499 630 5570 gaudium
646 5503 992 5554 commutare
1004 5495 1259 5552 studebo.
1273 5495 1415 5548 Tum
1432 5509 1596 5564 puer:
1623 5493 1862 5563 Expone,

256 5588 474 5663 inquit,
504 5587 770 5660 quidnam
798 5604 979 5643 causae
1011 5586 1086 5640 sit
1112 5601 1210 5639 cur
1249 5583 1340 5638 hic
1385 5581 1656 5649 detinear,
1699 5586 1868 5652 atque

649 5687 918 5749 Parnm.
948 5681 1238 5746 LXXIII.

1948 4960 2123 5030 ligere
2153 4961 2366 5030 queat?
2397 4962 2513 5015 Hoc
2557 4963 2705 5015 enim
2759 4964 3017 5018 humanae
3064 4973 3279 5023 naturae
3312 4975 3539 5040 captum

1951 5048 2182 5113 excedit,
2216 5065 2280 5101 ac
2307 5049 2438 5102 solis
2467 5049 2878 5104 immortalibus
2915 5053 3022 5106 diis
3068 5056 3403 5112 attributum
3432 5066 3536 5114 est.

1951 5137 2053 5191 Hic
2083 5137 2445 5207 percontandi
2469 5137 2691 5207 quidem
2719 5141 2888 5194 ﬁnem
2915 5141 3046 5195 fecit
3072 5145 3220 5215 regis
3251 5147 3425 5216 filius;
3452 5166 3542 5204 ve-

1949 5241 2076 5279 rum
2109 5242 2173 5278 ex
2198 5225 2519 5295 hujusmodi
2551 5229 2865 5296 spectaculo
2887 5229 3134 5286 dolorem
3161 5236 3349 5290 animo
3372 5238 3536 5308 cepit,

1948 5313 2140 5382 reique
2171 5313 2417 5368 novitate
2445 5315 2523 5370 ita
2540 5316 2768 5371 affectus
2791 5323 2892 5384 est,
2928 5326 2992 5374 ut
3017 5322 3129 5376 oris
3158 5323 3332 5395 ipsius
3361 5326 3541 5380 forma

1946 5401 2362 5456 immutaretur.

2020 5491 2263 5546 Rursum
2293 5498 2482 5546 autem
2510 5493 2658 5548 foras
2688 5498 3070 5567 progrediens,
3118 5501 3177 5555 in
3221 5502 3538 5572 capularem

1952 5581 2252 5650 quemdam
2281 5597 2472 5637 senem
2493 5582 2706 5651 incidit,
2735 5592 2935 5657 rugata
2954 5589 3111 5655 facie,
3140 5589 3328 5645 fractis
3356 5604 3419 5643 ac
3431 5587 3539 5642 dis-

3147 5689 3222 5745 15
