3942 6200
446 287 553 346 459
568 307 570 310 ·

1451 277 1544 331 DE
1582 274 1770 329 VITIS
1809 271 2106 326 PATRUM
2142 265 2682 326 LIBER‘PRIMUS.
2712 278 2725 288 ‘

3577 263 3662 318 460

449 413 651 470 solutis
676 409 849 474 tibiis,
880 421 1046 461 curvo
1074 417 1324 473 corpore,
1379 400 1560 470 capite
1607 393 1834 470 prors'us
1880 413 2039 460 cano,
2069 399 2115 454 A
2134 395 2311 450 ullum
2329 388 2916 463 ejusmodiintotahac
2928 385 3176 454 undique
3188 383 3664 454 regionecognosco.

457 503 554 574 qui
572 506 843 573 praeterea
857 493 1117 548 dentibus
1135 489 1378 554 carebat,
1403 493 1570 558 atque
1587 487 1871 540 concisum
1893 484 2050 554 quid-

457 592 588 644 dam
609 595 664 643 et
681 588 1058 654 interruptum
1077 577 1434 650 loquebatur.
1462 577 1701 645 Stupore
1731 575 1921 643 itaque
1935 589 2051 626 cor-

455 684 665 749 reptus,
700 691 827 728 cum
855 671 1143 725 hominem
1169 685 1297 722 eum
1328 665 1587 738 proprius
1624 664 1694 717 ad
1744 679 1802 716 se
1849 661 2051 714 adduci

449 765 728 838 jussisset,
762 779 856 816 eos
887 760 983 831 qui
1008 764 1132 812 tum
1163 757 1400 810 aderant
1429 751 1811 822 interrogabat
1825 749 2052 819 ecquid-

454 870 585 908 nam
615 857 731 905 tam
769 849 1016 903 insolens
1064 844 1446 916 spectaculum
1501 845 1664 894 esset.
1720 839 1808 892 Illi
1864 843 2054 890 autem

454 941 749 996 dixerunt:
787 939 890 992 Hic
918 941 1083 990 aetate
1112 933 1272 986 valde
1312 935 1624 1002 provectus,
1671 944 1734 981 ac
1785 925 2055 997 paulatim

454 1027 853 1084 decedentibus
883 1025 990 1096 ipsi
1021 1022 1252 1086 viribus,
1295 1018 1675 1089 membrisque
1696 1015 2055 1070 imbecillita-

454 1125 570 1174 tem
587 1113 1067 1177 contrahentibus,
1091 1112 1160 1164 ad
1181 1111 1327 1163 hanc
1353 1124 1521 1178 quam
1542 1106 1724 1160 cernis
1747 1119 2056 1158 arumnam

453 1206 730 1278 pervenit.
761 1205 832 1258 Et
860 1203 1139 1272 quisnam,
1174 1197 1358 1268 inquit
1396 1197 1510 1262 ille,
1543 1194 1718 1265 ipsius
1756 1193 1884 1246 ﬁnis
1930 1191 2055 1244 est?

456 1295 611 1350 Nihil
632 1293 804 1358 aliud,
827 1291 1092 1361 inquiunt
1107 1288 1208 1353 illi,
1233 1303 1402 1357 quam
1419 1301 1569 1337 mors
1589 1284 1774 1353 ipsum
1800 1280 2055 1350 excipiet.

459 1382 805 1439 Omnibusne
836 1377 1176 1442 hominibus,
1215 1375 1398 1445 inquit
1429 1373 1539 1436 ille,
1577 1373 1680 1425 hoc
1709 1369 2059 1441 propositum

459 1478 561 1538 est,
577 1487 648 1525 an
670 1469 1005 1540 quibusdam
1017 1466 1290 1520 duntaxat
1305 1461 1611 1532 contingit?
1625 1458 2065 1529 Responderunt

459 1561 572 1615 illi:
608 1559 732 1612 Nisi
762 1573 913 1611 mors
938 1560 1293 1609 antevertens
1337 1551 1581 1620 aliquem
1625 1548 1757 1601 hinc
1795 1546 2052 1608 abducat,

460 1647 582 1703 ﬁeri
613 1663 723 1700 non
752 1649 937 1716 potest
969 1643 1105 1714 quin
1125 1640 1393 1710 temporis
1418 1653 1720 1709 progressu
1749 1641 1929 1688 status
1959 1634 2058 1686 hu-

2135 485 2255 548 Quo
2287 483 2512 554 quidem
2540 479 2766 533 nomine
2793 491 3001 546 magna
3030 473 3122 526 ille
3152 471 3399 525 molestia
3426 471 3666 542 impletus,

2133 572 2401 642 gravique
2430 570 2604 623 animi
2631 568 2860 621 vulnere
2891 564 3140 626 allectus,
3175 561 3224 614 ei
3257 560 3442 612 similis
3466 566 3571 612 erat
3593 562 3671 630 qui

2135 662 2420 730 ingentem
2449 659 2777 712 thesaurum
2793 653 3003 719 amisit,
3023 657 3188 720 atque
3206 649 3264 701 in
3282 649 3397 718 ejus
3415 647 3673 718 investiga-

2134 750 2286 802 tione
2314 754 2558 801 mentem
2573 751 2750 799 totam
2765 745 3091 811 occupatam
3107 755 3171 792 ac
3198 737 3426 791 deﬁxam
3437 736 3600 789 habet.
3612 738 3676 790 Ac

2137 838 2371 909 proinde
2400 837 2458 889 in
2478 840 2747 906 perpetuo
2776 833 3046 901 languore
3075 833 3132 881 et
3159 825 3511 880 sollicitudine
3530 842 3677 878 versa-

2137 927 2321 990 batur,
2355 941 2658 994 omnesque
2689 920 2882 975 mundi
2906 917 3288 988 jucunditates
3331 921 3385 967 et
3410 914 3679 983 voluptates

2139 1014 2194 1068 in
2230 1015 2403 1085 ipsius
2433 1013 2606 1067 oculis
2643 1009 2847 1082 piaculi
2893 1006 3184 1077 cujusdam
3234 1009 3290 1056 et
3334 1002 3680 1056 exsecrationis

2140 1105 2318 1158 instar
2350 1108 2530 1156 erant.
2565 1103 2705 1155 Cum
2737 1103 2926 1152 autem
2960 1097 3064 1149 hoc
3093 1093 3264 1148 animi
3292 1097 3434 1145 statu
3457 1096 3602 1155 esset,
3631 1107 3682 1143 ac

2139 1209 2342 1262 magno
2363 1208 2488 1245 cum
2513 1190 2729 1260 gemitu
2753 1187 2960 1241 bonum
2982 1183 3231 1237 invenire
3251 1185 3484 1250 cuperet,
3505 1180 3681 1232 insom-

2140 1281 2227 1334 nis
2252 1281 2342 1334 ille
2372 1281 2582 1343 oculus,
2601 1279 2696 1348 qui
2718 1276 2909 1330 omnia
2932 1273 3128 1336 cernit,
3151 1277 3318 1339 atque
3338 1284 3518 1322 omnes
3537 1267 3684 1321 salvos

2142 1369 2283 1435 ﬁeri,
2302 1375 2360 1422 et
2385 1369 2455 1422 ad
2476 1367 2723 1421 veritatis
2736 1364 3080 1435 agnitionem
3100 1357 3466 1422 venirevult(1
3481 1358 3602 1409 Tim.
3615 1356 3680 1423 ιι),

2143 1458 2327 1528 ipsum
2355 1456 2588 1528 aspexit,
2620 1470 2890 1523 suamque
2914 1451 3019 1522 ipsi
3049 1452 3370 1503 consuetam
3411 1443 3684 1513 benignita-

2139 1551 2254 1600 tem
2283 1545 2602 1610 ostendens,
2646 1543 2927 1613 quodnam
2957 1540 3062 1592 iter
3091 1535 3396 1591 tenendum
3433 1537 3582 1599 esset,
3603 1531 3686 1584 hoc

2140 1635 2306 1688 modo
2335 1632 2758 1687 demonstravit.

454 1738 615 1806 jusce
643 1708 953 1806 periculum
984 1708 1097 1785 non
1125 1708 1311 1783 faciat.
1330 1708 1469 1782 Tum
1491 1726 1850 1779 adolescens:
1879 1723 2060 1786 Quoto
2083 1708 2128 1766 Β
2215 1724 2348 1777 CAP.
2396 1723 2488 1775 VI.
2543 1752 2606 1761 —-—
2649 1719 2792 1772 Erat
2827 1717 2976 1770 enim
3027 1731 3092 1768 eo
3132 1720 3383 1782 tempore
3426 1708 3687 1763 monachus

460 1841 609 1879 anno
638 1825 743 1877 hoc
765 1821 1009 1892 cuipiam
1039 1816 1353 1886 contingit?
1387 1819 1555 1884 atque
1585 1828 1886 1884 prorsusne
1917 1809 2060 1863 mori

461 1927 687 1966 necesse
720 1916 822 1976 est,
853 1925 1037 1979 neque
1058 1923 1150 1960 ars
1174 1905 1290 1966 ulla
1313 1908 1398 1956 est
1422 1918 1532 1972 qua
1561 1906 1799 1954 mortem
1830 1897 2060 1968 effugia-

463 2017 609 2065 mus,
634 2005 803 2068 atque
818 1997 875 2050 in
895 1997 1039 2049 hanc
1063 1992 1438 2048 calamitatem
1473 1989 1702 2042 minime
1724 1986 2062 2041 incidamus?

464 2088 673 2142 Dicunt
699 2087 776 2140 ei:
811 2082 1185 2154 Octogesimo,
1215 2086 1314 2134 aut
1334 2078 1637 2133 centesimo
1659 2093 1805 2130 anno
1828 2076 1899 2128 ad
1919 2075 2064 2128 hanc

467 2179 815 2230 senectutem
843 2172 1100 2226 homines
1129 2168 1483 2240 perveniunt,
1506 2183 1570 2220 ac
1591 2165 1792 2219 deinde
1811 2163 2063 2217 moriun-

465 2269 580 2330 tur,
613 2279 716 2316 nec
744 2262 910 2315 aliter
938 2259 1061 2314 ﬁeri
1092 2263 1294 2329 potest.
1323 2255 1588 2310 Debitum
1624 2254 1775 2308 enim
1805 2251 2062 2306 naturale

467 2369 620 2406 mors
644 2357 747 2417 est,
772 2347 1092 2403 hominibus
1105 2347 1174 2400 ab
1196 2345 1358 2398 initio
1381 2343 1726 2414 impositum,
1755 2357 1935 2412 neque
1948 2340 2064 2393 ulla

466 2440 686 2494 ratione
717 2439 893 2510 ipsius
921 2437 1192 2490 adventus
1212 2433 1376 2487 vitari
1407 2437 1612 2503 potest.

541 2529 672 2582 Haec
708 2527 916 2590 omnia,
948 2531 1012 2579 ut
1038 2541 1208 2593 sagax
1236 2523 1328 2576 ille
1360 2538 1425 2574 ac
1463 2521 1706 2590 prudens
1744 2518 2065 2571 adolescens

471 2617 686 2671 audivit
713 2621 882 2685 atque
909 2612 1200 2678 intellexit,
1232 2611 1431 2664 intimo
1461 2609 1627 2662 corde
1673 2607 2061 2677 ingemiscens,

475 2705 648 2760 dixit:
684 2703 900 2758 Acerba
927 2703 1043 2756 haec
1072 2701 1187 2754 vita
1211 2705 1317 2763 est,
1357 2704 1524 2768 atque
1568 2695 1721 2749 omni
1763 2695 1952 2748 dolore
2003 2710 2066 2746 ac

473 2793 741 2847 maestitia
760 2793 944 2862 plena,
969 2790 1015 2843 si
1038 2806 1128 2842 res
1155 2789 1236 2842 ita
1263 2805 1322 2841 se
1342 2787 1528 2840 habet.
1555 2786 1623 2838 Et
1639 2799 1883 2854 quonam
1904 2782 2067 2836 modo

476 2881 755 2956 quispiam
800 2880 861 2932 in
903 2879 1130 2932 incertae
1179 2876 1379 2929 mortis
1430 2873 1858 2944 exspectatione,
1910 2872 2068 2940 cujus

475 2970 747 3024 adventus
775 2984 886 3021 non
917 2967 1084 3020 modo
1111 2965 1275 3018 vitari
1300 2981 1411 3017 non
1441 2969 1639 3033 potest,
1669 2961 1764 3015 sed
1788 2961 1978 3025 etiam,
2007 2964 2072 3012 ut

2145 1811 2372 1882 quidam
2387 1810 2700 1864 divinarum
2715 1823 2904 1860 rerum
2917 1803 3149 1875 peritus,
3165 1801 3386 1870 vitaque
3397 1816 3456 1852 ac
3470 1812 3689 1852 sermone

2145 1905 2396 1966 ornatus,
2428 1903 2597 1970 atque
2623 1899 2681 1951 in
2710 1896 2863 1950 omni
2912 1893 3223 1948 monastica
3263 1887 3469 1942 vivendi
3510 1886 3689 1939 ratione

2145 2005 2498 2059 summopere
2528 1991 2810 2040 versatus:
2848 1984 2998 2038 unde
3041 1979 3332 2044 oriundus,
3378 1981 3471 2030 aut
3506 1992 3564 2027 ex
3603 1989 3688 2043 quo

2142 2095 2368 2148 genere,
2401 2077 2585 2130 dicere
2610 2091 2846 2145 nequeo,
2871 2088 3064 2126 verum
3086 2070 3143 2123 in
3173 2066 3465 2123 solitudine
3491 2062 3691 2134 quadam

2147 2165 2551 2221 Sennaaritidis
2579 2170 2742 2218 terrae
2770 2161 3115 2216 domicilium
3129 2157 3362 2220 habens,
3395 2170 3455 2207 ac
3480 2150 3692 2205 sacerdo-

2145 2256 2209 2309 tii
2239 2254 2515 2324 dignitate
2546 2252 2830 2324 przeditus.
2865 2250 3008 2304 Huic
3039 2264 3206 2319 porro
3224 2244 3344 2299 seni
3367 2241 3599 2297 Barlaam
3617 2254 3692 2291 no-

2147 2361 2274 2398 men
2306 2349 2444 2396 erat.
2481 2343 2584 2396 Hic
2603 2342 2778 2412 igitur
2796 2355 2923 2393 cum
2947 2337 3130 2392 divino
3154 2335 3396 2406 quodam
3424 2327 3689 2390 admonitu,

2146 2449 2388 2502 quonam
2423 2436 2573 2485 statu
2599 2431 2746 2499 regis
2775 2429 2924 2482 ﬁlius
2955 2432 3101 2480 esset
3129 2421 3502 2492 comperisset,
3534 2433 3560 2470 e
3586 2413 3692 2468 soli-

2147 2522 2341 2575 tudine
2367 2536 2644 2590 egressus,
2676 2519 2744 2572 ad
2775 2518 2981 2572 cultam
3021 2520 3077 2568 et
3125 2510 3483 2565 habitabilem
3519 2512 3695 2559 terram

2147 2610 2425 2680 profectus
2451 2613 2570 2673 est;
2600 2613 2927 2676 mutatoque
2952 2603 3150 2656 habitu
3181 2618 3302 2665 suo,
3334 2604 3493 2667 atque
3519 2591 3695 2647 indutis

2149 2696 2450 2751 mundanis
2477 2695 2737 2760 vestibus,
2775 2701 2833 2747 et
2858 2708 3159 2746 conscensa
3199 2688 3344 2753 navi,
3377 2687 3443 2740 ad
3470 2683 3696 2738 Indorum

2150 2802 2386 2855 regnum
2412 2802 2471 2838 se
2501 2783 2755 2844 contulit,
2791 2799 2854 2834 ac
2884 2786 3258 2834 mercatorem
3279 2793 3337 2829 se
3366 2790 3479 2827 esse
3497 2773 3693 2839 ﬁngens,

2152 2875 2208 2927 in
2240 2891 2362 2927 eam
2391 2873 2588 2927 urbem
2629 2873 2686 2925 in
2715 2889 2827 2942 qua
2855 2870 3002 2939 regis
3031 2868 3181 2921 ﬁlius
3214 2864 3474 2935 palatium
3499 2855 3700 2913 habebat

2152 2963 2484 3032 ingreditur.
2519 2957 3074 3028 Permultosquedies
3105 2956 3222 3008 illic
3242 2942 3697 3013 commoratus,qui

481 3058 719 3123 dixistis,
752 3057 1002 3109 incertus
1030 3060 1134 3120 est,
1167 3069 1361 3106 securo
1407 3051 1593 3104 animo
1631 3050 1776 3103 erit?
1813 3048 2133 3119 Abiitquec
2157 3068 2344 3104 rerum
2376 3050 2547 3120 ipsius
2577 3054 2756 3103 status
2801 3051 2949 3101 esset
2989 3044 3294 3113 diligenter
3339 3036 3623 3109 exquisivit,
3655 3035 3700 3084 et

477 3147 594 3201 haec
623 3161 814 3199 secum
845 3144 1065 3197 volvens
1085 3147 1253 3212 atque
1273 3140 1494 3194 assidue
1507 3138 1882 3202 considerans,
1917 3152 2067 3189 mor-

473 3236 661 3306 tisque
702 3232 1027 3287 memoriam
1080 3229 1386 3284 identidem
1447 3228 1634 3281 animo
1681 3231 1958 3297 repetens,
2007 3241 2070 3278 ac

475 3324 736 3394 deinceps
764 3322 823 3375 in
852 3319 1139 3374 doloribus
1170 3317 1454 3388 animique
1502 3315 1954 3370 consternatione
1983 3312 2069 3366 vi-

473 3429 628 3476 vens,
661 3416 830 3481 atque
852 3409 910 3462 in
923 3413 1192 3480 perpetuo
1212 3422 1451 3460 mmrore
1472 3405 1699 3474 degens.
1723 3405 1906 3473 Atque
1923 3401 2072 3472 apud

475 3518 534 3556 se
561 3499 811 3554 dicebat:
845 3498 1062 3566 Ergone
1080 3513 1230 3549 mors
1248 3512 1337 3548 me
1361 3492 1662 3562 aliquando
1685 3489 1984 3561 corripiet?
2005 3490 2074 3542 Et

476 3589 734 3661 quisnam
766 3585 874 3639 erit
907 3585 1002 3654 qui
1034 3583 1142 3636 mei
1172 3589 1298 3653 post
1325 3588 1562 3634 mortem
1575 3579 1911 3645 meminerit,
1947 3594 2070 3631 cum

476 3684 699 3746 tempus
728 3672 920 3728 omnia
946 3671 1220 3726 oblivione
1250 3669 1614 3724 contriverit?
1637 3669 1784 3721 Num
1807 3672 2078 3737 praeterea

478 3769 657 3819 morte
682 3760 974 3817 functusin
1004 3759 1240 3812 nihilum
1255 3758 1526 3810 dissolvar
1547 3773 1648 3822 ;an
1672 3762 1885 3820 contra,
1902 3755 2079 3808 altera

481 3851 736 3923 quaedam
763 3851 876 3902 vita
902 3853 1005 3912 est,
1049 3851 1106 3900 et
1135 3847 1277 3899 alter
1303 3845 1722 3899 mundus?Haac
1742 3848 1798 3896 et
1815 3843 1903 3896 his
1915 3842 2071 3896 simi-

479 3940 555 3992 lia
566 3943 836 4008 perpetuo
848 3936 1120 4005 cogitans,
1140 3935 1353 4004 pallore
1364 3932 1776 3987 conﬁciebatur.
1794 3933 2073 3986 Praesente

480 4035 669 4082 tamen
700 4030 878 4095 patre,
911 4024 957 4077 si
987 4023 1208 4093 quando
1238 4023 1310 4075 ad
1340 4038 1468 4076 eum
1496 4021 1727 4084 veniret,
1762 4020 2076 4074 hilaremac

481 4130 720 4169 maerore
741 4129 976 4166 vacuum
1009 4111 1261 4165 animum
1293 4127 1406 4181 prae
1435 4127 1493 4163 se
1523 4109 1752 4174 ferebat,
1776 4109 1922 4179 quod
1935 4109 2079 4162 scili-

481 4209 571 4259 cet
599 4220 666 4256 ea
686 4219 808 4273 quae
847 4199 1128 4270 cogitabat
1164 4200 1234 4253 ad
1265 4199 1441 4270 ipsius
1471 4197 1843 4266 cognitionem
1893 4197 2079 4250 venire

481 4293 674 4348 nollet.
710 4289 1103 4345 Incredibilem
1131 4293 1321 4342 autem
1342 4287 1401 4341 in
1422 4287 1650 4340 modum
1673 4286 1916 4356 aliquem
1947 4302 2081 4339 nan-

2152 3141 2380 3210 quinam
2419 3144 2608 3191 essent
2638 3137 2732 3207 qui
2763 3134 2994 3206 propius
3024 3133 3096 3186 ad
3125 3149 3260 3185 eum
3310 3128 3555 3183 accedere
3582 3121 3698 3175 sole-

2151 3235 2303 3283 rent:
2325 3228 2645 3297 cumigitur
2673 3219 3040 3297 paedagogum
3062 3237 3195 3276 eum
3216 3220 3285 3273 de
3306 3234 3413 3289 quo
3433 3212 3657 3285 superius
3675 3225 3701 3261 a

2152 3318 2311 3372 nobis
2331 3317 2542 3370 mentio
2563 3317 2711 3368 facta
2735 3320 2821 3368 est
2839 3313 2947 3383 ipsi
2969 3311 3227 3365 omnium
3250 3302 3699 3361 familiarissimum

2155 3423 2274 3461 esse
2303 3405 2680 3468 intellexisset,
2717 3401 2952 3456 seorsim
2981 3416 3110 3454 eum
3140 3395 3490 3458 conveniens,
3511 3390 3588 3444 his
3610 3402 3703 3439 ver-

2155 3496 2238 3549 bis
2268 3511 2403 3548 usus
2428 3499 2515 3547 est
2539 3511 2549 3544 :

2227 3584 2383 3638 Scias
2413 3581 2596 3646 velim,
2653 3579 2879 3633 domine
2921 3577 3021 3641 mi,
3063 3591 3156 3628 me
3205 3576 3558 3626 mercatorem
3589 3577 3701 3625 esse,

2157 3680 2325 3743 atque
2351 3689 2418 3725 ex
2431 3672 2740 3740 longinqua
2758 3667 2984 3736 regione
3001 3663 3244 3729 venisse,
3265 3659 3548 3727 eximiique
3573 3648 3705 3724 pretii

2158 3761 2401 3831 lapidem
2425 3758 2650 3822 habere,
2684 3757 2771 3810 cui
2793 3755 2978 3809 nullus
3005 3768 3260 3822 unquam
3277 3748 3474 3804 similis
3492 3744 3705 3797 inventus

2155 3829 2256 3914 est,
2292 3863 2569 3918 quemque
2601 3844 2814 3900 nemini
2829 3843 3011 3897 adhuc
3039 3839 3280 3894 ostendi.
3303 3836 3422 3891 Tibi
3441 3839 3608 3887 autem
3625 3829 3707 3880 hoc

2157 3937 2398 4002 declaro,
2433 3934 2578 4005 quod
2594 3940 2650 3987 te
2667 3933 3002 4003 prudentem
3023 3945 3087 3982 ac
3107 3927 3401 3981 cordatum
3430 3923 3593 3975 virum
3611 3929 3705 3969 csse

2158 4025 2395 4086 videam,
2439 4029 2503 4076 ut
2530 4039 2617 4075 me
2650 4021 2720 4074 ad
2749 4020 2894 4089 regis
2934 4018 3111 4071 ﬁlium
3155 4013 3493 4077 introducas,
3529 4005 3708 4078 ipsique

2159 4130 2288 4167 eum
2316 4113 2462 4165 dono
2489 4111 2636 4163 dem.
2654 4108 2942 4179 Siquidem
2959 4105 3108 4159 bona
3138 4102 3330 4157 omnia
3348 4088 3706 4166 incomparabi-

2159 4201 2288 4254 liter
2317 4198 2617 4253 antecellit.
2652 4175 2797 4251 Na—m
2827 4201 2885 4250 et
2911 4195 2979 4248 iis
3017 4193 3114 4263 qui
3159 4191 3343 4245 cordis
3389 4185 3553 4242 oculis
3592 4175 3709 4248 capti

2162 4292 2312 4352 sunt,
2347 4286 2632 4356 sapientiae
2659 4285 2844 4337 lucem
2874 4283 3054 4347 affert,
3079 4285 3136 4333 et
3159 4278 3348 4332 surdis
3373 4290 3526 4329 aures
3545 4265 3707 4338 aperit.

481 4381 610 4436 cisci
642 4379 921 4450 cupiebat,
955 4378 1050 4449 qui
1065 4378 1242 4448 ipsius
1271 4375 1483 4448 pectori
1503 4380 1710 4428 certam
1744 4374 1911 4427 ﬁdem
1942 4373 2083 4427 face-
2101 4369 2219 4430 Det
2251 4375 2422 4429 mutis
2443 4390 2629 4427 vocem
2660 4372 2929 4442 impertit,
2952 4375 3009 4423 et
3023 4373 3364 4439 azgrotantes
3384 4365 3440 4418 in
3458 4359 3710 4415 sanitatem

484 4475 590 4537 ret,
632 4485 697 4523 ac
726 4469 938 4523 bonum
966 4482 1282 4520 sermonem
1333 4464 1508 4535 ipsius
1549 4463 1778 4517 auribus
1813 4462 2084 4516 instillare

483 4563 690 4631 posset.
835 4623 840 4626 η

559 4644 830 4710 Quocirca
858 4643 927 4696 de
955 4641 1258 4713 pzedagogo
1287 4656 1352 4693 eo
1383 4640 1541 4709 cujus
1570 4644 1700 4692 ante
1743 4637 2086 4693 mentionem

486 4734 717 4788 fecimus
745 4747 972 4786 rursum
1001 4728 1200 4800 quaerit
1226 4745 1364 4782 num
1389 4744 1554 4797 quem
1573 4727 1724 4780 norit
1753 4727 1848 4798 qui
1877 4727 1946 4780 ad
1962 4743 2087 4780 eam

489 4838 614 4875 rem
643 4822 804 4890 cujus
833 4819 1137 4889 cupiditate
1158 4815 1432 4886 ﬂagrabat
1451 4815 1778 4885 adjumento
1809 4814 1913 4884 ipsi
1943 4825 2082 4879 esSe,

491 4909 778 4979 ipsiusque
809 4914 1055 4961 mentem
1085 4905 1348 4976 gravibus
1373 4902 1803 4974 cogitationibus
1843 4908 2085 4956 aestuan-

491 5003 626 5063 tem,
656 5001 823 5065 atque
852 4995 1176 5065 hujusmodi
1206 4999 1400 5047 cura'm
1429 4992 1669 5062 abjicere
1683 4996 2084 5062 nequeuntem,

493 5086 823 5138 conﬁrmare
834 5084 1028 5154 possit.
1045 5083 1147 5137 Ille
1159 5087 1346 5148 πίοι
1360 5087 1549 5135 autem
1567 5098 1632 5134 ea
1643 5097 1765 5151 quae
1777 5080 1931 5150 prius
1944 5080 2092 5134 dicta

494 5173 736 5237 fuerant,
761 5173 817 5224 in
842 5171 1174 5225 memoriam
1199 5187 1393 5223 rursus
1410 5170 1517 5240 ipsi
1533 5187 1593 5223 re
1604 5186 1816 5234 vocans,
1837 5168 2052 5222 dicebat
2074 5188 2084 5222 :

495 5264 521 5317 J
529 5279 621 5316 am
653 5277 873 5331 quoque
894 5260 1048 5329 prius
1074 5258 1178 5312 tibi
1201 5258 1428 5328 exposui
1447 5258 1916 5329 quemadmodum
1933 5262 2093 5327 pater

495 5357 628 5405 tuus
658 5349 937 5419 sapientes
967 5348 1091 5399 illos
1118 5347 1263 5399 viros
1281 5363 1344 5398 ac
1362 5347 1556 5415 pietati
1587 5346 1830 5399 colendae
1842 5345 2087 5412 devotos,

497 5438 594 5510 qui
622 5439 690 5492 de
703 5435 1027 5506 hujusmodi
1042 5434 1206 5488 rebus
1230 5435 1759 5506 disputant,partim
1789 5434 2091 5488 obtrunca-

494 5528 590 5596 rit,
623 5527 831 5599 partim
858 5525 1004 5578 irato
1032 5528 1201 5594 atque
1230 5523 1447 5577 infenso
1476 5523 1663 5578 animo
1683 5523 1976 5595 expulerit,
1992 5539 2093 5578 nec

2167 4463 2385 4527 asserit,
2411 4469 2468 4516 et
2496 4462 2696 4516 stultos
2728 4439 3003 4530 sapientia
3031 4458 3225 4521 donat,
3249 4459 3308 4509 et
3335 4454 3593 4507 damones
3618 4439 3711 4513 p61-

2166 4553 2249 4617 lit,
2285 4568 2348 4605 ac
2377 4551 2618 4621 denique
2647 4547 2918 4619 quidquid
2958 4546 3258 4617 pulchrum
3298 4548 3356 4596 et
3390 4531 3711 4609 expetendum

2169 4645 2271 4702 est,
2302 4639 2526 4693 domino
2555 4655 2656 4692 suo
2680 4635 2962 4691 uberrime
2994 4633 3334 4704 suppeditat.
3381 4629 3473 4682 Ait
3515 4623 3578 4677 ad
3612 4630 3714 4672 eum

2168 4729 2503 4799 pedagogus
2528 4745 2538 4778 :
2573 4727 2648 4780 Te
2677 4725 2903 4796 quidem
2931 4723 3213 4777 hominem
3234 4717 3421 4790 gravis
3439 4720 3590 4783 atque
3615 4719 3715 4759 con-

2168 4817 2369 4871 stantis
2398 4815 2573 4868 animi
2603 4831 2724 4868 esse
2743 4813 2902 4867 video
2927 4831 2940 4880 ;
2969 4816 3234 4866 caeterum
3254 4806 3423 4861 verba
3450 4810 3538 4856 tua
3557 4800 3715 4852 immo-

2169 4906 2349 4958 dicam
2361 4904 2661 4974 quamdam
2676 4901 3006 4973 jactantiam
3018 4917 3132 4971 prae
3141 4915 3200 4951 se
3209 4897 3415 4950 ferunt.
3443 4886 3585 4954 Quod
3597 4880 3713 4937 enim

2171 4994 2501 5048 excellentes
2521 4999 2689 5062 atque
2731 4990 2974 5061 ingentis
3003 4987 3168 5059 pretii
3198 4984 3410 5056 lapides
3439 4985 3492 5033 et
3524 4975 3716 5029 uniones

2172 5082 2424 5146 viderim,
2488 5097 2731 5151 quonam
2787 5079 2953 5132 modo
3021 5072 3403 5130 enumerando
3475 5070 3715 5150 recensete

2175 5171 2420 5241 queam?
2450 5186 2552 5222 nec
2577 5175 2768 5222 tamen
2790 5181 3041 5236 unquam
3071 5169 3170 5217 aut
3192 5161 3304 5215 vidi
3334 5164 3432 5213 aut
3454 5151 3616 5210 audivi
3643 5143 3714 5215 (1ui

2175 5275 2269 5311 eas
2299 5274 2437 5328 quas
2466 5254 2915 5310 commemorasti
2953 5254 3096 5306 vires
3134 5250 3423 5304 haberent.
3463 5240 3716 5295 Verumta-

2175 5363 2303 5399 men
2335 5363 2464 5399 eum
2490 5345 2626 5398 mihi
2657 5343 2906 5408 ostende,
2939 5359 3002 5395 ac
3034 5341 3080 5395 si
3108 5341 3235 5394 talis
3277 5342 3363 5392 est
3401 5331 3605 5404 qualem
3636 5322 3714 5382 ais,

2175 5435 2294 5490 sine
2327 5435 2441 5488 ulla
2464 5433 2819 5488 cunctatione
2841 5431 2911 5486 ad
2933 5430 3084 5501 regis
3105 5429 3282 5484 ﬁlium
3307 5431 3363 5480 te
3392 5419 3714 5477 introducam,

2174 5523 2270 5594 qui
2288 5529 2344 5577 te
2364 5523 2619 5578 maximis
2639 5520 2946 5576 honoribus
2958 5516 3314 5574 acbeneﬁciis
3324 5509 3553 5570 ornabit.
3567 5503 3718 5560 Prius-
