3942 6200
297 261 393 319 461

699 264 871 320 VITA
909 264 1349 322 SANCTORUM
1386 267 1731 323 BARLAAM
1767 268 2105 325 EREMITIE
2143 268 2231 325 ET
2268 270 2633 328 JOSAPHAT
2670 273 2893 330 INDI/E
2929 276 3163 334 REGIS.

3469 279 3575 337 462

296 404 462 458 quam
484 393 677 443 autem
705 406 807 461 per
832 390 1018 462 ipsum
1040 386 1331 446 oculorum
1351 391 1630 460 obtutum,
1656 393 1752 464 qui
1772 393 1889 447 falli
1904 397 1956 454 Α
1975 395 2190 461 (Matth.
2215 397 2358 464 xm).
2391 396 2662 460 Quocirca
2692 398 2738 452 si
2766 399 2825 453 in
2855 400 3022 455 corde
3038 407 3137 456 tuo
3160 402 3488 474 frugiferam
3510 421 3577 459 ac

293 478 507 548 nequit,
520 478 672 532 dicta
686 484 788 534 tua
812 480 1184 548 conﬁrmaris,
1205 482 1328 535 ﬁeri
1352 499 1464 536 non
1494 488 1681 554 potest
1710 488 1775 536 ut
1794 483 1894 536 do-

294 566 448 620 mino
479 583 604 621 meo
619 584 684 621 ac
706 568 826 638 regi
854 568 922 623 de
952 586 1011 623 re
1033 569 1246 623 incerta
1269 575 1325 623 et
1345 571 1631 641 incognita
1645 572 1761 625 hac
1779 580 1897 625 tam

294 654 595 709 immodica
604 673 669 710 ac
680 657 1017 727 pratumida
1030 659 1368 712 renuntiem.
1388 660 1539 713 Dixit
1554 665 1744 713 autem
1766 660 1899 714 Bar-

295 743 443 797 laam
468 744 668 798 :Recte
686 744 899 811 dixisti,
920 752 978 799 te
998 746 1321 816 hujusmodi
1334 747 1480 800 vires
1505 764 1570 801 ac
1598 748 1899 802 facultates

296 847 400 885 nec
428 849 678 903 unquam
716 834 1084 905 perspexisse,
1117 852 1221 889 nec
1248 836 1490 891 audisse.
1526 837 1744 891 Etenim
1770 854 1897 891 ora-

296 921 375 974 tio
404 921 474 975 ad
491 927 548 975 te
574 938 699 975 mea
714 938 826 976 non
847 923 917 976 de
941 940 1002 977 re
1031 924 1267 995 vulgari,
1292 925 1389 978 sed
1412 926 1627 995 ingenti
1656 926 1898 996 quadam

295 1016 354 1064 et
380 1010 710 1065 admiranda
733 1016 837 1065 est.
873 1012 1033 1077 Quod
1063 1019 1254 1068 autem
1285 1030 1414 1068 eum
1443 1030 1672 1068 cernere
1695 1015 1896 1085 quasi-

294 1098 445 1165 visti,
479 1099 613 1153 audi
633 1100 768 1170 quid
795 1100 999 1154 dlcam.

366 1186 535 1258 Lapis
554 1188 646 1242 hic
675 1188 880 1261 summi
908 1189 1093 1259 pretii,
1128 1195 1331 1259 prater
1352 1207 1446 1244 eas
1465 1207 1603 1261 quas
1624 1190 1735 1244 dixi
1754 1191 1899 1245 vires

294 1281 356 1329 et
381 1275 694 1343 facultates,
721 1277 866 1331 hanc
892 1278 1067 1333 etiam
1092 1278 1281 1332 habet.
1301 1279 1439 1333 Eum
1464 1280 1611 1333 enim
1644 1284 1901 1350 prompte

293 1380 364 1416 ac
395 1363 555 1418 facile
598 1366 915 1437 prospicere
956 1383 1071 1421 non
1108 1372 1310 1437 potest,
1357 1368 1452 1438 qui
1481 1384 1681 1422 sanum
1707 1385 1771 1421 ac
1801 1370 1900 1421 ﬁr-

293 1469 454 1506 mum
503 1446 767 1519 oculum,
818 1472 1132 1526 corpusque
1184 1473 1390 1526 purum
1441 1460 1609 1527 atque
1649 1456 1718 1509 ab
1749 1457 1899 1510 omni

290 1539 565 1610 spurcitie
601 1541 850 1595 alienum
874 1558 985 1595 non
1007 1541 1193 1596 habet.
1214 1543 1359 1595 Nam
1391 1544 1437 1597 si
1465 1544 1608 1614 quis,
1643 1544 1730 1597 his
1758 1545 1901 1598 dua-

293 1627 402 1681 bus
431 1628 599 1682 rebus
616 1646 731 1684 non
763 1635 913 1684 recte
941 1631 1299 1702 comparatis,
1326 1631 1384 1685 in
1414 1632 1563 1686 hunc
1594 1633 1901 1702 pretiosum

290 1717 542 1787 lapidem
572 1719 763 1772 oculos
797 1723 1011 1772 temere
1047 1736 1111 1772 ac
1143 1720 1464 1790 petulanter
1491 1721 1708 1790 injiciat
1735 1766 1747 1786 ,
1778 1721 1901 1791 ipsa

292 1820 523 1876 quoque
563 1806 775 1861 scilicet
822 1824 935 1877 qua
988 1808 1257 1879 praditus
1309 1814 1394 1862 est
1432 1809 1696 1862 cernendi
1740 1808 1792 1862 vi
1838 1826 1902 1862 ac

290 1899 487 1948 mente
515 1895 750 1965 insuper
767 1896 1148 1950 mulctabitur.
1184 1898 1298 1967 Ego
1319 1905 1527 1967 porro’,
1561 1903 1755 1968 utpote
1780 1914 1901 1951 me-

290 1983 496 2039 dicina
525 1984 759 2038 minime
787 1985 944 2039 rudis
966 1991 1022 2039 et
1050 1984 1301 2055 ignarus,
1334 1987 1523 2040 oculos
1545 1991 1674 2040 tuos
1699 2002 1901 2057 parum

290 2075 472 2127 sanos
513 2089 634 2127 esse
673 2073 953 2144 conspicio
989 2093 1000 2127 :
1046 2090 1112 2128 ac
1157 2074 1389 2145 proinde
1418 2090 1612 2128 vereor
1650 2091 1721 2127 ne
1758 2075 1900 2128 hanc

294 2177 528 2231 quoque
559 2178 729 2232 quam
766 2162 940 2216 habes
975 2162 1239 2217 cernendi
1284 2163 1609 2217 facultatem
1648 2163 1894 2217 amittas.

292 2249 517 2303 Verum
545 2250 615 2303 de
642 2250 791 2320 regis
812 2251 926 2305 ﬁlio
947 2251 1152 2317 audivi,
1183 2268 1312 2305 eum
1332 2257 1453 2305 tam
1482 2251 1608 2305 vita
1641 2252 1899 2305 castitate

290 2338 601 2409 praeditum
622 2356 764 2405 esse,
796 2345 917 2393 tam
947 2341 1211 2411 pulchros
1237 2358 1301 2394 ac
1330 2341 1679 2412 perspicaces
1714 2340 1902 2395 oculos

290 2426 531 2481 habere.
556 2428 829 2491 Quocirca
843 2429 1173 2482 thesaurum
1196 2429 1345 2483 hunc
1363 2429 1471 2500 ipsi
1490 2429 1784 2483 ostendere
1803 2429 1905 2482 mi-

292 2515 457 2568 nime
489 2514 774 2569 dubitabo.
827 2516 1203 2579 Quamobrem
1228 2534 1299 2571 ne
1327 2517 1675 2571 commiseris
1708 2523 1773 2571 ut
1799 2518 1903 2571 hoc

293 2603 581 2674 negligas,
613 2620 677 2658 ac
706 2620 767 2657 re
794 2604 935 2659 tanti
963 2605 1236 2659 momenti
1285 2606 1575 2660 dominum
1604 2612 1767 2661 tuum
1792 2606 1904 2677 pri-

286 2708 421 2755 ,ves.
448 2693 550 2747 Ille
574 2698 764 2747 autem
785 2694 855 2747 ad
886 2710 1014 2747 eum
1042 2693 1212 2747 dixit:
1250 2694 1310 2749 Si
1341 2695 1459 2749 hac
1482 2694 1564 2748 ita
1582 2712 1641 2748 se
1670 2693 1896 2760 habent,

297 2797 382 2834 ne
410 2781 548 2835 mihi
584 2781 829 2852 lapidem
859 2782 1139 2849 ostendas,
1190 2782 1465 2853 siquidem
1496 2783 1757 2853 plurimis
1777 2799 1901 2854 pec—

290 2871 445 2924 catis
469 2871 584 2924 vita
613 2887 740 2924 mea
766 2871 1063 2942 inquinata
1082 2876 1186 2937 est,
1220 2888 1283 2925 ac
1311 2877 1583 2942 praterea
1612 2888 1682 2925 ne
1712 2872 1900 2925 oculos

292 2959 702 3032 quidem.satis
730 2975 896 3014 sanos
927 2959 1125 3014 habeo.
1159 2960 1240 3014 De
1268 2960 1373 3014 hac
1402 2964 1591 3014 autem
1634 2976 1696 3013 re
1724 2959 1901 3013 domi-

1978 482 2179 537 bonam
2208 489 2417 537 terram
2447 485 2729 551 invenero,
2759 488 3004 543 divinum
3037 508 3230 546 semen
3249 492 3307 547 in
3324 498 3381 547 te
3400 493 3578 564 conji-

1979 588 2126 635 cere,
2162 577 2331 642 atque
2360 572 2557 643 ingens
2597 577 2929 645 mysterium
2959 577 3063 633 tibi
3093 580 3313 650 aperire
3344 581 3578 636 minime

1981 660 2268 715 dubitabo.
2305 662 2363 715 Si
2394 667 2583 716 autem
2611 668 2835 733 petrosa
2856 681 2923 719 ea
2941 673 2999 720 et
3022 667 3218 738 spinea
3240 668 3427 733 fuerit,
3459 670 3578 725 via-

1982 766 2089 819 que
2120 766 2155 803 a
2178 749 2428 819 quolibet
2451 751 2687 815 calcata,
2722 753 2950 807 omnino
2976 756 3222 810 salutare
3252 757 3357 811 hoc
3384 774 3580 813 semen

1979 837 2420 908 haudquaquam
2445 855 2650 905 serere,
2669 839 2966 912 ipsumque
2987 843 3179 899 avibus
3196 851 3253 899 et
3278 845 3428 912 feris,
3448 851 3581 919 ante

1981 942 2119 996 quas
2150 927 2485 996 margaritas
2514 928 2787 1009 prpjicere
2808 929 2944 983 mihi
2961 948 3190 1000 prorsus
3217 933 3579 988 interdictum

1981 1020 2085 1079 est,
2118 1014 2173 1068 in
2214 1016 2459 1085 pradam
2490 1016 2732 1086 objicere
2773 1018 3115 1088 prastiterit.
3161 1022 3373 1076 Verum
3411 1024 3481 1077 de
3523 1028 3581 1077 te

1982 1104 2216 1157 meliora
2237 1120 2301 1157 ac
2339 1105 2507 1158 saluti
2537 1105 2809 1160 viciniora
2836 1108 3053 1161 conﬁdo
3080 1127 3091 1162 :
3125 1126 3326 1181 nempe
3351 1112 3500 1182 quod
3524 1117 3583 1166 et

1982 1190 2225 1261 lapidem
2257 1192 2357 1263 qui
2385 1192 2626 1263 pretium
2659 1210 2824 1248 omne
2853 1201 3083 1265 superat
3113 1197 3342 1264 videbis,
3383 1216 3446 1253 ac
3480 1216 3582 1271 per

1982 1280 2212 1333 luminis
2234 1280 2409 1351 ipsius
2430 1279 2784 1352 splendorem
2813 1283 2919 1337 hoc
2942 1286 3317 1355 consequeris,
3371 1291 3434 1340 ut
3463 1287 3582 1357 ipse

1984 1385 2204 1439 quoque
2218 1370 2409 1423 lumen
2423 1370 3065 1443 efﬁciaris,fructumque
3077 1374 3402 1444 centuplum
3412 1374 3580 1429 feras.

1983 1457 2203 1510 Etenim
2226 1464 2323 1511 tua
2351 1475 2521 1511 causa
2550 1460 2774 1528 longam
2807 1460 2952 1513 viam
2981 1463 3252 1515 conﬁcere
3285 1462 3495 1529 studui,
3516 1468 3584 1517 ut

1984 1562 2106 1615 qua
2136 1562 2425 1616 nunquam
2455 1546 2663 1614 vidisti,
2689 1547 2789 1600 tibi
2814 1549 3188 1615 ostenderem,
3217 1556 3386 1621 atque
3407 1567 3475 1604 ea
3492 1534 3586 1605 do-

1984 1650 2168 1687 cerem
2201 1651 2322 1704 qua
2346 1652 2635 1705 nunquam
2658 1636 2884 1708 audisti.

1921 1708 1965 1765 B
2053 1721 2205 1776 Dixit
2226 1728 2414 1776 autem
2436 1724 2507 1776 ad
2538 1741 2667 1777 eum
2692 1725 2986 1795 Josaphat:
3024 1726 3294 1796 Equidem
3323 1726 3461 1797 ipse,
3494 1744 3583 1781 ve-

1983 1810 2228 1863 nerande
2261 1829 2447 1875 senex,
2468 1811 2779 1865 incredibili
2812 1814 3071 1882 quodam,
3097 1820 3265 1885 atque
3282 1815 3578 1885 ejusmodi,

1984 1899 2132 1969 quod
2163 1899 2317 1952 nullo
2345 1901 2511 1953 modo
2560 1917 2803 1954 coerceri
2829 1907 3016 1971 queat,
3049 1901 3325 1956 desiderio
3363 1908 3580 1970 teneor,

1966 2003 2187 2040 -novum
2219 1988 2517 2057 quemdam
2532 2004 2597 2042 ac
2610 1987 2819 2042 bonum
2837 2006 3153 2043 sermonem
3177 1991 3460 2045 audiendi.
3484 1993 3580 2045 At-

1983 2091 2090 2145 que
2129 2075 2275 2145 ignis
2306 2076 2364 2129 in
2394 2083 2619 2147 pectore
2656 2094 2779 2131 meo
2810 2077 3070 2132 incensus
3122 2084 3234 2145 est,
3267 2080 3363 2150 qui
3394 2096 3485 2133 me
3510 2081 3580 2134 ad

1982 2164 2325 2218 necessarias
2346 2166 2620 2235 quasdam
2643 2166 2976 2236 quastiones
3004 2166 3397 2237 intelligendas
3416 2168 3577 2222 vehe-

1982 2257 2201 2306 menter
2227 2253 2561 2307 inﬂammat.
2591 2255 2875 2308 Caeterum
2907 2255 3090 2309 adhuc
3118 2255 3405 2310 hominem
3435 2272 3580 2310 nan-

1985 2340 2116 2393 cisci
2162 2340 2302 2394 mihi
2339 2358 2449 2395 non
2497 2341 2672 2407 licuit,
2708 2342 2804 2413 qui
2856 2343 2924 2397 de
2955 2343 3059 2396 hac
3085 2360 3146 2396 re
3193 2348 3405 2397 certam
3435 2344 3575 2398 mihi

1986 2425 2154 2478 ﬁdem
2180 2425 2361 2479 facere
2389 2431 2595 2496 posset.
2641 2427 2801 2490 Quod
2831 2427 2879 2480 si
2908 2426 3217 2498 sapientem
3255 2429 3575 2498 quemdam,

1986 2519 2043 2567 et
2070 2514 2325 2568 doctrina
2352 2515 2649 2585 praditum
2678 2515 2859 2569 virum
2890 2521 3088 2569 nactus
3116 2516 3293 2582 fuero,
3326 2533 3392 2570 ac
3417 2517 3571 2570 salu-

1983 2608 2165 2656 tarem
2177 2620 2493 2657 sermonem
2520 2604 2771 2669 audiero,
2787 2620 2890 2658 nec
2904 2603 3117 2669 avibus,
3140 2610 3205 2658 ut
3218 2605 3436 2675 opinor,
3469 2621 3574 2659 nec

1982 2690 2115 2744 feris
2145 2707 2275 2744 eum
2302 2692 2553 2755 tradam;
2588 2708 2691 2745 nec
2718 2708 2942 2746 rursum
2969 2699 3226 2763 petrosus
3246 2699 3303 2746 et
3321 2693 3571 2763 spineus,

1982 2784 2048 2832 ut
2068 2779 2187 2833 'tuis
2208 2778 2389 2833 verbis
2416 2785 2564 2845 utar,
2598 2796 2713 2834 ero.
2769 2780 2918 2844 Quin
2948 2781 3132 2851 potius
3162 2786 3219 2835 et
3243 2781 3483 2836 candido
3512 2798 3577 2837 ac

1982 2867 2201 2921 sincero
2224 2867 2414 2921 animo
2445 2884 2574 2922 eum
2589 2868 2881 2939 excipiam,
2899 2874 2955 2923 et
2973 2869 3193 2924 erudite
3204 2886 3268 2923 ac
3278 2870 3579 2941 diligenter

1981 2955 2336 3009 conservabo.
2380 2957 2463 3010 Tu
2508 2973 2639 3010 vero
2694 2958 2741 3012 si
2789 2957 2923 3028 quid
2971 2958 3248 3027 ejusmodi
3284 2959 3450 3025 nosti,
3503 2976 3576 3015 ne

288 3064 441 3101 num
471 3064 660 3101 meum
690 3064 881 3118 regem
912 3048 1207 3102 certiorem
1228 3048 1410 3103 facere
1426 3048 1659 3102 minime
1676 3053 1899 3102 cuncta-
1918 3026 1960 3085 Ο
1981 3060 2168 3114 quaso
2182 3044 2238 3097 id
2254 3045 2508 3109 reticeas,
2532 3062 2723 3099 verum
2746 3045 2885 3099 mihi
2906 3062 3119 3100 narres.
3145 3047 3575 3118 Quamprimum

285 3135 417 3189 bor.
452 3135 570 3190 Hoc
590 3152 850 3190 sermone
878 3136 1092 3199 habito,
1116 3137 1187 3190 ad
1214 3137 1365 3207 regis
1393 3142 1585 3203 553
1613 3137 1791 3191 ﬁlium
1816 3137 1900 3190 in-

285 3239 544 3294 gressus,
564 3224 754 3278 omnia
794 3224 844 3278 ei
884 3224 1171 3295 sigillatim
1199 3224 1473 3295 exposuit.
1497 3225 1599 3279 Ille
1628 3230 1816 3280 autem
1836 3230 1900 3279 ut

290 3311 661 3382 praceptoris
680 3310 848 3365 verba
871 3311 1101 3378 audivit,
1131 3311 1410 3383 spirituali
1433 3312 1675 3382 quadam
1702 3312 1899 3366 latitia

288 3405 354 3454 et
400 3400 687 3471 voluptate
734 3405 928 3471 pectus
969 3416 1136 3454 suum
1189 3400 1370 3454 afflari
1415 3400 1615 3467 sensit;
1649 3417 1714 3455 ac
1744 3401 1896 3454 velut

288 3488 532 3542 numine
604 3493 915 3560 correptus,
971 3488 1258 3542 hominem
1321 3488 1577 3543 celeriter
1617 3488 1894 3543 introduci

283 3576 486 3647 jussit.

364 3666 442 3720 Ut
471 3665 650 3735 igitur
661 3665 947 3736 ingressus
964 3671 1050 3719 est
1073 3666 1356 3733 Barlaam,
1384 3666 1548 3737 eique
1561 3682 1729 3736 quam
1759 3681 1893 3719 con-

293 3754 561 3808 veniebat
601 3771 797 3824 pacem
832 3754 1004 3819 dedit,
1038 3755 1233 3808 sedere
1266 3755 1460 3824 jussus
1503 3761 1605 3808 est.
1641 3755 1894 3824 Cumque

289 3848 607 3914 praceptor
621 3842 956 3907 secessisset,
991 3843 1264 3913 Josaphat
1285 3842 1355 3895 ad
1379 3859 1567 3896 senem
1586 3843 1750 3895 dixit:
1794 3843 1898 3895 Ve-

290 3931 390 3985 lim
413 3931 560 3984 mihi
590 3930 898 4001 pretiosum
928 3931 1086 3985 illum
1106 3930 1350 4001 lapidem
1380 3931 1656 3995 ostendas,
1693 3931 1760 3983 de
1783 3947 1892 4000 quo

292 4036 505 4090 magna
533 4025 591 4073 et
603 4019 934 4073 admiranda
944 4019 1043 4073 abs
1059 4025 1115 4073 te
1136 4019 1564 4073 commemorari
1584 4024 1892 4089 praceptor

290 4126 455 4162 meus
488 4108 625 4161 mihi
656 4108 922 4161 narravit.
958 4108 1216 4162 Barlaam
1247 4113 1434 4161 autem
1459 4125 1620 4161 suam
1657 4108 1727 4160 ad
1760 4124 1890 4161 eum

1980 3132 2129 3186 enim
2151 3150 2182 3187 e
2211 3134 2517 3203 longinqua
2555 3134 2785 3204 regione
2812 3138 2869 3188 te
2894 3134 3110 3188 venisse
3147 3135 3354 3200 audivi,
3397 3134 3573 3189 animi

1977 3222 2261 3292 voluptate
2283 3222 2512 3276 affectus
2544 3238 2689 3288 sum,
2724 3227 2893 3294 atque
2933 3223 2992 3276 in
3020 3222 3224 3277 bonam
3252 3239 3412 3294 spem
3439 3224 3567 3292 veini

1978 3309 2096 3363 fore
2116 3316 2181 3364 ut
2194 3326 2363 3381 opera
2376 3317 2477 3365 tua
2489 3310 2546 3364 id
2562 3311 2712 3381 quod
2725 3310 3018 3382 cupiebam
3045 3327 3435 3383 consequerer.
3469 3311 3572 3366 Eo-

1978 3415 2086 3469 que
2115 3399 2342 3453 nomine
2377 3398 2569 3453 statim
2591 3406 2648 3453 te
2675 3398 2745 3452 ad
2768 3416 2859 3453 me
2894 3399 3197 3466 introduxi,
3226 3400 3570 3471 comiterque

1975 3493 2245 3558 tanquam
2261 3488 2624 3542 familiarium
2642 3504 2895 3542 meorum
2924 3489 3293 3559 etaqualium
3323 3488 3568 3560 aliquem

1977 3576 2184 3647 excepi.
2208 3579 2391 3647 Atque
2420 3577 2635 3630 utinam
2668 3593 2766 3647 spe
2797 3593 2922 3631 mea
2948 3577 3178 3631 minime
3206 3577 3388 3631 fallar!
3415 3577 3570 3633 Dixit

1975 3677 2167 3718 autem
2191 3665 2481 3719 Barlaam:
2519 3665 2807 3729 Praciare,
2840 3671 3010 3736 atque
3035 3671 3099 3719 ut
3122 3666 3279 3735 regia
3306 3666 3566 3737 magniﬁ-

1978 3753 2163 3806 centia
2188 3753 2421 3823 dignum
2453 3758 2592 3819 erat,
2637 3752 2742 3806 hoc
2769 3753 2966 3818 fecisti,
2991 3758 3056 3807 ut
3079 3770 3191 3808 non
3218 3754 3288 3808 ad
3327 3761 3567 3809 externa

1976 3841 2202 3895 vilitatis
2223 3842 2463 3912 speciem
2485 3841 2734 3895 animum
2755 3841 3046 3911 adjiceres,
3077 3859 3270 3897 verum
3294 3842 3565 3898 abstrusa

1976 3930 2094 3999 spei
2124 3930 2366 4000 teipsum
2393 3931 2665 3985 traderes.
2711 3925 2718 3933 ’

2047 4020 2177 4072 Erat
2207 4019 2355 4072 enim
2386 4019 2687 4089 aliquando
2713 4035 2951 4088 magnus
2980 4010 3207 4090 quidam
3253 4025 3310 4074 et
3331 4019 3565 4075 illustris

1972 4124 2088 4173 rex,
2117 4108 2227 4174 cui,
2260 4124 2386 4161 cum
2418 4108 2476 4161 in
2507 4124 2678 4161 aureo
2708 4124 2895 4175 curru,
2921 4108 3224 4161 satellitum
3272 4124 3445 4163 manu
3472 4125 3564 4163 re-

287 4194 732 4267 disputationem
753 4196 825 4250 ad
839 4196 986 4250 hunc
998 4197 1228 4250 modum
1245 4196 1563 4267 auspicatus
1585 4200 1685 4249 est:
1705 4196 1891 4250 Haud-
1970 4196 2076 4266 gia
2102 4196 2384 4265 majestati
2423 4196 2595 4265 digna
2612 4196 2827 4249 cinctus
2848 4196 2959 4249 iter
2982 4195 3209 4263 faceret,
3234 4196 3469 4267 contigit
3500 4202 3567 4252 ut

291 4301 581 4356 quaquam
610 4302 831 4355 aquum
862 4290 964 4347 est,
997 4302 1030 4339 o
1056 4301 1171 4351 rex,
1198 4286 1267 4338 ad
1301 4285 1575 4339 illustrem
1606 4290 1763 4338 tuam
1803 4301 1891 4337 ex—
1971 4284 2112 4338 duos
2134 4285 2301 4350 viros,
2332 4284 2530 4338 laceris
2576 4300 2641 4337 ac
2669 4283 2908 4337 sordidis
2951 4283 3214 4349 vestibus,
3256 4290 3426 4354 atque
3467 4301 3565 4339 ore

289 4374 609 4427 cellentiam
625 4373 929 4444 quidquam
939 4373 1076 4428 falso
1089 4379 1145 4427 et
1158 4373 1565 4428 inconsiderate
1590 4390 1625 4426 a
1643 4389 1734 4426 me
1753 4372 1879 4426 dici.
1907 4376 1956 4433 D
1972 4372 2147 4426 macie
2184 4373 2452 4433 confecto,
2484 4389 2548 4425 ac
2578 4372 2852 4441 majorem
2881 4371 2939 4424 in
2968 4371 3195 4425 modum
3218 4372 3444 4442 pallido,
3468 4372 3564 4427 ob-

292 4462 505 4517 Omnia
532 4462 683 4516 enim
708 4478 829 4532 qua
844 4463 913 4516 de
928 4479 1018 4516 me
1048 4462 1120 4515 ad
1137 4467 1195 4516 te
1220 4462 1393 4516 allata
1421 4467 1552 4515 sunt
1582 4477 1714 4514 vera
1725 4465 1895 4532 atque

292 4550 364 4604 ab
391 4549 553 4604 omni
589 4548 936 4604 dubitatione
962 4550 1148 4604 aliena
1189 4555 1341 4603 sunt.
1370 4549 1580 4604 Verum
1622 4549 1730 4603 nisi
1759 4565 1894 4620 pru-

292 4638 504 4693 dentia
537 4641 652 4692 tua
691 4638 848 4708 prius
878 4638 1189 4709 periculum
1225 4638 1428 4703 fecero,
1476 4636 1747 4695 nefasrest
1791 4637 1896 4690 hoc

296 4726 640 4799 mysterium
667 4725 770 4780 tibi
789 4726 1094 4781 declarare.
1121 4726 1219 4780 Ait
1230 4727 1381 4781 enim
1401 4727 1672 4781 Dominus
1694 4743 1853 4781 meus
1878 4744 1888 4778 :

292 4816 443 4871 Exiit
472 4815 571 4887 qui
598 4815 842 4871 seminat
876 4816 1172 4871 seminare.
1209 4817 1279 4870 Et
1302 4816 1438 4871 dum
1468 4816 1709 4871 seminat
1732 4856 1746 4882 ,
1781 4815 1896 4870 alia

292 4905 526 4976 quidem
551 4904 875 4959 ceciderunt
893 4921 1057 4959 secus
1082 4904 1253 4969 viam,
1286 4910 1343 4959 et
1373 4905 1619 4958 volucres
1649 4904 1775 4958 coeli
1800 4920 1897 4958 co-

288 4994 597 5049 mederunt
624 4993 739 5047 illa.
782 4993 909 5048 Alia
935 4993 1257 5048 ceciderunt
1299 5010 1469 5065 super
1507 4999 1734 5065 petrosa
1754 5032 1767 5058 ,
1800 4991 1896 5046 ubi

295 5098 410 5136 non
440 5086 565 5136 erat
606 5087 759 5136 terra
788 5082 987 5148 multa,
1024 5086 1082 5136 et
1105 5081 1396 5136 confestim
1426 5086 1618 5135 exorta
1645 5085 1796 5145 sunt,
1832 5096 1897 5133 eo

292 5171 447 5241 quod
475 5186 591 5225 non
613 5169 886 5225 haberent
900 5176 1109 5224 terram
1129 5171 1385 5224 multam.
1412 5170 1538 5225 Sole
1560 5186 1688 5223 vero
1708 5173 1899 5222 exorto

293 5264 695 5325 astuaverunt,
730 5264 788 5313 et
812 5260 943 5330 quia
962 5276 1074 5313 non
1109 5258 1394 5313 habebant
1428 5258 1699 5324 radicem,
1733 5273 1899 5311 arue-

293 5354 450 5401 runt.
481 5347 610 5401 Alia
625 5352 815 5401 autem
830 5348 1154 5402 ceciderunt
1182 5348 1331 5401 inter
1353 5347 1652 5429 spinasLet
1667 5362 1898 5416 surgen-

294 5441 383 5490 tes
412 5436 590 5507 spina
611 5436 1025 5491 sufl'ocaverunt
1034 5452 1120 5491 ea.
1135 5436 1262 5490 Alia
1281 5441 1565 5507 postremo
1577 5434 1900 5490 ceciderunt

300 5523 361 5578 in
394 5529 609 5579 terram
634 5523 857 5593 bonam,
890 5530 948 5580 et
984 5524 1262 5580 dederunt
1296 5525 1539 5579 fructum
1574 5522 1899 5593 centuplum

1974 4460 2091 4514 vios
2121 4460 2369 4514 haberet.
2403 4460 2541 4530 Regi
2572 4477 2738 4532 porro
2767 4460 3115 4531 exploratum
3163 4465 3286 4514 erat
3314 4477 3409 4514 eos
3439 4476 3563 4515 cor-

1975 4549 2126 4620 poris
2156 4549 2517 4604 afﬂictatione
2543 4566 2607 4603 ac
2636 4549 2762 4604 vita
2786 4550 2902 4603 Deo
2917 4554 3250 4603 consecrata
3280 4548 3563 4605 laboribus

1977 4654 2171 4692 carnes
2213 4654 2343 4692 suas
2381 4639 2462 4692 ita
2509 4638 2826 4692 confecisse.
2875 4638 2950 4692 Ut
2974 4638 3149 4708 igitur
3192 4654 3287 4692 eos
3315 4637 3455 4692 vidit
3485 4679 3499 4704 ,
3531 4655 3562 4693 e

1976 4743 2145 4780 curru
2173 4725 2363 4779 statim
2393 4726 2673 4792 desiliens,
2706 4731 2874 4797 atque
2901 4725 3060 4779 humi
3104 4730 3436 4796 prostratus,
3469 4741 3565 4780 eos

1976 4815 2246 4869 adoravit:
2269 4831 2334 4868 ac
2362 4815 2563 4869 deinde
2593 4831 2848 4885 surgens,
2881 4813 3218 4868 amicissime
3245 4814 3565 4886 complexus

1977 4908 2079 4969 est,
2112 4910 2170 4958 et
2198 4903 2478 4958 salutavit.
2509 4904 2772 4958 Proceres
2809 4906 2998 4956 autem
3026 4901 3202 4973 ipsius
3229 4908 3295 4956 ac
3318 4902 3567 4973 prafecti

1976 4992 2082 5047 hoc
2110 4993 2345 5047 moleste
2370 4993 2641 5055 tulerunt,
2677 5007 2805 5045 eum
2832 4990 3047 5045 facinus
3072 4991 3231 5061 regia
3254 4991 3439 5062 gloria
3474 4992 3571 5046 in-

1979 5080 2211 5151 dignum
2240 5080 2532 5134 admisisse
2564 5078 2965 5133 existimantes.
2986 5080 3197 5134 Verum
3221 5096 3349 5134 cum
3378 5096 3568 5134 coram

1980 5169 2163 5240 ipsum
2188 5186 2247 5222 re
2252 5168 2596 5240 prehendere
2607 5167 2837 5221 minime
2852 5167 3142 5234 auderent,
3160 5185 3286 5222 cum
3296 5185 3566 5239 germano

1980 5256 2155 5328 ipsius
2183 5257 2355 5311 fratre
2382 5256 2640 5326 agebant,
2675 5260 2739 5309 ut
2768 5272 2953 5326 regem
2984 5256 3329 5323 admoneret,
3354 5273 3425 5310 ne
3446 5258 3568 5311 dia-

1977 5345 2215 5399 dematis
2244 5344 2672 5416 amplitudinem
2698 5349 2755 5398 et
2774 5343 3178 5399 sublimitatem
3197 5344 3267 5398 ad
3278 5346 3425 5399 hunc
3448 5361 3570 5398 mo-

1989 5434 2124 5487 dum
2143 5434 2412 5488 dedecore
2447 5451 2512 5487 ac
2537 5432 2875 5487 contumelia
2901 5433 3167 5487 afficeret.
3200 5434 3342 5486 Cum
3380 5433 3570 5501 itaque

1981 5522 2103 5592 ipse
2136 5522 2253 5576 hac
2295 5521 2456 5577 fratri
2499 5521 2747 5592 dixisset,
2797 5526 2967 5593 atque
3023 5520 3475 5591 intempestivam
3522 5523 3580 5572 et
