3942 6200
393 284 499 350 463
554 355 569 364 ,

1421 284 1515 342 DE
1551 285 1740 343 VITIS
1776 285 2071 343 PATRUM
2106 288 2322 345 LIBER
2357 289 2646 347 PRIMUS.

3567 290 3670 350 464

394 424 795 493 praeposteram
822 411 1387 486 ipsiushumilitatem
1406 417 1739 477 accusasset,
1760 429 1992 484 respon-
2011 414 2370 485 Asplendore
2400 420 2569 486 atque
2621 413 2808 469 odoris
2855 416 3133 470 suavitate
3163 432 3286 487 quae
3324 416 3383 469 in
3412 416 3550 488 ipsis
3579 434 3670 471 re-

398 525 524 565 sum
554 507 661 579 ipsi
690 522 788 560 rex
831 502 1002 568 dedit,
1052 501 1202 573 quod
1229 518 1265 555 a
1302 500 1476 554 fratre
1505 500 1738 555 minime
1765 501 1985 555 intelle-

397 604 552 654 ctum
582 601 684 650 est.

465 687 586 741 Mos
606 683 755 738 enim
784 681 907 752 regi
934 686 1057 736 erat
1084 686 1149 735 ut
1166 696 1296 735 cum
1316 679 1561 750 aliquem
1588 683 1768 733 morte
1787 679 1988 733 multa-

394 779 499 840 ret,
523 788 836 844 praeconem
851 787 980 825 cum
997 769 1151 835 tuba,
1177 785 1299 840 qua:
1324 768 1551 838 quidem
1566 767 1761 821 mortis
1781 767 1986 820 idcirco

393 861 701 926 dicebatur,
731 860 802 914 ad
844 859 1021 930 ipsius
1048 858 1195 912 fores
1219 857 1486 923 mitteret,
1525 860 1694 926 atque
1723 872 1790 909 ex
1837 855 1986 909 tubae

392 950 545 1005 illius
564 950 827 1020 clangore
858 963 1054 1001 omnes
1083 945 1134 1000 ei
1172 944 1526 999 moriendum
1557 960 1677 997 esse
1704 943 1984 1012 intellige-

392 1038 548 1092 bant.
571 1039 767 1108 Itaque
789 1053 915 1090 cum
937 1035 1372 1105 advesperasset,
1397 1032 1661 1086 lethalem
1689 1032 1884 1086 tubam
1914 1031 1986 1084 ad

392 1126 585 1180 fratris
623 1126 713 1180 sui
740 1125 888 1179 fores
918 1124 1236 1192 clangorem
1264 1121 1541 1175 edituram
1584 1137 1682 1174 rex
1709 1120 1879 1174 misit.
1910 1120 1986 1174 Ut

392 1214 568 1285 igitur
596 1214 689 1268 ille
716 1213 862 1267 hanc
889 1211 1084 1265 tubam
1114 1209 1344 1276 audivit,
1374 1209 1668 1279 desperata
1686 1209 1865 1262 salute
1885 1224 1986 1278 per

392 1307 761 1368 ιοωωωω
774 1306 995 1355 noctem
1009 1298 1328 1353 domesticis
1337 1297 1505 1351 rebus
1516 1296 1984 1351 consuluit.Mane

394 1396 586 1446 autem
615 1395 741 1445 atra
767 1406 831 1444 ac
860 1387 1084 1458 lugubri
1111 1393 1264 1441 veste
1292 1386 1542 1452 indutus,
1565 1402 1693 1439 cum
1722 1401 1893 1439 uxore
1918 1401 1986 1438 ac

392 1479 585 1535 liberis
603 1479 673 1533 ad
696 1478 889 1549 palatii
913 1478 1060 1531 fores
1101 1477 1241 1529 flens
1266 1492 1330 1529 ac
1361 1476 1677 1529 lamentans
1705 1474 1985 1545 profectus

392 1574 497 1624 est.
525 1569 667 1623 Cum
713 1573 900 1621 autem
925 1583 1022 1619 rex
1052 1564 1236 1635 ipsum
1262 1564 1333 1618 ad
1357 1580 1417 1617 se
1445 1563 1784 1628 admisisset,
1817 1567 1985 1632 atque

391 1658 475 1711 ita
491 1658 799 1728 ejulantem
819 1654 1066 1717 vidisset,
1100 1652 1188 1706 his
1215 1652 1397 1706 verbis
1417 1668 1553 1706 usus
1584 1657 1701 1705 est:
1735 1652 1780 1705 Ο
1812 1649 1982 1704 stulte

2069 503 2296 557 condita
2327 509 2453 558 erat
2476 503 2792 558 oblectavit.
2817 504 3082 575 Dixitque
3107 505 3216 559 eis:
3253 504 3419 561 Scitis
3444 506 3670 560 cuinam

2068 590 2150 644 rei
2179 592 2264 646 hae
2291 608 2433 647 arcae
2458 592 2670 646 similes
2698 591 2839 646 sint?
2869 592 3179 647 humilibus
3207 593 3479 648 nimirum
3498 598 3670 666 atque

2069 679 2301 749 abjectis
2329 681 2439 735 illis
2463 680 2611 748 viris,
2635 680 2948 752 vilibusque
2972 681 3215 736 vestibus
3240 682 3476 749 indutis,
3518 699 3663 753 quo-

2069 781 2195 821 rum
2226 786 2322 823 vos
2348 774 2637 824 externum
2679 768 2938 823 habitum
2966 771 3270 837 intuentes,
3302 771 3658 825 contumelia:

2070 872 2134 909 ac
2145 856 2348 926 probro
2379 858 2516 911 mihi
2541 857 2798 923 duxistis,
2819 859 2964 928 quod
2990 865 3121 913 ante
3144 876 3239 914 eos
3254 859 3313 913 in
3334 865 3550 914 terram
3574 876 3667 913 me

2069 944 2419 1015 abjecissem.
2469 947 2584 1016 Ego
2622 952 2813 1001 autem
2861 964 3057 1002 eorum
3103 947 3459 1018 dignitatem,
3501 954 3674 1019 atque

2067 1035 2384 1089 animorum
2404 1034 2878 1105 pulchritudinem
2894 1036 3280 1107 spiritualibus
3299 1036 3475 1091 oculis
3492 1036 3674 1091 consi-

2066 1123 2288 1189 derans,
2323 1140 2388 1177 ex
2421 1123 2671 1194 ipsorum
2700 1130 2961 1178 contactu
2984 1124 3221 1194 gloriam
3242 1124 3514 1189 contraxi,
3549 1138 3671 1176 eos-

2068 1229 2175 1283 que
2206 1212 2398 1283 quavis
2413 1229 2619 1266 corona
2640 1217 2698 1267 et
2718 1212 2914 1283 quavis
2934 1213 3091 1283 regia
3116 1229 3369 1284 purpura
3395 1217 3670 1283 praestan-

2066 1301 2237 1355 tiores
2265 1300 2594 1354 existimavi.
2626 1301 2712 1354 Ad
2743 1301 2891 1355 hunc
2918 1300 3093 1371 igitur
3124 1301 3355 1356 modum
3381 1300 3659 1372 pudorem

2067 1388 2204 1460 ipsis
2226 1388 2479 1456 incussit,
2504 1406 2709 1460 eosque
2738 1390 2797 1443 in
2828 1388 2917 1443 his
2946 1389 3115 1444 rebus
3143 1407 3266 1460 quae
3294 1390 3353 1443 in
3369 1394 3663 1460 aspectum

2067 1477 2275 1532 cadunt
2307 1477 2539 1531 minime
2569 1477 2831 1532 oberrare
2859 1478 3066 1543 docuit,
3088 1495 3283 1532 verum
3311 1478 3382 1531 iis
3408 1478 3663 1532 animum

2067 1567 2378 1637 adjungere
2401 1583 2523 1637 quae
2547 1566 2835 1621 intellectu
2856 1566 3262 1638 percipiuntur.
3279 1568 3477 1638 Itaque
3493 1566 3566 1620 ad
3584 1565 3666 1638 pii

2067 1660 2125 1708 et
2151 1655 2420 1725 sapientis
2447 1655 2597 1725 regis
2618 1654 3046 1709 similitudinem
3072 1653 3192 1726 ipse
3222 1672 3445 1726 quoque
3472 1671 3665 1709 acces-

392 1763 457 1800 ac
494 1727 744 1809 demens,
775 1743 823 1797 si
846 1743 1037 1797 fratris
1062 1742 1165 1808 tui,
1198 1758 1327 1795 cum
1357 1757 1467 1811 quo
1496 1739 1644 1793 idem
1673 1738 1777 1793 tibi
1802 1755 1982 1809 genus
2002 1727 2049 1786 Β
2069 1743 2190 1797 sisti
2221 1762 2233 1810 ;
2267 1749 2332 1797 ut
2370 1743 2467 1814 qui
2506 1742 2655 1797 bona
2697 1760 2796 1815 spe
2847 1744 3012 1798 nixus
3049 1761 3140 1798 me
3170 1745 3503 1814 susceperis,
3539 1761 3664 1815 qua;

391 1839 450 1889 et
483 1851 587 1906 par
614 1835 795 1888 honor
823 1837 926 1895 est,
960 1832 1020 1885 in
1048 1847 1214 1901 quem
1252 1828 1462 1883 nullius
1500 1827 1727 1882 omnino
1757 1826 1983 1881 sceleris

390 1926 494 1980 tibi
520 1926 776 1980 conscius
804 1941 882 1989 es,
913 1938 1225 1995 praeconem
1254 1922 1335 1976 ita
1362 1920 1671 1976 extimuisti
1695 1939 1707 1987 ;
1738 1935 1984 1990 quonam

392 2014 559 2068 modo
588 2012 728 2067 mihi
756 2010 1207 2083 reprehensionis
1245 2015 1439 2063 notam
1472 2007 1679 2062 idcirco
1708 2006 1979 2072 inussisti,

393 2102 542 2174 quod
569 2101 672 2156 Dei
700 2100 811 2154 mei
840 2116 1139 2171 praecones,
1174 2098 1268 2169 qui
1298 2102 1557 2164 mortem,
1582 2113 1645 2150 ac
1674 2095 1897 2151 Domini
1926 2095 1985 2149 in

393 2207 562 2263 quem
590 2207 682 2244 me
711 2189 892 2244 multa
930 2194 988 2243 et
1012 2187 1207 2258 gravia
1235 2187 1447 2240 scelera
1476 2191 1830 2257 perpetrasse
1871 2183 1985 2238 scio

391 2283 897 2355 pertimescendum
911 2282 1213 2336 adventum
1227 2280 1366 2334 mihi
1382 2279 1576 2350 quavis
1589 2278 1728 2333 tuba
1741 2277 1986 2332 vocalius

391 2372 672 2444 altiusque
683 2369 1333 2437 denuntiant,humiliter
1343 2385 1408 2422 ac
1418 2368 1659 2421 demisse
1670 2366 1988 2421 salutarim?

390 2463 474 2518 En
502 2461 678 2533 igitur
706 2466 774 2515 ut
797 2466 954 2515 tuam
985 2457 1326 2512 dementiam
1355 2472 1737 2527 coarguerem,
1770 2456 1874 2508 hac
1902 2471 1989 2507 ra-

389 2550 543 2604 tione
572 2565 707 2604 usus
732 2565 877 2614 sum,
924 2544 1397 2617 quemadmodum
1426 2544 1597 2597 etiam
1626 2559 1720 2596 eos
1760 2542 1855 2612 qui
1885 2540 1987 2595 tibi

391 2643 457 2692 ut
477 2654 567 2692 me
595 2635 1050 2708 reprehenderes,
1073 2634 1130 2687 in
1142 2632 1761 2695 animuminduxerunt,
1793 2631 1988 2684 statim

391 2725 625 2780 stolidos
645 2729 703 2778 et
729 2730 981 2778 amentes
1001 2739 1123 2776 esse
1146 2719 1561 2776 demonstrabo.
1591 2721 1776 2790 Atque
1802 2719 1883 2772 ita
1898 2736 1991 2772 cu-

391 2818 582 2868 ratum
602 2818 661 2867 et
687 2812 905 2867 utiliter
931 2811 1270 2866 instructum
1300 2809 1531 2863 fratrem
1554 2824 1739 2874 suum,
1756 2808 1986 2861 domum

392 2902 629 2963 remisit.

466 2990 645 3046 Iussit
664 2994 852 3045 autem
876 2988 1072 3058 eligno
1100 2992 1342 3058 quatuor
1364 3002 1521 3040 arcas
1547 2984 1718 3039 efﬁci:
1749 3001 1989 3055 quarum

2066 1831 2311 1902 quidem,
2341 1837 2407 1885 ut
2433 1831 2649 1903 opinor,
2673 1832 2973 1886 minimete
2993 1832 3165 1886 fallet.
3198 1832 3355 1887 Dixit
3381 1838 3573 1887 autem
3590 1832 3666 1887 ad

2065 1936 2195 1974 eum
2223 1920 2518 1991 Josaphat:
2551 1921 2679 1975 Hrec
2708 1920 2898 1974 omnia
2924 1921 3155 1992 pulchre
3197 1926 3365 1992 atque
3391 1922 3666 1975 concinne

2066 2007 2273 2065 dixisti.
2301 2009 2508 2062 Verum
2528 2009 2663 2063 illud
2678 2009 2819 2064 scire
2840 2026 2994 2075 aveo,
3017 2009 3277 2079 quisnam
3289 2010 3366 2064 sit
3390 2016 3523 2064 tuus
3548 2011 3666 2064 Do-

2069 2097 2273 2163 minus,
2308 2114 2475 2167 quem
2503 2103 2567 2152 tu
2596 2098 2867 2153 orationis
2898 2098 3061 2153 initio
3093 2099 3162 2153 de
3194 2099 3290 2153 illo
3320 2099 3669 2154 seminatore

2067 2184 2237 2239 verba
2265 2185 2459 2240 fecisse
2483 2185 2725 2240 dicebas.

2141 2275 2272 2331 CAP.
2296 2275 2419 2329 VII.
2462 2304 2522 2315 «-
2556 2275 2773 2330 Rursus
2803 2274 2980 2345 igitur
3018 2291 3338 2330 sermonem
3368 2292 3669 2330 assumens

2069 2363 2349 2430 Barlaam,
2381 2363 2553 2417 dixit:
2589 2363 2647 2418 Si
2679 2363 2934 2434 quisnam
2966 2364 3238 2419 Dominus
3268 2382 3428 2419 meus
3472 2365 3548 2419 sit
3574 2365 3670 2419 in-

2068 2451 2321 2522 telligere
2343 2452 2798 2523 cupis,Dominus
2818 2453 2847 2506 J
2852 2469 2982 2507 esus
3004 2453 3260 2507 Christus
3271 2459 3374 2518 est,
3397 2452 3668 2523 unigeni-

2068 2544 2179 2605 tus,
2202 2540 2451 2611 inquam,
2481 2540 2576 2594 ille
2614 2541 2716 2594 Dei
2743 2541 2937 2608 Filius,
2971 2542 3065 2595 ille
3088 2541 3284 2596 beatus
3304 2548 3361 2596 et
3389 2543 3543 2597 solus
3574 2558 3676 2613 po-

2069 2633 2214 2693 tens,
2248 2628 2345 2682 ille
2365 2629 2482 2683 Rex
2508 2645 2707 2699 regum
2732 2635 2788 2705 et
2812 2629 3083 2683 Dominus
3109 2630 3543 2695 dominantium,
3571 2630 3677 2700 qui

2071 2717 2224 2771 solus
2254 2716 2425 2771 habet
2453 2717 3036 2784 immortalitatem,ac
3066 2719 3246 2772 lucem
3268 2719 3487 2773 habitat
3508 2719 3673 2772 inac-

2069 2804 2401 2871 cessibilem,
2429 2804 2523 2877 qui
2552 2821 2680 2860 cum
2712 2805 2879 2859 Patre
2910 2809 2967 2859 et
2995 2805 3207 2876 Spiritu
3232 2811 3425 2860 sancto
3449 2806 3674 2876 gloriﬁ-

2070 2893 2297 2960 catur(l
2328 2895 2465 2947 Tim.
2482 2893 2793 2965 v1).Neque
2823 2893 2971 2947 enim
2993 2910 3061 2947 ex
3072 2910 3263 2948 eorum
3276 2910 3516 2948 numero
3539 2910 3673 2949 sum

2073 2981 2167 3052 qui
2197 2982 2403 3036 multos
2424 2982 2525 3036 hos
2540 2988 2597 3037 et
2624 2983 2941 3053 petulantes
2962 2982 3094 3035 deos
3117 2982 3326 3047 colunt,
3356 2987 3526 3053 atque
3547 2983 3671 3037 haec

392 3096 521 3135 cum
546 3080 686 3134 duas
714 3077 963 3148 undique
988 3092 1125 3131 auro
1141 3074 1495 3140 contexisset,
1520 3074 1804 3144 fetidaque
1830 3073 1990 3127 cada-
2009 3082 2052 3143 ί]
2072 3070 2272 3125 animae
2294 3070 2543 3142 expertia
2568 3076 2625 3125 et
2648 3071 2821 3125 surda
2847 3071 3148 3124 simulacra
3167 3076 3547 3139 venerantur;
3578 3088 3672 3125 ve-

382 3184 582 3223 verum
624 3183 751 3222 ossa
769 3166 828 3220 in
855 3182 951 3220 eas
974 3164 1279 3235 injecisset,
1310 3162 1497 3217 aureis
1524 3162 1664 3216 seris
1701 3178 1795 3216 eas
1819 3160 1983 3215 obfir-
2064 3176 2190 3213 rum
2212 3176 2391 3214 unum
2418 3160 2599 3213 Deum
2624 3176 2863 3230 agnosco
2892 3164 2951 3213 et
2976 3150 3271 3225 confiteor,"
3287 3159 3383 3230 qui
3407 3159 3466 3213 in
3482 3159 3672 3215 tribus

388 3256 590 3324 mavit;
622 3254 855 3326 reliquis
879 3258 1069 3308 autem
1081 3251 1298 3307 duabus
1318 3250 1438 3322 pice
1459 3267 1524 3304 ac
1540 3249 1816 3303 bitumine
1846 3248 1983 3303 obli—
2064 3248 2338 3320 personis,
2375 3248 2480 3302 hoc
2518 3253 2606 3302 est
2640 3249 2807 3302 Patre
2839 3256 2896 3301 et
2928 3247 3065 3301 Filio
3097 3254 3154 3302 et
3191 3248 3408 3319 Spiritu
3444 3255 3666 3315 sancto,

389 3344 483 3408 tis,
517 3343 888 3416 pretiosisque
916 3340 1193 3413 lapidibus
1238 3345 1296 3394 et
1322 3338 1614 3410 exquisitis
1655 3337 1975 3404 unionibus,
2063 3341 2233 3407 atque
2258 3353 2373 3391 una
2386 3342 2592 3391 natura
2612 3343 2669 3390 et
2695 3336 2956 3397 essentia,
2988 3336 3047 3390 in
3066 3353 3181 3391 una
3207 3337 3389 3408 gloria
3409 3343 3466 3391 et
3489 3353 3667 3408 regno

389 3432 657 3502 omnique
670 3429 1049 3500 unguentaria
1063 3425 1645 3496 fragrantiaimpletis,
1656 3425 1979 3495 asperisque

386 3519 614 3576 funibus
643 3517 1243 3587 constrictis,proceres
1262 3530 1416 3580 eos,a
1428 3512 1630 3584 quibus
1652 3512 1721 3566 ob
1732 3512 1980 3567 virorum

389 3611 617 3666 illorum
643 3624 933 3664 occursum
965 3606 1336 3676 reprehensus
1364 3604 1565 3671 fuerat,
1589 3603 1660 3657 ad
1681 3619 1741 3657 se
1763 3603 1976 3670 accivit,

387 3698 637 3770 ipsisque
661 3701 902 3766 quatuor
921 3694 1023 3747 has
1051 3708 1209 3746 arcas
1229 3691 1539 3763 proposuit,
1572 3696 1637 3745 ut
1651 3691 1846 3760 quanti
1873 3691 1977 3757 hae,

390 3786 698 3856 quantique
727 3784 834 3838 illae
863 3781 1030 3853 pretii
1060 3785 1248 3834 essent
1275 3779 1637 3834 aestimarent.
1673 3779 1760 3834 Illi
1789 3784 1979 3833 autem

388 3873 529 3928 duas
557 3889 652 3926 eas
699 3887 821 3941 quae
857 3870 1129 3923 inaurata
1160 3873 1339 3933 erant,
1371 3867 1600 3921 maximi
1647 3867 1812 3938 pretii
1861 3884 1981 3922 esse

389 3959 735 4026 asserebant;
754 3973 936 4029 neque
948 3956 1097 4010 enim
1127 3955 1292 4009 aliter
1305 3954 1428 4009 ﬁeri
1450 3971 1613 4026 posse
1633 3954 1979 4026 inquiebant,

387 4050 524 4123 quin
553 4050 611 4104 in
630 4048 766 4120 ipsis
794 4046 962 4117 regiae
976 4061 1193 4099 coronae
1223 4061 1288 4098 ac
1317 4043 1543 4114 cingula
1570 4044 1858 4098 recondita
1897 4061 1979 4100 es-

385 4139 646 4197 sent.Eas
662 4141 858 4191 contra
880 4151 1003 4206 quae
1026 4133 1147 4205 pice
1175 4150 1241 4188 ac
1268 4132 1544 4188 bitumine
1569 4132 1754 4187 oblitae
1792 4140 1975 4201 erant,

392 4229 524 4285 viles
551 4226 781 4282 omnino
822 4240 887 4279 ac
932 4221 1143 4277 nullius
1177 4220 1344 4294 pretii
1393 4238 1514 4277 esse
1561 4220 1802 4275 aiebant.
1860 4222 1978 4277 Rex

2063 3424 2292 3479 minime
2321 3424 2496 3479 diviso
2520 3424 2886 3495 gloriﬁcatur.
2920 3425 3022 3479 Hic
3049 3425 3224 3496 igitur
3250 3425 3309 3479 in
3320 3424 3504 3479 tribus
3535 3442 3666 3497 per-

2063 3514 2215 3568 sonis
2254 3531 2402 3569 unus
2427 3515 2596 3581 Deus,
2641 3514 2899 3586 principii
2946 3530 3010 3567 ac
3064 3514 3192 3567 ﬁnis
3232 3530 3428 3585 expers
3471 3515 3656 3581 (Naz.,

2064 3608 2204 3656 orat.
2235 3600 2290 3668 ‘2,
2314 3604 2377 3657 de
2407 3604 2642 3672 Pasch.),
2676 3603 3069 3674 sempiternus,
3114 3602 3417 3667 increatus,
3452 3603 3659 3658 immu-

2062 3689 2268 3756 tabilis,
2301 3707 2532 3762 corpore
2559 3690 3109 3757 vacans,invisibilis,
3143 3691 3663 3762 circumscriptione

2063 3794 2277 3842 carens,
2294 3777 2467 3831 animi
2480 3779 3033 3849 comprehensionem
3051 3779 3289 3849 fugiens,
3309 3780 3464 3833 solus
3483 3779 3661 3835 bonus

2066 3883 2131 3920 ac
2161 3867 2350 3937 justus
2380 3871 2483 3933 est,
2512 3867 2608 3938 qui
2628 3867 2836 3933 omnia,
2868 3871 2985 3921 tam
3009 3884 3132 3938 quae
3149 3868 3322 3922 oculis
3351 3874 3664 3924 cernuntur

2067 3970 2235 4025 quam
2267 3971 2389 4024 quae
2417 3955 2707 4009 oculorum
2736 3954 2996 4010 obtutum
3025 3955 3268 4026 fugiunt,
3299 3971 3364 4010 ex
3393 3956 3575 4011 nihilo
3601 3954 3657 4011 in

2066 4047 2253 4097 ortum
2282 4043 2561 4113 produxit.

2130 4131 2383 4185 Primum
2412 4131 2623 4187 scilicet
2648 4132 3013 4187 invisibilium
3040 4150 3106 4188 ac
3137 4133 3449 4188 caelestium
3486 4133 3658 4189 virtu-

2059 4225 2183 4273 tum
2212 4220 2677 4275 innumerabilem
2699 4222 3001 4293 quamdam
3031 4221 3451 4277 multitudinem
3484 4240 3520 4277 a
3544 4240 3658 4277 ma-

325 4345 328 4348 ο
384 4324 575 4373 autem
596 4314 731 4387 ipsis
755 4312 892 4366 dixit
916 4331 926 4365 :
958 4311 1043 4365 Ne
1071 4327 1161 4364 me
1193 4309 1421 4381 quidem
1448 4307 1715 4379 fugiebat,
1750 4326 1845 4363 vos
1875 4310 1979 4364 hoc
2061 4308 2207 4362 teria
2233 4314 2290 4362 et
2319 4324 2550 4381 corpore
2577 4315 2869 4376 secretam,
2901 4311 3005 4364 hoc
3034 4316 3120 4365 est
3155 4309 3523 4365 administros
3567 4308 3653 4365 di-

381 4408 630 4462 dicturos
658 4419 799 4469 esse;
825 4417 959 4454 nam
973 4397 1330 4453 sensibilibus
1346 4398 1519 4452 oculis
1543 4414 1611 4451 ea
1637 4415 1758 4468 quae
1780 4398 1840 4452 in
1858 4416 1981 4453 sen-
2002 4396 2202 4492 Dvinae
2238 4397 2552 4467 majestatis
2585 4398 2816 4468 spiritus
2848 4418 2861 4465 ;
2893 4398 3096 4453 deinde
3133 4404 3325 4454 autem
3378 4400 3654 4454 mundum

381 4511 509 4551 sum
534 4493 743 4548 cadunt
766 4486 1280 4561 perspicitis.Atqui
1298 4503 1410 4540 non
1432 4486 1513 4540 ita
1530 4486 1847 4541 faciendum
1869 4493 1973 4555 est;
2002 4485 2042 4492 ⁷
2062 4485 2212 4539 hunc
2238 4485 2298 4539 in
2317 4492 2604 4557 aspectum
2624 4487 2939 4553 cadentem,
2970 4487 3077 4541 hoc
3104 4493 3159 4542 et
3188 4488 3412 4554 celum,
3446 4505 3514 4542 ac
3543 4494 3656 4543 ter-

381 4575 1135 4640 veruminterioribusoculis
1147 4575 1262 4629 sive
1276 4574 1660 4644 pretium,sive
1674 4575 1977 4630 utilitatem
2062 4590 2203 4640 ram,
2236 4579 2294 4628 et
2323 4590 2496 4641 mare;
2520 4592 2689 4645 quem
2710 4574 2881 4629 ctiam
2896 4575 3182 4630 laetissima
3193 4576 3315 4630 luce
3343 4576 3651 4641 coornavit,

383 4677 441 4727 et
456 4670 784 4733 fmditatem,
804 4682 928 4737 qua:
945 4664 1098 4718 intus
1114 4662 1338 4716 condita
1349 4666 1500 4729 sunt,
1534 4668 1787 4733 spectare
1813 4681 1977 4735 opor-
2061 4662 2263 4717 caelum
2292 4679 2493 4734 nempe
2519 4664 2635 4717 sole
2660 4680 2725 4717 ac
2746 4663 2884 4718 luna
2907 4669 2965 4719 et
2991 4663 3287 4731 sideribus,
3314 4669 3535 4719 terram
3556 4682 3655 4720 au-

382 4764 484 4814 tet.
543 4759 623 4812 Ac
672 4754 928 4828 protinus
979 4752 1273 4806 inauratas
1322 4766 1484 4805 arcas
1539 4751 1746 4820 aperiri
1785 4752 1974 4822 jussit.
2059 4756 2176 4804 tem
2206 4750 2388 4805 omnis
2406 4752 2631 4822 generis
2650 4758 2841 4819 πω
2861 4752 3663 4824 stirpibusacvariisaniman-

383 4846 599 4911 Quibus
626 4843 935 4916 patefactis,
960 4840 1147 4912 gravis
1164 4838 1392 4911 quidam
1408 4856 1472 4892 ac
1491 4843 1638 4893 teter
1660 4838 1799 4893 odor
1817 4841 1980 4895 exha—
2060 4838 2393 4904 tibus,mare
2424 4839 2667 4911 denique
2695 4841 3170 4895 numerosissimis
3181 4841 3422 4912 piscium
3437 4843 3654 4913 generi-

383 4933 535 5000 lavit,
553 4938 722 5003 atque
745 4928 1272 5002 injucundissimum
1301 4928 1681 4999 spectaculum
1699 4929 1873 4983 oculis
1886 4929 1980 4983 ob-
2059 4925 2185 4985 bus.
2218 4928 2347 4983 Haec
2366 4928 2556 4983 omnia
2578 4928 2698 5000 ipse
2728 4930 2885 4996 dixit,
2919 4935 2976 4983 et
2994 4930 3141 4984 facta
3169 4936 3321 4984 sunt:
3344 4930 3467 5002 ipse
3498 4948 3653 4986 man-

379 5023 593 5093 jectum
614 5025 717 5075 est.
2061 5015 2232 5081 davit,
2265 5021 2323 5071 et
2348 5022 2537 5072 creata
2567 5023 2700 5072 sunt
2736 5020 2899 5081 (Psal.
2920 5016 3162 5088 cxmm).
3178 5018 3317 5073 Post
3340 5026 3538 5074 autem
3567 5020 3654 5074 ho-

455 5109 552 5164 Ait
592 5107 781 5178 itaque
814 5123 913 5160 rex
941 5125 953 5159 :
986 5105 1091 5160 Hic
1117 5122 1325 5160 eorum
1371 5110 1539 5176 typus
1567 5110 1655 5159 est
1699 5107 1797 5176 qui
1847 5124 1973 5162 cum
2058 5120 2269 5159 minem
2299 5104 2534 5160 suismet
2550 5106 2810 5160 manibus
2826 5106 3061 5177 efﬁngit,
3085 5112 3310 5177 sumpto
3336 5106 3649 5164 nimiruma

382 5196 687 5271 splendidis
714 5201 770 5249 et
797 5193 1109 5248 illustribus
1138 5193 1383 5247 vestibus
1412 5199 1663 5255 utantur,
1696 5199 1864 5265 atque
1903 5196 1973 5250 ob
2056 5197 2208 5246 terra
2236 5192 2307 5248 ad
2335 5192 2581 5265 corporis
2608 5195 3076 5266 compositionem
3102 5194 3444 5262 luto,anima
3469 5202 3646 5251 autem

380 5288 667 5358 ingentem
681 5281 916 5353 gloriam
932 5281 990 5334 in
1002 5281 1310 5351 potentiam
1325 5280 1700 5336 insolenterse
1715 5283 1967 5349 efferant,
2055 5281 2289 5336 rationis
2320 5281 2767 5353 etintelligentiae
2793 5284 3063 5356 participe
3074 5301 3175 5355 per
3201 5301 3365 5339 suam
3397 5285 3643 5340 insuffla-

380 5378 534 5432 intus
545 5379 740 5428 tamen
750 5369 955 5424 faetidis
970 5368 1329 5443 cadaveribps
1341 5386 1405 5423 ac
1419 5370 1644 5441 ﬂagitiis
1654 5371 1803 5442 pleni
1816 5389 1879 5426 su
1887 5378 1966 5426 nt.
2053 5374 2265 5428 tionem
2295 5375 2403 5446 ipsi
2430 5375 2663 5444 tributa,
2681 5394 2803 5448 qua:
2819 5377 2948 5448 quid
2956 5394 3047 5432 em
3075 5377 3145 5431 ad
3159 5377 3256 5431 Dei
3269 5376 3576 5449 imaginem
3588 5382 3637 5432 et

379 5467 728 5528 Postautem,
756 5474 885 5513 cum
917 5473 1012 5511 eas
1041 5472 1164 5527 qua;
1190 5456 1302 5527 pici
1348 5473 1413 5510 ac
1457 5457 1736 5513 bitumine
1786 5460 1969 5515 oblitae
2053 5461 2478 5518 similitudinem
2507 5464 2704 5519 eﬂ‘ecta
2733 5482 2857 5519 esse
2894 5465 3103 5537 scripta
3131 5470 3218 5519 est
3256 5466 3410 5533 (Gen.
3451 5470 3491 5536 ι)
3530 5483 3542 5518 :
3574 5463 3636 5517 ad

378 5559 559 5621 erant,
611 5546 818 5625 aperiri
861 5543 1141 5618 jussisset,
1187 5560 1382 5600 omnes
1427 5562 1524 5602 eos
1565 5548 1663 5619 qui
1714 5548 1966 5618 aderant,
2052 5549 2357 5621 imaginem
2376 5548 2654 5622 videlicet,
2687 5559 2917 5626 prapter
2935 5554 3059 5610 vim
3085 5552 3439 5625 intelligendi
3473 5559 3632 5625 atque
