3942 6200
265 366 363 425 465

659 372 827 428 VITA
862 373 1302 431 SANCTORUM
1339 374 1682 433 BARLAAM
1719 377 2054 435 EREMITZE
2092 377 2180 437 ET
2216 376 2581 436 JOSAPHAT
2616 380 2841 438 INDI/E
2874 380 3107 437 REGIS.

3410 378 3518 439 466

264 493 468 550 arbitrii
478 495 820 567 libertatem;
842 500 913 555 ad
937 500 1363 556 similitudinem
1381 507 1591 570 autem,
1619 508 1848 576 propter
1864 510 1911 567 A
1996 506 2108 560 Alii
2137 506 2288 561 enim
2317 523 2450 562 casu
2475 523 2540 561 ac
2564 506 2794 562 fortuito
2823 506 3015 561 omnia
3040 505 3193 573 ferri,
3218 504 3516 577 providen-

264 585 471 641 virtutis
501 587 696 658 ipsius,
723 589 905 660 quoad
921 591 1042 661 ejus
1072 590 1192 645 ﬁeri
1222 596 1421 662 potest,
1450 592 1840 648 imitationem.

267 675 417 729 llunc
444 693 611 747 porro
647 678 953 746 hominem,
997 679 1214 734 arbitrii
1252 679 1510 735 libertate
1534 687 1704 753 atque
1733 683 1842 737 im-

262 764 592 821 mortalitate
621 767 909 834 donatum,
943 784 1138 825 eorum
1158 785 1289 840 quae
1317 769 1374 824 in
1406 775 1560 825 terra
1597 776 1731 825 sunt
1758 789 1843 826 re-

260 867 381 920 gem
417 854 746 923 constituit;
782 861 951 926 atque
981 873 1047 910 ex
1084 857 1206 927 ipso
1250 857 1536 927 feminam,
1581 876 1704 931 quae
1734 860 1842 931 ipsi

257 939 450 994 auxilio
480 948 645 1009 esset,
677 944 787 1015 ipsi
813 945 1054 1000 similem
1084 946 1282 1001 effecit.

324 1028 659 1102 Consitoque
684 1032 745 1086 in
771 1033 922 1087 Eden
950 1033 1021 1088 ad
1056 1034 1343 1089 Orientem
1373 1037 1653 1106 paradiso,
1682 1037 1839 1092 volu-

258 1118 418 1187 ptatis
446 1120 629 1174 omnis
676 1126 846 1192 atque
890 1122 1282 1178 oblectamenti
1314 1124 1494 1195 pleno,
1530 1125 1835 1193 hominem,

257 1221 414 1276 quem
444 1206 758 1277 efﬂuxerat,
785 1209 843 1264 in
889 1210 1011 1282 ipso
1043 1212 1356 1279 collocavit;
1389 1213 1469 1266 sic
1497 1213 1744 1283 quidem,
1777 1220 1841 1269 ut

254 1293 433 1348 divina
452 1293 670 1351 bonitas
691 1298 881 1351 omnia
898 1298 1051 1369 ligna
1066 1315 1190 1369 quae
1220 1299 1334 1354 illic
1362 1305 1522 1354 erant
1543 1301 1664 1355 sine
1685 1303 1839 1356 nullo

255 1382 646 1452 impedimento
688 1402 818 1440 eum
849 1386 1137 1459 percipere
1160 1387 1420 1458 juberet;
1451 1390 1618 1444 unius
1648 1395 1839 1445 autem

252 1469 518 1526 duntaxat
550 1473 939 1544 degustatione
975 1476 1082 1547 ipsi
1117 1477 1478 1531 interdiceret
1509 1478 1673 1549 (quod
1714 1479 1841 1549 qui-

252 1559 371 1613 dem
397 1560 615 1631 lignum
645 1563 888 1619 scientize
926 1563 1057 1619 boni
1096 1571 1153 1620 et
1179 1567 1316 1620 mali
1344 1568 1684 1637 appellatum
1709 1572 1836 1638 est),

252 1647 333 1701 his
352 1648 537 1703 verbis
557 1656 721 1705 utens
745 1670 755 1703 :
785 1652 1130 1724 Quacunque
1168 1654 1259 1708 die
1286 1656 1640 1710 comederitis
1666 1673 1731 1710 ex
1750 1673 1835 1724 eo,

251 1743 421 1792 morte
451 1739 791 1793 moriemini.
824 1740 1118 1796 Enimvero
1148 1758 1294 1796 unus
1333 1759 1397 1796 ex
1428 1744 1708 1813 pradictis
1738 1761 1840 1799 an-

1924 593 2128 665 timque
2157 596 2408 666 expertia
2436 611 2559 649 esse
2588 602 2960 662 censuerunt;
2988 599 3262 665 tanquam
3308 594 3520 651 scilicet

1924 683 2112 737 nullus
2134 684 2406 738 Dominus
2436 685 2510 738 sit
2540 684 2634 754 qui
2660 700 2725 737 ea
2750 685 3002 753 regat'ac
3030 684 3372 738 moderetur.
3404 683 3516 738 Alii

1924 770 2103 825 fatum
2122 772 2472 838 invexerunt,
2488 771 2867 841 natalitiisque
2883 771 3159 826 sideribus
3169 771 3359 825 omnia
3371 789 3517 826 com-

1924 861 2217 915 miserunt.
2251 862 2361 916 Alii
2378 862 2587 915 multos
2607 861 2740 915 deos
2769 862 2965 925 malos,
2998 877 3063 914 ac
3082 861 3274 916 multis
3302 861 3517 916 vitiosis

1925 949 2308 1004 affectionibus
2355 950 2675 1004 laborantes
2736 950 3048 1015 coluerunt,
3110 967 3220 1020 quo
3261 950 3519 1004 videlicet

1923 1054 2152 1092 suarum
2175 1038 2530 1093 affectionum
2548 1044 2605 1092 et
2627 1037 2883 1109 gravium
2906 1037 3248 1107 ﬂagitiorum
3268 1038 3519 1093 defenso-

1921 1143 2011 1180 res
2040 1133 2098 1181 et
2125 1132 2392 1198 patronos
2412 1144 2508 1180 eos
2529 1126 2818 1180 haberent.
2848 1126 3099 1190 Quorum
3121 1125 3291 1180 etiam
3310 1126 3516 1180 formas

1922 1215 2142 1286 pictura
2171 1216 2562 1286 exprimentes,
2582 1215 2782 1270 surdas
2804 1220 3020 1269 statuas
3040 1231 3105 1268 ac
3125 1230 3293 1269 sensu
3325 1231 3517 1270 caren-

1920 1302 2002 1356 tia
2027 1303 2325 1358 simulacra
2355 1304 2411 1358 in
2443 1305 2619 1359 altum
2647 1308 2961 1367 erexerunt,
2998 1318 3175 1373 eaque
3204 1302 3263 1357 in
3292 1304 3517 1373 templis

1922 1390 2137 1445 inclusa
2157 1393 2449 1447 coluerunt
2479 1397 2536 1446 et
2554 1392 2878 1457 adorarunt,
2911 1392 3217 1445 servientes
3245 1391 3515 1445 nimirum

1922 1484 2191 1533 creaturae
2221 1479 2408 1550 potius
2427 1497 2595 1551 quam
2618 1479 2889 1534 Creatori.
2908 1478 3149 1543 Quidam
3180 1479 3330 1532 enim
3342 1479 3519 1533 solem

1923 1571 1981 1620 et
2010 1567 2199 1621 lunam
2220 1585 2283 1621 ac
2303 1568 2506 1635 sidera,
2529 1586 2651 1638 quae
2673 1569 2823 1622 Deus
2843 1568 2913 1621 ad
2933 1568 3116 1621 lucem
3139 1571 3365 1621 terreno
3384 1567 3516 1622 huic

1922 1656 2132 1709 mundo
2159 1656 2499 1710 aﬂ‘erendam
2529 1657 2734 1727 posuit,
2768 1657 3059 1710 coluerunt
3084 1673 3095 1708 ε
3122 1671 3245 1727 quae
3289 1655 3516 1726 quidem

1922 1743 2113 1797 anima
2158 1750 2213 1798 et
2259 1761 2425 1798 sensu
2472 1748 2684 1804 carent,
2730 1761 2795 1798 ac
2838 1743 3119 1798 Creatoris
3166 1742 3518 1813 providentia

248 1825 433 1895 gelicis
464 1828 655 1901 copiis,
690 1829 789 1899 qui
814 1829 913 1883 uni
937 1829 1149 1899 agmini
1176 1836 1434 1901 praeerat,
1458 1849 1584 1886 cum
1614 1821 1902 1887 natura-B
1922 1831 2315 1887 illuininantur
2341 1839 2399 1888 et
2417 1838 2834 1898 conservantur,
2867 1849 2977 1886 non
2997 1836 3188 1886 autem
3209 1831 3515 1902 quidquam

247 1915 310 1970 lis
336 1916 459 1970 vitii
494 1934 566 1971 ne
605 1917 903 1972 minimum
940 1919 1166 1990 quidem
1194 1920 1489 1991 vestigium
1517 1938 1552 1975 a
1591 1928 1842 1977 creatore

246 2005 572 2076 accepisset,
621 2023 816 2061 verum
862 2006 994 2062 boni
1036 2024 1206 2062 causa
1253 2016 1576 2080 procreatus
1621 2010 1837 2081 fuisset,

245 2093 414 2148 libera
444 2096 653 2149 mentis
683 2095 1006 2150 inductione
1025 2113 1061 2149 a
1088 2095 1233 2151 bono
1262 2098 1322 2152 in
1350 2099 1562 2153 malum
1591 2100 1835 2169 deﬂexit,

246 2187 405 2254 atque
424 2184 730 2239 insolentia
752 2185 953 2252 elatus,
978 2185 1243 2241 adversus
1261 2187 1562 2241 Dominum
1576 2204 1641 2242 ac
1660 2188 1839 2243 Deum

248 2270 517 2326 rebellare
544 2273 739 2327 voluit.
771 2275 851 2328 Ac
886 2279 1185 2345 propterea
1218 2291 1283 2329 ex
1314 2276 1510 2330 ordine
1536 2292 1638 2331 suo
1666 2293 1731 2331 ac
1760 2277 1841 2332 di-

242 2359 459 2429 gnitate
490 2361 754 2432 expulsus
783 2366 886 2428 est,
918 2366 1087 2433 atque
1117 2380 1217 2433 pro
1245 2362 1414 2417 beata
1452 2364 1550 2418 illa
1570 2365 1755 2434 gloria
1785 2371 1842 2420 et

242 2447 492 2518 angelico
522 2449 769 2515 nomine,
790 2449 996 2504 diaboli
1017 2467 1081 2504 ac
1108 2450 1329 2506 Satanae
1358 2468 1563 2507 nomen
1584 2470 1843 2509 consecu-

240 2540 326 2589 tus
373 2539 486 2589 est.
526 2536 677 2591 Deus
720 2537 871 2591 enim
908 2537 1113 2610 ipsum,
1160 2545 1218 2593 et
1256 2540 1465 2593 caelesti
1491 2541 1673 2609 gloria
1693 2541 1844 2595 indi-

239 2639 426 2693 gnum,
460 2624 802 2696 praecipitem
831 2642 862 2680 e
891 2627 1034 2680 cmlo
1063 2627 1397 2682 exturbavit.
1430 2629 1570 2683 Cum
1589 2646 1653 2683 eo
1676 2646 1842 2700 porro

240 2711 401 2765 simul
422 2712 622 2766 avulsa
651 2718 709 2767 et
735 2714 914 2783 ejecta
933 2720 1020 2769 est
1034 2715 1232 2786 ingens
1262 2717 1591 2786 angelorum
1618 2719 1712 2789 qui
1735 2718 1841 2790 ipsi

242 2798 506 2855 suberant
535 2801 837 2855 multitudo
869 2820 881 2855 :
913 2802 1008 2873 qui
1038 2802 1263 2873 quidem
1291 2804 1496 2857 mentis
1518 2805 1841 2861 inductione

243 2888 368 2941 mali
397 2889 605 2957 effecti,
639 2906 704 2944 ac
734 2889 865 2944 boni
895 2891 1014 2945 loco
1043 2892 1309 2962 principis
1345 2893 1432 2946 sui
1474 2892 1842 2948 defectionem

241 2978 433 3042 secuti,
465 2978 788 3032 daemonum
817 2996 1043 3046 nomen,
1075 2985 1141 3034 ut
1168 2986 1501 3052 impostores
1520 2998 1584 3035 ac
1608 2982 1843 3036 circum-

239 3064 560 3137 scriptores,
595 3072 949 3138 acceperunt.

1922 1936 2025 1990 per
2051 1937 2111 1974 se
2138 1921 2342 1975 virium
2374 1921 2598 1976 habent.
2627 1921 2739 1975 Alii
2768 1926 2957 1975 autem
3003 1920 3191 1991 ignem
3222 1924 3281 1973 et
3308 1935 3515 1990 aquam

1922 2024 1987 2062 ac
2015 2009 2233 2079 reliqua
2253 2016 2418 2064 terrae
2448 2010 2743 2072 elementa,
2790 2008 2993 2080 quibus
3039 2024 3143 2062 nec
3183 2008 3373 2061 anima
3415 2022 3517 2061 nec

1921 2113 2119 2152 sensus
2140 2097 2304 2151 inest.
2337 2099 2532 2168 Neque
2553 2114 2646 2151 eos
2676 2097 2771 2168 qui
2791 2097 2981 2151 anima
2995 2101 3052 2151 et
3068 2095 3286 2150 ratione
3297 2094 3517 2166 praediti

1922 2191 2054 2239 sunt
2080 2187 2355 2256 ejusmodi
2384 2186 2551 2240 rebus
2578 2187 2791 2240 cultum
2832 2184 3097 2239 adhibere
3134 2183 3353 2255 puduit.
3405 2182 3518 2237 Alii

1920 2272 2073 2339 feris,
2106 2280 2164 2328 et
2192 2275 2502 2346 reptilibus,
2537 2280 2594 2329 et
2626 2273 2950 2346 pecudibus,
2987 2278 3045 2327 et
3057 2271 3516 2344 quadrupedibus

1923 2362 2302 2417 animantibus
2332 2363 2744 2417 venerationem
2763 2361 3119 2416 tribuerunt:
3144 2360 3277 2414 hinc
3304 2359 3518 2414 scilicet

1925 2468 2046 2505 sese
2078 2451 2310 2505 rationis
2338 2452 2517 2521 magis
2547 2457 2799 2523 expertes
2834 2451 3193 2505 ostendentes
3236 2436 3406 2520 quam
3448 2464 3518 2502 ea

1924 2538 2049 2611 ipsa
2077 2556 2198 2610 qua;
2223 2540 2496 2594 colebant.
2525 2540 2635 2596 Alii
2663 2540 2913 2612 turpium
2935 2536 3308 2611 quorumdam
3337 2541 3396 2590 et
3422 2534 3517 2590 ab-

1918 2629 2195 2698 jectorum
2213 2628 2505 2683 hominum
2525 2629 2732 2683 formas
2747 2628 3136 2700 depinxerunt,
3161 2641 3368 2697 eosque
3381 2624 3517 2679 deos

1924 2715 2297 2786 appellarunt,
2322 2716 2526 2787 partim
2544 2717 2841 2783 masculos,
2862 2716 3072 2787 partim
3090 2713 3354 2769 feminas:
3377 2729 3517 2784 quos

1923 2804 2093 2858 etiam
2124 2804 2350 2876 ipsimet
2368 2804 2672 2871 adulteros,
2696 2809 2754 2858 et
2777 2804 3103 2869 homicidas,
3128 2807 3183 2857 et
3195 2802 3514 2869 iracundos,

1924 2896 1982 2945 et
2009 2891 2244 2958 invidos,
2265 2898 2323 2946 et
2349 2892 2605 2963 furiosos,
2638 2897 2696 2947 et
2723 2892 3048 2963 parricidas,
3102 2895 3160 2945 et
3179 2890 3512 2957 fratricidas,

1923 2985 1979 3033 et
2008 2980 2177 3047 fures,
2210 2985 2403 3046 πω
2426 2986 2483 3036 et
2495 2986 2764 3052 raptores,
2784 2986 2840 3035 et
2857 2980 3100 3046 claudos,
3125 2984 3182 3034 et
3208 2979 3437 3047 debiles,
3461 2983 3520 3033 et

1921 3069 2213 3135 veneficos,
2250 3072 2307 3122 et
2334 3068 2561 3123 insanos
2583 3086 2703 3123 esse
2718 3069 3089 3133 tradiderunt,
3120 3073 3291 3138 atque
3312 3067 3515 3120 horum

304 3153 576 3210 Diabolus
604 3155 796 3225 igitur,
830 3156 1089 3226 abjurato
1119 3174 1347 3228 prorsus
1372 3157 1537 3225 bono,
1579 3159 1840 3231 malaque
1861 3167 1901 3229 ο
1922 3157 2222 3211 nonnullos
2254 3163 2491 3211 mortem
2520 3157 2743 3223 obiisse,
2791 3157 3091 3211 nonnullos
3117 3155 3353 3209 fulmine
3384 3169 3514 3225 per-

240 3246 442 3296 natura
476 3248 789 3315 assumpta,
812 3245 1081 3299 invidiam
1111 3246 1375 3301 adversus
1406 3247 1689 3302 hominem
1716 3265 1844 3302 con-

239 3331 380 3400 cepit
408 3329 567 3401 (Sap.
596 3335 683 3398 II),
718 3338 1016 3406 propterea
1038 3335 1186 3405 quod
1211 3335 1457 3406 seipsum
1491 3353 1522 3389 e
1541 3341 1700 3391 tanta
1717 3337 1841 3407 glo-

239 3417 319 3471 ria
346 3420 617 3489 ejectum,
649 3420 805 3475 illtJm
835 3428 1024 3477 autem
1054 3424 1125 3477 ad
1169 3428 1394 3478 tantum
1422 3424 1691 3480 honorem
1714 3425 1842 3479 sub-

236 3513 451 3561 vectum
507 3510 896 3580 perspiceret:
944 3528 1186 3583 eumque
1220 3528 1250 3565 e
1292 3511 1458 3567 beata
1497 3513 1596 3567 illa
1618 3514 1838 3568 vivendi

238 3596 453 3652 ratione
480 3596 726 3666 dejicere
742 3597 1094 3655 moliebatur.
1121 3600 1306 3664 Quare
1325 3608 1642 3673 serpentem
1664 3602 1840 3674 impo-

233 3689 395 3739 sturae
428 3702 552 3739 suae
581 3685 865 3740 officinam
896 3693 1110 3752 nactus,
1143 3705 1244 3759 per
1265 3705 1395 3743 eum
1422 3689 1689 3746 feminam
1711 3708 1839 3745 con-

232 3773 396 3826 venit.
447 3774 709 3845 Cumque
740 3790 866 3828 eam
903 3792 1002 3846 spe
1049 3776 1357 3831 divinitatis
1385 3778 1724 3846 adduxisset,
1774 3786 1839 3835 ut

230 3860 596 3917 interdictum
648 3863 866 3933 lignum
922 3865 1262 3935 degustaret,
1313 3883 1415 3937 per
1465 3884 1589 3921 eam
1644 3873 1840 3940 postea

232 3950 397 4004 etiam
420 3951 711 4005 Adamum
738 3954 891 4019 (nam
909 3952 1014 4007 hoc
1040 3954 1223 4025 primo
1253 3955 1464 4009 homini
1485 3973 1690 4010 nomen
1710 3956 1832 4022 fuit)

230 4036 287 4092 in
312 4038 580 4094 fraudem
609 4039 852 4111 impulit.
886 4042 1060 4096 Porro
1091 4048 1299 4109 autem,
1334 4049 1399 4098 ut
1425 4044 1641 4115 primus
1670 4045 1839 4099 homo

230 4133 423 4181 contra
442 4128 702 4182 divinum
716 4129 1016 4200 imperium
1030 4131 1387 4185 interdictam
1405 4133 1653 4203 plantam
1672 4133 1842 4203 degu-

229 4216 416 4281 stavit,
450 4232 487 4269 a
518 4232 739 4271 summo
761 4224 994 4289 parente
1022 4225 1191 4290 atque
1212 4221 1516 4274 architecto
1545 4239 1575 4275 e
1604 4221 1842 4275 delicia—

235 4318 358 4357 rum
378 4303 647 4375 paradiso
677 4307 1101 4374 exterminatur,
1129 4313 1299 4380 atque
1317 4309 1497 4363 beatae
1525 4310 1672 4363 illius
1696 4316 1752 4363 et
1771 4309 1840 4363 ab

234 4391 401 4446 exitio
437 4393 715 4447 immunis
755 4394 881 4449 vitm
920 4395 1041 4449 loco
1088 4396 1147 4450 in
1180 4397 1324 4451 hanc
1361 4398 1490 4462 (heu
1512 4398 1545 4462 Ι)
1579 4398 1843 4452 miseram

1923 3262 2114 3300 cussos
2150 3245 2343 3309 fuisse,
2365 3246 2663 3300 nonnullos
2694 3245 3014 3300 hominibus
3044 3244 3319 3310 serviisse,
3346 3248 3515 3314 atque

1924 3335 2141 3388 exsules
2167 3333 2466 3399 exstitisse,
2499 3334 2798 3389 nonnullos
2835 3334 3068 3388 vulnera
3097 3332 3398 3402 accepisse,
3449 3347 3517 3386 ac

1922 3423 2169 3477 lamenta
2196 3423 2456 3487 edidisse,
2477 3427 2646 3493 atque
2674 3422 2745 3477 ob
2773 3421 3032 3493 improba
3057 3420 3274 3475 etfceda
3299 3419 3516 3490 ﬂagitia

1922 3512 1981 3566 in
2014 3510 2280 3565 animalia
2307 3528 2428 3565 sese
2450 3512 2797 3565 immutasse.
2831 3511 2952 3575 Quo
2973 3509 3144 3564 ﬁebat
3166 3515 3231 3563 ut
3256 3507 3516 3563 homines

1919 3599 1990 3654 ab
2008 3600 2148 3671 ipsis
2167 3599 2274 3653 diis
2293 3600 2642 3654 occasionem
2670 3605 2977 3663 sumentes,
2995 3598 3149 3652 omni
3170 3595 3515 3668 impuritatis

1917 3705 2127 3758 genere
2155 3705 2276 3742 sese
2303 3688 2768 3743 contaminarent.
2799 3689 2879 3742 Ac
2904 3693 3024 3742 tum
3063 3686 3345 3741 horrenda
3386 3684 3514 3754 qui-

1920 3777 2048 3831 dem
2079 3777 2256 3847 caligo
2281 3793 2460 3847 genus
2491 3782 2746 3831 nostrum
2772 3775 3028 3842 tenebat;
3060 3791 3241 3846 neque
3268 3778 3392 3829 erat
3416 3772 3513 3844 qui
3550 3848 3555 3851 _

1920 3865 2280 3936 intelligeret,
2313 3883 2416 3920 nec
2445 3866 2540 3937 qui
2568 3866 2748 3920 Deum
2764 3864 3080 3936 requireret
3100 3864 3271 3931 (Psal.
3304 3863 3439 3932 xm).

1994 3956 2073 4008 Ea
2103 3961 2292 4009 autem
2331 3960 2495 4009 aetate
2519 3954 2800 4008 Abraham
2820 3953 2972 4007 solus
2995 3952 3254 4006 inventus
3289 3955 3375 4004 est
3404 3944 3515 4021 'qui

1922 4043 2123 4096 anima:
2150 4059 2375 4097 sensum
2408 4045 2636 4097 firmum
2663 4060 2728 4097 ac
2754 4042 3030 4096 valentem
3060 4040 3311 4106 haberet,
3341 4043 3511 4110 atque

1922 4148 1991 4185 ex
2020 4147 2211 4185 rerum
2237 4133 2587 4186 conditarum
2620 4136 2917 4202 prospectu
2946 4129 3293 4184 conditorem
3337 4143 3513 4197 agno-

1922 4225 2120 4273 sceret.
2142 4220 2287 4273 Nam
2319 4236 2445 4273 cum
2474 4220 2692 4283 cmlum,
2722 4234 2786 4272 ac
2800 4224 3032 4282 terram,
3061 4222 3119 4270 et
3142 4232 3317 4279 mare,
3338 4215 3514 4269 solem

1921 4307 2058 4360 item
2089 4314 2146 4362 et
2172 4309 2366 4363 lunam
2395 4324 2459 4361 ac
2488 4307 2705 4376 reliqua
2733 4305 3156 4369 considerasset,
3191 4302 3513 4373 hujusmodi

1925 4402 2185 4450 ornatum
2214 4395 2604 4450 concinnitatis
2626 4395 2853 4465 plenum
2875 4392 3185 4447 admiratus
3212 4396 3316 4449 est.
3349 4391 3515 4446 Cum-

233 4480 407 4534 vitam
436 4481 658 4547 incidit,
700 4499 765 4536 ac
804 4489 1087 4554 postremo
1127 4493 1306 4539 mone
1335 4486 1626 4540 multatur.
1657 4488 1905 4576 AtqueD
1925 4500 2033 4555 que
2064 4484 2358 4538 mundum.
2390 4490 2446 4537 et
2461 4500 2528 4537 ea
2554 4501 2676 4554 quas
2705 4483 2761 4536 in
2790 4482 2911 4576 ipso
2940 4485 3092 4576 sunt,
3108 4478 3512 4576 conspexisset,

231 4566 362 4623 hinc
388 4571 545 4624 vires
570 4576 766 4625 nactus
795 4571 1069 4638 diabolus,
1105 4578 1161 4627 et
1180 4574 1409 4628 victoria
1437 4575 1634 4640 elatus,
1676 4580 1840 4629 aucto
1861 4566 1901 4576 “’
1924 4590 2037 4627 non
2067 4589 2199 4626 casu
2227 4590 2292 4626 ac
2322 4573 2552 4627 fortuito
2577 4589 2643 4626 ea
2673 4571 2948 4626 exstitisse
2994 4575 3164 4641 atque
3200 4567 3515 4623 conservari

229 4654 532 4713 hominum
559 4676 785 4729 genere,
818 4677 983 4715 omne
1012 4662 1387 4732 improbitatis
1412 4680 1591 4733 genus
1619 4664 1754 4733 ipsis
1783 4663 1842 4717 in

228 4744 489 4800 animum
518 4746 729 4817 injecit.
752 4749 833 4802 Ex
855 4766 963 4820 quo
982 4749 1189 4803 factum
1210 4757 1295 4804 est
1305 4755 1368 4806 ut
1386 4752 1535 4805 Deus
1555 4752 1841 4822 ingentem

225 4835 442 4902 peccati
465 4835 743 4906 impetum
764 4853 1019 4891 coercere
1034 4855 1100 4892 ac
1119 4839 1426 4910 reprimere
1446 4840 1653 4901 volens,
1677 4845 1841 4894 terrae

224 4919 507 4976 diluvium
538 4923 836 4991 induxerit,
870 4930 1039 4996 atque
1064 4943 1287 4981 omnem
1303 4928 1551 4982 animam
1567 4928 1839 4982 viventem

222 5011 562 5065 exstinxerit
581 5012 730 5082 (Gen.
768 5013 880 5077 vn).
918 5015 1060 5069 Cum
1081 5021 1270 5069 autem
1284 5033 1461 5072 unum
1480 5016 1753 5071 duntaxat
1781 5017 1840 5071 in

231 5097 327 5152 illa
348 5104 528 5154 aetate
550 5101 765 5170 justum
796 5101 976 5156 virum
1006 5103 1324 5177 invenisset,
1356 5105 1504 5159 hunc
1524 5121 1652 5158 cum
1669 5122 1840 5160 uxore

228 5203 293 5240 ac
320 5186 526 5241 liberis
546 5188 604 5241 in
634 5204 766 5243 arca
793 5190 1036 5261 quadam
1060 5197 1363 5257 servatum,
1395 5194 1576 5247 solum
1606 5193 1665 5247 in
1689 5199 1843 5249 terra

227 5276 552 5330 constituit.
585 5277 958 5349 Posteaquam
989 5287 1178 5334 autem
1208 5298 1433 5336 rursum
1461 5282 1718 5338 homines
1741 5300 1844 5339 nu-

225 5381 386 5419 mero
437 5365 639 5435 augeri
680 5374 989 5438 cmperunt,
1032 5370 1135 5423 Dei
1181 5369 1455 5425 oblivione
1492 5372 1641 5442 capti
1690 5378 1839 5439 sunt,

223 5459 399 5524 atQue
422 5453 502 5506 ad
525 5460 841 5523 graviorem
870 5458 1219 5529 impietatem
1243 5465 1640 5531 proruperunt,
1664 5466 1729 5515 ut
1748 5460 1843 5531 qui

222 5541 475 5596 diversis
502 5544 742 5611 peccatis
770 5545 830 5599 in
858 5547 1183 5604 servitutem
1208 5565 1268 5603 se
1306 5548 1641 5616 addixerint,
1673 5554 1843 5623 atque

221 5628 279 5687 in
303 5630 474 5683 varia
503 5644 753 5687 errorum
774 5650 985 5704 genera
1012 5636 1400 5699 distraxerint.

1924 4661 2277 4715 existimavit.
2306 4663 2423 4716 Nec
2445 4677 2670 4715 rursum
2684 4667 2849 4715 terrae
2873 4659 3184 4723 elementis,
3216 4661 3315 4711 aut
3339 4656 3517 4709 inani-

1923 4751 2029 4804 mis
2060 4750 2372 4805 simulacris
2403 4757 2634 4805 ornatus
2664 4748 3049 4821 hujuscemodi
3088 4762 3314 4800 causam
3340 4745 3515 4799 ascri-

1922 4839 2064 4911 psit;
2097 4840 2196 4893 sed
2221 4840 2401 4894 Deum
2430 4855 2624 4894 verum
2655 4855 2754 4910 per
2780 4838 2895 4891 haec
2924 4834 3168 4907 agnovit.
3188 4839 3358 4905 atque
3386 4833 3515 4888 uni-

1920 4929 2067 4982 versi
2098 4928 2416 4983 effectorem
2445 4932 2503 4982 et
2544 4931 2990 4981 conservatorem
3040 4940 3161 4978 esse
3206 4922 3508 4980 intellexit.

1921 5017 2072 5071 Deus
2098 5022 2289 5072 autem
2312 5018 2433 5086 ejus
2449 5014 2784 5086 probitatem
2805 5012 2977 5067 animi
3002 5018 3171 5083 atque
3193 5011 3514 5078 candorem,

1932 5110 2258 5176 rectumque
2273 5104 2547 5175 judicium
2573 5101 2958 5173 comprobans,
2983 5100 3229 5172 seipsum
3243 5101 3296 5155 ei
3312 5100 3519 5171 patefe-

1923 5194 1999 5248 cit
2059 5195 2187 5261 (non
2218 5192 2442 5263 quidem
2473 5196 2537 5244 ut
2563 5196 2769 5244 natura
2804 5196 2907 5255 est,
2960 5206 3142 5260 neque
3197 5189 3349 5242 enim
3395 5189 3519 5243 ﬁeri

1924 5288 2109 5354 potest
2138 5287 2199 5336 ut
2226 5286 2415 5334 creata
2443 5286 2647 5334 natura
2682 5280 2861 5333 Deum
2909 5283 3120 5344 cernat,
3172 5294 3368 5332 verum
3417 5292 3520 5347 per

1925 5370 2361 5440 dispensatorias
2374 5368 2642 5439 quasdam
2653 5367 2753 5422 Dei
2766 5367 3026 5432 visiones,
3043 5364 3517 5438 quemadmodum

1924 5460 2043 5531 ipse
2071 5459 2263 5525 novit),
2292 5457 2711 5529 plenioremque
2736 5456 2823 5510 sui
2856 5456 3229 5525 cognitionem
3257 5455 3315 5507 in
3344 5452 3520 5523 ipsius

1925 5548 2117 5602 animo
2139 5547 2409 5611 inserens,
2433 5545 2614 5616 gloria
2628 5562 2755 5599 eum
2777 5544 2980 5610 affecit,
3005 5543 3223 5613 sibique
3247 5539 3518 5595 famulum

1925 5636 2140 5690 ascivit.
2173 5634 2280 5701 Qui
2310 5636 2535 5708 quidem
2582 5646 2686 5705 per
2718 5633 3123 5687 successionem
3172 5629 3260 5682 his
3305 5625 3400 5697 qui
3448 5623 3519 5677 ab
