3876 6190
331 399 440 460 467

1360 397 1454 451 DE
1489 396 1679 452 VITIS
1710 390 2011 452 PATRUM
2047 394 2261 450 LIBER
2297 391 2585 448 PRIMUS.
2625 413 2647 428 α

3503 385 3605 444 468

339 527 463 598 ipso
491 527 898 598 promanarunt
923 523 1259 578 transmissa
1287 525 1515 595 pietate,
1554 541 1649 579 eos
1685 523 1801 578 veri
1825 524 1929 578 Dei
1945 522 2072 583 Ain
2094 538 2209 575 una
2236 537 2494 592 persona,
2529 523 2586 572 et
2613 515 2831 572 duabus
2860 515 3097 583 naturis,
3129 515 3409 588 perfectus
3437 515 3604 582 Deus,

341 615 658 686 cognitione
687 613 970 667 instruxit.
1013 613 1261 684 Eamque
1295 613 1364 667 ob
1391 631 1618 668 causam
1665 614 1937 668 Dominus

341 719 534 758 semen
591 702 770 773 ipsius
823 701 882 754 in
937 701 1216 756 inﬁnitam
1272 702 1688 756 multitudinem
1747 718 1935 756 excre-

341 807 495 846 scere
518 791 712 857 voluit,
744 791 1125 862 populumque
1149 789 1256 845 sibi
1271 791 1608 861 peculiarem
1637 790 1940 862 appellavit

277 949 284 955 ι
343 881 493 947 (Gen.
525 893 634 941 xv;
671 881 702 934 Ι
733 881 840 933 Pet.
890 881 988 948 II);
1044 895 1250 950 eosque
1296 879 1569 950 Egyptian
1611 879 1814 950 gentis,
1873 896 1937 934 ac

338 967 568 1040 tyranni
583 967 894 1022 Pharaonis
912 967 1178 1022 servitute
1201 984 1440 1038 pressos.
1455 967 1621 1022 editis
1643 967 1937 1023 horrendis

341 1061 510 1128 atque
540 1056 887 1110 admirandis
915 1055 1091 1126 signis
1119 1061 1176 1109 et
1208 1057 1477 1127 prodigiis
1504 1073 1606 1128 per
1623 1057 1854 1129 Moysen
1882 1062 1940 1110 et

338 1147 642 1211 Aaronem,
665 1145 812 1199 viros
840 1150 1062 1198 sanctos
1103 1161 1167 1198 ac
1212 1145 1518 1216 pr0phetiae
1555 1145 1700 1200 dono
1742 1145 1940 1218 praedi-

340 1240 448 1301 tos,
490 1233 684 1288 eduxit
713 1235 908 1300 (Exodi
935 1238 1046 1302 xv).
1078 1233 1328 1298 Quorum
1371 1234 1543 1288 etiam
1571 1251 1741 1306 opera
1767 1235 1941 1306 Egy-

341 1322 506 1392 ptios,
536 1339 638 1393 pro
664 1338 730 1376 eo
760 1326 928 1392 atque
957 1322 1205 1393 ipsorum
1233 1322 1567 1393 improbitas
1597 1322 1937 1388 merebatur,

343 1411 680 1465 excruciavit
703 1429 716 1478 ;
741 1415 798 1464 et
827 1411 1110 1465 Israelitas
1139 1411 1234 1474 (sic
1263 1411 1413 1465 enim
1439 1412 1679 1483 populus
1699 1412 1812 1478 ille,
1837 1412 1934 1482 qui

2019 617 2076 664 et
2105 611 2272 664 homo
2299 609 2611 681 perfectus;
2643 605 2838 661 matris
2858 605 3239 677 virginitatem
3270 605 3443 658 etiam
3487 611 3610 675 post

2020 705 2245 770 partum
2273 697 2344 752 ab
2373 697 2526 751 omni
2549 695 2673 750 labe
2701 711 3055 750 conservans.
3079 695 3266 765 Atque
3280 693 3479 747 iisdem
3497 709 3612 747 om-

2019 787 2151 841 nino
2183 786 2386 857 quibus
2409 801 2530 850 nos,
2565 789 2794 856 excepto
2822 787 3070 854 peccato,
3115 780 3471 853 passionibus
3513 779 3615 834 ob-

2019 875 2217 930 noxius
2247 875 2475 928 elfectus
2497 874 2641 940 (Heb.
2677 872 2772 946 Iv),
2806 871 3166 925 inﬁrmitates
3193 874 3417 925 nostras
3433 885 3616 924 susce-

2017 964 2120 1036 pit,
2145 981 2209 1017 ac
2237 961 2462 1017 morbos
2488 966 2710 1016 nostros
2730 959 2972 1032 portavit
2995 962 3126 1024 (13a.
3159 961 3296 1030 Lm).
3336 959 3618 1024 Quoniam

2020 1053 2171 1106 enim
2202 1068 2302 1124 per
2332 1055 2622 1122 peccatum
2672 1065 2826 1103 mors
2873 1049 2932 1102 in
2986 1048 3262 1102 mundum
3319 1047 3623 1102 introierat

2024 1143 2189 1209 (Rom.
2227 1144 2300 1206 γ),
2333 1155 2562 1194 necesse
2591 1143 2715 1192 erat
2742 1144 2806 1192 ut
2855 1136 2952 1208 qui
2989 1135 3390 1208 redemptionis
3429 1141 3621 1201 πει,

2022 1245 2254 1282 munere
2287 1227 2684 1299 perfuncturus
2720 1230 2860 1291 erat,
2905 1225 2976 1279 ab
3005 1225 3159 1279 omni
3187 1231 3415 1300 peccato
3445 1241 3626 1296 purus

2023 1322 2187 1380 esset,
2220 1317 2542 1388 peccatique
2571 1314 2739 1370 morti
2760 1313 2991 1368 minime
3010 1313 3301 1367 obnoxius.

2089 1405 2342 1476 Triginta
2372 1421 2538 1476 porro
2560 1403 2722 1458 annis
2743 1418 2872 1458 cum
2895 1401 3216 1456 hominibus
3244 1408 3522 1468 versatus,
3559 1403 3624 1456 in

343 1499 414 1553 ab
439 1499 758 1554 Abrahamo
787 1505 976 1554 ortum
1003 1499 1180 1564 duxit,
1211 1499 1539 1568 vocabatur)
1578 1501 1738 1554 siccis
1781 1501 1934 1572 pedi-
2015 1494 2272 1550 Jordanis
2293 1493 2506 1548 undisa
2523 1493 2738 1547 Joanne
2755 1491 2872 1545 viro
2893 1496 3104 1556 sancto,
3124 1507 3190 1545 ac
3209 1491 3622 1562 prophetarum

343 1587 447 1642 bus
475 1605 576 1659 per
597 1588 851 1643 Rubrum
879 1605 1053 1654 mare,
1085 1588 1272 1642 scissis
1291 1589 1546 1643 videlicet
1571 1589 1935 1660 aquis,atque

2019 1583 2271 1637 omnium
2287 1581 2774 1653 prastantissimo,
2787 1579 3100 1651 baptizatus
3115 1585 3219 1636 est.
3241 1580 3428 1650 quue
3439 1579 3630 1651 bapti-

344 1683 465 1730 tum
485 1693 519 1730 a
545 1677 742 1731 dextra
757 1684 880 1732 tum
898 1693 932 1731 a
950 1677 1180 1731 sinistra
1201 1677 1349 1732 muri
1369 1679 1549 1732 instar
1571 1678 1798 1742 effectis,
1825 1685 1937 1732 tra-
2017 1677 2142 1725 zato
2167 1685 2269 1725 Vox
2295 1669 2573 1740 ejusmodi
2603 1669 2671 1722 de
2701 1669 2839 1722 60310
2869 1685 2903 1722 a
2927 1669 3042 1722 D80
3087 1668 3255 1722 Patre
3285 1668 3472 1722 delata
3499 1673 3623 1722 est:

338 1764 492 1836 jecit.
529 1766 671 1820 Cum
699 1772 888 1820 autem
913 1766 1132 1820 Pharao
1164 1772 1222 1820 et
1246 1767 1491 1837 :Egyptii
1515 1783 1549 1820 a
1575 1772 1732 1838 tergo
1749 1784 1842 1821 eos
1853 1784 1937 1821 se-

2018 1760 2122 1813 Hic
2151 1764 2236 1813 est
2253 1759 2424 1813 Filius
2445 1775 2604 1812 meus
2625 1757 2880 1823 dilectus,
2923 1756 2982 1810 in
3007 1773 3118 1827 quo
3139 1755 3279 1809 mihi
3299 1755 3442 1810 bene
3469 1773 3631 1810 com-

345 1856 673 1922 querentur,
705 1867 940 1904 reversa:
958 1867 1116 1920 aquae
1138 1868 1232 1905 eos
1247 1868 1476 1922 prorsus
1496 1852 1838 1906 deleverunt.
1858 1854 1936 1906 Ac
1959 1839 2002 1895 Β
2022 1848 2203 1920 placui
2233 1850 2406 1916 (Lucae
2435 1847 2516 1915 III)
2549 1865 2560 1900 :
2596 1852 2764 1916 atque
2805 1845 3046 1916 Spiritus
3075 1850 3303 1898 sanctus
3349 1844 3631 1900 columba:

274 1982 277 1983 ν
345 1944 562 2008 postea,
593 1955 719 1992 cum
750 1955 852 2008 per
883 1939 1129 1992 maxima
1157 1939 1427 1992 miracula
1455 1940 1783 2010 divinosque
1809 1958 1939 2012 pro-

346 2033 590 2097 spectus,
607 2027 978 2097 quadraginta
997 2043 1270 2081 annorum
1291 2028 1470 2098 spatio
1491 2030 1758 2099 populum
1779 2029 1836 2082 in
1850 2030 1942 2083 de-

347 2120 499 2170 serto
527 2113 847 2180 deduceret,
873 2132 938 2169 ac
963 2116 1174 2170 caelesti
1203 2133 1346 2186 pane
1375 2133 1503 2170 eum
1535 2117 1729 2184 aleret,
1762 2118 1942 2188 legem

351 2204 496 2274 (qua:
518 2203 836 2258 futurorum
873 2209 1042 2274 typus
1061 2210 1230 2274 atque
1261 2204 1615 2259 adumbrati)
1639 2209 1776 2276 erat)
1807 2207 1944 2278 lapi-

347 2291 468 2346 deis
516 2290 725 2345 tabulis
779 2291 1048 2346 divinitus
1098 2292 1426 2364 inscriptam
1483 2294 1656 2360 dedit,
1707 2311 1943 2366 eamque

349 2379 528 2451 Moysi
557 2379 618 2432 in
648 2386 838 2434 monte
869 2379 1068 2434 tribuit
1098 2382 1291 2448 (Exodi
1319 2386 1487 2450 xxxx).
1533 2383 1666 2447 Quae
1715 2383 1943 2454 quidem

349 2466 421 2522 ab
439 2466 699 2522 omnibus
721 2467 1037 2522 simulacris
1061 2469 1421 2539 etﬂagitiosis
1441 2471 1754 2526 actionibus
1773 2471 1946 2526 abdu-

349 2555 527 2621 cebat,
558 2555 851 2627 solumque
866 2573 1058 2612 verum
1085 2558 1262 2612 Deum
1288 2560 1540 2613 venerari
1568 2559 1818 2614 docebat.
1855 2561 1946 2615 Sic

351 2645 527 2714 igitur
553 2660 655 2715 per
686 2645 937 2714 ingentia
966 2645 1235 2700 miracula
1260 2646 1411 2717 ipsos
1441 2649 1498 2702 in
1525 2647 1729 2702 bonam
1753 2666 1948 2720 quam-

352 2733 484 2788 dam
513 2739 724 2787 terram
737 2733 978 2799 induxit,
993 2751 1164 2805 quam
1185 2735 1317 2788 olim
1330 2736 1660 2806 patriarcha;
1676 2737 1946 2792 illiAbra-

352 2821 522 2876 hamo
551 2837 612 2876 se
631 2821 812 2892 ipsius
839 2821 1041 2876 semini
1067 2822 1334 2878 daturum
1363 2831 1668 2896 receperat.
1699 2827 1780 2880 Ac
1824 2827 1948 2880 lon-

352 2925 488 2981 gum
515 2915 665 2964 esset
682 2926 1123 2966 commemorare
1152 2917 1289 2982 quot
1334 2929 1614 2984 quamque
1651 2931 1858 2984 magna
1893 2920 1951 2970 et

357 2998 692 3053 admiranda
720 3004 778 3052 et
807 2999 1050 3054 illustria
1077 3005 1246 3070 atque
1275 3001 1481 3054 eximia
1507 3001 1794 3070 beneficia,
1829 3020 1952 3074 quae

355 3103 658 3142 numerum
685 3103 908 3142 omnem
937 3088 1228 3155 excedunt,
1262 3089 1320 3143 in
1348 3106 1441 3145 eos
1469 3091 1788 3146 contulerit.
1822 3091 1954 3156 Qui-

2022 1937 2206 2008 specie
2227 1937 2286 1990 in
2307 1937 2493 2006 ipsum
2515 1934 2824 1989 descendit.
2845 1935 2925 1988 Ac
2943 1932 3204 2004 deinceps
3230 1949 3435 2003 magna
3454 1939 3513 1988 et
3528 1933 3636 1987 ad-

2024 2025 2282 2080 miranda
2307 2025 2469 2094 signa
2497 2023 2717 2078 efficere
2747 2023 2931 2094 coapit,
2961 2026 3212 2075 mortuos
3255 2021 3513 2076 videlicet
3556 2023 3634 2077 ad

2023 2115 2192 2167 vitam
2223 2129 2504 2179 revocans,
2538 2113 2699 2167 caicis
2726 2111 2907 2165 lucem
2936 2111 3194 2175 alferens,
3237 2111 3520 2165 daemones
3569 2111 3636 2166 in

2023 2203 2214 2273 fugam
2242 2207 2481 2266 vertens,
2515 2201 2713 2255 surdos
2741 2205 2797 2254 et
2837 2199 3065 2254 claudos
3107 2215 3330 2265 curans,
3369 2199 3637 2270 leprosos

2026 2307 2292 2362 purgans,
2307 2297 2483 2361 atque
2509 2289 2878 2344 inveteratam
2897 2293 3161 2342 naturam
3181 2293 3435 2341 nostram
3455 2287 3632 2342 undi-

2026 2398 2133 2452 que
2147 2378 2826 2450 renovans,operibusque
2847 2378 3127 2442 erudiens,
3151 2394 3216 2430 ac
3228 2377 3450 2431 virtutis
3471 2377 3635 2432 viam

2025 2470 2280 2535 edocens,
2309 2474 2480 2539 atque
2501 2485 2535 2522 a
2560 2466 2918 2538 corruptione
2939 2465 3290 2532 abstrahens,
3313 2471 3370 2520 et
3388 2465 3458 2518 ad
3482 2483 3641 2520 sem-

2026 2557 2304 2628 piternam
2343 2556 2515 2611 vitam
2543 2555 2650 2609 iter
2677 2559 3020 2608 monstrans.
3050 2553 3210 2608 Unde
3229 2553 3398 2608 etiam
3411 2553 3642 2609 duode-

2027 2645 2136 2699 cim
2166 2645 2465 2716 discipulos
2507 2643 2676 2714 elegit
2711 2643 2931 2715 (Matth.
2978 2642 3112 2704 xxx).
3155 2658 3294 2713 quos
3339 2643 3641 2713 apostolos

2029 2733 2356 2800 nominavit,
2373 2732 2620 2804 ipsisque
2638 2731 2926 2802 negotium
2945 2730 3102 2784 dedit
3117 2735 3182 2785 ut
3194 2731 3478 2784 ccrlestem
3498 2731 3640 2787 vitae

2029 2822 2304 2876 rationem
2334 2821 2722 2892 praedicarent,
2756 2835 2926 2890 quam
2939 2819 3075 2873 utin
3101 2825 3253 2872 terra
3279 2819 3635 2887 ostenderet,

2031 2927 2095 2964 ac
2126 2927 2227 2964 nos
2245 2910 2486 2964 humiles
2507 2914 2564 2963 et
2581 2915 2833 2962 terrenos
2860 2923 2962 2978 per
2987 2907 3431 2962 incarnationem
3462 2924 3642 2963 suam

2033 2999 2283 3054 caelestes
2313 2999 2576 3063 efficeret,
2607 3002 2857 3050 venerat.

2102 3089 2178 3142 At
2203 3105 2333 3142 vero
2359 3085 2886 3156 admirandaeipsius
2915 3101 2979 3138 ac
3004 3083 3211 3138 Deitati
3238 3091 3644 3142 consentaneae

357 3174 462 3230 bus
490 3175 748 3231 omnibus
775 3175 832 3230 id
863 3175 1152 3247 agebatur,
1183 3183 1248 3232 ut
1272 3180 1343 3232 ab
1373 3179 1525 3233 omni
1554 3179 1767 3234 nefario
1797 3181 1951 3234 cultu
1969 3184 2012 3244 ο
2034 3176 2160 3230 vitae
2178 3181 2346 3248 atque
2367 3175 2712 3230 inﬁnitorum
2729 3173 3126 3228 miraculorum
3140 3173 3348 3227 invidia
3359 3179 3416 3228 et
3437 3173 3646 3231 furore

359 3270 418 3321 et
442 3265 656 3336 ﬂagitio
675 3282 854 3336 genus
873 3265 1180 3320 humanum
1203 3266 1573 3334 abstraheret,
1590 3273 1758 3340 atque
1782 3269 1842 3323 in
1861 3285 1954 3323 ve-

361 3360 544 3410 terem
571 3359 787 3408 statum
817 3361 1120 3409 revocaret.
1153 3355 1342 3410 Nihilo
1372 3356 1553 3412 secius
1571 3363 1760 3412 tamen
1773 3359 1955 3414 adhuc

358 3448 566 3498 natura
592 3448 788 3497 nostra
813 3443 1020 3498 erroris
1047 3443 1294 3498 libertati
1316 3444 1609 3512 serviebat,
1632 3463 1697 3500 ac
1722 3463 1823 3518 per
1840 3447 1956 3501 dia-

359 3530 470 3586 boli
486 3531 842 3603 tyrannidem
874 3548 1026 3585 mors
1053 3532 1113 3586 in
1133 3533 1386 3588 homines
1398 3551 1632 3604 regnum
1646 3535 1950 3601 obtinebat,

361 3636 666 3690 omnesque
681 3619 870 3674 divina
883 3621 1164 3674 sententia
1175 3622 1574 3677 condemnatos
1593 3624 1650 3678 in
1674 3623 1954 3678 infernum

361 3708 801 3763 transmittebat.

434 3797 576 3850 Cum
603 3795 780 3866 igitur
796 3797 854 3850 in
876 3797 1151 3867 ejusmodi
1173 3795 1552 3855 calamitatem
1575 3818 1640 3855 ac
1668 3801 1954 3855 miseriam

361 3884 726 3951 venissemus,
761 3885 994 3938 minime
1018 3903 1120 3940 nos
1150 3887 1402 3958 despexit
1431 3889 1479 3943 is
1508 3907 1542 3944 a
1567 3907 1676 3960 quo
1696 3890 1956 3944 effictiat-

363 3988 472 4042 que
500 3972 559 4026 in
596 3977 780 4026 ortum
811 3973 1068 4044 producti
1095 3975 1418 4044 fueramus;
1464 3994 1646 4048 neque
1687 3994 1954 4032 manuum

361 4076 593 4115 suarum
623 4077 764 4132 opus
792 4061 1048 4118 funditus
1075 4065 1260 4136 perire
1289 4065 1436 4120 sivit.
1477 4066 1686 4120 Verum
1715 4065 1957 4135 benigna

361 4149 462 4204 Dei
489 4165 553 4204 ac
585 4150 770 4204 Patris
818 4151 1106 4208 voluntate
1151 4153 1474 4224 unigenitus
1522 4155 1717 4220 Filius,
1758 4161 1815 4208 et
1852 4155 1953 4208 Dei

364 4237 630 4305 Verbum,
661 4241 758 4311 qui
787 4247 875 4294 est
900 4240 959 4295 in
979 4241 1106 4296 sinu
1134 4242 1351 4311 Patris;
1376 4243 1489 4309 ille,
1522 4243 1770 4314 inquam,
1804 4245 1956 4314 ejus-

361 4325 490 4380 dem
523 4344 652 4382 cum
677 4329 846 4383 Patre
867 4345 932 4382 ac
974 4331 1188 4400 Spiritu
1233 4336 1426 4385 sancto
1467 4331 1812 4397 substantiae,
1860 4333 1954 4386 ille

359 4431 474 4470 aevo
514 4417 670 4470 omni
709 4417 1014 4486 antiquior,
1061 4418 1155 4471 ille
1195 4419 1452 4490 principii
1503 4437 1720 4492 expers,
1763 4421 1859 4492 qui
1895 4421 1954 4475 in

2034 3265 2297 3320 commoti
2329 3265 2646 3320 Judaeorum
2690 3263 2978 3336 pontifices
3009 3277 3073 3314 ac
3119 3261 3420 3332 principes,
3478 3266 3647 3336 apud

2036 3371 2174 3426 quos
2203 3355 2414 3409 scilicet
2441 3352 2914 3419 commorabatur,
2939 3359 2996 3409 et
3023 3355 3094 3409 ad
3143 3371 3382 3426 quorum
3409 3353 3646 3408 utilita-

2035 3449 2151 3498 tem
2172 3443 2504 3498 admiranda
2538 3442 2864 3513 hujusmodi
2894 3443 3057 3514 signa
3074 3449 3132 3498 et
3151 3442 3405 3515 prodigia
3433 3460 3650 3516 perpe-

2035 3531 2638 3597 trarat,beneficiorum
2649 3531 2901 3586 omnium
2921 3531 3434 3598 immemores,eum
3447 3538 3651 3587 morte

2035 3622 2368 3686 multarunt,
2386 3636 2498 3674 uno
2510 3619 2778 3674 nimirum
2799 3637 2864 3674 ex
2875 3615 3050 3691 ipsius
3065 3620 3353 3692 discipulis
3363 3621 3433 3675 ad
3445 3620 3650 3692 ipsum

2037 3710 2386 3781 prodendum
2414 3713 2658 3780 arrepto,
2691 3709 3267 3780 comprehensumque
3294 3709 3480 3780 ipsum
3499 3727 3653 3780 gen-

2035 3799 2184 3852 tibus
2213 3797 2568 3862 dediderunt,
2601 3796 2806 3867 ipsum,
2832 3797 3084 3868 inquam,
3118 3797 3214 3867 qui
3242 3797 3498 3852 omnium
3521 3799 3655 3853 vita

2037 3893 2176 3951 erat,
2209 3903 2273 3940 ac
2302 3891 2499 3956 sponte
2531 3885 2648 3938 haec
2669 3883 3023 3955 suscipiebat.
3056 3886 3174 3939 Hac
3201 3885 3352 3940 enim
3371 3886 3442 3939 de
3462 3902 3654 3941 causa

2036 3977 2206 4032 venit.
2234 3981 2297 4028 ut
2329 3979 2518 4028 nostra
2535 3989 2705 4027 causa
2731 3973 2921 4027 omnia
2932 3979 3337 4045 perpeteretur,
3353 3991 3466 4045 quo
3486 3975 3655 4030 vide-

2037 4063 2166 4116 licet
2183 4079 2285 4116 nos
2311 4079 2345 4115 a
2372 4061 2584 4115 vitiosis
2613 4061 2998 4116 all‘ectionibus
3017 4061 3078 4115 in
3105 4061 3426 4116 libertatem
3457 4063 3655 4118 vindi-

2036 4157 2207 4205 caret.
2231 4152 2370 4205 Cum
2389 4154 2577 4204 autem
2603 4149 2781 4204 multa
2797 4149 2856 4202 in
2873 4165 3001 4203 eum
3013 4149 3410 4220 suppliciorum
3421 4167 3656 4220 genera

2038 4239 2434 4304 exercuissent,
2467 4254 2597 4292 eum
2627 4237 2698 4291 ad
2738 4243 3048 4291 extremum
3088 4253 3249 4292 cruce
3294 4238 3656 4294 condemna-

2039 4332 2189 4381 runt.
2209 4329 2391 4397 Atque
2415 4326 2603 4380 omnia
2626 4325 2682 4380 in
2705 4325 2908 4392 carnis,
2932 4341 3102 4396 quam
3132 4343 3197 4379 ex
3227 4326 3387 4380 nobis
3414 4343 3656 4382 assum-

2039 4421 2246 4486 pserat,
2279 4419 2484 4468 natura
2505 4413 2766 4484 pertulit:
2788 4413 2976 4468 divina
2996 4414 3223 4468 interim
3241 4414 3418 4484 ipsius
3431 4422 3658 4471 natura

360 4503 634 4574 principio
664 4509 804 4568 erat,
837 4509 895 4556 et
923 4505 1068 4573 apud
1101 4505 1282 4559 Deum
1325 4523 1390 4560 ac
1435 4509 1659 4563 Patrem
1703 4516 1844 4572 erat,
1900 4515 1956 4562 et
1975 4499 2111 4558 Dab
2137 4503 2290 4557 omni
2319 4501 2676 4573 perpessione
2692 4500 2867 4555 libera
2889 4507 3169 4556 manente.
3204 4503 3349 4556 Nam
3377 4519 3507 4557 cum
3542 4505 3660 4560 du-

360 4591 511 4644 Deus
530 4596 668 4656 erat,
703 4591 774 4644 ad
805 4607 992 4645 servos
1021 4607 1152 4646 suos
1181 4593 1539 4664 indulgenter
1566 4614 1626 4650 se
1673 4597 1952 4664 demittit;

362 4683 421 4732 et
447 4677 675 4748 quidem
704 4679 804 4746 ita,
836 4684 900 4734 ut
922 4679 1037 4734 haec
1055 4680 1320 4736 demissio
1337 4699 1439 4737 nec
1460 4683 1639 4738 verbis
1659 4685 1951 4750 declarari,

362 4781 466 4820 nec
494 4771 681 4821 mente
708 4767 1106 4839 comprehendi
1128 4769 1322 4840 possit.
1355 4771 1500 4825 Nam
1525 4787 1653 4825 cum
1673 4772 1821 4826 Deus
1836 4790 1960 4844 per-

361 4852 539 4908 fectus
566 4861 731 4921 esset,
764 4855 1042 4928 perfectus
1079 4857 1247 4913 homo
1277 4875 1342 4912 ex
1395 4859 1604 4930 Spiritu
1652 4867 1844 4914 sancto
1902 4866 1960 4915 et

362 4949 561 4997 sancta
583 4945 762 4999 Maria
791 4946 1004 5017 virgine
1035 4947 1134 5001 Dei
1161 4947 1434 5017 genitrice
1463 4948 1723 5012 efficitur,
1749 4965 1860 5004 non
1891 4967 1958 5004 ex

360 5031 464 5086 viri
487 5033 700 5087 semine
729 5040 828 5088 aut
847 5036 1133 5090 voluntate
1162 5042 1262 5091 aut
1287 5037 1584 5092 concubitu
1603 5040 1782 5102 (Joan.
1816 5043 1875 5104 ι),
1897 5040 1955 5093 ίη

361 5118 502 5174 labis
531 5121 713 5176 omnis
739 5129 966 5193 experte
991 5124 1239 5194 Virginis
1249 5131 1412 5180 utero
1427 5132 1752 5198 conceptus,
1771 5127 1868 5182 sed
1891 5145 1956 5182 ex

361 5207 574 5279 Spiritu
613 5216 825 5276 sancto,
853 5212 1328 5281 quemadmodum
1356 5219 1487 5268 ante
1537 5215 1954 5286 conceptionem

359 5297 822 5367 archangelorum
850 5314 997 5352 unus
1024 5299 1226 5354 missus
1256 5307 1358 5366 est,
1376 5302 1472 5372 qui
1502 5319 1701 5356 novam
1728 5303 1881 5358 illam
1901 5310 1960 5358 et

359 5385 747 5440 admirandam
799 5387 1216 5457 conceptionem
1247 5390 1464 5460 Virgini
1507 5392 1814 5446 nuntiaret.
1858 5393 1955 5447 Et-

359 5473 509 5528 enim
529 5474 631 5528 Dei
661 5475 832 5528 Filius
848 5491 914 5528 ex
926 5475 1137 5546 Spiritu
1167 5485 1358 5532 sancto
1389 5479 1509 5532 sine
1538 5481 1953 5536 semineconce-

358 5568 489 5634 ptus
518 5569 639 5617 est:
673 5568 1072 5634 compactaque
1100 5563 1205 5618 sibi
1227 5566 1284 5619 in
1315 5566 1566 5636 Virginis
1588 5574 1750 5622 utero
1784 5587 1952 5624 carne

357 5651 609 5706 animata
626 5652 819 5706 anima
847 5653 1082 5707 rationis
1111 5669 1175 5707 ac
1204 5655 1412 5710 mentis
1422 5657 1711 5729 participe,
1746 5659 1954 5730 prodiit

2038 4593 2168 4664 plici
2198 4596 2402 4646 natura
2431 4590 2694 4662 praeditus
2720 4595 2886 4655 esset,
2918 4589 3023 4644 hoc
3071 4595 3156 4644 est
3205 4590 3412 4656 divina,
3467 4597 3527 4646 et
3580 4611 3659 4648 ea

2039 4697 2206 4752 quam
2237 4697 2272 4734 a
2290 4679 2451 4734 nobis
2480 4683 2880 4749 assumpserat,
2910 4679 3160 4733 humana
3181 4679 3408 4750 quidem
3431 4685 3659 4737 natura

2040 4786 2303 4840 perpessa
2332 4773 2436 4834 est,
2465 4767 2726 4822 divinitas
2755 4771 2946 4821 autem
2975 4767 3334 4838 perpessione
3369 4767 3658 4825 immunis

2039 4864 2095 4912 et
2123 4857 2464 4910 immortalis
2493 4862 2632 4910 erat.
2667 4855 2829 4910 Cruci
2859 4855 3034 4925 igitur
3059 4855 3119 4910 in
3147 4871 3315 4910 carne
3342 4856 3662 4914 affixusest

2038 4946 2304 5000 innocens
2322 4945 2592 4999 Dominus
2620 4949 2812 4998 noster
2837 4944 2866 4998 J
2871 4959 3000 4998 esus
3015 4943 3294 4998 Christus.
3333 4945 3655 5002 Peccatum

2039 5039 2188 5092 enim
2209 5055 2321 5092 non
2349 5038 2497 5104 fecit,
2530 5053 2633 5091 nec
2661 5037 2920 5091 inventus
2949 5041 3036 5090 est
3069 5036 3234 5091 dolus
3258 5037 3318 5091 in
3367 5054 3465 5092 ore
3514 5042 3657 5110 ejus

2039 5130 2168 5194 (lsa.
2193 5141 2323 5193 Lm;
2351 5128 2500 5182 Rom.
2529 5129 2585 5193 v)
2615 5143 2628 5192 ;
2655 5125 3000 5197 proindeque
3019 5125 3189 5179 morti
3221 5123 3492 5181 obnoxius
3523 5144 3655 5185 non

2038 5221 2178 5270 erat.
2200 5213 2686 5285 Quandoquidem,
2709 5219 2771 5268 ut
2786 5215 2907 5284 jam
2919 5213 3052 5278 dixi,
3068 5230 3220 5268 mors
3230 5231 3332 5285 per
3343 5223 3656 5286 peccatum

2038 5302 2096 5356 in
2109 5303 2381 5357 mundum
2403 5301 2673 5356 introivit.
2690 5301 2900 5355 Verum
2917 5307 3109 5356 nostra
3120 5318 3288 5356 causa
3304 5317 3476 5358 carne
3491 5320 3661 5360 mor-

2037 5398 2151 5446 tem
2179 5391 2432 5462 oppetiit,
2459 5396 2523 5444 ut
2553 5407 2654 5444 nos
2685 5406 2720 5443 a
2748 5389 2944 5444 mortis
2976 5390 3275 5461 tyrannide
3301 5385 3652 5451 redimeret.

2037 5481 2336 5535 Descendit
2363 5480 2434 5534 ad
2466 5479 2692 5545 inferos,
2725 5477 2904 5548 iisque
2944 5478 3222 5544 contritis,
3268 5495 3362 5533 eas
3391 5497 3521 5550 quae
3573 5483 3660 5539 ab

2033 5569 2167 5623 orbe
2187 5569 2412 5622 condito
2429 5568 2540 5622 illic
2565 5567 2790 5620 inclusa:
2805 5566 3159 5632 tenebantur,
3183 5567 3400 5622 animas
3429 5568 3661 5628 libera-

2031 5658 2128 5713 vit.
2161 5659 2225 5713 In
2254 5657 2509 5730 sepulcro
2537 5655 2814 5722 conditus,
2842 5654 3011 5712 tertia
3033 5656 3124 5710 die
3147 5657 3475 5724 resurrexit,
3505 5676 3656 5718 cum
