3942 6200
230 390 331 446 469

641 393 811 448 VITA
848 392 1287 449 SANGI‘ORUM
1322 393 1668 449 BARLAAM
1705 392 2041 449 EREMITE
2079 393 2168 449 ET
2202 392 2568 448 JOSAPHAT
2605 395 2829 451 INDIIE
2867 396 3100 455 REGIS.

3404 395 3512 455 470

230 516 445 572 scilicet
474 520 713 572 mortem
741 520 1080 588 superasset,
1108 518 1506 590 victoriamque
1533 518 1694 573 nobis
1725 519 1888 580 ad-A
1910 523 2048 574 sunt
2082 519 2203 573 sine
2229 519 2347 573 ulla
2376 517 2722 574 dubitatione
2752 521 2938 589 credo,
2959 539 3205 594 eumque
3227 540 3396 596 quem
3409 540 3507 578 an-

229 622 425 659 versus
454 622 582 661 eam
616 606 899 672 donasset,
933 611 1100 676 atque
1124 606 1563 662 immortalitatis
1592 608 1827 677 largitor

228 695 719 749 immortalitatem
748 694 904 749 carni
931 695 1298 761 conciliasset,
1341 696 1626 768 discipulis
1675 696 1827 751 visus

228 788 329 851 est,
370 784 620 855 ipsisque
642 799 839 855 pacem
862 784 1364 859 impertivit(Joan.
1388 801 1463 839 xx
1486 805 1497 853 ;
1521 785 1638 842 Act.
1671 790 1731 856 1),
1764 802 1828 840 ac

226 889 327 944 per
363 889 462 927 eos
493 872 749 926 universo
777 873 1102 927 mortalium
1128 873 1341 944 generi.

280 961 444 1035 \Post
477 961 852 1033 quadraginta
880 968 1072 1016 autem
1101 963 1220 1017 dies
1250 963 1306 1016 in
1338 964 1504 1017 caelos
1557 964 1829 1033 ascendit,

228 1056 401 1121 atque
429 1050 488 1104 in
517 1050 701 1105 Patris
728 1051 925 1104 dextra
961 1051 1137 1116 sedet,
1187 1068 1525 1122 rursumque
1563 1058 1830 1106 venturus

227 1143 309 1192 est
346 1139 603 1214 judicare
626 1138 777 1193 vivos
806 1144 864 1193 et
881 1144 1152 1209 mortuos,
1176 1157 1240 1194 ac
1262 1141 1497 1195 reddere
1527 1140 1831 1212 unicuique

221 1228 389 1298 juxta
415 1244 589 1299 opera
610 1244 714 1281 sua
744 1230 908 1295 (Psal.
946 1228 1085 1295 LXI).
1136 1229 1272 1282 Post
1297 1229 1597 1299 gloriosam
1640 1236 1829 1283 autem

226 1331 391 1370 suam
413 1316 473 1370 in
503 1317 670 1370 caelos
690 1316 1092 1377 ascensionem,
1112 1317 1528 1371 sanctissimum
1558 1318 1830 1389 Spiritum

227 1404 291 1458 ad
326 1410 562 1459 sanctos
588 1420 719 1459 suos
747 1405 1049 1477 discipulos
1068 1406 1126 1459 in
1146 1405 1295 1476 ignis
1324 1406 1507 1477 specie
1524 1407 1678 1461 misit
1705 1425 1717 1474 ;
1740 1424 1833 1461 cu-

222 1494 311 1564 jus
328 1492 606 1547 instinctu
616 1493 931 1564 peregrinis
940 1493 1310 1565 linguisloqui
1321 1500 1610 1566 ceperunt
1621 1534 1633 1557 ,
1642 1512 1833 1566 quem-

225 1579 537 1635 admodum
574 1580 692 1651 ipse
721 1581 893 1636 dabat
920 1582 1105 1653 eloqui
1149 1582 1278 1635 illis.
1323 1582 1467 1636 Hinc
1509 1583 1684 1653 igitur
1731 1600 1833 1654 per

1908 608 2137 661 nuntias
2156 608 2335 662 Deum
2363 607 2545 677 gloria
2564 608 2764 663 afﬁcio.
2789 610 2907 665 Hoc
2930 627 3107 666 unum
3128 618 3278 684 peto,
3301 619 3367 668 ut
3385 613 3508 667 sine

1909 697 2024 750 ullo
2054 712 2241 750 errore
2271 702 2473 750 cuncta
2494 697 2634 750 mihi
2663 697 2930 764 declares,
2965 701 3210 771 quidque
3248 702 3388 756 mihi
3425 701 3510 755 fa-

1909 786 2166 841 ciendum
2198 787 2271 842 sit
2300 794 2488 842 exacte
2527 788 2746 841 doceas.
2793 790 2978 860 Atque
3022 793 3193 845 etiam
3242 793 3511 863 quidnam

1913 874 2225 946 baptismus
2245 876 2318 930 sit
2346 893 2514 948 quem
2535 876 2605 930 ab
2618 876 2686 930 iis
2712 876 2808 947 qui
2823 877 2934 931 ﬁde
2946 880 3166 950 praediti
3186 885 3320 936 sunt
3337 881 3512 954 accipi

1912 965 2013 1031 ais,
2044 965 2304 1036 deinceps
2331 965 2417 1019 fac
2444 965 2775 1035 intelligam.

1983 1054 2083 1107 Ille
2116 1060 2305 1108 autem
2327 1054 2396 1107 ad
2417 1071 2547 1108 eum
2567 1054 2884 1125 respondit:
2918 1055 3133 1110 Sancta
3163 1056 3334 1127 hujus
3355 1062 3412 1112 et
3431 1058 3513 1112 in-

1911 1142 2305 1196 contaminatae
2335 1141 2783 1196 Christianorum
2805 1142 2935 1196 ﬁdei
2963 1143 3116 1198 velut
3134 1145 3288 1200 radix
3304 1162 3370 1200 ac
3390 1163 3512 1201 cer-

1911 1233 2031 1283 tum
2054 1230 2483 1284 fundamentum
2499 1230 2671 1284 divini
2692 1230 2957 1301 baptismi
2974 1232 3162 1302 gratia
3181 1237 3284 1300 est,
3307 1238 3373 1287 ut
3391 1250 3514 1303 quae

1913 1318 2103 1372 omnia
2131 1336 2167 1372 a
2194 1318 2488 1373 nativitate
2521 1324 2808 1373 contracta
2835 1325 3065 1390 peccata
3091 1321 3294 1392 expiet,
3345 1326 3515 1392 atque

1915 1423 1983 1461 ea
1999 1407 2427 1478 inquinamenta
2446 1424 2572 1478 quae
2594 1424 2660 1460 ex
2683 1408 2819 1461 vitio
2850 1408 3093 1462 conﬂata
3119 1413 3252 1463 sunt
3280 1425 3513 1481 prorsus

1914 1502 2200 1567 expurget.
2222 1496 2313 1550 Sic
2332 1496 2482 1549 enim
2507 1496 2761 1550 Salvator
2787 1496 3092 1563 mandavit,
3113 1501 3179 1551 ut
3193 1514 3294 1569 per
3305 1514 3513 1570 aquam

1912 1600 1978 1637 ac
1997 1583 2267 1654 Spiritum
2288 1599 2705 1654 regeneremur,
2729 1588 2900 1655 atque
2923 1585 2993 1639 ad
3009 1590 3258 1640 veterem
3275 1586 3517 1657 dignita—

224 1667 406 1739 ipsius
433 1669 747 1739 gratiamin
776 1686 975 1724 omnes
1004 1676 1201 1740 gentes
1221 1671 1460 1742 dispersi
1481 1677 1631 1735 sunt,
1658 1677 1828 1743 atque
1907 1676 2023 1724 tem
2047 1672 2370 1725 redeamus:
2397 1688 2498 1742 per
2518 1672 2828 1726 orationem
2848 1673 3108 1728 videlicet
3123 1690 3187 1728 ac
3205 1675 3514 1730 salutarem

226 1757 600 1811 orthodoxam
628 1758 795 1812 ﬁdem
825 1758 1283 1829 praedicaverunt,
1335 1758 1683 1830 baptizantes
1731 1778 1867 1833 eosg
1907 1759 2335 1826 invocationem,
2367 1760 2437 1814 ad
2467 1777 2671 1831 aquam
2710 1761 3008 1815 accedente
3042 1761 3256 1833 Spiritu
3296 1767 3509 1817 sancto.

224 1844 279 1899 in
304 1846 545 1900 nomine
572 1847 756 1900 Patris
782 1852 840 1901 et
869 1847 993 1901 Filii
1024 1853 1081 1902 et
1110 1848 1351 1919 Spiritus
1380 1850 1577 1915 sancti,
1620 1856 1678 1903 et
1725 1831 1887 1904 do-B
1909 1849 2268 1919 Baptizamur
2287 1849 2459 1919 igitur
2478 1851 2640 1919 juxta
2662 1849 2964 1904 Salvatoris
2985 1831 3304 1904 sermonem
3331 1850 3391 1904 in
3416 1866 3514 1905 no-

225 1940 417 1988 centes
455 1952 676 1988 servare
720 1936 911 1990 omnia
955 1937 1257 1991 Salvatoris
1296 1943 1574 2009 praecepta
1614 1940 1822 2007 (Matth.

226 2019 439 2093 xxvm).
462 2023 548 2076 Ad
578 2024 726 2078 hunc
756 2024 931 2095 igitur
959 2026 1189 2079 modum
1222 2031 1419 2095 gentes
1468 2044 1503 2080 a
1544 2033 1698 2081 recta
1744 2028 1835 2081 via

227 2110 561 2165 aberrantes
576 2112 947 2179 illustrarunt,
971 2130 1036 2168 ac
1054 2114 1529 2185 supersititiosum
1552 2116 1831 2170 idolorum

229 2215 484 2253 errorem
497 2200 566 2254 de
576 2202 762 2255 medio
771 2202 1141 2258 sustulerunt.
1155 2204 1419 2267 Quamvis
1431 2209 1620 2258 autem
1634 2205 1828 2271 hostis,

230 2288 449 2342 cladem
470 2306 632 2343 suam
652 2291 1036 2361 indignissime
1056 2291 1257 2357 ferens,
1298 2309 1445 2346 nunc
1474 2288 1696 2363 quoque
1719 2293 1833 2347 bel-

228 2376 346 2431 lum
370 2378 639 2432 adversus
660 2379 780 2450 pios
804 2378 1024 2446 excitet,
1047 2379 1236 2434 stultis
1260 2380 1517 2434 videlicet
1535 2397 1598 2434 ac
1614 2381 1832 2435 stolidis

228 2466 584 2536 persuadens
604 2474 668 2521 ut
687 2467 1188 2522 idolorumcultum
1208 2469 1390 2522 adhuc
1411 2469 1709 2536 retineant,
1730 2470 1833 2523 im-

228 2553 431 2609 becilla
461 2562 649 2609 tamen
697 2556 877 2627 ipsius
912 2556 994 2611 vis
1045 2558 1242 2612 eﬂ'ecta
1273 2563 1376 2624 est,
1433 2563 1602 2627 atque
1656 2558 1831 2629 ipsius

228 2643 459 2699 frameae
490 2661 591 2716 per
619 2643 827 2698 Christi
847 2645 1157 2716 potentiam
1193 2646 1252 2700 in
1278 2647 1448 2700 ﬁnem
1485 2646 1825 2701 defecerunt.

228 2732 296 2786 Et
306 2732 414 2786 tibi
428 2733 731 2787 Dominum
743 2751 930 2788 meum
948 2750 1012 2787 ac
1028 2734 1208 2789 Deum
1237 2740 1294 2789 et
1316 2735 1514 2789 salutis
1542 2740 1826 2790 auctorem

227 2821 425 2891 paucis
453 2820 635 2875 verbis
661 2822 965 2891 declaravi;
996 2823 1216 2893 plenius
1245 2829 1433 2877 autem
1464 2841 1593 2877 eum
1622 2841 1827 2894 cogno-

229 2926 370 2972 sces,
413 2909 462 2964 si
500 2910 677 2982 ipsius
724 2911 967 2980 gratiam
1016 2912 1074 2964 in
1128 2911 1319 2965 anima
1369 2917 1467 2966 tua
1525 2913 1822 2983 acceperis,

230 2997 534 3069 divinaque
561 2998 830 3054 beneﬁcio
857 2999 961 3053 tibi
990 3000 1292 3070 contigerit
1314 3005 1380 3055 ut
1413 3001 1590 3072 ipsius
1635 3018 1828 3055 servus

230 3087 352 3141 ﬁas.

1908 1936 2059 1990 mine
2074 1937 2257 1991 Patris
2276 1942 2333 1990 et
2351 1937 2478 1990 Filii
2496 1942 2552 1991 et
2569 1937 2810 2008 Spiritus
2838 1938 3016 1991 sancti
3051 1939 3265 2005 (Matth.
3288 1946 3509 2005 XXVIII).

1912 2027 2096 2095 Atque
2124 2026 2203 2078 ita
2226 2024 2467 2095 Spiritus
2485 2025 2672 2095 gratia
2699 2025 2757 2080 in
2789 2027 2916 2097 ejus
2946 2026 3041 2097 qui
3060 2024 3378 2097 baptizatur
3396 2026 3518 2081 ani-

1913 2114 2372 2179 maimmoratur,
2402 2130 2525 2168 eam
2544 2114 2850 2180 illustrans,
2884 2131 2949 2168 ac
2976 2115 3221 2169 divinam
3251 2115 3513 2180 reddens,

1914 2207 2083 2274 atque
2112 2203 2417 2273 imaginem
2434 2203 2585 2255 illam
2598 2219 2662 2256 ac
2675 2203 3102 2257 similitudinem
3124 2204 3244 2269 Dei,
3261 2204 3333 2258 ad
3344 2220 3514 2275 quam

1912 2291 2138 2344 condita
2165 2297 2268 2357 est,
2301 2290 2406 2361 ipsi
2436 2290 2775 2345 instaurans.
2808 2292 2887 2345 Ac
2915 2290 3196 2362 deinceps,
3228 2291 3511 2347 veteribus

1914 2378 2173 2432 omnibus
2200 2379 2319 2432 vitii
2349 2378 2610 2449 operibus
2636 2378 2887 2449 abjectis,
2913 2395 3071 2433 novae
3097 2380 3225 2434 vitae
3251 2397 3381 2434 cum
3392 2381 3510 2435 Deo

1914 2472 2138 2537 pactum
2166 2467 2373 2521 inimus
2404 2469 2586 2533 (Nam,
2620 2472 2762 2521 orat.
2794 2468 2857 2521 de
2881 2473 3055 2522 sanet.
3087 2469 3398 2536 Baptism),
3447 2484 3512 2523 ac

1912 2556 2199 2626 puriorem
2227 2556 2445 2609 vivendi
2475 2555 2752 2609 rationem
2779 2555 3136 2627 auspicamur
3161 2575 3172 2610 :
3207 2572 3317 2627 quo
3347 2556 3512 2610 nimi-

1910 2660 2036 2697 rum
2068 2644 2238 2698 etiam
2267 2644 2585 2698 cohaeredes
2616 2660 2810 2698 eorum
2841 2643 3156 2697 efﬁciamur
3181 2645 3278 2715 qui
3303 2645 3375 2698 ad
3401 2630 3512 2699 im;

1911 2733 2315 2790 mortalitatem
2368 2733 2685 2802 regenerati
2751 2737 2885 2786 sunt
2906 2772 2921 2797 ,
2983 2748 3049 2785 ac
3107 2732 3512 2804 sempiternam

1911 2821 2149 2874 salutem
2187 2820 2472 2875 consecuti
2517 2826 2666 2874 sunt.
2720 2821 2877 2875 Citra
2918 2819 3262 2891 baptismum
3319 2826 3511 2876 autem

1911 2909 2031 2963 ﬁeri
2075 2925 2187 2962 non
2226 2913 2412 2979 potest
2440 2915 2505 2962 ut
2543 2909 2841 2980 quisquam
2877 2908 3083 2963 bonam
3129 2926 3289 2981 spem
3318 2926 3509 2965 conse-

1910 3002 2132 3069 quatur,
2167 2996 2478 3068 quamlibet
2506 2998 2679 3051 etiam
2716 2998 2837 3068 pios
2878 3013 3074 3051 omnes
3112 2997 3322 3068 pietate
3360 3004 3516 3053 ante-

1908 3087 2181 3140 celluerit.
2222 3086 2311 3140 Sic
2336 3086 2487 3139 enim
2533 3086 2683 3140 Deus
2726 3085 2996 3152 Verbum,
3049 3086 3165 3157 qui,
3207 3091 3272 3140 ut
3314 3087 3512 3157 generi

300 3177 434 3230 CAP.
468 3176 616 3232 VIII.
653 3207 723 3221 —
746 3177 879 3231 Haec
909 3177 1079 3231 verba
1106 3182 1169 3232 ut
1210 3177 1359 3249 regis
1396 3178 1544 3232 ﬁlius
1587 3179 1819 3245 audivit,
1844 3181 1887 3238 C
1909 3180 2102 3229 nostro
2115 3175 2354 3229 salutem
2376 3174 2619 3241 afferret,
2638 3173 3050 3228 humanitatem
3070 3175 3333 3245 suscepit,
3348 3174 3509 3230 dixit:

228 3264 405 3335 ipsius
434 3265 658 3319 animus
687 3266 897 3320 lumine
922 3267 1251 3338 perstrictus
1280 3272 1383 3332 est,
1416 3284 1481 3321 ac
1511 3284 1624 3338 pra;
1636 3268 1831 3323 laetitia

228 3368 260 3405 e
312 3354 455 3408 solio
497 3370 599 3408 suo
645 3371 968 3425 exsurgens,
1014 3356 1387 3426 Barlaamque
1433 3356 1824 3427 complectens,

228 3440 398 3494 dixit:
434 3442 713 3509 Fortasse,
738 3443 847 3497 nisi
870 3460 959 3497 me
991 3442 1316 3514 conjectura
1341 3444 1504 3510 fallit,
1550 3444 1635 3496 vir
1678 3460 1825 3515 prte-

227 3529 589 3595 stantissime,
618 3531 708 3585 hic
736 3536 823 3585 est
835 3531 1241 3585 inaestimabilis
1258 3532 1353 3585 ille
1370 3532 1508 3602 lapis
1526 3549 1691 3603 quem
1712 3549 1825 3587 non

228 3616 327 3672 abs
355 3635 419 3673 re
450 3620 730 3674 occultum
749 3624 926 3686 tenes,
942 3637 1047 3674 nec
1067 3620 1295 3674 cuilibet
1308 3620 1623 3691 promiscue
1644 3627 1826 3675 osten-

227 3706 329 3771 dis,
357 3724 557 3762 verum
580 3708 649 3762 iis
663 3708 890 3762 demum
913 3709 1009 3779 qui
1029 3709 1182 3763 sanis
1202 3725 1267 3762 ac
1284 3709 1460 3763 ﬁrmis
1483 3709 1657 3762 animi
1694 3727 1823 3764 sen—

226 3795 377 3850 sibus
406 3797 629 3868 praaditi
654 3803 804 3852 sunt.
828 3798 966 3852 Ecce
1006 3797 1157 3852 enim
1178 3803 1243 3852 ut
1260 3798 1378 3852 haec
1397 3798 1565 3852 verba
1592 3798 1823 3852 auribus

225 3886 431 3956 excepi,
456 3886 789 3940 suavissima
806 3887 900 3941 lux
924 3892 1119 3958 pectus
1143 3903 1332 3941 meum
1357 3886 1549 3953 subiit,
1568 3893 1626 3941 et
1654 3884 1823 3957 grave

226 3972 358 4028 illud
382 3972 641 4028 mceroris
654 3975 926 4040 velamen,
953 3976 1102 4046 quod
1117 3976 1238 4046 jam
1258 3976 1475 4046 pridem
1491 3976 1679 4029 animo
1697 3992 1821 4029 meo

227 4063 473 4133 undique
504 4063 881 4127 incumbebat,
904 4064 1095 4118 statim
1121 4064 1403 4118 sublatum
1432 4070 1534 4118 est.
1570 4064 1628 4118 Si
1649 4064 1825 4134 igitur

226 4158 376 4205 recte
394 4151 649 4221 conjicio,
681 4152 785 4216 fac,
819 4169 1027 4222 quaeso,
1060 4152 1252 4207 sciam.
1283 4152 1383 4207 Sin
1403 4158 1591 4206 autem
1611 4153 1823 4223 aliquid

230 4238 320 4292 his
338 4256 458 4310 qua:
474 4240 574 4294 abs
597 4245 653 4294 te
669 4245 1109 4297 commemorata
1127 4247 1260 4296 sunt
1268 4241 1627 4312 praestantius
1647 4242 1816 4308 nosti,

228 4343 302 4380 ne
328 4329 602 4383 cuncteris
633 4328 691 4382 id
711 4328 849 4382 mihi
874 4345 1069 4383 rursus
1096 4330 1334 4400 aperire.

301 4414 542 4470 Rursum
567 4417 744 4487 igitur
771 4416 1058 4488 respondit
1085 4418 1374 4472 Barlaam:
1410 4419 1495 4472 Ita
1538 4434 1691 4483 sane,
1742 4417 1820 4471 mi

1910 3264 2090 3316 Amen
2110 3262 2232 3316 dico
2250 3261 2425 3328 vobis,
2450 3262 2563 3316 nisi
2586 3261 2712 3332 quis
2723 3267 3087 3333 regeneratus
3107 3261 3279 3316 fuerit
3289 3278 3355 3315 ex
3363 3277 3513 3333 aqua

1911 3356 1968 3406 et
1994 3351 2205 3422 Spiritu
2232 3356 2443 3411 sancto.
2480 3367 2594 3404 non
2623 3350 2859 3404 intrabit
2891 3350 2952 3404 in
2978 3366 3215 3421 regnum
3242 3351 3512 3405 caelorum

1912 3442 2090 3503 (Joan.
2110 3443 2218 3509 III).
2243 3438 2619 3504 Quamobrem
2631 3444 2763 3493 ante
2778 3438 2968 3492 omnia
2978 3444 3035 3493 te
3055 3455 3212 3509 rogo,
3235 3445 3301 3494 ut
3317 3439 3508 3494 animo

1907 3528 2078 3582 ﬁdem
2107 3528 2367 3600 accipias,
2386 3545 2451 3581 ac
2468 3527 2662 3581 statim
2682 3526 3077 3581 ardentissimo
3094 3527 3341 3598 quodam
3361 3528 3504 3583 desi-

1907 3617 2064 3671 derio
2093 3617 2163 3671 ad
2180 3616 2525 3688 baptismum
2546 3616 2794 3675 accedas,
2809 3632 2911 3669 nec
2934 3616 3108 3669 ullam
3133 3616 3362 3671 omnino
3384 3632 3507 3671 mo-

1907 3722 2027 3758 ram
2057 3705 2343 3760 adhibeas.
2370 3704 2692 3759 Periculosa
2712 3703 2990 3775 siquidem
3021 3709 3107 3758 est
3133 3704 3348 3771 dilatio,
3380 3722 3509 3776 pro-

1904 3800 2099 3865 pterea
2122 3794 2272 3864 quod
2293 3794 2639 3865 praestitutus
2654 3795 2824 3849 morti
2846 3796 2964 3850 dies
2974 3795 3221 3849 incertus
3232 3799 3337 3849 est.
3353 3795 3381 3849 J
3386 3810 3509 3849 osa-

1903 3883 2042 3953 phat
2069 3890 2258 3937 autem
2288 3883 2358 3936 ad
2388 3883 2572 3954 ipsum
2604 3883 2779 3937 dixit:
2820 3883 2891 3938 Et
2912 3876 3177 3955 quianam
3226 3883 3374 3937 bona
3410 3882 3510 3936 illa

1905 3988 2031 4042 spes
2060 3978 2163 4038 est,
2191 3973 2350 4043 cujus
2381 3974 2502 4026 ﬁeri
2522 3989 2686 4044 posse
2716 3974 2935 4044 negasti
2965 3979 3030 4029 ut
3050 3973 3348 4045 quisquam
3370 3972 3512 4027 citra
3582 3998 3587 4003 η

1905 4059 2241 4130 baptismum
2273 4078 2498 4132 compos
2524 4061 2668 4116 ﬁat?
2707 4062 2985 4126 Quidnam
3015 4062 3185 4117 etiam
3214 4062 3354 4116 illud
3400 4067 3506 4127 est,

1906 4149 2054 4219 quod
2082 4150 2350 4203 caelorum
2378 4166 2616 4219 regnum
2644 4151 3231 4221 appellas'IUndenam
3253 4150 3389 4204 item
3400 4151 3505 4204 Dei

1904 4237 2256 4291 humanitate
2285 4238 2467 4291 induti
2498 4237 2665 4291 verba
2691 4238 2998 4292 audivisti?
3023 4239 3264 4303 Quinam
3308 4254 3505 4293 rursus

1902 4336 1986 4379 est
2010 4327 2256 4380 incertus
2286 4326 2454 4379 morti
2485 4326 2836 4395 praestitutus
2865 4325 3004 4392 dies,
3038 4326 3107 4379 de
3152 4342 3262 4396 quo
3303 4326 3505 4395 ingens

1901 4413 2215 4467 sollicitudo
2244 4419 2438 4485 pectus
2468 4429 2657 4467 meum
2686 4413 2938 4479 subiens,
2964 4412 3299 4467 maeroribus
3319 4413 3503 4467 aedo-

226 4500 451 4557 domine
478 4521 544 4559 ac
564 4522 683 4572 rex,
703 4506 808 4559 hoc
842 4511 929 4560 est
952 4506 1093 4560 illud
1137 4522 1407 4576 magnum
1464 4505 1815 4576 mysterium,
1836 4491 2112 4558 Dloribus
2136 4521 2333 4558 carnes
2366 4521 2524 4559 meas
2554 4506 2795 4571 conﬁcit,
2825 4511 2997 4577 atque
3026 4506 3166 4561 adeo
3197 4506 3382 4577 ipsum
3408 4522 3499 4560 os-

227 4592 381 4660 quod
404 4592 785 4648 absconditum
807 4601 996 4659 238
1012 4600 1098 4649 est
1119 4611 1153 4648 a
1180 4595 1397 4649 saeculis
1416 4600 1473 4648 et
1498 4594 1817 4664 generatio-

226 4679 411 4747 nibus,
424 4681 479 4734 in
489 4683 753 4737 extremis
762 4690 952 4737 autem
964 4682 1309 4754 temporibus
1322 4683 1611 4736 hominum
1624 4683 1818 4753 generi

225 4771 561 4838 patefactum
580 4771 795 4837 (Colon.
819 4780 881 4837 1).
912 4773 1083 4842 Cujus
1100 4771 1536 4825 declarationem
1557 4770 1689 4825 olim
1719 4788 1821 4842 per

227 4855 467 4927 Spiritus
486 4859 657 4913 divini
683 4860 926 4929 gratiam
955 4859 1119 4914 multi
1145 4860 1432 4931 prophetae
1461 4876 1525 4914 ac
1547 4860 1688 4929 justi
1714 4859 1818 4913 viri

227 4945 624 5015 praedixerunt,
657 4948 1026 5002 multifariam
1068 4949 1372 5019 multisque
1417 4946 1599 5002 modis
1636 4948 1817 5001 edocti

223 5034 413 5104 (Hebr.
442 5040 539 5105 x1),
584 5046 753 5107 atque
782 5037 897 5091 alta
932 5054 1062 5091 voce
1090 5037 1510 5091 annuntiantes.
1563 5036 1816 5107 Cumque

228 5121 465 5177 salutem
491 5125 720 5179 omnino
746 5125 993 5180 futuram
1022 5125 1424 5196 prospicerent,
1460 5126 1817 5195 ejusquecer-

225 5210 425 5265 nendae
446 5213 755 5287 cupiditate
779 5219 1127 5279 tenerentur,
1157 5230 1270 5267 non
1298 5220 1489 5267 tamen
1514 5228 1639 5267 eam
1687 5229 1815 5284 per-

225 5308 560 5369 spexerunt;
615 5318 812 5356 verum
862 5302 1065 5356 ultima
1106 5302 1226 5356 haec
1275 5302 1565 5373 generatio
1628 5302 1817 5357 divino

227 5384 491 5443 beneﬁcio
530 5390 730 5444 salutis
772 5396 1059 5445 auctorem
1123 5392 1386 5462 suscepit.
1442 5391 1815 5456 Quamobrem

224 5473 334 5544 qui
381 5478 692 5544 crediderit,
741 5484 799 5533 et
843 5478 1154 5551 baptizatus
1207 5479 1398 5546 fuerit,
1464 5481 1650 5534 salvus
1711 5481 1819 5534 erit

222 5562 417 5634 (Marc.
444 5567 566 5636 xw).

211 5652 219 5663 ‘
306 5648 449 5705 Dixit
466 5658 652 5709 autem
666 5654 939 5725 Josaphat
961 5673 973 5710 :
999 5655 1203 5710 Omnia
1230 5672 1296 5709 ea
1322 5672 1447 5726 quae
1477 5655 1576 5709 abs
1596 5661 1654 5709 te
1669 5656 1819 5711 dicta

1900 4593 2046 4647 sium
2077 4593 2247 4647 robur
2271 4593 2722 4665 exestTDenique
2738 4600 2929 4649 utrum
2945 4595 3248 4650 morientes
3267 4594 3325 4649 in
3350 4595 3500 4650 nihi-

1901 4683 2017 4735 lum
2046 4681 2365 4748 dilabimur,
2400 4699 2473 4736 an
2505 4688 2701 4737 contra
2727 4689 2856 4755 post
2892 4688 3224 4754 praesentem
3254 4683 3500 4754 peregri-

1901 4770 2186 4824 nationem
2214 4770 2326 4825 alia
2352 4771 2465 4825 vita
2492 4778 2779 4843 superest:
2803 4772 2919 4825 haec
2940 4777 2993 4825 et
3022 4771 3110 4825 his
3127 4775 3503 4827 consentanea

1902 4875 1965 4913 ex
1993 4865 2050 4914 te
2078 4858 2219 4913 scire
2250 4859 2501 4913 avebam.
3284 4848 3287 4851 Α

1970 4948 2230 5002 Barlaam
2259 4948 2583 5018 hujusmodi
2609 4963 2942 5018 responsum
2969 4947 3058 5001 his
3093 4946 3278 5001 verbis
3306 4947 3463 5002 dedit
3487 4965 3499 5001 :

1900 5036 2058 5091 Bona
2093 5053 2159 5090 ea
2187 5053 2330 5107 spes,
2365 5037 2434 5090 de
2455 5052 2566 5107 qua
2603 5037 2821 5090 locutus
2860 5052 3006 5102 sum,
3058 5037 3219 5107 regni
3256 5036 3500 5092 caelestis

1899 5130 2006 5178 est.
2031 5125 2108 5178 Ea
2118 5130 2309 5179 autem
2330 5130 2413 5179 est
2435 5125 2730 5195 ejusmodi,
2746 5130 2811 5179 ut
2831 5125 2988 5179 nulla
3000 5125 3229 5179 omnino
3251 5125 3504 5181 humana

1898 5214 2093 5285 lingua
2120 5213 2383 5285 explicari
2421 5213 2615 5284 possit.
2659 5213 2755 5268 Ait
2797 5214 2948 5268 enim
2992 5214 3318 5286 Scriptura:
3363 5214 3499 5279 Quae

1898 5303 2091 5356 oculus
2120 5319 2230 5355 non
2253 5301 2407 5367 vidit,
2428 5308 2485 5356 et
2502 5301 2654 5355 auris
2686 5318 2799 5356 non
2843 5302 3072 5369 audivit,
3106 5308 3163 5358 et
3188 5305 3248 5357 in
3274 5320 3370 5358 cor
3393 5303 3498 5357 ho-

1899 5391 2064 5445 minis
2084 5407 2195 5444 non
2207 5391 2597 5457 ascenderunt,
2617 5391 2954 5462 praeparavit
2973 5392 3124 5446 Deus
3135 5391 3499 5462 diligentibus

1900 5496 1959 5534 se
1991 5482 2115 5546 (Isa.
2146 5492 2306 5545 LXIV;
2352 5481 2383 5533 I
2409 5480 2530 5535 θον.
2580 5483 2656 5549 ιι).
2711 5478 2854 5534 Cum
2893 5484 3081 5534 autem
3130 5479 3347 5550 abjecta
3393 5478 3499 5532 hac

1899 5583 2087 5622 crassa
2113 5582 2298 5633 carne,
2351 5567 2758 5622 beatitudinem
2802 5568 2959 5621 illam
2996 5568 3184 5621 divino
3224 5565 3494 5621 beneﬁcio

1899 5655 2183 5711 consecuti
2212 5655 2501 5723 fuerimus,
2533 5664 2657 5711 tum
2696 5657 2809 5721 ille,
2856 5658 3017 5726 cujus
3052 5655 3321 5711 beneﬁcio
3369 5670 3502 5725 spes
