  <div class='ocr_page' id='page_1' title='image "/cluster/home/n/w/nwhite01/storage/ocr_20150623/73/hvd.32044054758776/241.png"; bbox 0 0 3942 6200; ppageno 0'>
   <div class='ocr_carea' id='block_1_1' title="bbox 479 335 581 417">
    <p class='ocr_par' dir='ltr' id='par_1_1' title="bbox 479 335 581 417">
     <span class='ocr_line' id='line_1_1' title="bbox 479 335 581 417; baseline -0.01 -26"><span class='ocrx_word' id='word_1_1' title='bbox 479 335 581 417; x_wconf 69' lang='lat'>471</span> 
     </span>
    </p>
   </div>
   <div class='ocr_carea' id='block_1_2' title="bbox 1497 327 2726 390">
    <p class='ocr_par' dir='ltr' id='par_1_2' title="bbox 1497 327 2726 390">
     <span class='ocr_line' id='line_1_2' title="bbox 1497 327 2726 390; baseline -0.001 -7"><span class='ocrx_word' id='word_1_2' title='bbox 1497 329 1590 383; x_wconf 92' lang='lat' dir='ltr'><strong>DE</strong></span> <span class='ocrx_word' id='word_1_3' title='bbox 1626 329 1815 385; x_wconf 82' lang='lat' dir='ltr'>VITIS</span> <span class='ocrx_word' id='word_1_4' title='bbox 1853 330 2149 386; x_wconf 84' lang='lat' dir='ltr'>PATRUM</span> <span class='ocrx_word' id='word_1_5' title='bbox 2186 333 2401 390; x_wconf 86' lang='lat' dir='ltr'><strong>LIBER</strong></span> <span class='ocrx_word' id='word_1_6' title='bbox 2435 327 2726 387; x_wconf 79' lang='lat' dir='ltr'>PRIMUS.</span> 
     </span>
    </p>
   </div>
   <div class='ocr_carea' id='block_1_3' title="bbox 3590 329 3676 385">
    <p class='ocr_par' dir='ltr' id='par_1_3' title="bbox 3590 329 3676 385">
     <span class='ocr_line' id='line_1_3' title="bbox 3590 329 3676 385; baseline 0.012 -1"><span class='ocrx_word' id='word_1_7' title='bbox 3590 329 3676 385; x_wconf 74' lang='lat'>472</span> 
     </span>
    </p>
   </div>
   <div class='ocr_carea' id='block_1_4' title="bbox 484 448 3676 527">
    <p class='ocr_par' dir='ltr' id='par_1_4' title="bbox 484 448 3676 527">
     <span class='ocr_line' id='line_1_4' title="bbox 484 448 3676 527; baseline -0.002 -12"><span class='ocrx_word' id='word_1_8' title='bbox 484 465 678 516; x_wconf 89' lang='lat' dir='ltr'>nostra</span> <span class='ocrx_word' id='word_1_9' title='bbox 705 473 808 513; x_wconf 94' lang='lat' dir='ltr'>nos</span> <span class='ocrx_word' id='word_1_10' title='bbox 837 455 1067 511; x_wconf 90' lang='lat' dir='ltr'>minime</span> <span class='ocrx_word' id='word_1_11' title='bbox 1087 453 1364 521; x_wconf 71' lang='lat' dir='ltr'>fefellerit,</span> <span class='ocrx_word' id='word_1_12' title='bbox 1381 470 1482 508; x_wconf 89' lang='lat' dir='ltr'>nos</span> <span class='ocrx_word' id='word_1_13' title='bbox 1499 454 1737 521; x_wconf 89' lang='lat' dir='ltr'>docebit,</span> <span class='ocrx_word' id='word_1_14' title='bbox 1763 454 2144 526; x_wconf 80' lang='lat' dir='ltr'>efﬁcietqueA</span> <span class='ocrx_word' id='word_1_15' title='bbox 2164 459 2333 527; x_wconf 69' lang='lat' dir='ltr'>(Lucas</span> <span class='ocrx_word' id='word_1_16' title='bbox 2364 461 2500 527; x_wconf 77' lang='lat' dir='ltr'>XXI).</span> <span class='ocrx_word' id='word_1_17' title='bbox 2536 454 2757 510; x_wconf 89' lang='lat' dir='ltr'>Etenim</span> <span class='ocrx_word' id='word_1_18' title='bbox 2784 467 2912 506; x_wconf 90' lang='lat' dir='ltr'>cum</span> <span class='ocrx_word' id='word_1_19' title='bbox 2955 449 3105 504; x_wconf 87' lang='lat' dir='ltr'>Deus</span> <span class='ocrx_word' id='word_1_20' title='bbox 3139 448 3408 504; x_wconf 88' lang='lat' dir='ltr'>hominem</span> <span class='ocrx_word' id='word_1_21' title='bbox 3448 448 3508 502; x_wconf 87' lang='lat' dir='ltr'>ab</span> <span class='ocrx_word' id='word_1_22' title='bbox 3547 451 3676 508; x_wconf 86' lang='lat' dir='ltr'>initio</span> 
     </span>
    </p>
   </div>
   <div class='ocr_carea' id='block_1_5' title="bbox 482 543 2073 615">
    <p class='ocr_par' dir='ltr' id='par_1_5' title="bbox 482 543 2073 615">
     <span class='ocr_line' id='line_1_5' title="bbox 482 543 2073 615; baseline -0.003 -10"><span class='ocrx_word' id='word_1_23' title='bbox 482 555 547 605; x_wconf 88' lang='lat' dir='ltr'>ut</span> <span class='ocrx_word' id='word_1_24' title='bbox 573 549 844 603; x_wconf 91' lang='lat' dir='ltr'>bonorum</span> <span class='ocrx_word' id='word_1_25' title='bbox 860 545 1083 598; x_wconf 91' lang='lat' dir='ltr'>illorum</span> <span class='ocrx_word' id='word_1_26' title='bbox 1102 543 1361 613; x_wconf 76' lang='lat' dir='ltr'>gloriam,</span> <span class='ocrx_word' id='word_1_27' title='bbox 1385 560 1607 598; x_wconf 89' lang='lat' dir='ltr'>omnem</span> <span class='ocrx_word' id='word_1_28' title='bbox 1631 545 1833 599; x_wconf 89' lang='lat' dir='ltr'>mentis</span> <span class='ocrx_word' id='word_1_29' title='bbox 1848 551 2073 615; x_wconf 90' lang='lat' dir='ltr'>captum</span> 
     </span>
    </p>
   </div>
   <div class='ocr_carea' id='block_1_6' title="bbox 483 633 2071 708">
    <p class='ocr_par' dir='ltr' id='par_1_6' title="bbox 483 633 2071 708">
     <span class='ocr_line' id='line_1_6' title="bbox 483 633 2071 708; baseline -0.003 -16"><span class='ocrx_word' id='word_1_30' title='bbox 483 640 862 708; x_wconf 84' lang='lat' dir='ltr'>superantem,</span> <span class='ocrx_word' id='word_1_31' title='bbox 886 634 1066 686; x_wconf 88' lang='lat' dir='ltr'>lucem</span> <span class='ocrx_word' id='word_1_32' title='bbox 1095 633 1248 687; x_wconf 89' lang='lat' dir='ltr'>illam</span> <span class='ocrx_word' id='word_1_33' title='bbox 1279 650 1402 703; x_wconf 59' lang='lat' dir='ltr'>quae</span> <span class='ocrx_word' id='word_1_34' title='bbox 1432 635 1588 687; x_wconf 90' lang='lat' dir='ltr'>nulla</span> <span class='ocrx_word' id='word_1_35' title='bbox 1616 634 1868 690; x_wconf 88' lang='lat' dir='ltr'>oratione</span> <span class='ocrx_word' id='word_1_36' title='bbox 1888 635 2071 706; x_wconf 81' lang='lat' dir='ltr'>expri-</span> 
     </span>
    </p>
   </div>
   <div class='ocr_carea' id='block_1_7' title="bbox 482 715 2066 795">
    <p class='ocr_par' dir='ltr' id='par_1_7' title="bbox 482 715 2066 795">
     <span class='ocr_line' id='line_1_7' title="bbox 482 715 2066 795; baseline -0.002 -16"><span class='ocrx_word' id='word_1_37' title='bbox 482 725 559 780; x_wconf 89' lang='lat' dir='ltr'>mi</span> <span class='ocrx_word' id='word_1_38' title='bbox 578 730 782 795; x_wconf 85' lang='lat' dir='ltr'>potest,</span> <span class='ocrx_word' id='word_1_39' title='bbox 799 715 972 777; x_wconf 81' lang='lat' dir='ltr'>vitam</span> <span class='ocrx_word' id='word_1_40' title='bbox 985 721 1138 776; x_wconf 85' lang='lat' dir='ltr'>illam</span> <span class='ocrx_word' id='word_1_41' title='bbox 1159 739 1281 792; x_wconf 83' lang='lat' dir='ltr'>quae</span> <span class='ocrx_word' id='word_1_42' title='bbox 1297 728 1476 776; x_wconf 89' lang='lat' dir='ltr'>morte</span> <span class='ocrx_word' id='word_1_43' title='bbox 1489 739 1599 776; x_wconf 94' lang='lat' dir='ltr'>non</span> <span class='ocrx_word' id='word_1_44' title='bbox 1617 722 2066 794; x_wconf 82' lang='lat' dir='ltr'>interrumpitur,</span> 
     </span>
    </p>
   </div>
   <div class='ocr_carea' id='block_1_8' title="bbox 480 807 2069 882">
    <p class='ocr_par' dir='ltr' id='par_1_8' title="bbox 480 807 2069 882">
     <span class='ocr_line' id='line_1_8' title="bbox 480 807 2069 882; baseline -0.001 -16"><span class='ocrx_word' id='word_1_45' title='bbox 480 807 548 866; x_wconf 19' lang='lat' dir='ltr'>ac.</span> <span class='ocrx_word' id='word_1_46' title='bbox 574 813 815 882; x_wconf 90' lang='lat' dir='ltr'>denique</span> <span class='ocrx_word' id='word_1_47' title='bbox 844 812 1000 865; x_wconf 85' lang='lat' dir='ltr'>illam</span> <span class='ocrx_word' id='word_1_48' title='bbox 1029 827 1157 864; x_wconf 91' lang='lat' dir='ltr'>cum</span> <span class='ocrx_word' id='word_1_49' title='bbox 1186 811 1399 880; x_wconf 86' lang='lat' dir='ltr'>angelis</span> <span class='ocrx_word' id='word_1_50' title='bbox 1443 811 1566 865; x_wconf 72' lang='lat' dir='ltr'>vitae</span> <span class='ocrx_word' id='word_1_51' title='bbox 1609 813 2069 866; x_wconf 85' lang='lat' dir='ltr'>consuetudinem</span> 
     </span>
    </p>
   </div>
   <div class='ocr_carea' id='block_1_9' title="bbox 479 899 2076 971">
    <p class='ocr_par' dir='ltr' id='par_1_9' title="bbox 479 899 2076 971">
     <span class='ocr_line' id='line_1_9' title="bbox 479 899 2076 971; baseline 0 -16"><span class='ocrx_word' id='word_1_52' title='bbox 479 917 898 970; x_wconf 82' lang='lat' dir='ltr'>cognoscamus.</span> <span class='ocrx_word' id='word_1_53' title='bbox 930 901 1073 954; x_wconf 92' lang='lat' dir='ltr'>Nam</span> <span class='ocrx_word' id='word_1_54' title='bbox 1097 900 1142 952; x_wconf 93' lang='lat' dir='ltr'>si</span> <span class='ocrx_word' id='word_1_55' title='bbox 1155 901 1259 952; x_wconf 91' lang='lat' dir='ltr'>hoc</span> <span class='ocrx_word' id='word_1_56' title='bbox 1279 899 1546 954; x_wconf 91' lang='lat' dir='ltr'>divinitus</span> <span class='ocrx_word' id='word_1_57' title='bbox 1566 917 1991 971; x_wconf 82' lang='lat' dir='ltr'>consequamur,</span> <span class='ocrx_word' id='word_1_58' title='bbox 2011 905 2076 955; x_wconf 89' lang='lat' dir='ltr'>ut</span> 
     </span>
    </p>
   </div>
   <div class='ocr_carea' id='block_1_10' title="bbox 391 988 2073 1059">
    <p class='ocr_par' dir='ltr' id='par_1_10' title="bbox 391 988 2073 1059">
     <span class='ocr_line' id='line_1_10' title="bbox 391 988 2073 1059; baseline 0 -16"><span class='ocrx_word' id='word_1_59' title='bbox 391 1011 398 1016; x_wconf 88' lang='grc'><strong>·</strong></span> <span class='ocrx_word' id='word_1_60' title='bbox 479 1006 607 1043; x_wconf 91' lang='lat' dir='ltr'>cum</span> <span class='ocrx_word' id='word_1_61' title='bbox 626 990 762 1055; x_wconf 93' lang='lat' dir='ltr'>Deo,</span> <span class='ocrx_word' id='word_1_62' title='bbox 787 994 1060 1059; x_wconf 90' lang='lat' dir='ltr'>quantum</span> <span class='ocrx_word' id='word_1_63' title='bbox 1073 989 1331 1042; x_wconf 83' lang='lat' dir='ltr'>humanae</span> <span class='ocrx_word' id='word_1_64' title='bbox 1351 994 1566 1043; x_wconf 56' lang='lat' dir='ltr'>natura</span> <span class='ocrx_word' id='word_1_65' title='bbox 1587 988 1669 1042; x_wconf 89' lang='lat' dir='ltr'>fas</span> <span class='ocrx_word' id='word_1_66' title='bbox 1692 995 1796 1055; x_wconf 92' lang='lat' dir='ltr'>est,</span> <span class='ocrx_word' id='word_1_67' title='bbox 1838 1007 2073 1044; x_wconf 91' lang='lat' dir='ltr'>consue-</span> 
     </span>
    </p>
   </div>
   <div class='ocr_carea' id='block_1_11' title="bbox 480 1076 2077 1148">
    <p class='ocr_par' dir='ltr' id='par_1_11' title="bbox 480 1076 2077 1148">
     <span class='ocr_line' id='line_1_11' title="bbox 480 1076 2077 1148; baseline -0.001 -16"><span class='ocrx_word' id='word_1_68' title='bbox 480 1079 735 1132; x_wconf 89' lang='lat' dir='ltr'>tudinem</span> <span class='ocrx_word' id='word_1_69' title='bbox 763 1076 1089 1143; x_wconf 83' lang='lat' dir='ltr'>habeamus,</span> <span class='ocrx_word' id='word_1_70' title='bbox 1124 1076 1313 1130; x_wconf 85' lang='lat' dir='ltr'>omnia</span> <span class='ocrx_word' id='word_1_71' title='bbox 1337 1093 1404 1130; x_wconf 90' lang='lat' dir='ltr'>ea</span> <span class='ocrx_word' id='word_1_72' title='bbox 1415 1094 1536 1147; x_wconf 68' lang='lat' dir='ltr'>quae</span> <span class='ocrx_word' id='word_1_73' title='bbox 1549 1094 1698 1133; x_wconf 92' lang='lat' dir='ltr'>nunc</span> <span class='ocrx_word' id='word_1_74' title='bbox 1715 1078 2077 1148; x_wconf 89' lang='lat' dir='ltr'>nobisignota</span> 
     </span>
    </p>
   </div>
   <div class='ocr_carea' id='block_1_12' title="bbox 480 1165 2076 1236">
    <p class='ocr_par' dir='ltr' id='par_1_12' title="bbox 480 1165 2076 1236">
     <span class='ocr_line' id='line_1_12' title="bbox 480 1165 2076 1236; baseline -0.001 -15"><span class='ocrx_word' id='word_1_75' title='bbox 480 1172 616 1221; x_wconf 90' lang='lat' dir='ltr'>sunt</span> <span class='ocrx_word' id='word_1_76' title='bbox 642 1165 712 1221; x_wconf 91' lang='lat' dir='ltr'>ab</span> <span class='ocrx_word' id='word_1_77' title='bbox 742 1182 807 1219; x_wconf 89' lang='lat' dir='ltr'>eo</span> <span class='ocrx_word' id='word_1_78' title='bbox 828 1166 1087 1219; x_wconf 88' lang='lat' dir='ltr'>sciemus.</span> <span class='ocrx_word' id='word_1_79' title='bbox 1121 1166 1238 1218; x_wconf 91' lang='lat' dir='ltr'>Hoc</span> <span class='ocrx_word' id='word_1_80' title='bbox 1269 1166 1438 1231; x_wconf 92' lang='lat' dir='ltr'>enim,</span> <span class='ocrx_word' id='word_1_81' title='bbox 1474 1167 1776 1236; x_wconf 84' lang='lat' dir='ltr'>Scripturis</span> <span class='ocrx_word' id='word_1_82' title='bbox 1812 1166 2076 1220; x_wconf 88' lang='lat' dir='ltr'>divinitus</span> 
     </span>
    </p>
   </div>
   <div class='ocr_carea' id='block_1_13' title="bbox 481 1255 2072 1326">
    <p class='ocr_par' dir='ltr' id='par_1_13' title="bbox 481 1255 2072 1326">
     <span class='ocr_line' id='line_1_13' title="bbox 481 1255 2072 1326; baseline 0 -17"><span class='ocrx_word' id='word_1_83' title='bbox 481 1255 768 1326; x_wconf 89' lang='lat' dir='ltr'>inspiratis</span> <span class='ocrx_word' id='word_1_84' title='bbox 798 1255 1044 1320; x_wconf 89' lang='lat' dir='ltr'>edoctus,</span> <span class='ocrx_word' id='word_1_85' title='bbox 1093 1255 1344 1308; x_wconf 90' lang='lat' dir='ltr'>omnium</span> <span class='ocrx_word' id='word_1_86' title='bbox 1389 1259 1629 1308; x_wconf 81' lang='lat' dir='ltr'>maxime</span> <span class='ocrx_word' id='word_1_87' title='bbox 1674 1255 1940 1309; x_wconf 73' lang='lat' dir='ltr'>coelorum</span> <span class='ocrx_word' id='word_1_88' title='bbox 1983 1272 2072 1309; x_wconf 91' lang='lat' dir='ltr'>re-</span> 
     </span>
    </p>
   </div>
   <div class='ocr_carea' id='block_1_14' title="bbox 481 1343 2073 1414">
    <p class='ocr_par' dir='ltr' id='par_1_14' title="bbox 481 1343 2073 1414">
     <span class='ocr_line' id='line_1_14' title="bbox 481 1343 2073 1414; baseline 0 -16"><span class='ocrx_word' id='word_1_89' title='bbox 481 1361 658 1414; x_wconf 87' lang='lat' dir='ltr'>gnum</span> <span class='ocrx_word' id='word_1_90' title='bbox 687 1359 808 1397; x_wconf 90' lang='lat' dir='ltr'>esse</span> <span class='ocrx_word' id='word_1_91' title='bbox 833 1343 991 1407; x_wconf 89' lang='lat' dir='ltr'>duco,</span> <span class='ocrx_word' id='word_1_92' title='bbox 1044 1359 1244 1413; x_wconf 91' lang='lat' dir='ltr'>nempe</span> <span class='ocrx_word' id='word_1_93' title='bbox 1287 1343 1357 1396; x_wconf 92' lang='lat' dir='ltr'>ad</span> <span class='ocrx_word' id='word_1_94' title='bbox 1402 1349 1624 1409; x_wconf 84' lang='lat' dir='ltr'>sanctae,</span> <span class='ocrx_word' id='word_1_95' title='bbox 1677 1349 1734 1396; x_wconf 90' lang='lat' dir='ltr'>et</span> <span class='ocrx_word' id='word_1_96' title='bbox 1776 1361 1900 1414; x_wconf 78' lang='lat' dir='ltr'>quae</span> <span class='ocrx_word' id='word_1_97' title='bbox 1949 1345 2073 1398; x_wconf 67' lang='lat' dir='ltr'>vitae</span> 
     </span>
    </p>
   </div>
   <div class='ocr_carea' id='block_1_15' title="bbox 482 1432 2072 1502">
    <p class='ocr_par' dir='ltr' id='par_1_15' title="bbox 482 1432 2072 1502">
     <span class='ocr_line' id='line_1_15' title="bbox 482 1432 2072 1502; baseline 0 -16"><span class='ocrx_word' id='word_1_98' title='bbox 482 1432 705 1487; x_wconf 90' lang='lat' dir='ltr'>initium</span> <span class='ocrx_word' id='word_1_99' title='bbox 733 1432 904 1497; x_wconf 91' lang='lat' dir='ltr'>dedit,</span> <span class='ocrx_word' id='word_1_100' title='bbox 933 1432 1225 1485; x_wconf 85' lang='lat' dir='ltr'>Trinitatis</span> <span class='ocrx_word' id='word_1_101' title='bbox 1244 1433 1770 1502; x_wconf 85' lang='lat' dir='ltr'>contemplationem</span> <span class='ocrx_word' id='word_1_102' title='bbox 1793 1433 2072 1498; x_wconf 83' lang='lat' dir='ltr'>accedere,</span> 
     </span>
    </p>
   </div>
   <div class='ocr_carea' id='block_1_16' title="bbox 485 1519 2073 1591">
    <p class='ocr_par' dir='ltr' id='par_1_16' title="bbox 485 1519 2073 1591">
     <span class='ocr_line' id='line_1_16' title="bbox 485 1519 2073 1591; baseline 0 -17"><span class='ocrx_word' id='word_1_103' title='bbox 485 1527 655 1591; x_wconf 89' lang='lat' dir='ltr'>atque</span> <span class='ocrx_word' id='word_1_104' title='bbox 685 1519 1105 1590; x_wconf 86' lang='lat' dir='ltr'>incomparabili</span> <span class='ocrx_word' id='word_1_105' title='bbox 1126 1520 1300 1590; x_wconf 89' lang='lat' dir='ltr'>ipsius</span> <span class='ocrx_word' id='word_1_106' title='bbox 1320 1520 1532 1573; x_wconf 89' lang='lat' dir='ltr'>lumine</span> <span class='ocrx_word' id='word_1_107' title='bbox 1569 1522 1763 1591; x_wconf 88' lang='lat' dir='ltr'>purius</span> <span class='ocrx_word' id='word_1_108' title='bbox 1784 1521 2073 1586; x_wconf 77' lang='lat' dir='ltr'>illustrari,</span> 
     </span>
    </p>
   </div>
   <div class='ocr_carea' id='block_1_17' title="bbox 485 1608 2073 1677">
    <p class='ocr_par' dir='ltr' id='par_1_17' title="bbox 485 1608 2073 1677">
     <span class='ocr_line' id='line_1_17' title="bbox 485 1608 2073 1677; baseline 0 -14"><span class='ocrx_word' id='word_1_109' title='bbox 485 1625 548 1663; x_wconf 88' lang='lat' dir='ltr'>ac</span> <span class='ocrx_word' id='word_1_110' title='bbox 575 1608 819 1662; x_wconf 86' lang='lat' dir='ltr'>revelata</span> <span class='ocrx_word' id='word_1_111' title='bbox 848 1609 985 1661; x_wconf 81' lang='lat' dir='ltr'>facie</span> <span class='ocrx_word' id='word_1_112' title='bbox 1006 1611 1084 1674; x_wconf 92' lang='lat' dir='ltr'>(II</span> <span class='ocrx_word' id='word_1_113' title='bbox 1100 1608 1220 1662; x_wconf 81' lang='lat' dir='ltr'>Cor.</span> <span class='ocrx_word' id='word_1_114' title='bbox 1253 1609 1339 1675; x_wconf 80' lang='lat' dir='ltr'>In)</span> <span class='ocrx_word' id='word_1_115' title='bbox 1369 1608 1546 1677; x_wconf 86' lang='lat' dir='ltr'>ipsius</span> <span class='ocrx_word' id='word_1_116' title='bbox 1573 1609 1811 1677; x_wconf 86' lang='lat' dir='ltr'>gloriam</span> <span class='ocrx_word' id='word_1_117' title='bbox 1850 1626 2073 1663; x_wconf 90' lang='lat' dir='ltr'>omnem</span> 
     </span>
    </p>
   </div>
   <div class='ocr_carea' id='block_1_18' title="bbox 480 1696 2075 1766">
    <p class='ocr_par' dir='ltr' id='par_1_18' title="bbox 480 1696 2075 1766">
     <span class='ocr_line' id='line_1_18' title="bbox 480 1696 2075 1766; baseline 0.001 -17"><span class='ocrx_word' id='word_1_118' title='bbox 480 1697 778 1750; x_wconf 85' lang='lat' dir='ltr'>verborum</span> <span class='ocrx_word' id='word_1_119' title='bbox 805 1696 1126 1750; x_wconf 87' lang='lat' dir='ltr'>facultatem</span> <span class='ocrx_word' id='word_1_120' title='bbox 1141 1703 1500 1766; x_wconf 86' lang='lat' dir='ltr'>superantem</span> <span class='ocrx_word' id='word_1_121' title='bbox 1512 1697 1783 1750; x_wconf 89' lang='lat' dir='ltr'>contueri.</span> <span class='ocrx_word' id='word_1_122' title='bbox 1808 1698 1924 1751; x_wconf 89' lang='lat' dir='ltr'>Nec</span> <span class='ocrx_word' id='word_1_123' title='bbox 1946 1714 2075 1751; x_wconf 90' lang='lat' dir='ltr'>vero</span> 
     </span>
    </p>
   </div>
   <div class='ocr_carea' id='block_1_19' title="bbox 2158 537 3675 615">
    <p class='ocr_par' dir='ltr' id='par_1_19' title="bbox 2158 537 3675 615">
     <span class='ocr_line' id='line_1_19' title="bbox 2158 537 3675 615; baseline -0.003 -15"><span class='ocrx_word' id='word_1_124' title='bbox 2158 546 2462 600; x_wconf 86' lang='lat' dir='ltr'>efﬁnxisset</span> <span class='ocrx_word' id='word_1_125' title='bbox 2488 539 2980 615; x_wconf 87' lang='lat' dir='ltr'>(quemadmodum</span> <span class='ocrx_word' id='word_1_126' title='bbox 3020 538 3189 593; x_wconf 87' lang='lat' dir='ltr'>etiam</span> <span class='ocrx_word' id='word_1_127' title='bbox 3213 539 3329 607; x_wconf 90' lang='lat' dir='ltr'>jam</span> <span class='ocrx_word' id='word_1_128' title='bbox 3353 537 3447 593; x_wconf 86' lang='lat' dir='ltr'>tibi</span> <span class='ocrx_word' id='word_1_129' title='bbox 3472 544 3675 612; x_wconf 78' lang='lat' dir='ltr'>exposui)</span> 
     </span>
    </p>
   </div>
   <div class='ocr_carea' id='block_1_20' title="bbox 2154 627 3678 700">
    <p class='ocr_par' dir='ltr' id='par_1_20' title="bbox 2154 627 3678 700">
     <span class='ocr_line' id='line_1_20' title="bbox 2154 627 3678 700; baseline -0.003 -11"><span class='ocrx_word' id='word_1_130' title='bbox 2154 635 2460 689; x_wconf 78' lang='lat' dir='ltr'>insuﬁlavit</span> <span class='ocrx_word' id='word_1_131' title='bbox 2489 635 2547 687; x_wconf 91' lang='lat' dir='ltr'>in</span> <span class='ocrx_word' id='word_1_132' title='bbox 2589 649 2718 685; x_wconf 89' lang='lat' dir='ltr'>eum</span> <span class='ocrx_word' id='word_1_133' title='bbox 2749 627 3088 699; x_wconf 90' lang='lat' dir='ltr'>spiraculum</span> <span class='ocrx_word' id='word_1_134' title='bbox 3119 627 3242 680; x_wconf 76' lang='lat' dir='ltr'>vitae</span> <span class='ocrx_word' id='word_1_135' title='bbox 3282 627 3426 698; x_wconf 93' lang='lat' dir='ltr'>(Gen.</span> <span class='ocrx_word' id='word_1_136' title='bbox 3467 633 3539 696; x_wconf 75' lang='grc' dir='ltr'>ιι),</span> <span class='ocrx_word' id='word_1_137' title='bbox 3581 648 3678 700; x_wconf 68' lang='lat' dir='ltr'>quia</span> 
     </span>
    </p>
   </div>
   <div class='ocr_carea' id='block_1_21' title="bbox 2155 715 3680 796">
    <p class='ocr_par' dir='ltr' id='par_1_21' title="bbox 2155 715 3680 796">
     <span class='ocr_line' id='line_1_21' title="bbox 2155 715 3680 796; baseline -0.003 -18"><span class='ocrx_word' id='word_1_138' title='bbox 2155 725 2380 796; x_wconf 89' lang='lat' dir='ltr'>quidem</span> <span class='ocrx_word' id='word_1_139' title='bbox 2413 722 2603 776; x_wconf 89' lang='lat' dir='ltr'>anima</span> <span class='ocrx_word' id='word_1_140' title='bbox 2631 717 2863 773; x_wconf 88' lang='lat' dir='ltr'>rationis</span> <span class='ocrx_word' id='word_1_141' title='bbox 2883 715 3430 786; x_wconf 74' lang='lat' dir='ltr'>atqueintelligentize</span> <span class='ocrx_word' id='word_1_142' title='bbox 3451 717 3680 790; x_wconf 82' lang='lat' dir='ltr'>particeps</span> 
     </span>
    </p>
   </div>
   <div class='ocr_carea' id='block_1_22' title="bbox 2154 802 3678 882">
    <p class='ocr_par' dir='ltr' id='par_1_22' title="bbox 2154 802 3678 882">
     <span class='ocr_line' id='line_1_22' title="bbox 2154 802 3678 882; baseline -0.005 -17"><span class='ocrx_word' id='word_1_143' title='bbox 2154 812 2487 882; x_wconf 88' lang='lat' dir='ltr'>appellatur.</span> <span class='ocrx_word' id='word_1_144' title='bbox 2520 807 2795 872; x_wconf 86' lang='lat' dir='ltr'>Quoniam</span> <span class='ocrx_word' id='word_1_145' title='bbox 2824 808 3012 857; x_wconf 91' lang='lat' dir='ltr'>autem</span> <span class='ocrx_word' id='word_1_146' title='bbox 3043 807 3220 856; x_wconf 88' lang='lat' dir='ltr'>morte</span> <span class='ocrx_word' id='word_1_147' title='bbox 3248 802 3481 856; x_wconf 88' lang='lat' dir='ltr'>damnati</span> <span class='ocrx_word' id='word_1_148' title='bbox 3504 820 3678 871; x_wconf 86' lang='lat' dir='ltr'>sumus,</span> 
     </span>
    </p>
   </div>
   <div class='ocr_carea' id='block_1_23' title="bbox 2156 891 3684 961">
    <p class='ocr_par' dir='ltr' id='par_1_23' title="bbox 2156 891 3684 961">
     <span class='ocr_line' id='line_1_23' title="bbox 2156 891 3684 961; baseline -0.005 -7"><span class='ocrx_word' id='word_1_149' title='bbox 2156 899 2414 954; x_wconf 91' lang='lat' dir='ltr'>omnibus</span> <span class='ocrx_word' id='word_1_150' title='bbox 2449 896 2609 950; x_wconf 91' lang='lat' dir='ltr'>nobis</span> <span class='ocrx_word' id='word_1_151' title='bbox 2637 895 2778 949; x_wconf 91' lang='lat' dir='ltr'>mori</span> <span class='ocrx_word' id='word_1_152' title='bbox 2809 908 3034 946; x_wconf 88' lang='lat' dir='ltr'>necesse</span> <span class='ocrx_word' id='word_1_153' title='bbox 3063 896 3146 944; x_wconf 91' lang='lat' dir='ltr'>est</span> <span class='ocrx_word' id='word_1_154' title='bbox 3170 909 3182 957; x_wconf 91' lang='lat'><strong>;</strong></span> <span class='ocrx_word' id='word_1_155' title='bbox 3206 907 3304 944; x_wconf 93' lang='lat' dir='ltr'>nec</span> <span class='ocrx_word' id='word_1_156' title='bbox 3328 891 3441 943; x_wconf 87' lang='lat' dir='ltr'>ﬁeri</span> <span class='ocrx_word' id='word_1_157' title='bbox 3464 897 3621 961; x_wconf 86' lang='lat' dir='ltr'>potest</span> <span class='ocrx_word' id='word_1_158' title='bbox 3633 896 3684 946; x_wconf 87' lang='lat' dir='ltr'>ut</span> 
     </span>
    </p>
   </div>
   <div class='ocr_carea' id='block_1_24' title="bbox 2155 971 3684 1052">
    <p class='ocr_par' dir='ltr' id='par_1_24' title="bbox 2155 971 3684 1052">
     <span class='ocr_line' id='line_1_24' title="bbox 2155 971 3684 1052; baseline -0.006 -9"><span class='ocrx_word' id='word_1_159' title='bbox 2155 989 2246 1043; x_wconf 90' lang='lat' dir='ltr'>hic</span> <span class='ocrx_word' id='word_1_160' title='bbox 2275 988 2415 1042; x_wconf 83' lang='lat' dir='ltr'>calix</span> <span class='ocrx_word' id='word_1_161' title='bbox 2435 971 2719 1040; x_wconf 81' lang='lat' dir='ltr'>hominem</span> <span class='ocrx_word' id='word_1_162' title='bbox 2744 983 2923 1036; x_wconf 88' lang='lat' dir='ltr'>ullum</span> <span class='ocrx_word' id='word_1_163' title='bbox 2943 985 3253 1052; x_wconf 69' lang='lat' dir='ltr'>praetereat.</span> <span class='ocrx_word' id='word_1_164' title='bbox 3276 979 3419 1032; x_wconf 87' lang='lat' dir='ltr'>Nihil</span> <span class='ocrx_word' id='word_1_165' title='bbox 3445 986 3606 1033; x_wconf 89' lang='lat' dir='ltr'>autem</span> <span class='ocrx_word' id='word_1_166' title='bbox 3618 985 3684 1034; x_wconf 89' lang='lat' dir='ltr'>est</span> 
     </span>
    </p>
   </div>
   <div class='ocr_carea' id='block_1_25' title="bbox 2158 1067 3685 1144">
    <p class='ocr_par' dir='ltr' id='par_1_25' title="bbox 2158 1067 3685 1144">
     <span class='ocr_line' id='line_1_25' title="bbox 2158 1067 3685 1144; baseline -0.006 -13"><span class='ocrx_word' id='word_1_167' title='bbox 2158 1077 2309 1131; x_wconf 90' lang='lat' dir='ltr'>aliud</span> <span class='ocrx_word' id='word_1_168' title='bbox 2332 1093 2482 1130; x_wconf 91' lang='lat' dir='ltr'>mors</span> <span class='ocrx_word' id='word_1_169' title='bbox 2512 1091 2681 1144; x_wconf 90' lang='lat' dir='ltr'>quam</span> <span class='ocrx_word' id='word_1_170' title='bbox 2721 1071 2896 1126; x_wconf 89' lang='lat' dir='ltr'>animi</span> <span class='ocrx_word' id='word_1_171' title='bbox 2942 1087 2974 1124; x_wconf 88' lang='lat' dir='ltr'>a</span> <span class='ocrx_word' id='word_1_172' title='bbox 3018 1085 3247 1139; x_wconf 85' lang='lat' dir='ltr'>corpore</span> <span class='ocrx_word' id='word_1_173' title='bbox 3293 1067 3583 1137; x_wconf 90' lang='lat' dir='ltr'>disjunctio.</span> <span class='ocrx_word' id='word_1_174' title='bbox 3624 1071 3685 1122; x_wconf 76' lang='lat' dir='ltr'>Ac</span> 
     </span>
    </p>
   </div>
   <div class='ocr_carea' id='block_1_26' title="bbox 2158 1155 3683 1235">
    <p class='ocr_par' dir='ltr' id='par_1_26' title="bbox 2158 1155 3683 1235">
     <span class='ocr_line' id='line_1_26' title="bbox 2158 1155 3683 1235; baseline -0.007 -16"><span class='ocrx_word' id='word_1_175' title='bbox 2158 1165 2384 1235; x_wconf 91' lang='lat' dir='ltr'>quidem</span> <span class='ocrx_word' id='word_1_176' title='bbox 2440 1163 2578 1217; x_wconf 93' lang='lat' dir='ltr'>illud</span> <span class='ocrx_word' id='word_1_177' title='bbox 2625 1178 2843 1232; x_wconf 90' lang='lat' dir='ltr'>corpus,</span> <span class='ocrx_word' id='word_1_178' title='bbox 2893 1159 3043 1229; x_wconf 93' lang='lat' dir='ltr'>quod</span> <span class='ocrx_word' id='word_1_179' title='bbox 3085 1174 3115 1211; x_wconf 96' lang='lat' dir='ltr'>e</span> <span class='ocrx_word' id='word_1_180' title='bbox 3155 1163 3307 1210; x_wconf 90' lang='lat' dir='ltr'>terra</span> <span class='ocrx_word' id='word_1_181' title='bbox 3350 1155 3570 1209; x_wconf 87' lang='lat' dir='ltr'>efﬁctum</span> <span class='ocrx_word' id='word_1_182' title='bbox 3602 1164 3683 1222; x_wconf 88' lang='lat' dir='ltr'>est,</span> 
     </span>
    </p>
   </div>
   <div class='ocr_carea' id='block_1_27' title="bbox 2156 1245 3688 1326">
    <p class='ocr_par' dir='ltr' id='par_1_27' title="bbox 2156 1245 3688 1326">
     <span class='ocr_line' id='line_1_27' title="bbox 2156 1245 3688 1326; baseline -0.007 -18"><span class='ocrx_word' id='word_1_183' title='bbox 2156 1260 2521 1326; x_wconf 86' lang='lat' dir='ltr'>posteaquam</span> <span class='ocrx_word' id='word_1_184' title='bbox 2543 1251 2612 1305; x_wconf 90' lang='lat' dir='ltr'>ab</span> <span class='ocrx_word' id='word_1_185' title='bbox 2634 1250 2820 1303; x_wconf 88' lang='lat' dir='ltr'>animo</span> <span class='ocrx_word' id='word_1_186' title='bbox 2835 1249 2912 1317; x_wconf 92' lang='lat' dir='ltr'>sej</span> <span class='ocrx_word' id='word_1_187' title='bbox 2923 1251 3152 1301; x_wconf 90' lang='lat' dir='ltr'>unctum</span> <span class='ocrx_word' id='word_1_188' title='bbox 3195 1250 3296 1310; x_wconf 91' lang='lat' dir='ltr'>est,</span> <span class='ocrx_word' id='word_1_189' title='bbox 3326 1245 3380 1298; x_wconf 91' lang='lat' dir='ltr'>in</span> <span class='ocrx_word' id='word_1_190' title='bbox 3402 1250 3604 1310; x_wconf 88' lang='lat' dir='ltr'>terram,</span> <span class='ocrx_word' id='word_1_191' title='bbox 3637 1261 3688 1298; x_wconf 84' lang='lat' dir='ltr'>ex</span> 
     </span>
    </p>
   </div>
   <div class='ocr_carea' id='block_1_28' title="bbox 2159 1333 3689 1413">
    <p class='ocr_par' dir='ltr' id='par_1_28' title="bbox 2159 1333 3689 1413">
     <span class='ocr_line' id='line_1_28' title="bbox 2159 1333 3689 1413; baseline -0.007 -17"><span class='ocrx_word' id='word_1_192' title='bbox 2159 1360 2269 1413; x_wconf 89' lang='lat' dir='ltr'>qua</span> <span class='ocrx_word' id='word_1_193' title='bbox 2297 1346 2584 1412; x_wconf 90' lang='lat' dir='ltr'>sumptum</span> <span class='ocrx_word' id='word_1_194' title='bbox 2612 1340 2813 1404; x_wconf 88' lang='lat' dir='ltr'>fuerat,</span> <span class='ocrx_word' id='word_1_195' title='bbox 2840 1336 3156 1400; x_wconf 84' lang='lat' dir='ltr'>revertitur,</span> <span class='ocrx_word' id='word_1_196' title='bbox 3191 1350 3254 1387; x_wconf 89' lang='lat' dir='ltr'>ac</span> <span class='ocrx_word' id='word_1_197' title='bbox 3283 1338 3578 1404; x_wconf 86' lang='lat' dir='ltr'>corruptum</span> <span class='ocrx_word' id='word_1_198' title='bbox 3603 1333 3689 1386; x_wconf 88' lang='lat' dir='ltr'>dis-</span> 
     </span>
    </p>
   </div>
   <div class='ocr_carea' id='block_1_29' title="bbox 2159 1421 3689 1498">
    <p class='ocr_par' dir='ltr' id='par_1_29' title="bbox 2159 1421 3689 1498">
     <span class='ocr_line' id='line_1_29' title="bbox 2159 1421 3689 1498; baseline -0.008 -13"><span class='ocrx_word' id='word_1_199' title='bbox 2159 1431 2392 1485; x_wconf 86' lang='lat' dir='ltr'>solvitur</span> <span class='ocrx_word' id='word_1_200' title='bbox 2423 1430 2567 1498; x_wconf 70' lang='lat' dir='ltr'>(Gen.</span> <span class='ocrx_word' id='word_1_201' title='bbox 2602 1442 2696 1494; x_wconf 85' lang='lat' dir='ltr'><strong>III;</strong></span> <span class='ocrx_word' id='word_1_202' title='bbox 2731 1428 2895 1481; x_wconf 79' lang='lat' dir='ltr'>Eccli.</span> <span class='ocrx_word' id='word_1_203' title='bbox 2931 1428 3038 1493; x_wconf 86' lang='lat' dir='ltr'><strong>III).</strong></span> <span class='ocrx_word' id='word_1_204' title='bbox 3068 1423 3269 1476; x_wconf 89' lang='lat' dir='ltr'>Anima</span> <span class='ocrx_word' id='word_1_205' title='bbox 3303 1425 3480 1474; x_wconf 88' lang='lat' dir='ltr'>autem</span> <span class='ocrx_word' id='word_1_206' title='bbox 3505 1421 3689 1474; x_wconf 89' lang='lat' dir='ltr'>immor-</span> 
     </span>
    </p>
   </div>
   <div class='ocr_carea' id='block_1_30' title="bbox 2157 1507 3690 1585">
    <p class='ocr_par' dir='ltr' id='par_1_30' title="bbox 2157 1507 3690 1585">
     <span class='ocr_line' id='line_1_30' title="bbox 2157 1507 3690 1585; baseline -0.01 -11"><span class='ocrx_word' id='word_1_207' title='bbox 2157 1520 2287 1574; x_wconf 87' lang='lat' dir='ltr'>talis</span> <span class='ocrx_word' id='word_1_208' title='bbox 2316 1536 2442 1572; x_wconf 91' lang='lat' dir='ltr'>cum</span> <span class='ocrx_word' id='word_1_209' title='bbox 2474 1518 2564 1583; x_wconf 93' lang='lat' dir='ltr'>sit,</span> <span class='ocrx_word' id='word_1_210' title='bbox 2593 1533 2657 1569; x_wconf 93' lang='lat' dir='ltr'>eo</span> <span class='ocrx_word' id='word_1_211' title='bbox 2687 1513 3058 1585; x_wconf 90' lang='lat' dir='ltr'>proﬁciscitur</span> <span class='ocrx_word' id='word_1_212' title='bbox 3078 1527 3187 1582; x_wconf 91' lang='lat' dir='ltr'>quo</span> <span class='ocrx_word' id='word_1_213' title='bbox 3208 1526 3452 1564; x_wconf 88' lang='lat' dir='ltr'>summus</span> <span class='ocrx_word' id='word_1_214' title='bbox 3479 1507 3560 1561; x_wconf 88' lang='lat' dir='ltr'>ille</span> <span class='ocrx_word' id='word_1_215' title='bbox 3585 1509 3690 1561; x_wconf 80' lang='lat' dir='ltr'>etle-</span> 
     </span>
    </p>
   </div>
   <div class='ocr_carea' id='block_1_31' title="bbox 2157 1597 3690 1677">
    <p class='ocr_par' dir='ltr' id='par_1_31' title="bbox 2157 1597 3690 1677">
     <span class='ocr_line' id='line_1_31' title="bbox 2157 1597 3690 1677; baseline -0.008 -15"><span class='ocrx_word' id='word_1_216' title='bbox 2157 1615 2276 1662; x_wconf 90' lang='lat' dir='ltr'>ctor</span> <span class='ocrx_word' id='word_1_217' title='bbox 2305 1605 2682 1677; x_wconf 88' lang='lat' dir='ltr'>imperat,vel,</span> <span class='ocrx_word' id='word_1_218' title='bbox 2709 1607 2773 1657; x_wconf 90' lang='lat' dir='ltr'>ut</span> <span class='ocrx_word' id='word_1_219' title='bbox 2792 1602 2997 1656; x_wconf 91' lang='lat' dir='ltr'>rectius</span> <span class='ocrx_word' id='word_1_220' title='bbox 3026 1601 3243 1670; x_wconf 90' lang='lat' dir='ltr'>loquar,</span> <span class='ocrx_word' id='word_1_221' title='bbox 3277 1597 3690 1668; x_wconf 86' lang='lat' dir='ltr'>quemadmodum</span> 
     </span>
    </p>
   </div>
   <div class='ocr_carea' id='block_1_32' title="bbox 2156 1685 3691 1768">
    <p class='ocr_par' dir='ltr' id='par_1_32' title="bbox 2156 1685 3691 1768">
     <span class='ocr_line' id='line_1_32' title="bbox 2156 1685 3691 1768; baseline -0.009 -17"><span class='ocrx_word' id='word_1_222' title='bbox 2156 1698 2278 1768; x_wconf 89' lang='lat' dir='ltr'>ipsa</span> <span class='ocrx_word' id='word_1_223' title='bbox 2306 1696 2430 1762; x_wconf 91' lang='lat' dir='ltr'>sibi,</span> <span class='ocrx_word' id='word_1_224' title='bbox 2457 1712 2583 1748; x_wconf 90' lang='lat' dir='ltr'>cum</span> <span class='ocrx_word' id='word_1_225' title='bbox 2601 1694 2782 1748; x_wconf 87' lang='lat' dir='ltr'>adhuc</span> <span class='ocrx_word' id='word_1_226' title='bbox 2810 1692 2867 1744; x_wconf 92' lang='lat' dir='ltr'>in</span> <span class='ocrx_word' id='word_1_227' title='bbox 2901 1706 3067 1743; x_wconf 90' lang='lat' dir='ltr'>carne</span> <span class='ocrx_word' id='word_1_228' title='bbox 3095 1692 3422 1752; x_wconf 87' lang='lat' dir='ltr'>versaretur,</span> <span class='ocrx_word' id='word_1_229' title='bbox 3435 1685 3691 1756; x_wconf 85' lang='lat' dir='ltr'>hospitium</span> 
     </span>
    </p>
   </div>
   <div class='ocr_carea' id='block_1_33' title="bbox 481 1770 3693 1868">
    <p class='ocr_par' dir='ltr' id='par_1_33' title="bbox 481 1770 3693 1868">
     <span class='ocr_line' id='line_1_33' title="bbox 481 1770 3693 1868; baseline -0.004 -30"><span class='ocrx_word' id='word_1_230' title='bbox 481 1785 803 1839; x_wconf 84' lang='lat' dir='ltr'>mirandum</span> <span class='ocrx_word' id='word_1_231' title='bbox 834 1790 936 1850; x_wconf 90' lang='lat' dir='ltr'>est,</span> <span class='ocrx_word' id='word_1_232' title='bbox 971 1784 1208 1854; x_wconf 83' lang='lat' dir='ltr'>gloriam</span> <span class='ocrx_word' id='word_1_233' title='bbox 1238 1785 1391 1838; x_wconf 91' lang='lat' dir='ltr'>illam</span> <span class='ocrx_word' id='word_1_234' title='bbox 1437 1802 1505 1838; x_wconf 90' lang='lat' dir='ltr'>ac</span> <span class='ocrx_word' id='word_1_235' title='bbox 1552 1786 1733 1839; x_wconf 91' lang='lat' dir='ltr'>lucem</span> <span class='ocrx_word' id='word_1_236' title='bbox 1772 1791 1829 1839; x_wconf 88' lang='lat' dir='ltr'>et</span> <span class='ocrx_word' id='word_1_237' title='bbox 1874 1785 2507 1868; x_wconf 77' lang='lat' dir='ltr'>arcanaBpraeparavit.</span> <span class='ocrx_word' id='word_1_238' title='bbox 2541 1784 2615 1838; x_wconf 91' lang='lat' dir='ltr'>Ut</span> <span class='ocrx_word' id='word_1_239' title='bbox 2644 1782 2794 1836; x_wconf 89' lang='lat' dir='ltr'>enim</span> <span class='ocrx_word' id='word_1_240' title='bbox 2827 1779 3062 1851; x_wconf 90' lang='lat' dir='ltr'>quisque</span> <span class='ocrx_word' id='word_1_241' title='bbox 3089 1777 3212 1832; x_wconf 68' lang='lat' dir='ltr'>vita:</span> <span class='ocrx_word' id='word_1_242' title='bbox 3243 1770 3465 1830; x_wconf 78' lang='lat' dir='ltr'>munere</span> <span class='ocrx_word' id='word_1_243' title='bbox 3492 1775 3570 1827; x_wconf 91' lang='lat' dir='ltr'>hic</span> <span class='ocrx_word' id='word_1_244' title='bbox 3592 1773 3693 1826; x_wconf 86' lang='lat' dir='ltr'>fun-</span> 
     </span>
    </p>
   </div>
   <div class='ocr_carea' id='block_1_34' title="bbox 480 1872 2080 1945">
    <p class='ocr_par' dir='ltr' id='par_1_34' title="bbox 480 1872 2080 1945">
     <span class='ocr_line' id='line_1_34' title="bbox 480 1872 2080 1945; baseline 0.001 -18"><span class='ocrx_word' id='word_1_245' title='bbox 480 1873 628 1927; x_wconf 91' lang='lat' dir='ltr'>bona</span> <span class='ocrx_word' id='word_1_246' title='bbox 657 1874 826 1943; x_wconf 80' lang='lat' dir='ltr'>nullis</span> <span class='ocrx_word' id='word_1_247' title='bbox 854 1872 1036 1926; x_wconf 81' lang='lat' dir='ltr'>verbis</span> <span class='ocrx_word' id='word_1_248' title='bbox 1061 1873 1333 1926; x_wconf 89' lang='lat' dir='ltr'>declarari</span> <span class='ocrx_word' id='word_1_249' title='bbox 1355 1890 1515 1944; x_wconf 90' lang='lat' dir='ltr'>posse</span> <span class='ocrx_word' id='word_1_250' title='bbox 1541 1893 1554 1940; x_wconf 85' lang='lat'><strong>;</strong></span> <span class='ocrx_word' id='word_1_251' title='bbox 1584 1891 1767 1945; x_wconf 88' lang='lat' dir='ltr'>neque</span> <span class='ocrx_word' id='word_1_252' title='bbox 1793 1876 1942 1929; x_wconf 91' lang='lat' dir='ltr'>enim</span> <span class='ocrx_word' id='word_1_253' title='bbox 1963 1893 2080 1929; x_wconf 90' lang='lat' dir='ltr'>am-</span> 
     </span>
    </p>
   </div>
   <div class='ocr_carea' id='block_1_35' title="bbox 481 1961 2078 2032">
    <p class='ocr_par' dir='ltr' id='par_1_35' title="bbox 481 1961 2078 2032">
     <span class='ocr_line' id='line_1_35' title="bbox 481 1961 2078 2032; baseline 0.001 -18"><span class='ocrx_word' id='word_1_254' title='bbox 481 1963 575 2032; x_wconf 92' lang='lat' dir='ltr'>pla</span> <span class='ocrx_word' id='word_1_255' title='bbox 603 1966 659 2014; x_wconf 91' lang='lat' dir='ltr'>et</span> <span class='ocrx_word' id='word_1_256' title='bbox 684 1961 888 2014; x_wconf 83' lang='lat' dir='ltr'>eximia</span> <span class='ocrx_word' id='word_1_257' title='bbox 913 1971 1118 2028; x_wconf 87' lang='lat' dir='ltr'>essent,</span> <span class='ocrx_word' id='word_1_258' title='bbox 1152 1962 1198 2014; x_wconf 90' lang='lat' dir='ltr'>si</span> <span class='ocrx_word' id='word_1_259' title='bbox 1229 1978 1330 2014; x_wconf 92' lang='lat' dir='ltr'>nos</span> <span class='ocrx_word' id='word_1_260' title='bbox 1358 1962 1568 2014; x_wconf 86' lang='lat' dir='ltr'>terreni</span> <span class='ocrx_word' id='word_1_261' title='bbox 1591 1969 1649 2015; x_wconf 90' lang='lat' dir='ltr'>et</span> <span class='ocrx_word' id='word_1_262' title='bbox 1682 1963 1966 2027; x_wconf 88' lang='lat' dir='ltr'>mortales,</span> <span class='ocrx_word' id='word_1_263' title='bbox 2013 1979 2078 2016; x_wconf 86' lang='lat' dir='ltr'>ac</span> 
     </span>
    </p>
   </div>
   <div class='ocr_carea' id='block_1_36' title="bbox 478 2049 2076 2121">
    <p class='ocr_par' dir='ltr' id='par_1_36' title="bbox 478 2049 2076 2121">
     <span class='ocr_line' id='line_1_36' title="bbox 478 2049 2076 2121; baseline 0.003 -19"><span class='ocrx_word' id='word_1_264' title='bbox 478 2065 708 2120; x_wconf 88' lang='lat' dir='ltr'>gravem</span> <span class='ocrx_word' id='word_1_265' title='bbox 739 2051 883 2104; x_wconf 85' lang='lat' dir='ltr'>hanc</span> <span class='ocrx_word' id='word_1_266' title='bbox 902 2055 960 2103; x_wconf 90' lang='lat' dir='ltr'>et</span> <span class='ocrx_word' id='word_1_267' title='bbox 989 2049 1372 2103; x_wconf 74' lang='lat' dir='ltr'>affectionibus</span> <span class='ocrx_word' id='word_1_268' title='bbox 1403 2050 1698 2104; x_wconf 84' lang='lat' dir='ltr'>obnoxiam</span> <span class='ocrx_word' id='word_1_269' title='bbox 1731 2068 1955 2105; x_wconf 89' lang='lat' dir='ltr'>carnem</span> <span class='ocrx_word' id='word_1_270' title='bbox 1977 2069 2076 2121; x_wconf 88' lang='lat' dir='ltr'>ge-</span> 
     </span>
    </p>
   </div>
   <div class='ocr_carea' id='block_1_37' title="bbox 481 2139 2075 2209">
    <p class='ocr_par' dir='ltr' id='par_1_37' title="bbox 481 2139 2075 2209">
     <span class='ocr_line' id='line_1_37' title="bbox 481 2139 2075 2209; baseline 0.001 -17"><span class='ocrx_word' id='word_1_271' title='bbox 481 2144 715 2203; x_wconf 85' lang='lat' dir='ltr'>stantes,</span> <span class='ocrx_word' id='word_1_272' title='bbox 749 2155 815 2192; x_wconf 88' lang='lat' dir='ltr'>ea</span> <span class='ocrx_word' id='word_1_273' title='bbox 851 2144 974 2192; x_wconf 90' lang='lat' dir='ltr'>tum</span> <span class='ocrx_word' id='word_1_274' title='bbox 1021 2139 1341 2208; x_wconf 84' lang='lat' dir='ltr'>cognitione</span> <span class='ocrx_word' id='word_1_275' title='bbox 1384 2139 1686 2209; x_wconf 86' lang='lat' dir='ltr'>percipere,</span> <span class='ocrx_word' id='word_1_276' title='bbox 1734 2145 1856 2193; x_wconf 91' lang='lat' dir='ltr'>tum</span> <span class='ocrx_word' id='word_1_277' title='bbox 1895 2139 2075 2193; x_wconf 91' lang='lat' dir='ltr'>verbis</span> 
     </span>
    </p>
   </div>
   <div class='ocr_carea' id='block_1_38' title="bbox 483 2227 2072 2298">
    <p class='ocr_par' dir='ltr' id='par_1_38' title="bbox 483 2227 2072 2298">
     <span class='ocr_line' id='line_1_38' title="bbox 483 2227 2072 2298; baseline 0.001 -18"><span class='ocrx_word' id='word_1_278' title='bbox 483 2228 795 2297; x_wconf 86' lang='lat' dir='ltr'>exprimere</span> <span class='ocrx_word' id='word_1_279' title='bbox 821 2243 1129 2297; x_wconf 88' lang='lat' dir='ltr'>possemus.</span> <span class='ocrx_word' id='word_1_280' title='bbox 1166 2227 1298 2290; x_wconf 70' lang='lat' dir='ltr'>Quae</span> <span class='ocrx_word' id='word_1_281' title='bbox 1337 2244 1463 2280; x_wconf 91' lang='lat' dir='ltr'>cum</span> <span class='ocrx_word' id='word_1_282' title='bbox 1497 2228 1783 2298; x_wconf 80' lang='lat' dir='ltr'>explorata</span> <span class='ocrx_word' id='word_1_283' title='bbox 1811 2228 1912 2282; x_wconf 88' lang='lat' dir='ltr'>tibi</span> <span class='ocrx_word' id='word_1_284' title='bbox 1941 2228 2072 2294; x_wconf 90' lang='lat' dir='ltr'>sint,</span> 
     </span>
    </p>
   </div>
   <div class='ocr_carea' id='block_1_39' title="bbox 482 2315 2076 2387">
    <p class='ocr_par' dir='ltr' id='par_1_39' title="bbox 482 2315 2076 2387">
     <span class='ocr_line' id='line_1_39' title="bbox 482 2315 2076 2387; baseline 0.001 -19"><span class='ocrx_word' id='word_1_285' title='bbox 482 2331 550 2368; x_wconf 90' lang='lat' dir='ltr'>ea</span> <span class='ocrx_word' id='word_1_286' title='bbox 580 2316 688 2368; x_wconf 91' lang='lat' dir='ltr'>ﬁde</span> <span class='ocrx_word' id='word_1_287' title='bbox 708 2316 827 2369; x_wconf 90' lang='lat' dir='ltr'>sola</span> <span class='ocrx_word' id='word_1_288' title='bbox 855 2315 995 2369; x_wconf 86' lang='lat' dir='ltr'>citra</span> <span class='ocrx_word' id='word_1_289' title='bbox 1026 2317 1198 2370; x_wconf 91' lang='lat' dir='ltr'>ullam</span> <span class='ocrx_word' id='word_1_290' title='bbox 1221 2315 1628 2369; x_wconf 87' lang='lat' dir='ltr'>dubitationem</span> <span class='ocrx_word' id='word_1_291' title='bbox 1668 2317 1872 2387; x_wconf 89' lang='lat' dir='ltr'>accipe,</span> <span class='ocrx_word' id='word_1_292' title='bbox 1907 2322 2076 2387; x_wconf 89' lang='lat' dir='ltr'>atque</span> 
     </span>
    </p>
   </div>
   <div class='ocr_carea' id='block_1_40' title="bbox 482 2403 2078 2476">
    <p class='ocr_par' dir='ltr' id='par_1_40' title="bbox 482 2403 2078 2476">
     <span class='ocr_line' id='line_1_40' title="bbox 482 2403 2078 2476; baseline 0.001 -18"><span class='ocrx_word' id='word_1_293' title='bbox 482 2403 553 2458; x_wconf 89' lang='lat' dir='ltr'>ab</span> <span class='ocrx_word' id='word_1_294' title='bbox 582 2403 734 2457; x_wconf 88' lang='lat' dir='ltr'>omni</span> <span class='ocrx_word' id='word_1_295' title='bbox 765 2405 988 2458; x_wconf 88' lang='lat' dir='ltr'>ﬁctione</span> <span class='ocrx_word' id='word_1_296' title='bbox 1026 2404 1305 2470; x_wconf 89' lang='lat' dir='ltr'>abhorre;</span> <span class='ocrx_word' id='word_1_297' title='bbox 1347 2404 1596 2474; x_wconf 91' lang='lat' dir='ltr'>illudque</span> <span class='ocrx_word' id='word_1_298' title='bbox 1641 2406 1822 2470; x_wconf 89' lang='lat' dir='ltr'>stude,</span> <span class='ocrx_word' id='word_1_299' title='bbox 1875 2411 1939 2458; x_wconf 90' lang='lat' dir='ltr'>ut</span> <span class='ocrx_word' id='word_1_300' title='bbox 1977 2423 2078 2476; x_wconf 91' lang='lat' dir='ltr'>per</span> 
     </span>
    </p>
   </div>
   <div class='ocr_carea' id='block_1_41' title="bbox 479 2491 2072 2564">
    <p class='ocr_par' dir='ltr' id='par_1_41' title="bbox 479 2491 2072 2564">
     <span class='ocr_line' id='line_1_41' title="bbox 479 2491 2072 2564; baseline 0.001 -19"><span class='ocrx_word' id='word_1_301' title='bbox 479 2491 628 2546; x_wconf 90' lang='lat' dir='ltr'>bona</span> <span class='ocrx_word' id='word_1_302' title='bbox 671 2509 841 2563; x_wconf 90' lang='lat' dir='ltr'>opera</span> <span class='ocrx_word' id='word_1_303' title='bbox 895 2492 1273 2546; x_wconf 89' lang='lat' dir='ltr'>immortalem</span> <span class='ocrx_word' id='word_1_304' title='bbox 1325 2493 1478 2545; x_wconf 91' lang='lat' dir='ltr'>illam</span> <span class='ocrx_word' id='word_1_305' title='bbox 1527 2493 1764 2563; x_wconf 86' lang='lat' dir='ltr'>gloriam</span> <span class='ocrx_word' id='word_1_306' title='bbox 1815 2494 2072 2564; x_wconf 85' lang='lat' dir='ltr'>arripias.</span> 
     </span>
    </p>
   </div>
   <div class='ocr_carea' id='block_1_42' title="bbox 482 2580 2078 2651">
    <p class='ocr_par' dir='ltr' id='par_1_42' title="bbox 482 2580 2078 2651">
     <span class='ocr_line' id='line_1_42' title="bbox 482 2580 2078 2651; baseline 0.001 -17"><span class='ocrx_word' id='word_1_307' title='bbox 482 2581 605 2644; x_wconf 90' lang='lat' dir='ltr'>Qua</span> <span class='ocrx_word' id='word_1_308' title='bbox 656 2597 780 2634; x_wconf 91' lang='lat' dir='ltr'>cum</span> <span class='ocrx_word' id='word_1_309' title='bbox 840 2580 942 2634; x_wconf 89' lang='lat' dir='ltr'>tibi</span> <span class='ocrx_word' id='word_1_310' title='bbox 1008 2581 1176 2651; x_wconf 90' lang='lat' dir='ltr'>potiri</span> <span class='ocrx_word' id='word_1_311' title='bbox 1241 2581 1540 2650; x_wconf 86' lang='lat' dir='ltr'>contigerit</span> <span class='ocrx_word' id='word_1_312' title='bbox 1603 2581 1899 2651; x_wconf 87' lang='lat' dir='ltr'>perfectius</span> <span class='ocrx_word' id='word_1_313' title='bbox 1964 2583 2078 2637; x_wconf 73' lang='lat' dir='ltr'>haec</span> 
     </span>
    </p>
   </div>
   <div class='ocr_carea' id='block_1_43' title="bbox 481 2686 801 2740">
    <p class='ocr_par' dir='ltr' id='par_1_43' title="bbox 481 2686 801 2740">
     <span class='ocr_line' id='line_1_43' title="bbox 481 2686 801 2740; baseline -0.003 -17"><span class='ocrx_word' id='word_1_314' title='bbox 481 2686 801 2740; x_wconf 81' lang='lat' dir='ltr'>cognosces.</span> 
     </span>
    </p>
   </div>
   <div class='ocr_carea' id='block_1_44' title="bbox 555 2757 2080 2828">
    <p class='ocr_par' dir='ltr' id='par_1_44' title="bbox 555 2757 2080 2828">
     <span class='ocr_line' id='line_1_44' title="bbox 555 2757 2080 2828; baseline 0.001 -17"><span class='ocrx_word' id='word_1_315' title='bbox 555 2764 747 2825; x_wconf 63' lang='grc' dir='ltr'><strong>πθ</strong></span> <span class='ocrx_word' id='word_1_316' title='bbox 773 2757 933 2822; x_wconf 87' lang='lat' dir='ltr'>Quod</span> <span class='ocrx_word' id='word_1_317' title='bbox 973 2762 1163 2811; x_wconf 89' lang='lat' dir='ltr'>autem</span> <span class='ocrx_word' id='word_1_318' title='bbox 1212 2774 1277 2811; x_wconf 84' lang='lat' dir='ltr'>ex</span> <span class='ocrx_word' id='word_1_319' title='bbox 1308 2774 1398 2811; x_wconf 90' lang='lat' dir='ltr'>me</span> <span class='ocrx_word' id='word_1_320' title='bbox 1446 2758 1768 2828; x_wconf 86' lang='lat' dir='ltr'>quaesivisti,</span> <span class='ocrx_word' id='word_1_321' title='bbox 1812 2775 2080 2828; x_wconf 91' lang='lat' dir='ltr'>quonam-</span> 
     </span>
    </p>
   </div>
   <div class='ocr_carea' id='block_1_45' title="bbox 483 2847 2079 2914">
    <p class='ocr_par' dir='ltr' id='par_1_45' title="bbox 483 2847 2079 2914">
     <span class='ocr_line' id='line_1_45' title="bbox 483 2847 2079 2914; baseline 0 -12"><span class='ocrx_word' id='word_1_322' title='bbox 483 2848 650 2902; x_wconf 88' lang='lat' dir='ltr'>modo</span> <span class='ocrx_word' id='word_1_323' title='bbox 703 2865 806 2902; x_wconf 93' lang='lat' dir='ltr'>nos</span> <span class='ocrx_word' id='word_1_324' title='bbox 853 2847 1130 2901; x_wconf 90' lang='lat' dir='ltr'>incarnati</span> <span class='ocrx_word' id='word_1_325' title='bbox 1177 2848 1276 2902; x_wconf 90' lang='lat' dir='ltr'>Dei</span> <span class='ocrx_word' id='word_1_326' title='bbox 1332 2847 1501 2902; x_wconf 90' lang='lat' dir='ltr'>verba</span> <span class='ocrx_word' id='word_1_327' title='bbox 1550 2848 1912 2914; x_wconf 88' lang='lat' dir='ltr'>audierimus,</span> <span class='ocrx_word' id='word_1_328' title='bbox 1974 2849 2079 2902; x_wconf 93' lang='lat' dir='ltr'>hoc</span> 
     </span>
    </p>
   </div>
   <div class='ocr_carea' id='block_1_46' title="bbox 2159 1871 3125 1940">
    <p class='ocr_par' dir='ltr' id='par_1_46' title="bbox 2159 1871 3125 1940">
     <span class='ocr_line' id='line_1_46' title="bbox 2159 1871 3125 1940; baseline -0.01 -11"><span class='ocrx_word' id='word_1_329' title='bbox 2159 1881 2280 1929; x_wconf 91' lang='lat' dir='ltr'>ctus</span> <span class='ocrx_word' id='word_1_330' title='bbox 2306 1873 2493 1938; x_wconf 89' lang='lat' dir='ltr'>fuerit,</span> <span class='ocrx_word' id='word_1_331' title='bbox 2524 1871 2636 1924; x_wconf 93' lang='lat' dir='ltr'>illic</span> <span class='ocrx_word' id='word_1_332' title='bbox 2663 1875 2990 1940; x_wconf 88' lang='lat' dir='ltr'>recepturus</span> <span class='ocrx_word' id='word_1_333' title='bbox 3022 1872 3125 1920; x_wconf 91' lang='lat' dir='ltr'>est.</span> 
     </span>
    </p>
   </div>
   <div class='ocr_carea' id='block_1_47' title="bbox 2227 1950 3692 2033">
    <p class='ocr_par' dir='ltr' id='par_1_47' title="bbox 2227 1950 3692 2033">
     <span class='ocr_line' id='line_1_47' title="bbox 2227 1950 3692 2033; baseline -0.01 -16"><span class='ocrx_word' id='word_1_334' title='bbox 2227 1963 2480 2033; x_wconf 91' lang='lat' dir='ltr'>Denique</span> <span class='ocrx_word' id='word_1_335' title='bbox 2539 1959 2800 2013; x_wconf 89' lang='lat' dir='ltr'>confectis</span> <span class='ocrx_word' id='word_1_336' title='bbox 2847 1957 3029 2026; x_wconf 88' lang='lat' dir='ltr'>longis</span> <span class='ocrx_word' id='word_1_337' title='bbox 3074 1960 3387 2024; x_wconf 89' lang='lat' dir='ltr'>temporum</span> <span class='ocrx_word' id='word_1_338' title='bbox 3431 1950 3692 2015; x_wconf 89' lang='lat' dir='ltr'>curriculis,</span> 
     </span>
    </p>
   </div>
   <div class='ocr_carea' id='block_1_48' title="bbox 2157 2040 3695 2106">
    <p class='ocr_par' dir='ltr' id='par_1_48' title="bbox 2157 2040 3695 2106">
     <span class='ocr_line' id='line_1_48' title="bbox 2157 2040 3695 2106; baseline -0.01 0"><span class='ocrx_word' id='word_1_339' title='bbox 2157 2053 2306 2106; x_wconf 92' lang='lat' dir='ltr'>Deus</span> <span class='ocrx_word' id='word_1_340' title='bbox 2336 2055 2524 2104; x_wconf 90' lang='lat' dir='ltr'>noster</span> <span class='ocrx_word' id='word_1_341' title='bbox 2551 2065 2677 2101; x_wconf 89' lang='lat' dir='ltr'>cum</span> <span class='ocrx_word' id='word_1_342' title='bbox 2707 2045 3008 2100; x_wconf 85' lang='lat' dir='ltr'>metuenda</span> <span class='ocrx_word' id='word_1_343' title='bbox 3039 2049 3094 2097; x_wconf 91' lang='lat' dir='ltr'>et</span> <span class='ocrx_word' id='word_1_344' title='bbox 3121 2042 3391 2097; x_wconf 90' lang='lat' dir='ltr'>sermonis</span> <span class='ocrx_word' id='word_1_345' title='bbox 3423 2040 3695 2093; x_wconf 81' lang='lat' dir='ltr'>facultatem</span> 
     </span>
    </p>
   </div>
   <div class='ocr_carea' id='block_1_49' title="bbox 2157 2129 3696 2211">
    <p class='ocr_par' dir='ltr' id='par_1_49' title="bbox 2157 2129 3696 2211">
     <span class='ocr_line' id='line_1_49' title="bbox 2157 2129 3696 2211; baseline -0.01 -16"><span class='ocrx_word' id='word_1_346' title='bbox 2157 2144 2457 2211; x_wconf 90' lang='lat' dir='ltr'>superante</span> <span class='ocrx_word' id='word_1_347' title='bbox 2480 2138 2662 2208; x_wconf 88' lang='lat' dir='ltr'>gloria</span> <span class='ocrx_word' id='word_1_348' title='bbox 2689 2137 2757 2190; x_wconf 91' lang='lat' dir='ltr'>ad</span> <span class='ocrx_word' id='word_1_349' title='bbox 2782 2133 3056 2205; x_wconf 89' lang='lat' dir='ltr'>judicium</span> <span class='ocrx_word' id='word_1_350' title='bbox 3077 2134 3145 2186; x_wconf 91' lang='lat' dir='ltr'>de</span> <span class='ocrx_word' id='word_1_351' title='bbox 3175 2131 3308 2186; x_wconf 89' lang='lat' dir='ltr'>orbe</span> <span class='ocrx_word' id='word_1_352' title='bbox 3336 2129 3600 2184; x_wconf 85' lang='lat' dir='ltr'>ferendum</span> <span class='ocrx_word' id='word_1_353' title='bbox 3624 2143 3696 2180; x_wconf 85' lang='lat' dir='ltr'>ve-</span> 
     </span>
    </p>
   </div>
   <div class='ocr_carea' id='block_1_50' title="bbox 2159 2215 3697 2298">
    <p class='ocr_par' dir='ltr' id='par_1_50' title="bbox 2159 2215 3697 2298">
     <span class='ocr_line' id='line_1_50' title="bbox 2159 2215 3697 2298; baseline -0.009 -16"><span class='ocrx_word' id='word_1_354' title='bbox 2159 2229 2294 2285; x_wconf 89' lang='lat' dir='ltr'>niet.</span> <span class='ocrx_word' id='word_1_355' title='bbox 2341 2229 2514 2298; x_wconf 92' lang='lat' dir='ltr'>Cujus</span> <span class='ocrx_word' id='word_1_356' title='bbox 2559 2232 2712 2280; x_wconf 84' lang='lat' dir='ltr'>metu</span> <span class='ocrx_word' id='word_1_357' title='bbox 2745 2226 3010 2279; x_wconf 79' lang='lat' dir='ltr'>caelorum</span> <span class='ocrx_word' id='word_1_358' title='bbox 3054 2223 3287 2275; x_wconf 89' lang='lat' dir='ltr'>virtutes</span> <span class='ocrx_word' id='word_1_359' title='bbox 3327 2215 3697 2272; x_wconf 83' lang='lat' dir='ltr'>commovebun-</span> 
     </span>
    </p>
   </div>
   <div class='ocr_carea' id='block_1_51' title="bbox 2157 2311 3699 2387">
    <p class='ocr_par' dir='ltr' id='par_1_51' title="bbox 2157 2311 3699 2387">
     <span class='ocr_line' id='line_1_51' title="bbox 2157 2311 3699 2387; baseline -0.01 -15"><span class='ocrx_word' id='word_1_360' title='bbox 2157 2324 2270 2383; x_wconf 88' lang='lat' dir='ltr'>tur,</span> <span class='ocrx_word' id='word_1_361' title='bbox 2304 2322 2472 2387; x_wconf 89' lang='lat' dir='ltr'>atque</span> <span class='ocrx_word' id='word_1_362' title='bbox 2502 2315 2682 2370; x_wconf 89' lang='lat' dir='ltr'>omnis</span> <span class='ocrx_word' id='word_1_363' title='bbox 2711 2315 3039 2384; x_wconf 86' lang='lat' dir='ltr'>angelorum</span> <span class='ocrx_word' id='word_1_364' title='bbox 3069 2311 3342 2365; x_wconf 83' lang='lat' dir='ltr'>exercitus</span> <span class='ocrx_word' id='word_1_365' title='bbox 3368 2313 3588 2361; x_wconf 86' lang='lat' dir='ltr'>tremore</span> <span class='ocrx_word' id='word_1_366' title='bbox 3607 2321 3699 2357; x_wconf 81' lang='lat' dir='ltr'>cor-</span> 
     </span>
    </p>
   </div>
   <div class='ocr_carea' id='block_1_52' title="bbox 2159 2394 3695 2478">
    <p class='ocr_par' dir='ltr' id='par_1_52' title="bbox 2159 2394 3695 2478">
     <span class='ocr_line' id='line_1_52' title="bbox 2159 2394 3695 2478; baseline -0.01 -18"><span class='ocrx_word' id='word_1_367' title='bbox 2159 2411 2350 2478; x_wconf 88' lang='lat' dir='ltr'>reptus</span> <span class='ocrx_word' id='word_1_368' title='bbox 2374 2422 2562 2459; x_wconf 90' lang='lat' dir='ltr'>coram</span> <span class='ocrx_word' id='word_1_369' title='bbox 2601 2405 2719 2475; x_wconf 92' lang='lat' dir='ltr'>ipso</span> <span class='ocrx_word' id='word_1_370' title='bbox 2749 2402 2956 2457; x_wconf 85' lang='lat' dir='ltr'>astabit</span> <span class='ocrx_word' id='word_1_371' title='bbox 2980 2404 3124 2465; x_wconf 84' lang='lat' dir='ltr'>(Luc.</span> <span class='ocrx_word' id='word_1_372' title='bbox 3158 2402 3274 2467; x_wconf 73' lang='lat' dir='ltr'>xxx)</span> <span class='ocrx_word' id='word_1_373' title='bbox 3300 2403 3445 2450; x_wconf 90' lang='lat' dir='ltr'>:tum</span> <span class='ocrx_word' id='word_1_374' title='bbox 3467 2394 3695 2456; x_wconf 81' lang='lat' dir='ltr'>videlicet,</span> 
     </span>
    </p>
   </div>
   <div class='ocr_carea' id='block_1_53' title="bbox 2159 2479 3699 2562">
    <p class='ocr_par' dir='ltr' id='par_1_53' title="bbox 2159 2479 3699 2562">
     <span class='ocr_line' id='line_1_53' title="bbox 2159 2479 3699 2562; baseline -0.011 -12"><span class='ocrx_word' id='word_1_375' title='bbox 2159 2513 2284 2550; x_wconf 90' lang='lat' dir='ltr'>cum</span> <span class='ocrx_word' id='word_1_376' title='bbox 2313 2496 2372 2549; x_wconf 92' lang='lat' dir='ltr'>in</span> <span class='ocrx_word' id='word_1_377' title='bbox 2392 2493 2712 2562; x_wconf 88' lang='lat' dir='ltr'>archangeli</span> <span class='ocrx_word' id='word_1_378' title='bbox 2735 2508 2865 2545; x_wconf 90' lang='lat' dir='ltr'>voce</span> <span class='ocrx_word' id='word_1_379' title='bbox 2903 2507 2966 2544; x_wconf 90' lang='lat' dir='ltr'>ac</span> <span class='ocrx_word' id='word_1_380' title='bbox 3015 2489 3205 2542; x_wconf 89' lang='lat' dir='ltr'>divina</span> <span class='ocrx_word' id='word_1_381' title='bbox 3249 2486 3384 2541; x_wconf 92' lang='lat' dir='ltr'>tuba</span> <span class='ocrx_word' id='word_1_382' title='bbox 3428 2483 3610 2537; x_wconf 91' lang='lat' dir='ltr'>mortui</span> <span class='ocrx_word' id='word_1_383' title='bbox 3645 2479 3699 2533; x_wconf 84' lang='lat' dir='ltr'>ad</span> 
     </span>
    </p>
   </div>
   <div class='ocr_carea' id='block_1_54' title="bbox 2158 2573 3699 2648">
    <p class='ocr_par' dir='ltr' id='par_1_54' title="bbox 2158 2573 3699 2648">
     <span class='ocr_line' id='line_1_54' title="bbox 2158 2573 3699 2648; baseline -0.009 -12"><span class='ocrx_word' id='word_1_384' title='bbox 2158 2585 2330 2638; x_wconf 89' lang='lat' dir='ltr'>vitam</span> <span class='ocrx_word' id='word_1_385' title='bbox 2351 2582 2629 2646; x_wconf 91' lang='lat' dir='ltr'>redibunt,</span> <span class='ocrx_word' id='word_1_386' title='bbox 2663 2598 2726 2634; x_wconf 87' lang='lat' dir='ltr'>ac</span> <span class='ocrx_word' id='word_1_387' title='bbox 2748 2579 3041 2633; x_wconf 90' lang='lat' dir='ltr'>tremendo</span> <span class='ocrx_word' id='word_1_388' title='bbox 3058 2577 3235 2648; x_wconf 91' lang='lat' dir='ltr'>ipsius</span> <span class='ocrx_word' id='word_1_389' title='bbox 3258 2577 3454 2628; x_wconf 88' lang='lat' dir='ltr'>throno</span> <span class='ocrx_word' id='word_1_390' title='bbox 3474 2573 3699 2626; x_wconf 88' lang='lat' dir='ltr'>sistentur</span> 
     </span>
    </p>
   </div>
   <div class='ocr_carea' id='block_1_55' title="bbox 2161 2664 3700 2740">
    <p class='ocr_par' dir='ltr' id='par_1_55' title="bbox 2161 2664 3700 2740">
     <span class='ocr_line' id='line_1_55' title="bbox 2161 2664 3700 2740; baseline -0.01 -13"><span class='ocrx_word' id='word_1_391' title='bbox 2161 2675 2214 2740; x_wconf 89' lang='lat' dir='ltr'>(I</span> <span class='ocrx_word' id='word_1_392' title='bbox 2236 2674 2410 2726; x_wconf 80' lang='lat' dir='ltr'>Thess.</span> <span class='ocrx_word' id='word_1_393' title='bbox 2443 2671 2540 2740; x_wconf 91' lang='lat' dir='ltr'>Iv).</span> <span class='ocrx_word' id='word_1_394' title='bbox 2575 2672 2673 2724; x_wconf 89' lang='lat' dir='ltr'>Est</span> <span class='ocrx_word' id='word_1_395' title='bbox 2700 2674 2888 2723; x_wconf 90' lang='lat' dir='ltr'>autem</span> <span class='ocrx_word' id='word_1_396' title='bbox 2926 2666 3283 2730; x_wconf 88' lang='lat' dir='ltr'>resurrectio,</span> <span class='ocrx_word' id='word_1_397' title='bbox 3317 2664 3506 2718; x_wconf 76' lang='lat' dir='ltr'>animae</span> <span class='ocrx_word' id='word_1_398' title='bbox 3539 2675 3700 2714; x_wconf 86' lang='lat' dir='ltr'>rursus</span> 
     </span>
    </p>
   </div>
   <div class='ocr_carea' id='block_1_56' title="bbox 2161 2753 3697 2832">
    <p class='ocr_par' dir='ltr' id='par_1_56' title="bbox 2161 2753 3697 2832">
     <span class='ocr_line' id='line_1_56' title="bbox 2161 2753 3697 2832; baseline -0.008 -18"><span class='ocrx_word' id='word_1_399' title='bbox 2161 2779 2289 2816; x_wconf 91' lang='lat' dir='ltr'>cum</span> <span class='ocrx_word' id='word_1_400' title='bbox 2315 2777 2546 2832; x_wconf 90' lang='lat' dir='ltr'>corpore</span> <span class='ocrx_word' id='word_1_401' title='bbox 2559 2759 2898 2829; x_wconf 88' lang='lat' dir='ltr'>conjunctio.</span> <span class='ocrx_word' id='word_1_402' title='bbox 2924 2753 3496 2824; x_wconf 89' lang='lat' dir='ltr'>Quocircahocipsum</span> <span class='ocrx_word' id='word_1_403' title='bbox 3516 2765 3697 2819; x_wconf 88' lang='lat' dir='ltr'>corpus,</span> 
     </span>
    </p>
   </div>
   <div class='ocr_carea' id='block_1_57' title="bbox 2161 2839 3700 2922">
    <p class='ocr_par' dir='ltr' id='par_1_57' title="bbox 2161 2839 3700 2922">
     <span class='ocr_line' id='line_1_57' title="bbox 2161 2839 3700 2922; baseline -0.011 -17"><span class='ocrx_word' id='word_1_404' title='bbox 2161 2851 2308 2922; x_wconf 91' lang='lat' dir='ltr'>quod</span> <span class='ocrx_word' id='word_1_405' title='bbox 2336 2849 2531 2904; x_wconf 88' lang='lat' dir='ltr'>interit</span> <span class='ocrx_word' id='word_1_406' title='bbox 2549 2866 2614 2903; x_wconf 90' lang='lat' dir='ltr'>ac</span> <span class='ocrx_word' id='word_1_407' title='bbox 2634 2847 2972 2909; x_wconf 85' lang='lat' dir='ltr'>dissolvitur,</span> <span class='ocrx_word' id='word_1_408' title='bbox 2997 2846 3077 2898; x_wconf 88' lang='lat' dir='ltr'>ita</span> <span class='ocrx_word' id='word_1_409' title='bbox 3101 2848 3376 2912; x_wconf 90' lang='lat' dir='ltr'>resurget,</span> <span class='ocrx_word' id='word_1_410' title='bbox 3408 2847 3468 2894; x_wconf 91' lang='lat' dir='ltr'>ut</span> <span class='ocrx_word' id='word_1_411' title='bbox 3486 2839 3700 2906; x_wconf 86' lang='lat' dir='ltr'>deinceps</span> 
     </span>
    </p>
   </div>
   <div class='ocr_carea' id='block_1_58' title="bbox 481 2926 3701 3009">
    <p class='ocr_par' dir='ltr' id='par_1_58' title="bbox 481 2926 3701 3009">
     <span class='ocr_line' id='line_1_58' title="bbox 481 2926 3701 3009; baseline -0.004 -17"><span class='ocrx_word' id='word_1_412' title='bbox 481 2937 706 3002; x_wconf 90' lang='lat' dir='ltr'>habeto,</span> <span class='ocrx_word' id='word_1_413' title='bbox 738 2953 841 2990; x_wconf 90' lang='lat' dir='ltr'>nos</span> <span class='ocrx_word' id='word_1_414' title='bbox 869 2953 971 3007; x_wconf 92' lang='lat' dir='ltr'>per</span> <span class='ocrx_word' id='word_1_415' title='bbox 997 2943 1351 2990; x_wconf 90' lang='lat' dir='ltr'>sacrosancta</span> <span class='ocrx_word' id='word_1_416' title='bbox 1387 2937 1687 3007; x_wconf 85' lang='lat' dir='ltr'>Evangelia</span> <span class='ocrx_word' id='word_1_417' title='bbox 1729 2954 1796 2990; x_wconf 90' lang='lat' dir='ltr'>ea</span> <span class='ocrx_word' id='word_1_418' title='bbox 1841 2954 1963 3007; x_wconf 82' lang='lat' dir='ltr'>quae</span> <span class='ocrx_word' id='word_1_419' title='bbox 2007 2938 2076 2991; x_wconf 89' lang='lat' dir='ltr'>ad</span> <span class='ocrx_word' id='word_1_420' title='bbox 2157 2939 2387 2994; x_wconf 91' lang='lat' dir='ltr'>interire</span> <span class='ocrx_word' id='word_1_421' title='bbox 2416 2943 2659 3009; x_wconf 87' lang='lat' dir='ltr'>nequeat</span> <span class='ocrx_word' id='word_1_422' title='bbox 2684 2938 2742 3008; x_wconf 91' lang='grc' dir='ltr'>(Ι</span> <span class='ocrx_word' id='word_1_423' title='bbox 2761 2937 2881 2992; x_wconf 81' lang='lat' dir='ltr'>Cor.</span> <span class='ocrx_word' id='word_1_424' title='bbox 2912 2938 3024 3004; x_wconf 82' lang='lat' dir='ltr'>xv).</span> <span class='ocrx_word' id='word_1_425' title='bbox 3048 2935 3165 2987; x_wconf 90' lang='lat' dir='ltr'>Nec</span> <span class='ocrx_word' id='word_1_426' title='bbox 3182 2949 3312 2986; x_wconf 89' lang='lat' dir='ltr'>vero</span> <span class='ocrx_word' id='word_1_427' title='bbox 3331 2931 3458 2984; x_wconf 87' lang='lat' dir='ltr'>huic</span> <span class='ocrx_word' id='word_1_428' title='bbox 3476 2928 3547 2982; x_wconf 87' lang='lat' dir='ltr'>rei</span> <span class='ocrx_word' id='word_1_429' title='bbox 3567 2926 3701 2979; x_wconf 88' lang='lat' dir='ltr'>ﬁdem</span> 
     </span>
    </p>
   </div>
   <div class='ocr_carea' id='block_1_59' title="bbox 480 3017 3701 3096">
    <p class='ocr_par' dir='ltr' id='par_1_59' title="bbox 480 3017 3701 3096">
     <span class='ocr_line' id='line_1_59' title="bbox 480 3017 3701 3096; baseline -0.005 -16"><span class='ocrx_word' id='word_1_430' title='bbox 480 3025 889 3093; x_wconf 85' lang='lat' dir='ltr'>theandricam,</span> <span class='ocrx_word' id='word_1_431' title='bbox 923 3025 1026 3079; x_wconf 91' lang='lat' dir='ltr'>hoc</span> <span class='ocrx_word' id='word_1_432' title='bbox 1057 3031 1142 3079; x_wconf 93' lang='lat' dir='ltr'>est</span> <span class='ocrx_word' id='word_1_433' title='bbox 1169 3026 1270 3079; x_wconf 89' lang='lat' dir='ltr'>Dei</span> <span class='ocrx_word' id='word_1_434' title='bbox 1317 3043 1444 3079; x_wconf 92' lang='lat' dir='ltr'>cum</span> <span class='ocrx_word' id='word_1_435' title='bbox 1491 3026 1716 3078; x_wconf 90' lang='lat' dir='ltr'>homine</span> <span class='ocrx_word' id='word_1_436' title='bbox 1772 3027 2071 3096; x_wconf 90' lang='lat' dir='ltr'>conjuncti,</span> <span class='ocrx_word' id='word_1_437' title='bbox 2157 3030 2270 3083; x_wconf 91' lang='lat' dir='ltr'>ullo</span> <span class='ocrx_word' id='word_1_438' title='bbox 2301 3028 2466 3082; x_wconf 91' lang='lat' dir='ltr'>modo</span> <span class='ocrx_word' id='word_1_439' title='bbox 2492 3027 2763 3096; x_wconf 88' lang='lat' dir='ltr'>abrogare</span> <span class='ocrx_word' id='word_1_440' title='bbox 2788 3025 2846 3078; x_wconf 91' lang='lat' dir='ltr'>in</span> <span class='ocrx_word' id='word_1_441' title='bbox 2873 3030 3120 3077; x_wconf 89' lang='lat' dir='ltr'>mentem</span> <span class='ocrx_word' id='word_1_442' title='bbox 3148 3021 3254 3076; x_wconf 90' lang='lat' dir='ltr'>tibi</span> <span class='ocrx_word' id='word_1_443' title='bbox 3306 3020 3498 3073; x_wconf 88' lang='lat' dir='ltr'>veniat.</span> <span class='ocrx_word' id='word_1_444' title='bbox 3543 3017 3701 3084; x_wconf 82' lang='lat' dir='ltr'>Neque</span> 
     </span>
    </p>
   </div>
   <div class='ocr_carea' id='block_1_60' title="bbox 483 3109 3699 3188">
    <p class='ocr_par' dir='ltr' id='par_1_60' title="bbox 483 3109 3699 3188">
     <span class='ocr_line' id='line_1_60' title="bbox 483 3109 3699 3188; baseline -0.001 -19"><span class='ocrx_word' id='word_1_445' title='bbox 483 3115 957 3186; x_wconf 88' lang='lat' dir='ltr'>dispensationem</span> <span class='ocrx_word' id='word_1_446' title='bbox 975 3114 1276 3185; x_wconf 88' lang='lat' dir='ltr'>pertinent,</span> <span class='ocrx_word' id='word_1_447' title='bbox 1301 3115 1738 3168; x_wconf 84' lang='lat' dir='ltr'>didicisse.Nam</span> <span class='ocrx_word' id='word_1_448' title='bbox 1759 3115 2072 3169; x_wconf 89' lang='lat' dir='ltr'>itasanctus</span> <span class='ocrx_word' id='word_1_449' title='bbox 2093 3122 2137 3181; x_wconf 75' lang='grc' dir='ltr'>Ο</span> <span class='ocrx_word' id='word_1_450' title='bbox 2157 3119 2307 3172; x_wconf 88' lang='lat' dir='ltr'>enim</span> <span class='ocrx_word' id='word_1_451' title='bbox 2336 3118 2386 3171; x_wconf 91' lang='lat' dir='ltr'>ei</span> <span class='ocrx_word' id='word_1_452' title='bbox 2418 3117 2513 3188; x_wconf 91' lang='lat' dir='ltr'>qui</span> <span class='ocrx_word' id='word_1_453' title='bbox 2545 3116 2728 3186; x_wconf 89' lang='lat' dir='ltr'>ipsum</span> <span class='ocrx_word' id='word_1_454' title='bbox 2758 3113 3002 3185; x_wconf 91' lang='lat' dir='ltr'>primum</span> <span class='ocrx_word' id='word_1_455' title='bbox 3033 3129 3063 3165; x_wconf 91' lang='lat' dir='ltr'>e</span> <span class='ocrx_word' id='word_1_456' title='bbox 3091 3116 3248 3166; x_wconf 90' lang='lat' dir='ltr'>terra</span> <span class='ocrx_word' id='word_1_457' title='bbox 3289 3109 3473 3172; x_wconf 86' lang='lat' dir='ltr'>effixit,</span> <span class='ocrx_word' id='word_1_458' title='bbox 3514 3109 3699 3177; x_wconf 75' lang='lat' dir='ltr'>postea-</span> 
     </span>
    </p>
   </div>
   <div class='ocr_carea' id='block_1_61' title="bbox 479 3203 2075 3274">
    <p class='ocr_par' dir='ltr' id='par_1_61' title="bbox 479 3203 2075 3274">
     <span class='ocr_line' id='line_1_61' title="bbox 479 3203 2075 3274; baseline 0 -17"><span class='ocrx_word' id='word_1_459' title='bbox 479 3204 576 3258; x_wconf 92' lang='lat' dir='ltr'>ille</span> <span class='ocrx_word' id='word_1_460' title='bbox 602 3203 745 3257; x_wconf 92' lang='lat' dir='ltr'>liber</span> <span class='ocrx_word' id='word_1_461' title='bbox 774 3203 1106 3274; x_wconf 90' lang='lat' dir='ltr'>appellatur,</span> <span class='ocrx_word' id='word_1_462' title='bbox 1140 3209 1204 3256; x_wconf 89' lang='lat' dir='ltr'>ut</span> <span class='ocrx_word' id='word_1_463' title='bbox 1234 3203 1329 3274; x_wconf 88' lang='lat' dir='ltr'>qui</span> <span class='ocrx_word' id='word_1_464' title='bbox 1358 3204 1840 3257; x_wconf 80' lang='lat' dir='ltr'>immortalitatem</span> <span class='ocrx_word' id='word_1_465' title='bbox 1872 3209 1929 3257; x_wconf 91' lang='lat' dir='ltr'>et</span> <span class='ocrx_word' id='word_1_466' title='bbox 1960 3211 2075 3258; x_wconf 88' lang='lat' dir='ltr'>sta-</span> 
     </span>
    </p>
   </div>
   <div class='ocr_carea' id='block_1_62' title="bbox 479 3293 2073 3363">
    <p class='ocr_par' dir='ltr' id='par_1_62' title="bbox 479 3293 2073 3363">
     <span class='ocr_line' id='line_1_62' title="bbox 479 3293 2073 3363; baseline -0.001 -16"><span class='ocrx_word' id='word_1_467' title='bbox 479 3298 602 3347; x_wconf 92' lang='lat' dir='ltr'>tum</span> <span class='ocrx_word' id='word_1_468' title='bbox 632 3309 666 3346; x_wconf 90' lang='lat' dir='ltr'>a</span> <span class='ocrx_word' id='word_1_469' title='bbox 692 3293 1049 3363; x_wconf 88' lang='lat' dir='ltr'>corruptione</span> <span class='ocrx_word' id='word_1_470' title='bbox 1073 3293 1337 3358; x_wconf 91' lang='lat' dir='ltr'>alienum,</span> <span class='ocrx_word' id='word_1_471' title='bbox 1371 3298 1428 3346; x_wconf 89' lang='lat' dir='ltr'>et</span> <span class='ocrx_word' id='word_1_472' title='bbox 1454 3293 1855 3363; x_wconf 90' lang='lat' dir='ltr'>sempiternam</span> <span class='ocrx_word' id='word_1_473' title='bbox 1878 3294 2073 3360; x_wconf 87' lang='lat' dir='ltr'>vitam,</span> 
     </span>
    </p>
   </div>
   <div class='ocr_carea' id='block_1_63' title="bbox 480 3381 2071 3452">
    <p class='ocr_par' dir='ltr' id='par_1_63' title="bbox 480 3381 2071 3452">
     <span class='ocr_line' id='line_1_63' title="bbox 480 3381 2071 3452; baseline 0.002 -18"><span class='ocrx_word' id='word_1_474' title='bbox 480 3386 537 3435; x_wconf 88' lang='lat' dir='ltr'>et</span> <span class='ocrx_word' id='word_1_475' title='bbox 571 3386 925 3452; x_wconf 89' lang='lat' dir='ltr'>peccatorum</span> <span class='ocrx_word' id='word_1_476' title='bbox 957 3381 1360 3448; x_wconf 86' lang='lat' dir='ltr'>remissionem,</span> <span class='ocrx_word' id='word_1_477' title='bbox 1404 3387 1460 3435; x_wconf 90' lang='lat' dir='ltr'>et</span> <span class='ocrx_word' id='word_1_478' title='bbox 1501 3383 1768 3436; x_wconf 67' lang='lat' dir='ltr'>caelorum</span> <span class='ocrx_word' id='word_1_479' title='bbox 1816 3399 2071 3451; x_wconf 89' lang='lat' dir='ltr'>regnum,</span> 
     </span>
    </p>
   </div>
   <div class='ocr_carea' id='block_1_64' title="bbox 478 3469 2075 3540">
    <p class='ocr_par' dir='ltr' id='par_1_64' title="bbox 478 3469 2075 3540">
     <span class='ocr_line' id='line_1_64' title="bbox 478 3469 2075 3540; baseline 0.002 -18"><span class='ocrx_word' id='word_1_480' title='bbox 478 3469 639 3523; x_wconf 89' lang='lat' dir='ltr'>nobis</span> <span class='ocrx_word' id='word_1_481' title='bbox 679 3471 775 3540; x_wconf 91' lang='lat' dir='ltr'>qui</span> <span class='ocrx_word' id='word_1_482' title='bbox 806 3471 1073 3524; x_wconf 89' lang='lat' dir='ltr'>mortales</span> <span class='ocrx_word' id='word_1_483' title='bbox 1097 3470 1463 3540; x_wconf 89' lang='lat' dir='ltr'>interituique</span> <span class='ocrx_word' id='word_1_484' title='bbox 1502 3470 1725 3523; x_wconf 86' lang='lat' dir='ltr'>obnoxii</span> <span class='ocrx_word' id='word_1_485' title='bbox 1756 3487 1819 3523; x_wconf 92' lang='lat' dir='ltr'>ac</span> <span class='ocrx_word' id='word_1_486' title='bbox 1864 3472 2075 3525; x_wconf 89' lang='lat' dir='ltr'>terreni</span> 
     </span>
    </p>
   </div>
   <div class='ocr_carea' id='block_1_65' title="bbox 479 3558 2079 3628">
    <p class='ocr_par' dir='ltr' id='par_1_65' title="bbox 479 3558 2079 3628">
     <span class='ocr_line' id='line_1_65' title="bbox 479 3558 2079 3628; baseline 0.001 -16"><span class='ocrx_word' id='word_1_487' title='bbox 479 3575 692 3624; x_wconf 90' lang='lat' dir='ltr'>sumus,</span> <span class='ocrx_word' id='word_1_488' title='bbox 726 3559 906 3612; x_wconf 90' lang='lat' dir='ltr'>fauste</span> <span class='ocrx_word' id='word_1_489' title='bbox 935 3559 1251 3612; x_wconf 75' lang='lat' dir='ltr'>annuntiat.</span> <span class='ocrx_word' id='word_1_490' title='bbox 1285 3558 1462 3621; x_wconf 82' lang='lat' dir='ltr'>Quem</span> <span class='ocrx_word' id='word_1_491' title='bbox 1491 3559 1713 3628; x_wconf 87' lang='lat' dir='ltr'>quidem</span> <span class='ocrx_word' id='word_1_492' title='bbox 1735 3559 2079 3628; x_wconf 86' lang='lat' dir='ltr'>scripserunt</span> 
     </span>
    </p>
   </div>
   <div class='ocr_carea' id='block_1_66' title="bbox 479 3646 2076 3718">
    <p class='ocr_par' dir='ltr' id='par_1_66' title="bbox 479 3646 2076 3718">
     <span class='ocr_line' id='line_1_66' title="bbox 479 3646 2076 3718; baseline 0.003 -19"><span class='ocrx_word' id='word_1_493' title='bbox 479 3647 577 3717; x_wconf 91' lang='lat' dir='ltr'>qui</span> <span class='ocrx_word' id='word_1_494' title='bbox 603 3650 945 3716; x_wconf 87' lang='lat' dir='ltr'>spectatores</span> <span class='ocrx_word' id='word_1_495' title='bbox 976 3663 1040 3700; x_wconf 90' lang='lat' dir='ltr'>ac</span> <span class='ocrx_word' id='word_1_496' title='bbox 1063 3647 1306 3699; x_wconf 88' lang='lat' dir='ltr'>ministri</span> <span class='ocrx_word' id='word_1_497' title='bbox 1329 3646 1494 3699; x_wconf 87' lang='lat' dir='ltr'>Verbi</span> <span class='ocrx_word' id='word_1_498' title='bbox 1511 3646 1756 3700; x_wconf 90' lang='lat' dir='ltr'>fuerunt.</span> <span class='ocrx_word' id='word_1_499' title='bbox 1781 3647 1862 3700; x_wconf 92' lang='lat' dir='ltr'>De</span> <span class='ocrx_word' id='word_1_500' title='bbox 1877 3648 2076 3718; x_wconf 90' lang='lat' dir='ltr'>quibus</span> 
     </span>
    </p>
   </div>
   <div class='ocr_carea' id='block_1_67' title="bbox 478 3734 2074 3804">
    <p class='ocr_par' dir='ltr' id='par_1_67' title="bbox 478 3734 2074 3804">
     <span class='ocr_line' id='line_1_67' title="bbox 478 3734 2074 3804; baseline 0.001 -16"><span class='ocrx_word' id='word_1_501' title='bbox 478 3735 736 3804; x_wconf 88' lang='lat' dir='ltr'>superius</span> <span class='ocrx_word' id='word_1_502' title='bbox 766 3734 898 3799; x_wconf 87' lang='lat' dir='ltr'>dixi,</span> <span class='ocrx_word' id='word_1_503' title='bbox 933 3735 1078 3803; x_wconf 92' lang='lat' dir='ltr'>quod</span> <span class='ocrx_word' id='word_1_504' title='bbox 1112 3734 1365 3788; x_wconf 86' lang='lat' dir='ltr'>Salvator</span> <span class='ocrx_word' id='word_1_505' title='bbox 1394 3739 1584 3787; x_wconf 89' lang='lat' dir='ltr'>noster</span> <span class='ocrx_word' id='word_1_506' title='bbox 1625 3735 1880 3788; x_wconf 88' lang='lat' dir='ltr'>Christus</span> <span class='ocrx_word' id='word_1_507' title='bbox 1909 3736 2074 3789; x_wconf 90' lang='lat' dir='ltr'>disci-</span> 
     </span>
    </p>
   </div>
   <div class='ocr_carea' id='block_1_68' title="bbox 478 3822 2078 3895">
    <p class='ocr_par' dir='ltr' id='par_1_68' title="bbox 478 3822 2078 3895">
     <span class='ocr_line' id='line_1_68' title="bbox 478 3822 2078 3895; baseline 0.003 -21"><span class='ocrx_word' id='word_1_508' title='bbox 478 3822 642 3892; x_wconf 89' lang='lat' dir='ltr'>pulos</span> <span class='ocrx_word' id='word_1_509' title='bbox 672 3827 730 3874; x_wconf 92' lang='lat' dir='ltr'>et</span> <span class='ocrx_word' id='word_1_510' title='bbox 753 3823 1031 3891; x_wconf 79' lang='lat' dir='ltr'>apostolos</span> <span class='ocrx_word' id='word_1_511' title='bbox 1061 3822 1311 3890; x_wconf 89' lang='lat' dir='ltr'>elegerit.</span> <span class='ocrx_word' id='word_1_512' title='bbox 1346 3823 1453 3884; x_wconf 89' lang='lat' dir='ltr'>Qui</span> <span class='ocrx_word' id='word_1_513' title='bbox 1484 3823 1708 3892; x_wconf 87' lang='lat' dir='ltr'>quidem</span> <span class='ocrx_word' id='word_1_514' title='bbox 1747 3823 1905 3877; x_wconf 92' lang='lat' dir='ltr'>nobis</span> <span class='ocrx_word' id='word_1_515' title='bbox 1951 3830 2078 3895; x_wconf 88' lang='lat' dir='ltr'>post</span> 
     </span>
    </p>
   </div>
   <div class='ocr_carea' id='block_1_69' title="bbox 475 3909 2073 3981">
    <p class='ocr_par' dir='ltr' id='par_1_69' title="bbox 475 3909 2073 3981">
     <span class='ocr_line' id='line_1_69' title="bbox 475 3909 2073 3981; baseline 0.004 -20"><span class='ocrx_word' id='word_1_516' title='bbox 475 3909 780 3980; x_wconf 86' lang='lat' dir='ltr'>gloriosam</span> <span class='ocrx_word' id='word_1_517' title='bbox 805 3910 905 3962; x_wconf 93' lang='lat' dir='ltr'>Dei</span> <span class='ocrx_word' id='word_1_518' title='bbox 925 3910 985 3964; x_wconf 90' lang='lat' dir='ltr'>in</span> <span class='ocrx_word' id='word_1_519' title='bbox 1022 3911 1190 3963; x_wconf 87' lang='lat' dir='ltr'>coelos</span> <span class='ocrx_word' id='word_1_520' title='bbox 1218 3910 1620 3977; x_wconf 82' lang='lat' dir='ltr'>ascensionem,</span> <span class='ocrx_word' id='word_1_521' title='bbox 1653 3911 1826 3981; x_wconf 90' lang='lat' dir='ltr'>ipsius</span> <span class='ocrx_word' id='word_1_522' title='bbox 1841 3913 1899 3966; x_wconf 93' lang='lat' dir='ltr'>in</span> <span class='ocrx_word' id='word_1_523' title='bbox 1919 3918 2073 3981; x_wconf 74' lang='lat' dir='ltr'>terra</span> 
     </span>
    </p>
   </div>
   <div class='ocr_carea' id='block_1_70' title="bbox 477 3997 2075 4070">
    <p class='ocr_par' dir='ltr' id='par_1_70' title="bbox 477 3997 2075 4070">
     <span class='ocr_line' id='line_1_70' title="bbox 477 3997 2075 4070; baseline 0.003 -20"><span class='ocrx_word' id='word_1_524' title='bbox 477 3998 606 4051; x_wconf 57' lang='lat' dir='ltr'>vitae</span> <span class='ocrx_word' id='word_1_525' title='bbox 636 3997 932 4065; x_wconf 87' lang='lat' dir='ltr'>rationem;</span> <span class='ocrx_word' id='word_1_526' title='bbox 967 4004 1024 4051; x_wconf 91' lang='lat' dir='ltr'>et</span> <span class='ocrx_word' id='word_1_527' title='bbox 1050 3999 1361 4052; x_wconf 87' lang='lat' dir='ltr'>doctrinam</span> <span class='ocrx_word' id='word_1_528' title='bbox 1385 4016 1448 4052; x_wconf 90' lang='lat' dir='ltr'>ac</span> <span class='ocrx_word' id='word_1_529' title='bbox 1477 4000 1764 4064; x_wconf 89' lang='lat' dir='ltr'>miracula,</span> <span class='ocrx_word' id='word_1_530' title='bbox 1801 4007 2075 4070; x_wconf 91' lang='lat' dir='ltr'>quantum</span> 
     </span>
    </p>
   </div>
   <div class='ocr_carea' id='block_1_71' title="bbox 477 4073 2074 4157">
    <p class='ocr_par' dir='ltr' id='par_1_71' title="bbox 477 4073 2074 4157">
     <span class='ocr_line' id='line_1_71' title="bbox 477 4073 2074 4157; baseline 0.003 -18"><span class='ocrx_word' id='word_1_531' title='bbox 477 4073 548 4140; x_wconf 83' lang='lat' dir='ltr'>ab</span> <span class='ocrx_word' id='word_1_532' title='bbox 578 4086 898 4140; x_wconf 90' lang='lat' dir='ltr'>hominibus</span> <span class='ocrx_word' id='word_1_533' title='bbox 938 4088 1190 4157; x_wconf 59' lang='lat' dir='ltr'>prastari</span> <span class='ocrx_word' id='word_1_534' title='bbox 1232 4093 1471 4157; x_wconf 88' lang='lat' dir='ltr'>poterat,</span> <span class='ocrx_word' id='word_1_535' title='bbox 1514 4089 1831 4143; x_wconf 89' lang='lat' dir='ltr'>litterarum</span> <span class='ocrx_word' id='word_1_536' title='bbox 1873 4107 2074 4144; x_wconf 89' lang='lat' dir='ltr'>monu-</span> 
     </span>
    </p>
   </div>
   <div class='ocr_carea' id='block_1_72' title="bbox 477 4175 2072 4233">
    <p class='ocr_par' dir='ltr' id='par_1_72' title="bbox 477 4175 2072 4233">
     <span class='ocr_line' id='line_1_72' title="bbox 477 4175 2072 4233; baseline 0.003 -4"><span class='ocrx_word' id='word_1_537' title='bbox 477 4175 684 4230; x_wconf 88' lang='lat' dir='ltr'>mentis</span> <span class='ocrx_word' id='word_1_538' title='bbox 708 4177 1067 4230; x_wconf 88' lang='lat' dir='ltr'>mandarunt.</span> <span class='ocrx_word' id='word_1_539' title='bbox 1104 4177 1194 4230; x_wconf 92' lang='lat' dir='ltr'>Sic</span> <span class='ocrx_word' id='word_1_540' title='bbox 1224 4177 1430 4230; x_wconf 85' lang='lat' dir='ltr'>etenim</span> <span class='ocrx_word' id='word_1_541' title='bbox 1455 4177 1512 4230; x_wconf 93' lang='lat' dir='ltr'>in</span> <span class='ocrx_word' id='word_1_542' title='bbox 1544 4183 1792 4231; x_wconf 85' lang='lat' dir='ltr'>extrema</span> <span class='ocrx_word' id='word_1_543' title='bbox 1830 4178 1958 4232; x_wconf 91' lang='lat' dir='ltr'>libri</span> <span class='ocrx_word' id='word_1_544' title='bbox 1986 4180 2072 4233; x_wconf 90' lang='lat' dir='ltr'>sui</span> 
     </span>
    </p>
   </div>
   <div class='ocr_carea' id='block_1_73' title="bbox 475 4264 2066 4336">
    <p class='ocr_par' dir='ltr' id='par_1_73' title="bbox 475 4264 2066 4336">
     <span class='ocr_line' id='line_1_73' title="bbox 475 4264 2066 4336; baseline 0.002 -18"><span class='ocrx_word' id='word_1_545' title='bbox 475 4269 637 4336; x_wconf 90' lang='lat' dir='ltr'>parte</span> <span class='ocrx_word' id='word_1_546' title='bbox 667 4264 901 4318; x_wconf 85' lang='lat' dir='ltr'>eximius</span> <span class='ocrx_word' id='word_1_547' title='bbox 929 4265 1022 4319; x_wconf 93' lang='lat' dir='ltr'>ille</span> <span class='ocrx_word' id='word_1_548' title='bbox 1051 4265 1201 4318; x_wconf 90' lang='lat' dir='ltr'>inter</span> <span class='ocrx_word' id='word_1_549' title='bbox 1219 4265 1432 4320; x_wconf 92' lang='lat' dir='ltr'>divinos</span> <span class='ocrx_word' id='word_1_550' title='bbox 1475 4267 1844 4336; x_wconf 90' lang='lat' dir='ltr'>evangelistas</span> <span class='ocrx_word' id='word_1_551' title='bbox 1893 4267 2066 4322; x_wconf 88' lang='lat' dir='ltr'>dixit:</span> 
     </span>
    </p>
   </div>
   <div class='ocr_carea' id='block_1_74' title="bbox 476 4354 2071 4427">
    <p class='ocr_par' dir='ltr' id='par_1_74' title="bbox 476 4354 2071 4427">
     <span class='ocr_line' id='line_1_74' title="bbox 476 4354 2071 4427; baseline 0.002 -19"><span class='ocrx_word' id='word_1_552' title='bbox 476 4355 623 4408; x_wconf 92' lang='lat' dir='ltr'>Sunt</span> <span class='ocrx_word' id='word_1_553' title='bbox 652 4359 709 4408; x_wconf 93' lang='lat' dir='ltr'>et</span> <span class='ocrx_word' id='word_1_554' title='bbox 734 4354 845 4408; x_wconf 90' lang='lat' dir='ltr'>alia</span> <span class='ocrx_word' id='word_1_555' title='bbox 873 4355 1070 4420; x_wconf 88' lang='lat' dir='ltr'>multa,</span> <span class='ocrx_word' id='word_1_556' title='bbox 1097 4371 1217 4424; x_wconf 87' lang='lat' dir='ltr'>quae</span> <span class='ocrx_word' id='word_1_557' title='bbox 1246 4355 1376 4408; x_wconf 88' lang='lat' dir='ltr'>fecit</span> <span class='ocrx_word' id='word_1_558' title='bbox 1402 4356 1429 4409; x_wconf 92' lang='lat' dir='ltr'><strong>J</strong></span> <span class='ocrx_word' id='word_1_559' title='bbox 1436 4371 1583 4422; x_wconf 92' lang='lat' dir='ltr'>esus,</span> <span class='ocrx_word' id='word_1_560' title='bbox 1609 4373 1730 4427; x_wconf 81' lang='lat' dir='ltr'>quae</span> <span class='ocrx_word' id='word_1_561' title='bbox 1746 4356 1793 4410; x_wconf 92' lang='lat' dir='ltr'>si</span> <span class='ocrx_word' id='word_1_562' title='bbox 1822 4356 2071 4411; x_wconf 89' lang='lat' dir='ltr'>scriban-</span> 
     </span>
    </p>
   </div>
   <div class='ocr_carea' id='block_1_75' title="bbox 2160 3195 3704 3278">
    <p class='ocr_par' dir='ltr' id='par_1_75' title="bbox 2160 3195 3704 3278">
     <span class='ocr_line' id='line_1_75' title="bbox 2160 3195 3704 3278; baseline -0.01 -18"><span class='ocrx_word' id='word_1_563' title='bbox 2160 3223 2330 3278; x_wconf 90' lang='lat' dir='ltr'>quam</span> <span class='ocrx_word' id='word_1_564' title='bbox 2360 3206 2418 3259; x_wconf 93' lang='lat' dir='ltr'>in</span> <span class='ocrx_word' id='word_1_565' title='bbox 2446 3210 2658 3258; x_wconf 89' lang='lat' dir='ltr'>terram</span> <span class='ocrx_word' id='word_1_566' title='bbox 2688 3220 2753 3256; x_wconf 81' lang='lat' dir='ltr'>ex</span> <span class='ocrx_word' id='word_1_567' title='bbox 2775 3219 2887 3273; x_wconf 89' lang='lat' dir='ltr'>qua</span> <span class='ocrx_word' id='word_1_568' title='bbox 2914 3207 3206 3271; x_wconf 91' lang='lat' dir='ltr'>sumptum</span> <span class='ocrx_word' id='word_1_569' title='bbox 3246 3205 3334 3253; x_wconf 90' lang='lat' dir='ltr'>est</span> <span class='ocrx_word' id='word_1_570' title='bbox 3362 3196 3532 3260; x_wconf 89' lang='lat' dir='ltr'>rediit,</span> <span class='ocrx_word' id='word_1_571' title='bbox 3574 3195 3704 3270; x_wconf 78' lang='lat' dir='ltr'>juxta</span> 
     </span>
    </p>
   </div>
   <div class='ocr_carea' id='block_1_76' title="bbox 2160 3283 3705 3352">
    <p class='ocr_par' dir='ltr' id='par_1_76' title="bbox 2160 3283 3705 3352">
     <span class='ocr_line' id='line_1_76' title="bbox 2160 3283 3705 3352; baseline -0.009 -3"><span class='ocrx_word' id='word_1_572' title='bbox 2160 3295 2441 3350; x_wconf 88' lang='lat' dir='ltr'>Creatoris</span> <span class='ocrx_word' id='word_1_573' title='bbox 2453 3293 2788 3348; x_wconf 88' lang='lat' dir='ltr'>sententiam</span> <span class='ocrx_word' id='word_1_574' title='bbox 2803 3308 2994 3345; x_wconf 92' lang='lat' dir='ltr'>rursus</span> <span class='ocrx_word' id='word_1_575' title='bbox 3015 3291 3086 3344; x_wconf 90' lang='lat' dir='ltr'>ad</span> <span class='ocrx_word' id='word_1_576' title='bbox 3101 3290 3279 3342; x_wconf 90' lang='lat' dir='ltr'>vitam</span> <span class='ocrx_word' id='word_1_577' title='bbox 3301 3283 3705 3352; x_wconf 83' lang='lat' dir='ltr'>excitareimpos-</span> 
     </span>
    </p>
   </div>
   <div class='ocr_carea' id='block_1_77' title="bbox 2159 3374 3702 3450">
    <p class='ocr_par' dir='ltr' id='par_1_77' title="bbox 2159 3374 3702 3450">
     <span class='ocr_line' id='line_1_77' title="bbox 2159 3374 3702 3450; baseline -0.01 -13"><span class='ocrx_word' id='word_1_578' title='bbox 2159 3384 2319 3437; x_wconf 92' lang='lat' dir='ltr'>sibile</span> <span class='ocrx_word' id='word_1_579' title='bbox 2351 3388 2453 3436; x_wconf 91' lang='lat' dir='ltr'>est.</span> <span class='ocrx_word' id='word_1_580' title='bbox 2474 3383 2618 3436; x_wconf 88' lang='lat' dir='ltr'>Nam</span> <span class='ocrx_word' id='word_1_581' title='bbox 2635 3381 2681 3434; x_wconf 92' lang='lat' dir='ltr'>si</span> <span class='ocrx_word' id='word_1_582' title='bbox 2702 3380 2975 3450; x_wconf 83' lang='lat' dir='ltr'>quodRex</span> <span class='ocrx_word' id='word_1_583' title='bbox 2992 3379 3142 3432; x_wconf 92' lang='lat' dir='ltr'>Deus</span> <span class='ocrx_word' id='word_1_584' title='bbox 3163 3393 3230 3429; x_wconf 88' lang='lat' dir='ltr'>ex</span> <span class='ocrx_word' id='word_1_585' title='bbox 3267 3375 3438 3429; x_wconf 90' lang='lat' dir='ltr'>nihilo</span> <span class='ocrx_word' id='word_1_586' title='bbox 3461 3374 3513 3426; x_wconf 90' lang='lat' dir='ltr'>in</span> <span class='ocrx_word' id='word_1_587' title='bbox 3552 3377 3702 3424; x_wconf 88' lang='lat' dir='ltr'>ortum</span> 
     </span>
    </p>
   </div>
   <div class='ocr_carea' id='block_1_78' title="bbox 2158 3465 3703 3544">
    <p class='ocr_par' dir='ltr' id='par_1_78' title="bbox 2158 3465 3703 3544">
     <span class='ocr_line' id='line_1_78' title="bbox 2158 3465 3703 3544; baseline -0.01 -17"><span class='ocrx_word' id='word_1_588' title='bbox 2158 3471 2498 3544; x_wconf 88' lang='lat' dir='ltr'>produxerit,</span> <span class='ocrx_word' id='word_1_589' title='bbox 2533 3475 2717 3523; x_wconf 87' lang='lat' dir='ltr'>tecum</span> <span class='ocrx_word' id='word_1_590' title='bbox 2741 3473 2984 3538; x_wconf 88' lang='lat' dir='ltr'>reputes,</span> <span class='ocrx_word' id='word_1_591' title='bbox 3019 3467 3167 3520; x_wconf 91' lang='lat' dir='ltr'>istud</span> <span class='ocrx_word' id='word_1_592' title='bbox 3193 3465 3333 3519; x_wconf 90' lang='lat' dir='ltr'>satis</span> <span class='ocrx_word' id='word_1_593' title='bbox 3353 3478 3543 3531; x_wconf 88' lang='lat' dir='ltr'>magno</span> <span class='ocrx_word' id='word_1_594' title='bbox 3567 3474 3703 3528; x_wconf 80' lang='lat' dir='ltr'>argu—</span> 
     </span>
    </p>
   </div>
   <div class='ocr_carea' id='block_1_79' title="bbox 2159 3555 3703 3624">
    <p class='ocr_par' dir='ltr' id='par_1_79' title="bbox 2159 3555 3703 3624">
     <span class='ocr_line' id='line_1_79' title="bbox 2159 3555 3703 3624; baseline -0.01 -10"><span class='ocrx_word' id='word_1_595' title='bbox 2159 3566 2348 3614; x_wconf 88' lang='lat' dir='ltr'>mento</span> <span class='ocrx_word' id='word_1_596' title='bbox 2368 3559 2468 3612; x_wconf 90' lang='lat' dir='ltr'>tibi</span> <span class='ocrx_word' id='word_1_597' title='bbox 2488 3559 2741 3612; x_wconf 89' lang='lat' dir='ltr'>futurum</span> <span class='ocrx_word' id='word_1_598' title='bbox 2773 3561 2876 3610; x_wconf 89' lang='lat' dir='ltr'>est.</span> <span class='ocrx_word' id='word_1_599' title='bbox 2912 3555 3133 3610; x_wconf 87' lang='lat' dir='ltr'>Etenim</span> <span class='ocrx_word' id='word_1_600' title='bbox 3171 3559 3399 3624; x_wconf 83' lang='lat' dir='ltr'>sumpta</span> <span class='ocrx_word' id='word_1_601' title='bbox 3424 3558 3578 3613; x_wconf 88' lang='lat' dir='ltr'>terra,</span> <span class='ocrx_word' id='word_1_602' title='bbox 3607 3562 3703 3616; x_wconf 72' lang='lat' dir='ltr'>qua:</span> 
     </span>
    </p>
   </div>
   <div class='ocr_carea' id='block_1_80' title="bbox 2157 3637 3705 3721">
    <p class='ocr_par' dir='ltr' id='par_1_80' title="bbox 2157 3637 3705 3721">
     <span class='ocr_line' id='line_1_80' title="bbox 2157 3637 3705 3721; baseline -0.01 -18"><span class='ocrx_word' id='word_1_603' title='bbox 2157 3645 2313 3721; x_wconf 90' lang='lat' dir='ltr'>prius</span> <span class='ocrx_word' id='word_1_604' title='bbox 2339 3665 2451 3703; x_wconf 92' lang='lat' dir='ltr'>non</span> <span class='ocrx_word' id='word_1_605' title='bbox 2471 3653 2610 3713; x_wconf 89' lang='lat' dir='ltr'>erat,</span> <span class='ocrx_word' id='word_1_606' title='bbox 2644 3643 3260 3715; x_wconf 90' lang='lat' dir='ltr'>hominemprocreavit</span> <span class='ocrx_word' id='word_1_607' title='bbox 3293 3643 3438 3711; x_wconf 86' lang='lat' dir='ltr'>(Gen.</span> <span class='ocrx_word' id='word_1_608' title='bbox 3484 3641 3559 3708; x_wconf 84' lang='lat' dir='ltr'>ll).</span> <span class='ocrx_word' id='word_1_609' title='bbox 3583 3637 3705 3700; x_wconf 89' lang='lat' dir='ltr'>Quo-</span> 
     </span>
    </p>
   </div>
   <div class='ocr_carea' id='block_1_81' title="bbox 2157 3729 3705 3808">
    <p class='ocr_par' dir='ltr' id='par_1_81' title="bbox 2157 3729 3705 3808">
     <span class='ocr_line' id='line_1_81' title="bbox 2157 3729 3705 3808; baseline -0.01 -15"><span class='ocrx_word' id='word_1_610' title='bbox 2157 3756 2290 3793; x_wconf 90' lang='lat' dir='ltr'>nam</span> <span class='ocrx_word' id='word_1_611' title='bbox 2320 3738 2494 3808; x_wconf 89' lang='lat' dir='ltr'>igitur</span> <span class='ocrx_word' id='word_1_612' title='bbox 2512 3736 2676 3790; x_wconf 91' lang='lat' dir='ltr'>modo</span> <span class='ocrx_word' id='word_1_613' title='bbox 2705 3752 2735 3788; x_wconf 89' lang='lat' dir='ltr'>e</span> <span class='ocrx_word' id='word_1_614' title='bbox 2762 3741 2916 3789; x_wconf 87' lang='lat' dir='ltr'>terra</span> <span class='ocrx_word' id='word_1_615' title='bbox 2934 3735 3102 3787; x_wconf 91' lang='lat' dir='ltr'>homo</span> <span class='ocrx_word' id='word_1_616' title='bbox 3129 3733 3314 3786; x_wconf 85' lang='lat' dir='ltr'>factus</span> <span class='ocrx_word' id='word_1_617' title='bbox 3344 3729 3462 3785; x_wconf 83' lang='lat' dir='ltr'>est?</span> <span class='ocrx_word' id='word_1_618' title='bbox 3493 3729 3705 3791; x_wconf 81' lang='lat' dir='ltr'>Quonam</span> 
     </span>
    </p>
   </div>
   <div class='ocr_carea' id='block_1_82' title="bbox 2157 3813 3704 3897">
    <p class='ocr_par' dir='ltr' id='par_1_82' title="bbox 2157 3813 3704 3897">
     <span class='ocr_line' id='line_1_82' title="bbox 2157 3813 3704 3897; baseline -0.01 -16"><span class='ocrx_word' id='word_1_619' title='bbox 2157 3828 2322 3882; x_wconf 92' lang='lat' dir='ltr'>modo</span> <span class='ocrx_word' id='word_1_620' title='bbox 2352 3827 2472 3897; x_wconf 89' lang='lat' dir='ltr'>ipsa</span> <span class='ocrx_word' id='word_1_621' title='bbox 2500 3842 2563 3879; x_wconf 85' lang='lat' dir='ltr'>ex</span> <span class='ocrx_word' id='word_1_622' title='bbox 2613 3825 2788 3878; x_wconf 89' lang='lat' dir='ltr'>nihilo</span> <span class='ocrx_word' id='word_1_623' title='bbox 2836 3823 3105 3894; x_wconf 90' lang='lat' dir='ltr'>producta</span> <span class='ocrx_word' id='word_1_624' title='bbox 3147 3821 3280 3875; x_wconf 86' lang='lat' dir='ltr'>est?</span> <span class='ocrx_word' id='word_1_625' title='bbox 3321 3821 3560 3884; x_wconf 88' lang='lat' dir='ltr'>Quonam</span> <span class='ocrx_word' id='word_1_626' title='bbox 3595 3813 3704 3867; x_wconf 87' lang='lat' dir='ltr'>item</span> 
     </span>
    </p>
   </div>
   <div class='ocr_carea' id='block_1_83' title="bbox 2151 3902 3706 3980">
    <p class='ocr_par' dir='ltr' id='par_1_83' title="bbox 2151 3902 3706 3980">
     <span class='ocr_line' id='line_1_83' title="bbox 2151 3902 3706 3980; baseline -0.01 -12"><span class='ocrx_word' id='word_1_627' title='bbox 2151 3916 2515 3970; x_wconf 88' lang='lat' dir='ltr'>fundamento</span> <span class='ocrx_word' id='word_1_628' title='bbox 2546 3914 2746 3967; x_wconf 89' lang='lat' dir='ltr'>nititur</span> <span class='ocrx_word' id='word_1_629' title='bbox 2760 3913 2783 3965; x_wconf 89' lang='lat'>?</span> <span class='ocrx_word' id='word_1_630' title='bbox 2795 3913 3050 3976; x_wconf 90' lang='lat' dir='ltr'>Quonam</span> <span class='ocrx_word' id='word_1_631' title='bbox 3066 3911 3312 3980; x_wconf 88' lang='lat' dir='ltr'>denique</span> <span class='ocrx_word' id='word_1_632' title='bbox 3333 3907 3491 3961; x_wconf 88' lang='lat' dir='ltr'>modo</span> <span class='ocrx_word' id='word_1_633' title='bbox 3527 3921 3584 3957; x_wconf 80' lang='lat' dir='ltr'>ex</span> <span class='ocrx_word' id='word_1_634' title='bbox 3608 3902 3706 3970; x_wconf 85' lang='lat' dir='ltr'>ipsa</span> 
     </span>
    </p>
   </div>
   <div class='ocr_carea' id='block_1_84' title="bbox 2155 3990 3704 4063">
    <p class='ocr_par' dir='ltr' id='par_1_84' title="bbox 2155 3990 3704 4063">
     <span class='ocr_line' id='line_1_84' title="bbox 2155 3990 3704 4063; baseline -0.012 -3"><span class='ocrx_word' id='word_1_635' title='bbox 2155 4005 2378 4060; x_wconf 89' lang='lat' dir='ltr'>inﬁnita</span> <span class='ocrx_word' id='word_1_636' title='bbox 2407 4008 2529 4056; x_wconf 91' lang='lat' dir='ltr'>tum</span> <span class='ocrx_word' id='word_1_637' title='bbox 2557 4001 2872 4058; x_wconf 82' lang='lat' dir='ltr'>brutorum.</span> <span class='ocrx_word' id='word_1_638' title='bbox 2895 4007 3016 4054; x_wconf 91' lang='lat' dir='ltr'>tum</span> <span class='ocrx_word' id='word_1_639' title='bbox 3039 3999 3341 4063; x_wconf 90' lang='lat' dir='ltr'>seminum,</span> <span class='ocrx_word' id='word_1_640' title='bbox 3357 3990 3704 4062; x_wconf 88' lang='lat' dir='ltr'>tumstirpium</span> 
     </span>
    </p>
   </div>
   <div class='ocr_carea' id='block_1_85' title="bbox 2155 4088 3704 4164">
    <p class='ocr_par' dir='ltr' id='par_1_85' title="bbox 2155 4088 3704 4164">
     <span class='ocr_line' id='line_1_85' title="bbox 2155 4088 3704 4164; baseline -0.01 -17"><span class='ocrx_word' id='word_1_641' title='bbox 2155 4110 2365 4164; x_wconf 90' lang='lat' dir='ltr'>genera</span> <span class='ocrx_word' id='word_1_642' title='bbox 2392 4092 2666 4162; x_wconf 89' lang='lat' dir='ltr'>producta</span> <span class='ocrx_word' id='word_1_643' title='bbox 2685 4097 2817 4144; x_wconf 93' lang='lat' dir='ltr'>sunt</span> <span class='ocrx_word' id='word_1_644' title='bbox 2837 4090 2860 4142; x_wconf 82' lang='lat'><strong>?</strong></span> <span class='ocrx_word' id='word_1_645' title='bbox 2889 4089 3211 4153; x_wconf 89' lang='lat' dir='ltr'>Quinetiam</span> <span class='ocrx_word' id='word_1_646' title='bbox 3235 4088 3297 4142; x_wconf 92' lang='lat' dir='ltr'>in</span> <span class='ocrx_word' id='word_1_647' title='bbox 3317 4092 3501 4140; x_wconf 88' lang='lat' dir='ltr'>nostro</span> <span class='ocrx_word' id='word_1_648' title='bbox 3519 4093 3704 4151; x_wconf 85' lang='lat' dir='ltr'>quoque</span> 
     </span>
    </p>
   </div>
   <div class='ocr_carea' id='block_1_86' title="bbox 2153 4172 3704 4246">
    <p class='ocr_par' dir='ltr' id='par_1_86' title="bbox 2153 4172 3704 4246">
     <span class='ocr_line' id='line_1_86' title="bbox 2153 4172 3704 4246; baseline -0.01 -10"><span class='ocrx_word' id='word_1_649' title='bbox 2153 4187 2280 4236; x_wconf 93' lang='lat' dir='ltr'>ortu</span> <span class='ocrx_word' id='word_1_650' title='bbox 2306 4181 2470 4235; x_wconf 90' lang='lat' dir='ltr'>velim</span> <span class='ocrx_word' id='word_1_651' title='bbox 2491 4181 2594 4234; x_wconf 90' lang='lat' dir='ltr'>hoc</span> <span class='ocrx_word' id='word_1_652' title='bbox 2616 4179 2950 4234; x_wconf 90' lang='lat' dir='ltr'>consideres.</span> <span class='ocrx_word' id='word_1_653' title='bbox 2969 4179 3057 4232; x_wconf 82' lang='lat' dir='ltr'>An</span> <span class='ocrx_word' id='word_1_654' title='bbox 3078 4193 3189 4232; x_wconf 91' lang='lat' dir='ltr'>non</span> <span class='ocrx_word' id='word_1_655' title='bbox 3209 4177 3362 4230; x_wconf 90' lang='lat' dir='ltr'>enim</span> <span class='ocrx_word' id='word_1_656' title='bbox 3385 4172 3704 4246; x_wconf 85' lang='lat' dir='ltr'>perexiguum</span> 
     </span>
    </p>
   </div>
   <div class='ocr_carea' id='block_1_87' title="bbox 2151 4255 3704 4335">
    <p class='ocr_par' dir='ltr' id='par_1_87' title="bbox 2151 4255 3704 4335">
     <span class='ocr_line' id='line_1_87' title="bbox 2151 4255 3704 4335; baseline -0.012 -10"><span class='ocrx_word' id='word_1_657' title='bbox 2151 4287 2340 4325; x_wconf 90' lang='lat' dir='ltr'>semen</span> <span class='ocrx_word' id='word_1_658' title='bbox 2373 4270 2431 4323; x_wconf 90' lang='lat' dir='ltr'>in</span> <span class='ocrx_word' id='word_1_659' title='bbox 2459 4275 2687 4334; x_wconf 89' lang='lat' dir='ltr'>terram,</span> <span class='ocrx_word' id='word_1_660' title='bbox 2729 4269 2832 4322; x_wconf 89' lang='lat' dir='ltr'>hoc</span> <span class='ocrx_word' id='word_1_661' title='bbox 2878 4273 2961 4322; x_wconf 89' lang='lat' dir='ltr'>est</span> <span class='ocrx_word' id='word_1_662' title='bbox 3008 4268 3066 4320; x_wconf 90' lang='lat' dir='ltr'>in</span> <span class='ocrx_word' id='word_1_663' title='bbox 3112 4266 3334 4320; x_wconf 86' lang='lat' dir='ltr'>vulvam</span> <span class='ocrx_word' id='word_1_664' title='bbox 3373 4266 3546 4335; x_wconf 91' lang='lat' dir='ltr'>ipsum</span> <span class='ocrx_word' id='word_1_665' title='bbox 3587 4255 3704 4311; x_wconf 82' lang='lat' dir='ltr'>exci-</span> 
     </span>
    </p>
   </div>
   <div class='ocr_carea' id='block_1_88' title="bbox 2152 4343 3704 4431">
    <p class='ocr_par' dir='ltr' id='par_1_88' title="bbox 2152 4343 3704 4431">
     <span class='ocr_line' id='line_1_88' title="bbox 2152 4343 3704 4431; baseline -0.012 -17"><span class='ocrx_word' id='word_1_666' title='bbox 2152 4360 2400 4431; x_wconf 89' lang='lat' dir='ltr'>pientem</span> <span class='ocrx_word' id='word_1_667' title='bbox 2437 4358 2756 4414; x_wconf 81' lang='lat' dir='ltr'>emittitur?</span> <span class='ocrx_word' id='word_1_668' title='bbox 2778 4357 2937 4412; x_wconf 87' lang='lat' dir='ltr'>Unde</span> <span class='ocrx_word' id='word_1_669' title='bbox 2965 4356 3139 4425; x_wconf 87' lang='lat' dir='ltr'>igitur</span> <span class='ocrx_word' id='word_1_670' title='bbox 3157 4356 3277 4409; x_wconf 63' lang='lat' dir='ltr'>haec</span> <span class='ocrx_word' id='word_1_671' title='bbox 3297 4358 3457 4408; x_wconf 91' lang='lat' dir='ltr'>tanta</span> <span class='ocrx_word' id='word_1_672' title='bbox 3485 4343 3704 4405; x_wconf 88' lang='lat' dir='ltr'>animalis</span> 
     </span>
    </p>
   </div>
   <div class='ocr_carea' id='block_1_89' title="bbox 473 4434 2408 4516">
    <p class='ocr_par' dir='ltr' id='par_1_89' title="bbox 473 4434 2408 4516">
     <span class='ocr_line' id='line_1_89' title="bbox 473 4434 2408 4516; baseline 0.002 -21"><span class='ocrx_word' id='word_1_673' title='bbox 473 4447 570 4496; x_wconf 90' lang='lat' dir='ltr'>tur</span> <span class='ocrx_word' id='word_1_674' title='bbox 599 4459 700 4513; x_wconf 92' lang='lat' dir='ltr'>per</span> <span class='ocrx_word' id='word_1_675' title='bbox 729 4443 970 4512; x_wconf 88' lang='lat' dir='ltr'>singula,</span> <span class='ocrx_word' id='word_1_676' title='bbox 996 4459 1099 4497; x_wconf 91' lang='lat' dir='ltr'>nec</span> <span class='ocrx_word' id='word_1_677' title='bbox 1113 4443 1296 4514; x_wconf 91' lang='lat' dir='ltr'>ipsum</span> <span class='ocrx_word' id='word_1_678' title='bbox 1309 4443 1553 4498; x_wconf 89' lang='lat' dir='ltr'>arbitror</span> <span class='ocrx_word' id='word_1_679' title='bbox 1570 4447 1845 4500; x_wconf 90' lang='lat' dir='ltr'>mundum</span> <span class='ocrx_word' id='word_1_680' title='bbox 1867 4462 1962 4499; x_wconf 93' lang='lat' dir='ltr'>eos</span> <span class='ocrx_word' id='word_1_681' title='bbox 1976 4447 2071 4516; x_wconf 90' lang='lat' dir='ltr'>qui</span> <span class='ocrx_word' id='word_1_682' title='bbox 2089 4434 2136 4491; x_wconf 84' lang='lat' dir='ltr'>D</span> <span class='ocrx_word' id='word_1_683' title='bbox 2154 4447 2408 4502; x_wconf 81' lang='lat' dir='ltr'>effectio?</span> 
     </span>
    </p>
   </div>
   <div class='ocr_carea' id='block_1_90' title="bbox 475 4531 1914 4603">
    <p class='ocr_par' dir='ltr' id='par_1_90' title="bbox 475 4531 1914 4603">
     <span class='ocr_line' id='line_1_90' title="bbox 475 4531 1914 4603; baseline 0.003 -19"><span class='ocrx_word' id='word_1_684' title='bbox 475 4531 754 4585; x_wconf 90' lang='lat' dir='ltr'>scribendi</span> <span class='ocrx_word' id='word_1_685' title='bbox 784 4537 916 4585; x_wconf 91' lang='lat' dir='ltr'>sunt</span> <span class='ocrx_word' id='word_1_686' title='bbox 943 4547 1142 4601; x_wconf 88' lang='lat' dir='ltr'>capere</span> <span class='ocrx_word' id='word_1_687' title='bbox 1169 4548 1330 4603; x_wconf 91' lang='lat' dir='ltr'>posse</span> <span class='ocrx_word' id='word_1_688' title='bbox 1360 4532 1532 4600; x_wconf 84' lang='lat' dir='ltr'>libros</span> <span class='ocrx_word' id='word_1_689' title='bbox 1563 4536 1741 4600; x_wconf 87' lang='lat' dir='ltr'>(Joan.</span> <span class='ocrx_word' id='word_1_690' title='bbox 1777 4537 1914 4600; x_wconf 84' lang='lat' dir='ltr'>XXI).</span> 
     </span>
    </p>
   </div>
   <div class='ocr_carea' id='block_1_91' title="bbox 547 4620 2066 4691">
    <p class='ocr_par' dir='ltr' id='par_1_91' title="bbox 547 4620 2066 4691">
     <span class='ocr_line' id='line_1_91' title="bbox 547 4620 2066 4691; baseline 0.002 -17"><span class='ocrx_word' id='word_1_691' title='bbox 547 4621 611 4674; x_wconf 92' lang='lat' dir='ltr'>In</span> <span class='ocrx_word' id='word_1_692' title='bbox 639 4620 744 4674; x_wconf 90' lang='lat' dir='ltr'>hoc</span> <span class='ocrx_word' id='word_1_693' title='bbox 763 4620 935 4690; x_wconf 88' lang='lat' dir='ltr'>igitur</span> <span class='ocrx_word' id='word_1_694' title='bbox 948 4620 1135 4673; x_wconf 90' lang='lat' dir='ltr'>divino</span> <span class='ocrx_word' id='word_1_695' title='bbox 1163 4620 1482 4690; x_wconf 87' lang='lat' dir='ltr'>Evangelio,</span> <span class='ocrx_word' id='word_1_696' title='bbox 1504 4627 1627 4676; x_wconf 91' lang='lat' dir='ltr'>tum</span> <span class='ocrx_word' id='word_1_697' title='bbox 1648 4623 2066 4691; x_wconf 86' lang='lat' dir='ltr'>incarnationis,</span> 
     </span>
    </p>
   </div>
   <div class='ocr_carea' id='block_1_92' title="bbox 475 4709 2069 4782">
    <p class='ocr_par' dir='ltr' id='par_1_92' title="bbox 475 4709 2069 4782">
     <span class='ocr_line' id='line_1_92' title="bbox 475 4709 2069 4782; baseline 0.002 -19"><span class='ocrx_word' id='word_1_698' title='bbox 475 4715 598 4763; x_wconf 87' lang='lat' dir='ltr'>tum</span> <span class='ocrx_word' id='word_1_699' title='bbox 627 4709 1037 4774; x_wconf 84' lang='lat' dir='ltr'>declarationis,</span> <span class='ocrx_word' id='word_1_700' title='bbox 1084 4713 1206 4763; x_wconf 89' lang='lat' dir='ltr'>tum</span> <span class='ocrx_word' id='word_1_701' title='bbox 1245 4709 1660 4774; x_wconf 88' lang='lat' dir='ltr'>miraculorum,</span> <span class='ocrx_word' id='word_1_702' title='bbox 1705 4716 1828 4764; x_wconf 89' lang='lat' dir='ltr'>tum</span> <span class='ocrx_word' id='word_1_703' title='bbox 1863 4729 2069 4782; x_wconf 82' lang='lat' dir='ltr'>praece-</span> 
     </span>
    </p>
   </div>
   <div class='ocr_carea' id='block_1_93' title="bbox 476 4797 2071 4870">
    <p class='ocr_par' dir='ltr' id='par_1_93' title="bbox 476 4797 2071 4870">
     <span class='ocr_line' id='line_1_93' title="bbox 476 4797 2071 4870; baseline 0.003 -20"><span class='ocrx_word' id='word_1_704' title='bbox 476 4802 701 4867; x_wconf 87' lang='lat' dir='ltr'>ptorum</span> <span class='ocrx_word' id='word_1_705' title='bbox 730 4798 906 4868; x_wconf 90' lang='lat' dir='ltr'>ipsius</span> <span class='ocrx_word' id='word_1_706' title='bbox 935 4797 1187 4863; x_wconf 88' lang='lat' dir='ltr'>historia,</span> <span class='ocrx_word' id='word_1_707' title='bbox 1227 4799 1329 4852; x_wconf 91' lang='lat' dir='ltr'>Dei</span> <span class='ocrx_word' id='word_1_708' title='bbox 1368 4799 1569 4870; x_wconf 90' lang='lat' dir='ltr'>spiritu</span> <span class='ocrx_word' id='word_1_709' title='bbox 1618 4805 1846 4853; x_wconf 87' lang='lat' dir='ltr'>exarata</span> <span class='ocrx_word' id='word_1_710' title='bbox 1893 4801 2071 4855; x_wconf 91' lang='lat' dir='ltr'>conti-</span> 
     </span>
    </p>
   </div>
   <div class='ocr_carea' id='block_1_94' title="bbox 477 4887 2070 4958">
    <p class='ocr_par' dir='ltr' id='par_1_94' title="bbox 477 4887 2070 4958">
     <span class='ocr_line' id='line_1_94' title="bbox 477 4887 2070 4958; baseline 0.004 -21"><span class='ocrx_word' id='word_1_711' title='bbox 477 4890 663 4938; x_wconf 91' lang='lat' dir='ltr'>netur.</span> <span class='ocrx_word' id='word_1_712' title='bbox 690 4888 769 4939; x_wconf 84' lang='lat' dir='ltr'>Ac</span> <span class='ocrx_word' id='word_1_713' title='bbox 804 4887 1007 4941; x_wconf 91' lang='lat' dir='ltr'>deinde</span> <span class='ocrx_word' id='word_1_714' title='bbox 1038 4888 1295 4958; x_wconf 91' lang='lat' dir='ltr'>supplicii</span> <span class='ocrx_word' id='word_1_715' title='bbox 1326 4889 1476 4942; x_wconf 90' lang='lat' dir='ltr'>illius</span> <span class='ocrx_word' id='word_1_716' title='bbox 1501 4888 1571 4942; x_wconf 92' lang='lat' dir='ltr'>ab</span> <span class='ocrx_word' id='word_1_717' title='bbox 1611 4889 1761 4943; x_wconf 91' lang='lat' dir='ltr'>omni</span> <span class='ocrx_word' id='word_1_718' title='bbox 1816 4889 1941 4944; x_wconf 85' lang='lat' dir='ltr'>labe</span> <span class='ocrx_word' id='word_1_719' title='bbox 1981 4907 2070 4945; x_wconf 89' lang='lat' dir='ltr'>re-</span> 
     </span>
    </p>
   </div>
   <div class='ocr_carea' id='block_1_95' title="bbox 479 4973 2072 5050">
    <p class='ocr_par' dir='ltr' id='par_1_95' title="bbox 479 4973 2072 5050">
     <span class='ocr_line' id='line_1_95' title="bbox 479 4973 2072 5050; baseline 0.004 -24"><span class='ocrx_word' id='word_1_720' title='bbox 479 4973 638 5038; x_wconf 89' lang='lat' dir='ltr'>moti,</span> <span class='ocrx_word' id='word_1_721' title='bbox 670 4975 818 5044; x_wconf 93' lang='lat' dir='ltr'>quod</span> <span class='ocrx_word' id='word_1_722' title='bbox 839 4975 1109 5030; x_wconf 91' lang='lat' dir='ltr'>Dominus</span> <span class='ocrx_word' id='word_1_723' title='bbox 1130 4983 1322 5031; x_wconf 88' lang='lat' dir='ltr'>nostra</span> <span class='ocrx_word' id='word_1_724' title='bbox 1349 4994 1519 5032; x_wconf 90' lang='lat' dir='ltr'>causa</span> <span class='ocrx_word' id='word_1_725' title='bbox 1537 4978 1728 5046; x_wconf 88' lang='lat' dir='ltr'>subiit,</span> <span class='ocrx_word' id='word_1_726' title='bbox 1758 4985 2072 5050; x_wconf 73' lang='lat' dir='ltr'>sanctaeque</span> 
     </span>
    </p>
   </div>
   <div class='ocr_carea' id='block_1_96' title="bbox 477 5060 2070 5138">
    <p class='ocr_par' dir='ltr' id='par_1_96' title="bbox 477 5060 2070 5138">
     <span class='ocr_line' id='line_1_96' title="bbox 477 5060 2070 5138; baseline 0.004 -23"><span class='ocrx_word' id='word_1_727' title='bbox 477 5060 666 5115; x_wconf 90' lang='lat' dir='ltr'>triduo</span> <span class='ocrx_word' id='word_1_728' title='bbox 694 5068 820 5132; x_wconf 88' lang='lat' dir='ltr'>post</span> <span class='ocrx_word' id='word_1_729' title='bbox 850 5067 1296 5129; x_wconf 87' lang='lat' dir='ltr'>resurrectionis,</span> <span class='ocrx_word' id='word_1_730' title='bbox 1339 5073 1507 5138; x_wconf 91' lang='lat' dir='ltr'>atque</span> <span class='ocrx_word' id='word_1_731' title='bbox 1554 5068 1610 5121; x_wconf 93' lang='lat' dir='ltr'>in</span> <span class='ocrx_word' id='word_1_732' title='bbox 1661 5067 1829 5122; x_wconf 68' lang='lat' dir='ltr'>caelos</span> <span class='ocrx_word' id='word_1_733' title='bbox 1878 5084 2070 5122; x_wconf 89' lang='lat' dir='ltr'>ascen-</span> 
     </span>
    </p>
   </div>
   <div class='ocr_carea' id='block_1_97' title="bbox 477 5149 2070 5227">
    <p class='ocr_par' dir='ltr' id='par_1_97' title="bbox 477 5149 2070 5227">
     <span class='ocr_line' id='line_1_97' title="bbox 477 5149 2070 5227; baseline 0.005 -24"><span class='ocrx_word' id='word_1_734' title='bbox 477 5149 670 5215; x_wconf 88' lang='lat' dir='ltr'>sionis,</span> <span class='ocrx_word' id='word_1_735' title='bbox 703 5166 768 5203; x_wconf 88' lang='lat' dir='ltr'>ac</span> <span class='ocrx_word' id='word_1_736' title='bbox 791 5151 1029 5222; x_wconf 91' lang='lat' dir='ltr'>denique</span> <span class='ocrx_word' id='word_1_737' title='bbox 1068 5154 1300 5209; x_wconf 88' lang='lat' dir='ltr'>illustris</span> <span class='ocrx_word' id='word_1_738' title='bbox 1331 5173 1395 5209; x_wconf 89' lang='lat' dir='ltr'>ac</span> <span class='ocrx_word' id='word_1_739' title='bbox 1423 5157 1710 5218; x_wconf 85' lang='lat' dir='ltr'>metuendi</span> <span class='ocrx_word' id='word_1_740' title='bbox 1757 5157 1933 5227; x_wconf 90' lang='lat' dir='ltr'>ipsius</span> <span class='ocrx_word' id='word_1_741' title='bbox 1982 5174 2070 5210; x_wconf 91' lang='lat' dir='ltr'>se-</span> 
     </span>
    </p>
   </div>
   <div class='ocr_carea' id='block_1_98' title="bbox 477 5238 2072 5300">
    <p class='ocr_par' dir='ltr' id='par_1_98' title="bbox 477 5238 2072 5300">
     <span class='ocr_line' id='line_1_98' title="bbox 477 5238 2072 5300; baseline 0.005 -8"><span class='ocrx_word' id='word_1_742' title='bbox 477 5238 646 5292; x_wconf 92' lang='lat' dir='ltr'>cundi</span> <span class='ocrx_word' id='word_1_743' title='bbox 674 5239 944 5294; x_wconf 87' lang='lat' dir='ltr'>adventus</span> <span class='ocrx_word' id='word_1_744' title='bbox 975 5243 1184 5296; x_wconf 90' lang='lat' dir='ltr'>mentio</span> <span class='ocrx_word' id='word_1_745' title='bbox 1215 5245 1469 5299; x_wconf 87' lang='lat' dir='ltr'>habetur.</span> <span class='ocrx_word' id='word_1_746' title='bbox 1513 5247 1759 5300; x_wconf 90' lang='lat' dir='ltr'>Rursum</span> <span class='ocrx_word' id='word_1_747' title='bbox 1791 5245 1940 5299; x_wconf 88' lang='lat' dir='ltr'>enim</span> <span class='ocrx_word' id='word_1_748' title='bbox 1971 5247 2072 5300; x_wconf 91' lang='lat' dir='ltr'>Dei</span> 
     </span>
    </p>
   </div>
   <div class='ocr_carea' id='block_1_99' title="bbox 477 5325 2071 5404">
    <p class='ocr_par' dir='ltr' id='par_1_99' title="bbox 477 5325 2071 5404">
     <span class='ocr_line' id='line_1_99' title="bbox 477 5325 2071 5404; baseline 0.004 -24"><span class='ocrx_word' id='word_1_749' title='bbox 477 5325 652 5380; x_wconf 92' lang='lat' dir='ltr'>Filius</span> <span class='ocrx_word' id='word_1_750' title='bbox 676 5343 804 5380; x_wconf 90' lang='lat' dir='ltr'>cum</span> <span class='ocrx_word' id='word_1_751' title='bbox 831 5328 1029 5397; x_wconf 90' lang='lat' dir='ltr'>gloria,</span> <span class='ocrx_word' id='word_1_752' title='bbox 1062 5331 1213 5384; x_wconf 88' lang='lat' dir='ltr'>omni</span> <span class='ocrx_word' id='word_1_753' title='bbox 1242 5349 1498 5387; x_wconf 89' lang='lat' dir='ltr'>sermone</span> <span class='ocrx_word' id='word_1_754' title='bbox 1518 5334 1891 5404; x_wconf 74' lang='lat' dir='ltr'>prmstantiori</span> <span class='ocrx_word' id='word_1_755' title='bbox 1904 5340 2071 5404; x_wconf 84' lang='lat' dir='ltr'>atque</span> 
     </span>
    </p>
   </div>
   <div class='ocr_carea' id='block_1_100' title="bbox 477 5414 2074 5484">
    <p class='ocr_par' dir='ltr' id='par_1_100' title="bbox 477 5414 2074 5484">
     <span class='ocr_line' id='line_1_100' title="bbox 477 5414 2074 5484; baseline 0.004 -15"><span class='ocrx_word' id='word_1_756' title='bbox 477 5414 693 5484; x_wconf 90' lang='lat' dir='ltr'>ingenti</span> <span class='ocrx_word' id='word_1_757' title='bbox 722 5416 962 5470; x_wconf 75' lang='lat' dir='ltr'>coelestia</span> <span class='ocrx_word' id='word_1_758' title='bbox 989 5417 1201 5474; x_wconf 74' lang='lat' dir='ltr'>militiae</span> <span class='ocrx_word' id='word_1_759' title='bbox 1231 5421 1590 5475; x_wconf 91' lang='lat' dir='ltr'>multitudine</span> <span class='ocrx_word' id='word_1_760' title='bbox 1621 5423 1679 5475; x_wconf 92' lang='lat' dir='ltr'>in</span> <span class='ocrx_word' id='word_1_761' title='bbox 1706 5428 1917 5476; x_wconf 89' lang='lat' dir='ltr'>terram</span> <span class='ocrx_word' id='word_1_762' title='bbox 1947 5439 2074 5476; x_wconf 93' lang='lat' dir='ltr'>ven-</span> 
     </span>
    </p>
   </div>
   <div class='ocr_carea' id='block_1_101' title="bbox 476 5506 2072 5579">
    <p class='ocr_par' dir='ltr' id='par_1_101' title="bbox 476 5506 2072 5579">
     <span class='ocr_line' id='line_1_101' title="bbox 476 5506 2072 5579; baseline 0.004 -21"><span class='ocrx_word' id='word_1_763' title='bbox 476 5510 640 5559; x_wconf 90' lang='lat' dir='ltr'>turus</span> <span class='ocrx_word' id='word_1_764' title='bbox 669 5511 773 5573; x_wconf 92' lang='lat' dir='ltr'>est,</span> <span class='ocrx_word' id='word_1_765' title='bbox 807 5511 872 5560; x_wconf 90' lang='lat' dir='ltr'>ut</span> <span class='ocrx_word' id='word_1_766' title='bbox 898 5506 967 5560; x_wconf 93' lang='lat' dir='ltr'>de</span> <span class='ocrx_word' id='word_1_767' title='bbox 997 5509 1317 5562; x_wconf 89' lang='lat' dir='ltr'>mortalium</span> <span class='ocrx_word' id='word_1_768' title='bbox 1355 5527 1562 5579; x_wconf 90' lang='lat' dir='ltr'>genere</span> <span class='ocrx_word' id='word_1_769' title='bbox 1608 5512 1943 5565; x_wconf 90' lang='lat' dir='ltr'>sententiam</span> <span class='ocrx_word' id='word_1_770' title='bbox 1991 5512 2072 5564; x_wconf 85' lang='lat' dir='ltr'>fe-</span> 
     </span>
    </p>
   </div>
   <div class='ocr_carea' id='block_1_102' title="bbox 475 5596 2074 5673">
    <p class='ocr_par' dir='ltr' id='par_1_102' title="bbox 475 5596 2074 5673">
     <span class='ocr_line' id='line_1_102' title="bbox 475 5596 2074 5673; baseline 0.005 -27"><span class='ocrx_word' id='word_1_771' title='bbox 475 5600 585 5660; x_wconf 88' lang='lat' dir='ltr'>rat,</span> <span class='ocrx_word' id='word_1_772' title='bbox 618 5599 786 5666; x_wconf 88' lang='lat' dir='ltr'>atque</span> <span class='ocrx_word' id='word_1_773' title='bbox 833 5596 1136 5667; x_wconf 89' lang='lat' dir='ltr'>unicuique</span> <span class='ocrx_word' id='word_1_774' title='bbox 1171 5615 1273 5668; x_wconf 91' lang='lat' dir='ltr'>pro</span> <span class='ocrx_word' id='word_1_775' title='bbox 1316 5615 1381 5653; x_wconf 92' lang='lat' dir='ltr'>eo</span> <span class='ocrx_word' id='word_1_776' title='bbox 1431 5616 1494 5653; x_wconf 90' lang='lat' dir='ltr'>ac</span> <span class='ocrx_word' id='word_1_777' title='bbox 1549 5601 1742 5669; x_wconf 87' lang='lat' dir='ltr'>gessit,</span> <span class='ocrx_word' id='word_1_778' title='bbox 1803 5601 2074 5673; x_wconf 89' lang='lat' dir='ltr'>rependat</span> 
     </span>
    </p>
   </div>
   <div class='ocr_carea' id='block_1_103' title="bbox 2224 4522 3701 4605">
    <p class='ocr_par' dir='ltr' id='par_1_103' title="bbox 2224 4522 3701 4605">
     <span class='ocr_line' id='line_1_103' title="bbox 2224 4522 3701 4605; baseline -0.007 -14"><span class='ocrx_word' id='word_1_779' title='bbox 2224 4535 2600 4600; x_wconf 89' lang='lat' dir='ltr'>Quamobrem</span> <span class='ocrx_word' id='word_1_780' title='bbox 2650 4534 2700 4588; x_wconf 93' lang='lat' dir='ltr'>ei</span> <span class='ocrx_word' id='word_1_781' title='bbox 2746 4535 2842 4605; x_wconf 91' lang='lat' dir='ltr'>qui</span> <span class='ocrx_word' id='word_1_782' title='bbox 2900 4533 3087 4587; x_wconf 89' lang='lat' dir='ltr'>omnia</span> <span class='ocrx_word' id='word_1_783' title='bbox 3134 4548 3201 4586; x_wconf 79' lang='lat' dir='ltr'>ex</span> <span class='ocrx_word' id='word_1_784' title='bbox 3253 4530 3427 4585; x_wconf 90' lang='lat' dir='ltr'>nihilo</span> <span class='ocrx_word' id='word_1_785' title='bbox 3463 4522 3701 4599; x_wconf 57' lang='lat' dir='ltr'>produxit,</span> 
     </span>
    </p>
   </div>
   <div class='ocr_carea' id='block_1_104' title="bbox 2153 4613 3707 4696">
    <p class='ocr_par' dir='ltr' id='par_1_104' title="bbox 2153 4613 3707 4696">
     <span class='ocr_line' id='line_1_104' title="bbox 2153 4613 3707 4696; baseline -0.011 -17"><span class='ocrx_word' id='word_1_786' title='bbox 2153 4630 2321 4696; x_wconf 88' lang='lat' dir='ltr'>atque</span> <span class='ocrx_word' id='word_1_787' title='bbox 2349 4625 2656 4679; x_wconf 88' lang='lat' dir='ltr'>etiamnum</span> <span class='ocrx_word' id='word_1_788' title='bbox 2685 4622 2962 4694; x_wconf 88' lang='lat' dir='ltr'>producit,</span> <span class='ocrx_word' id='word_1_789' title='bbox 3006 4621 3237 4674; x_wconf 89' lang='lat' dir='ltr'>minime</span> <span class='ocrx_word' id='word_1_790' title='bbox 3283 4614 3608 4690; x_wconf 89' lang='lat' dir='ltr'>impossibile</span> <span class='ocrx_word' id='word_1_791' title='bbox 3641 4613 3707 4662; x_wconf 89' lang='lat' dir='ltr'>est</span> 
     </span>
    </p>
   </div>
   <div class='ocr_carea' id='block_1_105' title="bbox 2151 4703 3702 4783">
    <p class='ocr_par' dir='ltr' id='par_1_105' title="bbox 2151 4703 3702 4783">
     <span class='ocr_line' id='line_1_105' title="bbox 2151 4703 3702 4783; baseline -0.005 -16"><span class='ocrx_word' id='word_1_792' title='bbox 2151 4729 2421 4783; x_wconf 89' lang='lat' dir='ltr'>corporea</span> <span class='ocrx_word' id='word_1_793' title='bbox 2442 4729 2508 4766; x_wconf 89' lang='lat' dir='ltr'>ea</span> <span class='ocrx_word' id='word_1_794' title='bbox 2529 4728 2650 4783; x_wconf 75' lang='lat' dir='ltr'>quae</span> <span class='ocrx_word' id='word_1_795' title='bbox 2672 4716 2850 4764; x_wconf 89' lang='lat' dir='ltr'>morte</span> <span class='ocrx_word' id='word_1_796' title='bbox 2867 4709 3108 4764; x_wconf 80' lang='lat' dir='ltr'>extincta</span> <span class='ocrx_word' id='word_1_797' title='bbox 3125 4713 3294 4778; x_wconf 88' lang='lat' dir='ltr'>atque</span> <span class='ocrx_word' id='word_1_798' title='bbox 3323 4709 3573 4774; x_wconf 85' lang='lat' dir='ltr'>corrupta</span> <span class='ocrx_word' id='word_1_799' title='bbox 3582 4703 3702 4758; x_wconf 59' lang='lat' dir='ltr'>sunt,</span> 
     </span>
    </p>
   </div>
   <div class='ocr_carea' id='block_1_106' title="bbox 2154 4800 3706 4868">
    <p class='ocr_par' dir='ltr' id='par_1_106' title="bbox 2154 4800 3706 4868">
     <span class='ocr_line' id='line_1_106' title="bbox 2154 4800 3706 4868; baseline -0.011 -12"><span class='ocrx_word' id='word_1_800' title='bbox 2154 4819 2183 4856; x_wconf 91' lang='lat' dir='ltr'>e</span> <span class='ocrx_word' id='word_1_801' title='bbox 2212 4807 2365 4856; x_wconf 87' lang='lat' dir='ltr'>terra</span> <span class='ocrx_word' id='word_1_802' title='bbox 2393 4801 2464 4855; x_wconf 91' lang='lat' dir='ltr'>ad</span> <span class='ocrx_word' id='word_1_803' title='bbox 2495 4800 2665 4854; x_wconf 91' lang='lat' dir='ltr'>vitam</span> <span class='ocrx_word' id='word_1_804' title='bbox 2696 4815 2972 4864; x_wconf 88' lang='lat' dir='ltr'>revocare,</span> <span class='ocrx_word' id='word_1_805' title='bbox 3006 4803 3070 4852; x_wconf 87' lang='lat' dir='ltr'>ut</span> <span class='ocrx_word' id='word_1_806' title='bbox 3100 4801 3482 4868; x_wconf 90' lang='lat' dir='ltr'>unusquisque</span> <span class='ocrx_word' id='word_1_807' title='bbox 3509 4802 3706 4845; x_wconf 88' lang='lat' dir='ltr'>consen-</span> 
     </span>
    </p>
   </div>
   <div class='ocr_carea' id='block_1_107' title="bbox 2153 4881 3703 4959">
    <p class='ocr_par' dir='ltr' id='par_1_107' title="bbox 2153 4881 3703 4959">
     <span class='ocr_line' id='line_1_107' title="bbox 2153 4881 3703 4959; baseline -0.005 -15"><span class='ocrx_word' id='word_1_808' title='bbox 2153 4895 2379 4944; x_wconf 89' lang='lat' dir='ltr'>taneam</span> <span class='ocrx_word' id='word_1_809' title='bbox 2409 4888 2670 4959; x_wconf 88' lang='lat' dir='ltr'>operibus</span> <span class='ocrx_word' id='word_1_810' title='bbox 2702 4888 2818 4942; x_wconf 88' lang='lat' dir='ltr'>suis</span> <span class='ocrx_word' id='word_1_811' title='bbox 2840 4887 3154 4941; x_wconf 89' lang='lat' dir='ltr'>mercedem</span> <span class='ocrx_word' id='word_1_812' title='bbox 3181 4886 3416 4956; x_wconf 89' lang='lat' dir='ltr'>recipiat</span> <span class='ocrx_word' id='word_1_813' title='bbox 3448 4884 3524 4949; x_wconf 86' lang='lat' dir='ltr'>(II</span> <span class='ocrx_word' id='word_1_814' title='bbox 3545 4881 3703 4937; x_wconf 56' lang='lat' dir='ltr'>Conv;</span> 
     </span>
    </p>
   </div>
   <div class='ocr_carea' id='block_1_108' title="bbox 2154 4974 3708 5046">
    <p class='ocr_par' dir='ltr' id='par_1_108' title="bbox 2154 4974 3708 5046">
     <span class='ocr_line' id='line_1_108' title="bbox 2154 4974 3708 5046; baseline -0.007 -13"><span class='ocrx_word' id='word_1_815' title='bbox 2154 4982 2357 5033; x_wconf 79' lang='lat' dir='ltr'>Psalm.</span> <span class='ocrx_word' id='word_1_816' title='bbox 2391 4981 2521 5046; x_wconf 82' lang='lat' dir='ltr'>LXI).</span> <span class='ocrx_word' id='word_1_817' title='bbox 2556 4977 2786 5032; x_wconf 88' lang='lat' dir='ltr'>Laboris</span> <span class='ocrx_word' id='word_1_818' title='bbox 2817 4976 2967 5030; x_wconf 91' lang='lat' dir='ltr'>enim</span> <span class='ocrx_word' id='word_1_819' title='bbox 2998 4981 3102 5040; x_wconf 90' lang='lat' dir='ltr'>est,</span> <span class='ocrx_word' id='word_1_820' title='bbox 3136 4975 3321 5045; x_wconf 91' lang='lat' dir='ltr'>inquit</span> <span class='ocrx_word' id='word_1_821' title='bbox 3348 4974 3459 5036; x_wconf 88' lang='lat' dir='ltr'>ille,</span> <span class='ocrx_word' id='word_1_822' title='bbox 3501 4977 3708 5041; x_wconf 64' lang='lat' dir='ltr'>praesens</span> 
     </span>
    </p>
   </div>
   <div class='ocr_carea' id='block_1_109' title="bbox 2153 5056 3707 5137">
    <p class='ocr_par' dir='ltr' id='par_1_109' title="bbox 2153 5056 3707 5137">
     <span class='ocr_line' id='line_1_109' title="bbox 2153 5056 3707 5137; baseline -0.012 -16"><span class='ocrx_word' id='word_1_823' title='bbox 2153 5072 2375 5137; x_wconf 88' lang='lat' dir='ltr'>tempus</span> <span class='ocrx_word' id='word_1_824' title='bbox 2401 5086 2413 5132; x_wconf 92' lang='lat'><strong>;</strong></span> <span class='ocrx_word' id='word_1_825' title='bbox 2436 5066 2688 5120; x_wconf 91' lang='lat' dir='ltr'>futurum</span> <span class='ocrx_word' id='word_1_826' title='bbox 2709 5072 2916 5130; x_wconf 91' lang='lat' dir='ltr'>autem,</span> <span class='ocrx_word' id='word_1_827' title='bbox 2942 5063 3234 5118; x_wconf 88' lang='lat' dir='ltr'>mercedis.</span> <span class='ocrx_word' id='word_1_828' title='bbox 3259 5056 3707 5132; x_wconf 66' lang='lat' dir='ltr'>Alioqui,ubinam</span> 
     </span>
    </p>
   </div>
   <div class='ocr_carea' id='block_1_110' title="bbox 2153 5138 3709 5226">
    <p class='ocr_par' dir='ltr' id='par_1_110' title="bbox 2153 5138 3709 5226">
     <span class='ocr_line' id='line_1_110' title="bbox 2153 5138 3709 5226; baseline -0.011 -16"><span class='ocrx_word' id='word_1_829' title='bbox 2153 5156 2252 5208; x_wconf 90' lang='lat' dir='ltr'>Dei</span> <span class='ocrx_word' id='word_1_830' title='bbox 2273 5155 2494 5226; x_wconf 89' lang='lat' dir='ltr'>justitia</span> <span class='ocrx_word' id='word_1_831' title='bbox 2523 5156 2648 5220; x_wconf 89' lang='lat' dir='ltr'>erit,</span> <span class='ocrx_word' id='word_1_832' title='bbox 2665 5154 2773 5208; x_wconf 91' lang='lat' dir='ltr'>nisi</span> <span class='ocrx_word' id='word_1_833' title='bbox 2793 5151 3250 5207; x_wconf 80' lang='lat' dir='ltr'>sitresurrectio?</span> <span class='ocrx_word' id='word_1_834' title='bbox 3275 5149 3556 5220; x_wconf 90' lang='lat' dir='ltr'>Siquidem</span> <span class='ocrx_word' id='word_1_835' title='bbox 3575 5138 3709 5197; x_wconf 84' lang='lat' dir='ltr'>multi</span> 
     </span>
    </p>
   </div>
   <div class='ocr_carea' id='block_1_111' title="bbox 2153 5236 3711 5314">
    <p class='ocr_par' dir='ltr' id='par_1_111' title="bbox 2153 5236 3711 5314">
     <span class='ocr_line' id='line_1_111' title="bbox 2153 5236 3711 5314; baseline -0.01 -17"><span class='ocrx_word' id='word_1_836' title='bbox 2153 5244 2310 5314; x_wconf 93' lang='lat' dir='ltr'>probi</span> <span class='ocrx_word' id='word_1_837' title='bbox 2340 5244 2462 5309; x_wconf 91' lang='lat' dir='ltr'>viri,</span> <span class='ocrx_word' id='word_1_838' title='bbox 2499 5260 2626 5298; x_wconf 87' lang='lat' dir='ltr'>cuin</span> <span class='ocrx_word' id='word_1_839' title='bbox 2665 5243 2722 5296; x_wconf 92' lang='lat' dir='ltr'>in</span> <span class='ocrx_word' id='word_1_840' title='bbox 2761 5243 2867 5296; x_wconf 89' lang='lat' dir='ltr'>hac</span> <span class='ocrx_word' id='word_1_841' title='bbox 2901 5242 3015 5295; x_wconf 84' lang='lat' dir='ltr'>vita</span> <span class='ocrx_word' id='word_1_842' title='bbox 3058 5240 3264 5294; x_wconf 86' lang='lat' dir='ltr'>multas</span> <span class='ocrx_word' id='word_1_843' title='bbox 3301 5236 3630 5291; x_wconf 82' lang='lat' dir='ltr'>calamitates</span> <span class='ocrx_word' id='word_1_844' title='bbox 3661 5241 3711 5280; x_wconf 85' lang='lat' dir='ltr'>ac</span> 
     </span>
    </p>
   </div>
   <div class='ocr_carea' id='block_1_112' title="bbox 2153 5315 3710 5402">
    <p class='ocr_par' dir='ltr' id='par_1_112' title="bbox 2153 5315 3710 5402">
     <span class='ocr_line' id='line_1_112' title="bbox 2153 5315 3710 5402; baseline -0.012 -16"><span class='ocrx_word' id='word_1_845' title='bbox 2153 5333 2334 5386; x_wconf 87' lang='lat' dir='ltr'>multa</span> <span class='ocrx_word' id='word_1_846' title='bbox 2362 5331 2634 5402; x_wconf 90' lang='lat' dir='ltr'>supplicia</span> <span class='ocrx_word' id='word_1_847' title='bbox 2659 5330 2938 5396; x_wconf 90' lang='lat' dir='ltr'>tulissent,</span> <span class='ocrx_word' id='word_1_848' title='bbox 2970 5346 3070 5401; x_wconf 90' lang='lat' dir='ltr'>per</span> <span class='ocrx_word' id='word_1_849' title='bbox 3089 5328 3198 5381; x_wconf 89' lang='lat' dir='ltr'>vim</span> <span class='ocrx_word' id='word_1_850' title='bbox 3227 5327 3453 5380; x_wconf 84' lang='lat' dir='ltr'>tandem</span> <span class='ocrx_word' id='word_1_851' title='bbox 3482 5324 3545 5376; x_wconf 87' lang='lat' dir='ltr'>de</span> <span class='ocrx_word' id='word_1_852' title='bbox 3559 5315 3710 5373; x_wconf 89' lang='lat' dir='ltr'>medio</span> 
     </span>
    </p>
   </div>
   <div class='ocr_carea' id='block_1_113' title="bbox 2156 5406 3711 5488">
    <p class='ocr_par' dir='ltr' id='par_1_113' title="bbox 2156 5406 3711 5488">
     <span class='ocr_line' id='line_1_113' title="bbox 2156 5406 3711 5488; baseline -0.012 -14"><span class='ocrx_word' id='word_1_853' title='bbox 2156 5420 2362 5475; x_wconf 89' lang='lat' dir='ltr'>sublati</span> <span class='ocrx_word' id='word_1_854' title='bbox 2391 5426 2541 5474; x_wconf 92' lang='lat' dir='ltr'>sunt.</span> <span class='ocrx_word' id='word_1_855' title='bbox 2571 5419 2837 5474; x_wconf 90' lang='lat' dir='ltr'>Nonnulli</span> <span class='ocrx_word' id='word_1_856' title='bbox 2857 5427 3048 5473; x_wconf 87' lang='lat' dir='ltr'>contra</span> <span class='ocrx_word' id='word_1_857' title='bbox 3066 5418 3224 5488; x_wconf 91' lang='lat' dir='ltr'>impii</span> <span class='ocrx_word' id='word_1_858' title='bbox 3245 5433 3307 5470; x_wconf 82' lang='lat' dir='ltr'>ac</span> <span class='ocrx_word' id='word_1_859' title='bbox 3343 5406 3711 5468; x_wconf 75' lang='lat' dir='ltr'>facinorosiho-</span> 
     </span>
    </p>
   </div>
   <div class='ocr_carea' id='block_1_114' title="bbox 2154 5493 3710 5578">
    <p class='ocr_par' dir='ltr' id='par_1_114' title="bbox 2154 5493 3710 5578">
     <span class='ocr_line' id='line_1_114' title="bbox 2154 5493 3710 5578; baseline -0.013 -15"><span class='ocrx_word' id='word_1_860' title='bbox 2154 5510 2354 5576; x_wconf 91' lang='lat' dir='ltr'>mines,</span> <span class='ocrx_word' id='word_1_861' title='bbox 2394 5509 2454 5563; x_wconf 92' lang='lat' dir='ltr'>in</span> <span class='ocrx_word' id='word_1_862' title='bbox 2496 5509 2708 5563; x_wconf 93' lang='lat' dir='ltr'>deliciis</span> <span class='ocrx_word' id='word_1_863' title='bbox 2739 5524 2802 5560; x_wconf 90' lang='lat' dir='ltr'>ac</span> <span class='ocrx_word' id='word_1_864' title='bbox 2842 5507 3126 5578; x_wconf 89' lang='lat' dir='ltr'>prosperis</span> <span class='ocrx_word' id='word_1_865' title='bbox 3175 5521 3364 5560; x_wconf 88' lang='lat' dir='ltr'>rerum</span> <span class='ocrx_word' id='word_1_866' title='bbox 3403 5493 3710 5555; x_wconf 89' lang='lat' dir='ltr'>successibus</span> 
     </span>
    </p>
   </div>
   <div class='ocr_carea' id='block_1_115' title="bbox 2153 5579 3711 5676">
    <p class='ocr_par' dir='ltr' id='par_1_115' title="bbox 2153 5579 3711 5676">
     <span class='ocr_line' id='line_1_115' title="bbox 2153 5579 3711 5676; baseline -0.013 -18"><span class='ocrx_word' id='word_1_867' title='bbox 2153 5604 2487 5676; x_wconf 81' lang='lat' dir='ltr'>praesentem</span> <span class='ocrx_word' id='word_1_868' title='bbox 2506 5598 2678 5654; x_wconf 82' lang='lat' dir='ltr'>vitam</span> <span class='ocrx_word' id='word_1_869' title='bbox 2705 5602 3201 5668; x_wconf 89' lang='lat' dir='ltr'>consumpserunt:</span> <span class='ocrx_word' id='word_1_870' title='bbox 3235 5600 3290 5648; x_wconf 88' lang='lat' dir='ltr'>at</span> <span class='ocrx_word' id='word_1_871' title='bbox 3332 5593 3498 5650; x_wconf 89' lang='lat' dir='ltr'>Deus,</span> <span class='ocrx_word' id='word_1_872' title='bbox 3537 5593 3595 5641; x_wconf 88' lang='lat' dir='ltr'>ut</span> <span class='ocrx_word' id='word_1_873' title='bbox 3634 5579 3711 5650; x_wconf 87' lang='lat' dir='ltr'>qui</span> 
     </span>
    </p>
   </div>
  </div>
