3876 6190
234 341 338 401 473

648 345 820 402 VITA
856 346 1297 444 SANCTORUM
1332 349 1673 409 BARLAAM
1713 349 2050 408 EREMITIE
2086 348 2176 406 ET
2211 344 2577 403 JOSAPHAT
2612 344 2838 402 INDIE
2873 344 3107 401 REGIS.

3395 347 3502 403 474

232 468 398 524 simul
428 473 490 524 et
510 467 760 524 bonitate
779 474 838 525 et
858 471 1082 542 justitia
1107 476 1352 543 praestet,
1401 472 1885 531 resurrectionisA
1905 470 2161 526 acerbius
2182 469 2484 540 excogitari
2514 470 2716 542 potest)
2741 470 2812 524 ad
2828 469 3231 542 sempiternam
3266 485 3493 543 poenam

229 573 293 612 ac
317 557 748 613 referendarum
774 560 1057 615 rationum
1077 561 1227 616 diem
1256 561 1566 628 constituit,
1590 566 1669 627 ut,
1697 578 1826 616 cum

231 663 468 718 quaeque
526 648 715 702 anima
758 665 962 721 corpus
1017 666 1180 704 suum
1209 651 1503 720 receperit,
1534 649 1822 721 improbus

231 736 459 806 quidem
492 742 550 789 et
600 738 926 799 sceleratus,
969 739 1062 808 qui
1107 738 1197 792 hic
1225 738 1415 793 omnia
1459 739 1705 793 secunda
1752 756 1817 793 ac

229 824 357 878 laeta
380 824 667 891 habuerit,
726 825 842 880 illic
892 826 1161 881 scelerum
1210 843 1404 897 poenas
1430 827 1587 894 luat;
1620 827 1827 899 probus

230 919 424 966 contra
467 930 665 968 eorum
709 930 831 985 qua:
878 914 1069 985 inique
1097 915 1351 984 gesserit,
1382 916 1562 987 poenis
1609 917 1668 971 in
1723 917 1828 971 hac

231 1001 342 1055 vita
367 1002 697 1073 persolutis.
745 1002 865 1056 illic
892 1002 1167 1058 bonorum
1195 1004 1580 1059 haereditatem
1632 1021 1825 1059 conse-

230 1095 455 1161 quatur.
490 1090 738 1144 Audient
764 1091 937 1157 enim,
963 1091 1149 1162 inquit
1173 1092 1469 1159 Dominus,
1499 1092 1595 1163 qui
1623 1092 1680 1146 in
1712 1110 1827 1147 mo-

230 1177 522 1232 numentis
564 1184 757 1244 που
785 1184 936 1246 sunt,
961 1196 1153 1233 vocem
1171 1180 1299 1234 Filii
1321 1180 1441 1235 Dei.
1472 1181 1543 1235 Et
1574 1180 1820 1248 exibunt,

230 1266 323 1337 qui
351 1265 506 1320 bona
518 1267 773 1321 fecerunt
788 1268 848 1321 in
878 1259 1478 1324 resurrectionem‘vitm
1502 1288 1514 1335 ;
1530 1270 1625 1340 qui
1637 1275 1825 1324 autem

229 1355 379 1409 mala
407 1362 668 1426 egerunt,
696 1356 757 1410 in
789 1357 1259 1411 resurrectionem
1283 1357 1481 1427 judicii
1528 1360 1706 1425 (Joan.
1748 1357 1823 1430 v).

1909 560 2209 630 ablegabit.

1958 651 1996 705 C
2004 650 2173 703 APJX
2200 648 2537 719 -Josaphat
2546 652 2735 701 autem
2744 634 2837 701 his
2844 648 2913 701 ad
2925 646 3236 702 eumverbis
3245 638 3474 702 ususest'
3485 664 3497 702 :

1908 738 2144 808 Magnas
2168 736 2439 808 quasdam
2451 741 2507 789 et
2520 735 2879 790 admirandas
2890 752 3321 807 res,magnoque
3343 741 3499 790 metu

1909 843 1974 882 ac
1994 832 2237 881 tremore
2261 826 2461 896 dignas
2481 824 2640 891 mihi,
2670 841 2702 878 o
2742 825 2927 890 homo,
2959 841 3173 892 narras,
3193 825 3239 879 si
3271 825 3499 897 quidem

1908 916 2026 971 haec
2049 915 2130 970 ita
2159 931 2218 968 se
2246 913 2472 977 habent,
2507 918 2675 985 atque
2728 916 3024 984 postquam
3054 912 3181 968 fatis
3209 928 3498 967 concesse-

1908 1004 2106 1069 rimus,
2135 1003 2266 1057 etin
2286 1002 2529 1057 cinerem
2550 1017 2615 1054 ac
2628 1001 2916 1073 pulverem
2933 1000 3191 1054 dissoluti
3203 1000 3494 1063 fuerimus,

1909 1092 2240 1147 resurrectio
2254 1095 2309 1145 et
2328 1090 2679 1161 regeneratio
2690 1089 2879 1144 futura
2895 1074 3303 1160 est,rerumque
3315 1089 3374 1143 in
3385 1089 3500 1143 vita

1904 1186 2193 1253 gestarum
2224 1195 2456 1234 examen
2476 1196 2541 1233 ac
2559 1195 2790 1232 merces.
2804 1178 3014 1232 Verum
3035 1194 3144 1249 quo
3168 1182 3499 1247 argumento

1907 1271 2023 1325 haec
2053 1269 2293 1341 probas?
2338 1274 2394 1323 et
2418 1284 2660 1339 quonam
2686 1267 2737 1321 ei
2768 1266 2851 1321 rei
2880 1284 3002 1337 quae
3045 1266 3293 1321 nondum
3323 1265 3498 1319 oculis

1907 1363 2199 1431 perspecta
2218 1363 2304 1412 est
2340 1357 2545 1411 auditae
2602 1362 2769 1427 atque
2799 1355 3097 1409 intellectae
3145 1370 3322 1425 usque
3356 1353 3496 1407 adeo

229 1443 347 1507 Quo
406 1444 623 1498 scilicet
653 1450 907 1517 tempore
936 1446 1094 1500 sedes
1125 1462 1347 1516 quoque
1382 1446 1821 1515 collocabuntur,
1906 1449 2127 1503 ﬁrmam
2148 1452 2204 1501 et
2221 1445 2595 1501 indubitatam
2625 1445 2792 1499 ﬁdem
2807 1443 3140 1499 adhibuistis
3158 1443 3183 1496 Ἰ
3202 1444 3347 1497 Nam
3374 1458 3497 1513 quae

228 1538 394 1601 atque
452 1533 736 1604 Antiquus
772 1533 991 1587 dierum
1022 1535 1187 1602 (Dan.
1224 1532 1342 1602 vn),
1378 1525 1680 1605 rerumque
1709 1551 1826 1588 om-
1900 1538 2020 1608 jam
2046 1541 2207 1607 gesta
2229 1551 2294 1589 ac
2320 1551 2383 1589 re
2412 1535 2535 1605 ipsa
2563 1533 2845 1587 declarata
2867 1537 3017 1597 sunt,
3035 1532 3256 1587 etiamsi
3276 1530 3382 1602 ipsi
3398 1530 3498 1584 mi-

230 1619 381 1673 nium
402 1636 614 1690 parens
636 1625 695 1673 et
719 1621 1056 1675 architectus
1082 1620 1419 1692 praesidebit.
1448 1623 1527 1675 Ac
1550 1621 1677 1675 libri
1698 1638 1825 1694 ape-
1906 1626 2058 1681 nime
2086 1624 2354 1689 videritis,
2379 1628 2439 1677 at
2465 1622 2535 1676 ab
2559 1623 2630 1675 iis
2660 1621 2755 1692 qui
2784 1638 2850 1675 ea
2875 1621 3153 1685 viderunt,
3195 1636 3259 1673 ac
3284 1635 3499 1673 memo-

235 1708 472 1775 rientur,
506 1709 565 1763 in
595 1708 795 1779 quibus
823 1710 1076 1763 omnium
1105 1714 1364 1763 nostrum
1415 1710 1683 1773 actiones,
1715 1726 1827 1765 ser—
1906 1715 2003 1769 ria;
2035 1714 2421 1786 prodiderunt,
2441 1710 3014 1775 audivistis.Quonam
3037 1715 3226 1762 autem
3248 1707 3495 1762 modode

234 1812 445 1861 mones,
504 1797 871 1867 cogitationes
909 1798 1188 1869 inscriptae
1232 1799 1608 1853 continentur.
1639 1800 1823 1870 Atque
1843 1789 1889 1848 Β
1909 1802 2075 1857 rebus
2100 1801 2304 1856 futuris
2331 1806 2448 1855 tam
2472 1816 2675 1869 magna
2692 1804 2750 1852 et
2764 1797 3096 1871 praetumida
3108 1796 3495 1869 praedicantes,

231 1883 425 1954 igneus
456 1885 661 1939 fluvius
678 1886 874 1957 rapido
896 1903 1061 1941 cursu
1090 1887 1358 1953 volvetur,
1379 1893 1689 1958 cunctaque
1703 1904 1825 1959 quae

232 1971 285 2026 in
312 1972 576 2027 abstruso
627 1974 978 2041 delitescunt,
1032 1976 1321 2047 pateﬁent.
1348 1977 1475 2030 Non
1502 1976 1617 2030 illic
1640 1982 1826 2047 patro-

232 2078 350 2128 nus,
384 2068 490 2115 aut
514 2062 814 2117 verborum
838 2063 1194 2129 lenocinium,
1219 2069 1318 2119 aut
1347 2064 1487 2120 falsa
1523 2066 1822 2132 excusatio,

235 2154 329 2204 aut
354 2167 529 2221 opum
560 2152 832 2221 potentia,
867 2158 967 2206 aut
992 2153 1332 2223 dignitatum
1361 2154 1554 2219 fastus,
1584 2158 1683 2208 aut
1712 2170 1827 2208 am-

235 2239 497 2309 plissimae
522 2240 1164 2311 munerumlargitiones
1184 2246 1399 2296 rectum
1407 2243 1428 2312 j
1436 2242 1680 2296 udicium
1699 2259 1828 2313 sup-

239 2328 476 2398 primere
504 2334 798 2399 poterunt:
849 2346 1041 2383 verum
1062 2330 1416 2401 incorruptus
1447 2330 1539 2385 ille
1568 2348 1632 2385 ac
1662 2347 1827 2384 verus

239 2416 403 2486 judex
428 2417 502 2469 ad
525 2417 761 2487 justitiaz
790 2417 1016 2472 laudem
1027 2418 1219 2473 omnia
1245 2419 1570 2489 perpendet,
1601 2420 1706 2473 hoc
1720 2425 1825 2485 est,

246 2509 299 2558 et
316 2505 616 2572 actionem,
641 2511 700 2559 et
725 2522 1061 2572 sermonem,
1095 2511 1152 2560 et
1166 2506 1580 2577 cogitationem.
1604 2509 1685 2562 Ac
1704 2524 1829 2578 pro-

245 2594 557 2647 ﬁciscentur
586 2593 684 2664 qui
719 2594 1019 2649 virtutibus
1047 2612 1276 2666 operam
1298 2596 1575 2650 dederunt
1593 2596 1663 2650 ad
1684 2613 1826 2651 sem-

243 2682 514 2754 piternam
566 2682 757 2749 vitam,
797 2688 856 2738 et
902 2684 1083 2738 lucem
1131 2700 1355 2740 omnem
1400 2684 1668 2739 orationis
1714 2686 1825 2739 vim

243 2772 613 2836 excedentem,
666 2777 731 2826 ut
792 2788 920 2826 cum
967 2772 1181 2842 angelis
1248 2772 1613 2839 oblectentur,
1656 2778 1825 2844 atque

245 2858 451 2914 arcanis
488 2860 650 2914 bonis
688 2860 970 2927 fruantur,
1022 2866 1337 2932 sancteque
1379 2862 1641 2916 Trinitati
1686 2878 1825 2933 pure

1906 1898 2117 1947 certam
2145 1892 2215 1945 de
2242 1890 2311 1945 iis
2332 1890 2500 1944 ﬁdem
2527 1889 2675 1943 nacti
2703 1888 2857 1943 estis.

1976 1980 2284 2051 Respondit
2309 1980 2600 2033 Barlaam:
2626 1979 2705 2031 Ex
2732 1977 2802 2031 iis
2831 1993 2953 2047 quae
2976 1977 3096 2049 jam
3117 1974 3492 2044 contigerunt,

1907 2070 1976 2123 de
1999 2069 2201 2123 futuris
2230 2068 2400 2122 etiam
2429 2074 2639 2121 certam
2676 2066 2845 2120 ﬁdem
2865 2070 3062 2120 nactus
3073 2080 3219 2120 sum.
3242 2064 3388 2117 Nam
3403 2060 3499 2133 qui

1906 2157 2024 2212 hzec
2053 2157 2444 2228 praedicarunt,
2465 2172 2567 2209 nec
2596 2156 2712 2209 ulla
2747 2154 2806 2208 in
2833 2170 2894 2207 re
2924 2169 2958 2206 a
2984 2169 3115 2207 vero
3141 2151 3494 2216 aberrarunt,

1907 2262 2100 2300 verum
2128 2262 2229 2317 per
2251 2246 2414 2315 signa
2427 2249 2484 2297 et
2512 2243 2785 2315 prodigia,
2812 2241 3105 2311 variasque
3125 2240 3359 2293 virtutes
3381 2254 3494 2292 ser-

1908 2334 2166 2389 monibus
2194 2333 2309 2387 suis
2338 2331 2510 2386 robur
2539 2331 2924 2395 conciliarunt,
2944 2329 3113 2383 iidem
3127 2328 3299 2383 etiam
3319 2328 3388 2381 de
3416 2326 3499 2381 fu-

1907 2423 2051 2477 turis
2079 2439 2181 2477 nos
2210 2422 2643 2476 admonuerunt.
2676 2418 3162 2484 Quemadmodum
3202 2417 3377 2488 igitur
3400 2416 3493 2469 hic

1910 2512 2051 2566 nihil
2078 2516 2479 2583 prmposterum
2505 2526 2569 2563 ac
2593 2508 3127 2572 ﬁctumdocuerunt,
3159 2522 3352 2559 verum
3375 2521 3500 2558 om-

1909 2601 2005 2654 nia
2033 2617 2100 2654 ea
2128 2617 2250 2671 quae
2281 2599 2351 2653 ab
2372 2599 2509 2670 ipsis
2536 2598 2687 2653 dicta
2709 2603 2766 2652 et
2792 2596 2937 2651 facta
2974 2601 3124 2661 sunt,
3148 2595 3264 2649 sole
3288 2593 3494 2648 clarius

1910 2689 2256 2750 effulserunt,
2283 2688 2479 2742 eodem
2534 2702 2755 2758 quoque
2794 2685 2960 2738 modo
3004 2684 3118 2738 illic
3150 2700 3277 2737 vere
3306 2682 3496 2738 omnia

1906 2777 2281 2836 tradiderunt.
2297 2776 2429 2841 Quae
2446 2776 2670 2847 quidem
2687 2775 2857 2829 etiam
2872 2774 2991 2845 ipse
3005 2773 3278 2827 Dominus
3306 2776 3498 2826 noster

1906 2882 1971 2920 ac
1998 2865 2169 2919 herus
2197 2866 2359 2920 Jesus
2388 2864 2665 2929 Christus,
2711 2868 2835 2917 tum
2861 2878 3138 2928 sermone,
3170 2866 3292 2917 tum
3333 2877 3500 2932 opere

246 2950 566 3020 astentgqui
585 2949 1045 3022 autemturpibus
1061 2950 1290 3020 flagitiis
1311 2967 1432 3005 sese
1454 2950 1822 3018 devinxerint,
1909 2954 2275 3009 conﬁrmavit.
2317 2955 2498 3008 Amen
2530 2952 2700 3018 enim,
2740 2951 2943 3022 inquit,
2992 2950 3115 3005 dico
3151 2948 3331 3017 vobis,
3370 2950 3503 3020 quia

251 3042 407 3107 atque
435 3055 631 3092 omnes
659 3038 818 3110 impii
851 3043 909 3092 et
934 3043 1254 3109 peccatores
1302 3039 1373 3092 ad
1422 3040 1827 3110 sempiternum
1909 3043 2063 3097 venit
2087 3043 2246 3108 hora,
2275 3042 2499 3113 quando
2531 3040 2988 3095 mortuiaudient
3015 3055 3206 3093 vocem
3238 3037 3346 3091 Flii
3377 3037 3498 3103 Dei,

252 3126 569 3194 cruciatum,
602 3126 697 3197 qui
743 3127 968 3197 quidem
1005 3127 1262 3197 gehenna
1310 3127 1532 3194 dicitur,
1583 3133 1637 3181 et
1684 3132 1890 3196 exte—C
1911 3137 1969 3188 et
1999 3132 2094 3203 qui
2117 3130 2420 3197 audierint,
2443 3130 2629 3183 vivent
2650 3132 2828 3197 (Joan.
2853 3129 2972 3197 ιιι).
3004 3129 3083 3181 Ac
3109 3143 3334 3181 rursum
3359 3146 3375 3180 :
3397 3126 3502 3179 Ve-

252 3212 412 3268 riores
429 3214 698 3281 tenebrm,
732 3220 790 3269 et
812 3215 1088 3269 insomnis
1117 3215 1339 3282 vermis,
1374 3221 1431 3270 et
1459 3215 1668 3270 stridor
1695 3216 1829 3271 den-

249 3301 395 3369 tium,
424 3303 646 3375 aliaque
666 3304 966 3358 innumera
981 3309 1281 3359 tormenta.

312 3436 554 3500 Quorum
584 3436 835 3492 omnium
854 3438 1073 3492 nullum
1101 3454 1269 3509 aeque
1284 3441 1455 3508 grave
1478 3442 1536 3492 et
1562 3437 1825 3493 acerbum

252 3531 342 3589 est,
375 3530 542 3596 atque
570 3542 607 3579 a
633 3526 751 3580 Deo
782 3525 1110 3591 abalienari,
1151 3532 1209 3580 et
1237 3543 1272 3580 a
1298 3526 1619 3580 dulcissima
1645 3527 1824 3597 ipsius

252 3611 374 3667 facie
408 3612 595 3683 abjici,
638 3613 931 3684 gloriaque
961 3614 1059 3668 illa
1079 3631 1202 3685 quae
1241 3615 1410 3669 nullis
1429 3614 1610 3669 verbis
1625 3615 1825 3685 exponi

252 3706 421 3771 potest
448 3701 654 3769 orbari,
683 3708 853 3773 atque
877 3703 1229 3773 inspectante
1258 3703 1517 3757 universo
1546 3703 1679 3758 orbe
1707 3709 1825 3757 tra-

256 3788 387 3855 duci,
411 3796 469 3845 et
491 3790 803 3861 ignominia
831 3808 955 3861 quae
973 3807 1262 3861 nunquam
1292 3792 1461 3845 finem
1479 3791 1742 3847 habitura
1755 3792 1830 3847 sit

255 3879 440 3932 notari.
501 3879 874 3950 Posteaquam
915 3879 1066 3933 enim
1108 3880 1389 3934 horrenda
1423 3880 1521 3934 illa
1549 3880 1829 3935 sententia

258 3966 393 4020 edita
415 3967 605 4031 fuerit,
629 3969 820 4022 omnia
847 3968 1109 4039 deinceps
1151 3968 1546 4028 immutabilis.
1602 3974 1660 4023 et
1705 3986 1832 4023 con-

255 4054 505 4110 versionis
545 4056 729 4109 omnis
752 4057 1005 4127 expertia
1043 4056 1353 4110 manebunt
1386 4074 1397 4109 :
1431 4057 1510 4110 sic
1550 4056 1826 4122 videlicet,

255 4146 420 4197 utnec
444 4144 558 4198 vita
584 4144 714 4198 laeta
749 4145 922 4214 justis
949 4146 1121 4198 ﬁnem
1167 4144 1448 4210 habitura,
1479 4161 1582 4198 nec
1600 4144 1829 4199 afﬂictio

256 4234 311 4282 et
332 4247 485 4301 pinna
511 4232 897 4303 peccatoribus
924 4233 1232 4287 terminum
1260 4238 1561 4304 acceptura
1587 4232 1681 4287 sit.
1713 4234 1828 4287 Ne-

263 4333 354 4387 que
379 4321 522 4375 enim
542 4320 839 4375 sublimior
857 4327 986 4392 post
1014 4338 1143 4376 eum
1183 4322 1328 4376 alter
1357 4323 1530 4392 judex
1568 4326 1671 4387 est,
1723 4338 1827 4376 nec

260 4422 345 4475 per
358 4409 644 4479 sequentia
663 4426 836 4480 opera
861 4410 1142 4480 purgatio,
1161 4426 1266 4464 nec
1278 4411 1626 4481 praestitutus
1642 4427 1829 4465 emen-

260 4492 476 4551 dationis
517 4498 817 4565 terminus,
840 4514 943 4552 nec
968 4498 1081 4552 alia
1108 4499 1226 4553 ulla
1254 4499 1324 4552 iis
1362 4500 1459 4569 qui
1485 4499 1545 4553 in
1575 4499 1827 4554 cruciatu

262 4585 607 4639 versabuntur
630 4602 724 4639 ars
752 4591 807 4640 et
854 4586 1020 4652 ratio,
1072 4587 1277 4658 quippe
1307 4604 1435 4642 cum
1489 4587 1825 4659 supplicium

260 4685 355 4727 una
372 4690 492 4728 cum
518 4674 658 4746 ipsis
675 4674 736 4729 in
757 4675 1167 4747 sempiternum
1196 4677 1381 4733 duret.

317 4806 436 4869 Qua
464 4824 595 4861 cum
623 4808 707 4861 ita
728 4808 858 4874 sint,
893 4809 1088 4879 quales
1112 4809 1342 4863 tandem
1370 4825 1472 4863 nos
1510 4809 1571 4863 in
1620 4809 1825 4864 sanctis

257 4895 745 4950 conversationibus
770 4912 834 4949 ac
871 4897 977 4967 piis
1007 4897 1317 4951 actionibus
1354 4914 1475 4952 esse
1501 4903 1739 4968 oportet,
1765 4904 1828 4953 ut

259 4979 388 5051 digni
414 4984 727 5039 habeamur
753 4991 1017 5039 venturas
1060 4985 1242 5039 minas
1289 4986 1553 5055 effugere,
1586 4991 1755 5057 atque
1794 5003 1827 5040 a

258 5067 443 5125 dextris
470 5073 600 5126 Filii
635 5072 738 5126 Dei
760 5077 911 5126 stare
942 5074 1023 5139 (ΙΙ
1031 5076 1141 5127 Pet.
1174 5078 1255 5141 III)
1278 5074 1303 5126 ?
1331 5075 1476 5128 Nam
1506 5074 1622 5128 haec
1650 5075 1830 5144 justo-

261 5172 366 5212 rum
393 5161 557 5215 statio
578 5166 683 5227 est,
709 5161 1179 5231 quemadmodum
1199 5166 1395 5217 contra
1417 5161 1732 5216 miserrima
1756 5163 1828 5217 ad

260 5246 516 5303 sinistram
542 5266 673 5320 pars
713 5249 1095 5321 peccatoribus
1120 5251 1406 5321 assignata
1433 5256 1538 5304 est.
1574 5251 1708 5305 Post
1732 5268 1829 5307 au-

259 5338 352 5388 tem
380 5337 650 5392 Dominus
676 5339 861 5407 justos
894 5338 1078 5392 Patris
1135 5338 1221 5392 sui
1276 5339 1599 5393 benedictos
1624 5357 1827 5394 vocans

260 5421 447 5487 (Matth.
475 5429 662 5493 xxxv),
676 5426 733 5480 in
747 5432 1081 5498 perpetuum
1094 5444 1329 5498 regnum
1346 5428 1680 5495 introducet;
1698 5445 1827 5499 pec-

259 5516 449 5567 catores
493 5520 686 5569 autem
730 5531 856 5569 cum
903 5516 990 5570 ira
1016 5521 1073 5570 et
1115 5516 1494 5571 exsecratione
1524 5533 1558 5570 a
1585 5517 1742 5571 suavi
1768 5521 1826 5571 et

260 5602 537 5693 tranquilla
560 5603 703 5657 facie
728 5620 833 5659 sua
856 5603 1103 5675 abjectos
1145 5604 1282 5676 (quo
1333 5604 1473 5659 nihil
1499 5605 1724 5675 gravius
1770 5608 1827 5660 et

1910 3222 1997 3277 nit
2018 3222 2176 3287 hora,
2207 3220 2267 3273 in
2298 3236 2411 3289 qua
2432 3234 2624 3272 omnes
2637 3217 2733 3289 qui
2763 3217 2821 3270 in
2841 3215 3219 3271 monumentis
3249 3218 3378 3268 sunt
3406 3230 3505 3269 au-

1910 3311 2068 3365 dient
2086 3324 2276 3363 vocem
2294 3307 2415 3362 Filii
2431 3307 2629 3361 Dei.Et
2650 3305 2953 3377 precedent
2967 3305 3061 3375 qui
3082 3304 3227 3358 bona
3247 3303 3502 3357 fecerunt

1907 3399 1969 3453 in
2005 3396 2471 3453 resurrectionem
2498 3396 2651 3461 vitae;
2684 3394 2779 3466 qui
2816 3410 2947 3447 vero
2976 3393 3125 3446 mala
3146 3397 3401 3462 egerunt,
3436 3392 3495 3446 in

1905 3486 2374 3542 resurrectionem
2400 3484 2599 3554 judicii
2645 3485 2822 3554 (Lucas
2850 3485 2961 3550 xx).
2998 3483 3077 3535 Ac
3108 3497 3334 3535 rursum
3364 3480 3445 3534 ait
3477 3499 3488 3533 :

1905 3577 1987 3631 De
2024 3580 2376 3629 mortuorum
2428 3577 2617 3627 autem
2664 3570 3072 3625 resurrectione
3118 3586 3229 3623 non
3282 3569 3498 3639 legistis

1908 3663 2056 3737 quod
2087 3664 2299 3717 dictum
2355 3666 2441 3716 est
2480 3660 2633 3715 vobis
2681 3677 2713 3713 a
2758 3660 2893 3725 Deo,
2926 3658 3146 3713 dicente
3180 3676 3191 3711 :
3229 3658 3344 3728 Ego
3373 3674 3500 3712 sum

1909 3753 2059 3806 Deus
2088 3750 2396 3817 Abraham,
2428 3750 2577 3803 Deus
2607 3749 2783 3815 Isaac,
2817 3752 2874 3801 et
2901 3748 3051 3801 Deus
3081 3746 3250 3801 Jacob
3279 3746 3304 3800 ‘Z
3349 3747 3500 3802 Deus

1907 3857 2076 3911 porro
2106 3845 2455 3894 mortuorum
2477 3838 2627 3892 Deus
2645 3853 2759 3891 non
2789 3841 2892 3901 est,
2922 3835 3019 3890 sed
3054 3835 3377 3890 viventium.
3427 3836 3505 3890 Ut

1913 3928 2063 3983 enim
2089 3928 2429 3998 colliguntur
2447 3926 2676 3992 zizania,
2718 3930 2776 3979 et
2803 3924 3229 3983 comburuntur.
3276 3925 3355 3978 sic
3394 3924 3505 3979 erit

1912 4018 1971 4072 in
2000 4016 2481 4072 consummatione
2502 4015 2687 4070 szeculi
2706 4015 2874 4085 hujus
2900 4014 3110 4079 (Matth.
3131 4018 3303 4078 XXIX).
3317 4014 3504 4068 Mittet

1910 4106 2085 4160 Filius
2112 4106 2215 4159 Dei
2236 4104 2464 4175 angelos
2492 4121 2641 4168 suos,
2698 4109 2755 4157 et
2800 4102 3065 4173 colligent
3091 4102 3159 4155 de
3184 4118 3357 4171 regno
3379 4103 3501 4172 ejus

1908 4193 2097 4247 omnia
2137 4193 2416 4261 scandala,
2452 4197 2509 4245 et
2535 4209 2629 4246 eos
2660 4191 2756 4261 qui
2788 4191 2999 4244 faciunt
3026 4190 3400 4260 iniquitatem.
3435 4190 3505 4243 Et

1912 4282 2140 4336 mittent
2167 4298 2260 4335 eos
2287 4282 2347 4334 in
2396 4281 2679 4334 caminum
2707 4278 2856 4348 ignis
2880 4297 2891 4331 :
2947 4279 3060 4331 illic
3088 4278 3197 4331 erit
3251 4279 3416 4331 ﬂetus
3445 4281 3502 4330 et

1846 4366 1896 4424 D
1914 4369 2120 4423 stridor
2150 4368 2424 4423 dentium.
2468 4368 2625 4421 Tunc
2649 4366 2791 4436 justi
2832 4364 3125 4436 fulgebunt
3150 4364 3293 4418 sicut
3329 4365 3414 4420 sol
3442 4364 3499 4419 in

1909 4474 2083 4529 regno
2112 4457 2297 4511 Patris
2325 4472 2540 4511 eorum.

1980 4548 2110 4601 Haec
2127 4546 2315 4600 dicens
2345 4544 2562 4599 addidit
2593 4562 2604 4596 :
2646 4544 2752 4609 Qui
2781 4543 2953 4597 habet
3001 4558 3165 4597 aures
3201 4538 3485 4609 audiendi,

1910 4635 2268 4702 audiat(Luc.
2301 4634 2386 4704 11).
2411 4634 2511 4688 His
2541 4632 2717 4703 igitur
2742 4628 3105 4703 pluribuSque
3143 4630 3268 4684 aliis
3307 4636 3487 4698 παι

1909 4724 2092 4779 verbis
2101 4722 2374 4778 Dominus
2384 4738 2682 4794 corporum
2693 4721 3161 4775 resurrectionem
3172 4720 3495 4774 declaravit.

1908 4813 2115 4884 Reipsa
2143 4818 2333 4867 autem
2361 4810 2713 4865 sermonibus
2740 4810 2855 4864 suis
2883 4809 3050 4863 ﬁdem
3080 4809 3337 4877 astruxit,
3370 4826 3497 4864 cum

1908 4907 2159 4956 mortuos
2189 4901 2260 4954 ad
2284 4900 2455 4954 vitam
2485 4898 2778 4964 revocavit,
2813 4914 2877 4951 ac
2914 4897 3017 4952 sub
3062 4899 3347 4954 terrestris
3373 4898 3497 4956 vita:

1909 5006 2023 5044 suae
2052 4988 2445 5058 catastrophen
2459 4988 2730 5045 Lazarum
2749 4985 3044 5056 quemdam
3056 4986 3295 5041 amicum
3309 5003 3495 5054 suum,

1910 5078 2007 5149 qui
2029 5079 2148 5147 jam
2177 5076 2477 5147 quatriduo
2509 5079 2763 5128 mortuus
2793 5080 2933 5139 erat,
2967 5090 3032 5129 ac
3057 5074 3303 5141 foetebat,
3328 5093 3499 5131 emo-

1909 5170 2180 5221 numento
2206 5163 2436 5225 vocavit,
2456 5179 2697 5232 eumque
2719 5163 2813 5234 qui
2833 5162 3079 5217 animam
3101 5164 3406 5232 efflaverat,
3423 5166 3500 5219 vi-

1911 5271 2041 5309 vum
2065 5252 2317 5307 exhibuit
2346 5254 2524 5320 (Joan.
2546 5251 2806 5315 x1).Quin
2836 5252 2955 5322 ipse
2978 5269 3198 5324 quoque
3225 5254 3499 5309 Dominus

1909 5341 2231 5413 perfectam,
2260 5357 2362 5395 nec
2384 5341 2505 5410 jam
2522 5340 2689 5394 morti
2699 5339 3009 5410 subjectam
3030 5342 3496 5396 resurrectionem

1910 5430 2232 5500 auspicatus
2259 5434 2367 5483 est:
2385 5429 2592 5500 quippe
2614 5429 2709 5500 qui
2722 5434 2903 5482 morte
2921 5429 2980 5483 in
3000 5446 3167 5484 carne
3179 5431 3494 5500 degustata,

1906 5518 2093 5573 triduo
2117 5522 2245 5590 post
2265 5518 2334 5572 ad
2363 5517 2535 5572 vitam
2566 5518 2751 5584 rediit,
2776 5517 3496 5589 acmortuorumprimoge-

1909 5606 2060 5661 nitus
2088 5606 2317 5661 effectus
2343 5610 2427 5661 est
2468 5607 2517 5677 (I
2532 5607 2655 5664 Cor.
2680 5608 2819 5676 xv1).
2862 5607 3193 5677 Quanquam
3221 5604 3369 5659 enim
3398 5603 3497 5657 alii
