3876 6190
399 311 508 368 475

1413 304 1507 358 DE
1541 299 1730 358 VITIS
1770 301 2064 357 PATRUM
2100 303 2313 358 LIBER
2348 303 2637 360 PRIMUS.

3506 309 3588 369 476

403 451 626 509 quoque
654 450 690 488 a
707 437 886 487 morte
905 430 975 484 ad
993 429 1165 483 vitam
1185 429 1412 484 excitati
1423 434 1575 494 sunt,
1607 433 1786 482 morte
1805 433 1994 483 tamen
2012 429 2342 489 Avisitastis
2367 447 2458 483 me
2499 449 2512 498 ;
2549 430 2606 483 in
2621 433 2854 484 'carcere
2882 445 3057 499 eram,
3105 436 3160 486 et
3210 433 3417 488 venistis
3440 435 3497 490 ad
3519 454 3590 492 me

402 541 599 578 rursus
625 521 796 575 functi
826 525 985 585 sunt,
1011 535 1114 572 nec
1153 518 1356 572 futurae
1387 535 1530 572 verae
1576 517 1996 571 resurrectionis

404 612 706 682 imaginem
737 609 996 664 exhibere
1015 613 1340 678 potuerunt.
1362 607 1525 660 Solus
1544 611 1734 660 autem
1759 606 1879 677 ipse
1907 622 1996 660 re-

403 699 763 755 sux’l‘ectionis
777 697 928 752 illius
945 701 1141 750 auctor
1161 713 1224 749 ac
1256 695 1515 766 princeps
1540 694 1771 758 exstitit,
1805 700 1870 748 ut
1901 694 1997 765 qui

401 787 704 842 immortali
735 785 1143 842 resurrectione
1179 784 1250 837 ad
1274 784 1446 838 vitam
1475 783 1725 837 redierit.
1763 783 1891 836 Haec
1915 783 1997 837 illi

402 879 574 932 etiam
593 877 690 948 qui
712 876 781 930 ab
811 875 972 928 initio
995 878 1334 945 spectatores
1356 889 1422 925 ac
1449 872 1691 925 ministri
1709 870 1858 924 verbi
1875 870 1996 924 fue-

402 973 554 1032 runt,
571 965 964 1038 praedicarunt.
978 962 1233 1016 Aitenim
1245 961 1442 1015 beatus
1456 960 1680 1016 Paulus.
1698 959 1791 1029 qui
1807 976 1918 1014 non
1929 959 1998 1012 ab

401 1053 743 1118 hominibus,
771 1052 868 1106 sed
899 1068 929 1104 e
953 1051 1096 1105 cmlo
1130 1053 1350 1104 vocatus
1377 1053 1462 1102 est
1489 1049 1632 1114 (Gal.
1666 1053 1706 1116 ι)
1739 1067 1750 1101 :
1787 1049 1995 1101 Notum

400 1142 556 1197 vobis
579 1141 740 1206 facio,
758 1141 982 1206 fratres,
998 1139 1358 1209 Evangelium
1377 1137 1524 1208 quod
1551 1136 1879 1191 annuntiavi
1909 1153 1998 1190 vo-

405 1230 510 1284 bis.
537 1229 764 1284 Tradidi
777 1229 926 1283 enim
937 1227 1090 1282 vobis
1103 1228 1161 1281 in
1173 1227 1369 1298 primis
1383 1225 1529 1296 quod
1541 1231 1598 1279 et
1611 1225 1815 1296 accepi,
1851 1225 1998 1296 quod

407 1319 663 1373 Christus
683 1323 954 1398 mortuus,
970 1323 1055 1371 est
1072 1332 1172 1387 pro
1199 1314 1440 1386 peccatis
1461 1313 1667 1368 nostris
1689 1313 1996 1368 secundum

407 1405 742 1478 Scripturas,
777 1412 834 1460 et
862 1405 1008 1476 quod
1030 1404 1283 1476 sepultus
1312 1407 1415 1468 est,
1441 1406 1497 1455 et
1511 1401 1659 1472 quod
1671 1400 1994 1465 resurrexit,

407 1495 710 1550 secundum
743 1493 1059 1565 Scripturas
1088 1495 1254 1562 (Rom.
1298 1494 1394 1560 ιν).
1424 1491 1482 1545 Si
1519 1496 1707 1544 autem
1740 1488 1998 1543 Christus

405 1583 740 1655 praedicatur
767 1583 915 1653 quod
933 1581 1238 1636 resurrexit
1259 1597 1294 1634 a
1321 1579 1576 1643 mortuis,
1611 1577 1888 1649 quomodo
1917 1577 1999 1629 di-

404 1679 540 1726 cunt
569 1673 818 1742 quidam,
855 1671 1004 1743 quod
1035 1668 1370 1724 resurrectio
1387 1673 1739 1720 mortuorum
1757 1682 1868 1719 non
1887 1665 1997 1718 est?

2081 519 2292 578 (Matth.
2321 519 2474 587 xxv).
2495 519 2610 572 Cur
2640 517 2726 572 his
2755 517 2934 572 verbis
2953 520 3150 587 utitur,
3178 521 3407 593 nisiquia
3419 522 3586 580 beneﬁ-

2079 607 2182 672 cia,
2205 623 2326 676 quae
2339 623 2372 659 a
2384 606 2546 661 nobis
2555 607 2623 660 in
2638 613 2864 676 egentes
2879 607 3258 676 conferuntur,
3270 610 3366 664 sibi
3379 612 3586 666 asciscit?

2080 695 2149 748 Et
2176 695 2284 748 alio
2311 695 2432 748 loco
2461 695 2565 748 ait:
2601 695 2797 750 Omnis
2837 697 3151 768 quicunque
3187 697 3508 755 conﬁtebitur
3531 717 3600 755 me

2079 798 2265 836 coram
2287 782 2626 849 hominibus,
2635 783 2944 838 conﬁtebor
2958 791 3015 839 et
3028 802 3131 856 ego
3141 803 3266 840 eum
3277 803 3446 840 coram
3468 787 3604 842 Patre

2078 887 2223 933 meo,
2255 871 2350 942 qui
2382 877 2466 926 est
2495 872 2552 924 in
2581 872 2732 925 caelis
2761 874 2932 939 (Luca:
2955 878 3070 940 xu).

2151 960 2232 1013 En
2259 976 2359 1030 per
2386 960 2502 1014 haec
2529 960 2738 1026 omnia,
2786 977 2850 1014 ac
2893 961 3055 1032 plura
3079 961 3205 1027 alia,
3236 963 3462 1017 ﬁrma-et
3485 969 3610 1018 certa

2079 1064 2204 1102 esse
2231 1047 2504 1102 bonorum
2524 1065 2758 1119 operum
2779 1050 3014 1120 praemia
3032 1051 3340 1105 declaravit.
3372 1051 3610 1115 Quemad-

2079 1137 2305 1192 modum
2329 1137 2500 1192 etiam
2531 1143 2728 1192 contra
2745 1137 3126 1209 improbamm
3165 1140 3431 1194 actionum
3449 1157 3612 1211 pcenas

2079 1223 2192 1278 illic
2218 1226 2534 1280 reconditas
2557 1243 2679 1280 esse
2704 1226 3178 1299 denuntiavit,per
3195 1227 3613 1282 admirandassci-

2079 1313 2211 1366 licet
2249 1319 2306 1368 et
2333 1314 2566 1368 eximias
2610 1315 2906 1386 parabolas
2933 1332 3072 1387 quas
3101 1315 3194 1370 ille
3222 1316 3488 1387 sapientiai
3518 1317 3616 1371 fons

2078 1417 2309 1471 prorsus
2319 1401 2603 1473 sapienter
2617 1403 2888 1474 exposuit.
2897 1403 3118 1458 Etenim
3128 1403 3351 1458 divitem
3362 1403 3619 1474 quemdam

2078 1489 2292 1544 inducit
2323 1491 2494 1559 (Luem
2541 1497 2676 1561 va),
2722 1508 2971 1563 purpura
2997 1497 3054 1545 et
3081 1490 3246 1564 bysso
3281 1491 3536 1558 indutum,
3569 1508 3622 1545 ac

2079 1578 2327 1648 quotidie
2343 1579 2630 1649 splendide
2648 1580 2988 1650 epulantem;
3018 1585 3273 1634 tenacem
3288 1586 3466 1634 autem
3483 1585 3622 1651 atque

2078 1683 2112 1719 a
2142 1667 2523 1721 misericordia
2568 1673 2866 1735 remotum,
2894 1669 3033 1723 adeo
3059 1675 3122 1723 ut
3146 1685 3441 1740 pauperem
3461 1685 3626 1740 quem-

404 1762 550 1815 Nam
571 1761 619 1814 si
641 1761 849 1814 mortui
872 1776 986 1813 non
1008 1762 1329 1827 resurgunt,
1347 1771 1450 1809 nec
1475 1754 1730 1808 Christus
1767 1753 1995 1822 quidem
2021 1743 2226 1820 Bdam,
2256 1756 2528 1808 Lazarum
2568 1755 2813 1822 nomine,
2838 1756 2908 1810 ad
2934 1756 3082 1811 fores
3110 1774 3240 1811 suas
3256 1759 3517 1827 jacentem
3543 1757 3624 1810 de-

403 1847 728 1902 resurrexit.
763 1847 821 1901 Si
849 1852 1038 1900 autem
1057 1845 1314 1898 Christus
1330 1860 1440 1896 non
1463 1841 1785 1906 resurrexit,
1813 1840 1996 1894 inanis

405 1942 493 1990 est
520 1936 658 1988 ﬁdes
689 1941 887 1989 vestra.
905 1934 1100 1987 Adhuc
1129 1932 1331 1986 estisin
1361 1930 1830 2002 peccatisvestris.
1859 1928 1918 1982 Si
1938 1929 1998 1982 in

405 2024 510 2078 hac
537 2030 760 2078 tantum
779 2023 892 2076 vita
919 2026 1211 2093 sperantes
1229 2037 1424 2074 sumus
1442 2019 1500 2073 in
1521 2017 1998 2084 Christo,misera-

405 2111 631 2166 biliores
643 2129 839 2166 sumus
851 2109 1110 2165 omnibus
1120 2108 1630 2162 hominibus.Nunc
1641 2111 1829 2160 autem
1843 2105 1998 2160 Chri-

404 2202 526 2254 stus
537 2195 1417 2268 resurrexitamortuis,primitiae
1426 2193 2000 2257 dormientium.Quo-

404 2288 557 2342 niam
571 2287 796 2358 quidem
809 2304 909 2358 per
921 2286 1205 2340 hominem
1220 2301 1388 2349 mors,
1397 2301 1496 2354 per
1506 2283 1793 2336 hominem
1805 2288 1996 2336 autem

402 2375 736 2432 resurrectio
793 2381 1164 2430 mortuorum.
1216 2373 1291 2426 Ut
1313 2373 1463 2426 enim
1502 2371 1560 2424 in
1597 2371 1778 2424 Adam
1805 2386 1998 2424 omnes

403 2465 742 2530 moriuntur,
807 2463 888 2517 ita
951 2463 1008 2516 in
1067 2461 1288 2517 Christo
1327 2476 1521 2514 omnes
1575 2457 2000 2512 viviﬁcabuntur

401 2553 461 2624 (Ι
485 2555 606 2608 Cor.
632 2557 743 2621 xv).
772 2553 840 2606 Et
861 2551 1056 2623 paucis
1081 2549 1389 2620 interjectis
1414 2567 1424 2602 :
1461 2548 1697 2618 Oportet
1709 2547 1879 2613 enim,
1909 2547 1994 2600 in-

405 2642 547 2712 quit,
606 2640 967 2712 corruptibile
1013 2640 1118 2693 hoc
1140 2639 1374 2692 induere
1402 2636 1896 2707 incorruptionem,
1941 2640 1998 2688 ut

405 2731 642 2784 mortale
680 2730 785 2783 hoc
833 2729 1067 2783 induere
1096 2725 1600 2781 immortalitatem.
1643 2725 1785 2778 Cum
1805 2728 1994 2778 autem

406 2819 643 2872 mortale
662 2819 766 2872 hoc
783 2817 1030 2871 induerit
1046 2814 1691 2879 immortalitatem,tunc
1704 2818 1800 2866 tiet
1810 2829 1996 2867 sermo

406 2907 502 2978 qui
557 2907 800 2978 scriptus
843 2911 947 2972 est,
1004 2905 1283 2976 Absorpta
1327 2908 1414 2957 est
1453 2919 1606 2956 mors
1649 2901 1707 2956 in
1743 2901 1992 2955 victoria.

2079 1841 2336 1911 spiceret,
2369 1860 2434 1897 ac
2450 1859 2520 1896 ne
2542 1843 2692 1914 ipsas
2711 1845 2935 1914 quidem
2948 1861 3157 1900 mensae
3175 1863 3290 1900 suae
3311 1845 3474 1900 micas
3491 1845 3536 1899 ei
3545 1845 3629 1899 im-

2077 1930 2332 2000 pertiret.
2369 1932 2617 2002 Utroque
2671 1932 2849 2002 igitur
2899 1938 3148 1988 extremo
3181 1935 3303 1988 vitae
3332 1934 3416 1988 die
3444 1933 3626 1998 functo,

2079 2035 2294 2089 pauper
2312 2019 2538 2090 quidem
2549 2020 2642 2074 ille
2661 2027 2831 2091 atque
2845 2022 3130 2076 ulcerosus
3159 2023 3216 2076 in
3234 2022 3463 2077 Abrahae
3473 2023 3632 2077 sinum

2079 2107 2299 2161 delatus
2329 2113 2414 2162 est
2435 2109 2566 2178 (quo
2592 2125 2792 2180 nempe
2803 2109 3069 2163 vocabulo
3089 2110 3390 2181 proborum
3418 2109 3632 2164 virorum

2079 2195 2267 2249 sedem
2289 2196 2628 2267 declaravit),
2661 2197 2814 2251 dives
2827 2201 3024 2252 contra
3047 2198 3405 2254 acerbissimo
3423 2199 3634 2252 ﬂammas

2079 2284 2352 2354 supplicio
2397 2285 2455 2338 in
2501 2285 2717 2340 inferno
2747 2286 3001 2344 addictus
3022 2292 3124 2341 est.
3181 2288 3269 2342 Ad
3301 2304 3460 2359 quem
3489 2286 3635 2340 etiam

2079 2371 2364 2426 Abraham
2383 2363 2471 2426 his
2497 2373 2677 2428 verbis
2695 2373 2961 2429 utebatur
2983 2394 2994 2428 :
3021 2375 3301 2446 Recepisti
3315 2377 3455 2430 bona
3473 2375 3526 2429 in
3542 2374 3637 2428 vita

2078 2465 2196 2526 tua,
2229 2466 2286 2514 et
2313 2461 2550 2516 Lazarus
2561 2463 2999 2518 similitermala.
3027 2465 3189 2518 Nunc
3207 2463 3520 2536 autemipse
3531 2479 3640 2517 con-

2079 2549 2312 2613 solatur,
2344 2555 2406 2602 tu
2437 2567 2564 2604 vero
2592 2551 2877 2605 cruciaris.

2126 2637 2562 2702 262Rursum
2573 2639 2683 2693 alio
2695 2640 2814 2693 loco
2826 2640 3097 2695 caelorum
3108 2657 3289 2711 regnu
3297 2658 3351 2694 m
3363 2641 3562 2696 homini
3573 2656 3645 2694 re-

2074 2724 2132 2794 gi
2144 2724 2324 2779 simile
2339 2743 2458 2780 esse
2470 2727 2551 2781 ait
2565 2727 2658 2798 qui
2673 2727 2786 2782 ﬁlio
2803 2745 2903 2782 suo
2916 2729 3641 2804 nuptiasfecit(Matth.xxn).

2077 2813 2186 2867 Per
2197 2815 2422 2886 nuptias
2436 2832 2604 2886 porro
2635 2816 2824 2871 futura
2839 2817 3033 2872 laetitia
3045 2823 3102 2872 et
3117 2817 3346 2872 claritas
3361 2818 3639 2874 indicatur.

2080 2901 2298 2956 Etenim
2321 2904 2393 2957 ad
2407 2903 2650 2959 humiles
2663 2922 2727 2960 ac
2738 2906 2975 2960 terrenis
2995 2906 3288 2961 affectibus
3303 2906 3538 2962 imbutos
3557 2906 3646 2959 ho-

406 2995 512 3052 Ubi
543 3002 630 3050 est
658 3013 810 3050 mors
831 2995 1062 3049 victoria
1086 2999 1188 3048 tua
1214 2993 1239 3046 'I
1276 2991 1382 3048 Ubi
1411 2997 1497 3046 est
1539 3007 1692 3045 mors
1734 2990 1996 3044 stimulus
2015 3055 2052 3068 ﬂ
2079 2990 2260 3045 mines
2278 2991 2448 3046 verba
2483 2991 2710 3061 faciens,
2743 2994 2813 3048 ab
2833 2995 2904 3049 iis
2943 2994 3109 3050 rebus
3135 3012 3260 3066 quae
3292 2995 3432 3068 ipsis
3447 2995 3649 3051 usitata:

407 3085 576 3140 tuus?
594 3085 930 3139 Destruetur
958 3087 1149 3138 autem
1175 3099 1406 3154 prorsus
1431 3097 1495 3135 ac
1505 3079 1784 3135 delebitur
1797 3055 2054 3134 mortisC
2079 3096 2146 3133 ac
2173 3079 2476 3136 familiares
2508 3055 2709 3149 erant,
2741 3083 3039 3154 parabolas
3074 3055 3354 3140 ducebat‘:
3382 3101 3491 3140 non
3518 3081 3648 3155 quod

405 3174 676 3246 potentia,
711 3179 774 3228 ut
804 3191 927 3244 quae
941 3175 1063 3244 jam
1092 3173 1204 3226 vim
1235 3188 1398 3226 suam
1429 3187 1541 3225 non
1564 3175 1774 3235 exerat,
1802 3184 1996 3222 verum

404 3263 665 3334 deinceps
706 3261 1029 3317 hominibus
1055 3261 1448 3316 immortalitas
1469 3265 1638 3330 atque
1667 3256 2000 3328 incompti-

402 3351 533 3406 litas
561 3351 900 3423 sempiterna
921 3346 1994 3420 concedatur.Eritigitur,erit,inquam,

404 3441 526 3495 sine
550 3441 667 3494 ulla
693 3439 1042 3494 dubitatione
1071 3443 1422 3492 mortuorum
1451 3435 1807 3500 resurrectio,
1831 3435 1998 3504 idque

406 3528 717 3583 certissime
733 3529 1034 3582 credimus.
1055 3527 1372 3591 Quinetiam
1391 3543 1578 3579 rerum
1599 3525 1656 3578 in
1678 3525 1790 3576 vita
1807 3529 1996 3592 gesta-

405 3634 552 3683 rum,
581 3633 814 3671 examen
843 3633 908 3669 ac
937 3616 1164 3686 praemia
1184 3621 1242 3668 et
1269 3631 1462 3686 poenas
1499 3614 1614 3667 fore
1643 3617 1995 3684 perspectum

406 3705 697 3770 habemus,
717 3705 777 3758 in
793 3705 1094 3758 metuendo
1111 3704 1368 3757 videlicet
1385 3702 1659 3756 adventus
1680 3699 1887 3754 Christi
1905 3698 1996 3753 die

401 3793 462 3864 (Ι
482 3795 573 3846 Pet
616 3797 700 3862 II),
733 3794 792 3846 in
821 3809 930 3863 quo
961 3792 1084 3846 οωιί
1132 3793 1261 3861 igne
1308 3792 1594 3844 solventur
1639 3795 1697 3843 et
1719 3789 1997 3843 elementa

405 3880 504 3934 ard
510 3897 604 3934 ore
615 3881 1094 3947 contabescent,ut
1102 3879 1346 3950 theologi
1358 3879 1646 3948 cujusdam
1663 3877 1840 3932 verbis
1853 3883 1992 3932 utar.

407 3969 592 4022 Novos
627 3976 817 4024 autem
835 3971 1022 4033 caelos,
1045 3987 1108 4024 ac
1122 3984 1322 4022 novam
1342 3973 1552 4022 terram
1574 3967 1882 4022 secundum
1909 3967 1996 4037 ip-

406 4056 524 4111 sius
541 4058 970 4128 promissionem
987 4063 1396 4130 exspectamus.
1425 4057 1567 4112 Nam
1582 4057 1730 4128 quod
1743 4055 1857 4109 illic
1871 4072 1998 4126 ope-

406 4162 531 4199 rum
553 4147 786 4218 praemia
799 4153 856 4201 et
865 4164 1047 4218 pcenze
1057 4147 1190 4213 sint,
1210 4146 1464 4217 nihilque
1479 4145 1706 4199 omnino
1724 4144 1997 4199 bonorum

406 4234 493 4287 vel
520 4235 799 4290 malorum
833 4235 1169 4306 negligatur,
1193 4251 1387 4290 verum
1403 4239 1460 4287 et
1479 4233 1783 4298 actionum,
1807 4238 1864 4287 et
1882 4250 1999 4286 ver-

405 4321 625 4388 borum,
649 4330 706 4378 et
727 4324 1136 4394 cogitationum
1168 4339 1382 4377 merces
1405 4322 1693 4376 recondita
1705 4321 1796 4387 sit,
1827 4338 1891 4374 ex
1911 4322 1997 4375 his

2078 3168 2304 3238 nuptias
2334 3175 2391 3224 et
2412 3187 2634 3225 mensas
2659 3171 2720 3224 in
2748 3187 2861 3226 avo
2875 3171 2970 3226 illo
2987 3189 3108 3226 esse
3119 3174 3461 3240 ostenderet,
3479 3173 3570 3228 sed
3591 3171 3653 3226 ad

2078 3273 2274 3311 eorum
2295 3259 2605 3314 crassitiem
2634 3276 2758 3314 sese
2786 3260 3106 3328 demittens,
3131 3261 3220 3316 his
3245 3261 3526 3318 vocabulis
3539 3267 3650 3315 ute-

2078 3344 2263 3412 batur,
2277 3352 2342 3401 ut
2354 3347 2690 3419 futuraipsis
2704 3349 2997 3420 perspicua
3015 3350 3239 3404 faceret.
3259 3351 3444 3406 Omne
3457 3351 3650 3422 itaque,

2081 3435 2284 3506 inquit,
2308 3453 2406 3489 rex
2425 3436 2517 3490 ille
2541 3436 2768 3490 sublimi
2787 3437 3064 3508 praeconio
3076 3439 3148 3492 ad
3169 3440 3401 3510 nuptias
3419 3438 3657 3494 invitavit

2081 3529 2248 3593 atque
2278 3530 2342 3577 ut
2358 3523 2520 3578 bonis
2555 3525 2666 3578 illis
2686 3525 2757 3578 ad
2787 3525 3105 3580 satietatem
3127 3543 3308 3598 usque
3329 3527 3652 3582 ﬁ'nerentur.

2149 3611 2310 3666 Multi
2341 3618 2532 3666 autem
2570 3629 2764 3667 eorum
2799 3614 2894 3684 qui
2941 3614 3159 3669 invitati
3180 3615 3430 3683 fuerant,
3464 3617 3541 3670 ire
3567 3631 3656 3668 ne-

2079 3699 2405 3768 glexerunt:
2428 3715 2622 3754 verum
2642 3717 2702 3754 se
2721 3701 2873 3772 ipsos
2891 3701 3175 3772 partimin
3207 3703 3382 3773 agris,
3398 3703 3656 3774 partimin

2078 3787 2570 3857 negotiationibus,
2611 3789 2816 3860 partim
2844 3789 2903 3844 in
2926 3789 3193 3844 uxoribus
3214 3807 3400 3862 nuper
3435 3789 3660 3862 acceptis

2078 3882 2430 3946 occupantes,
2463 3878 2731 3948 nuptialis
2757 3878 2990 3932 thalami
3019 3879 3318 3950 splendore
3347 3885 3656 3934 caruerunt.

2079 3965 2196 4019 Illis
2233 3971 2423 4019 autem
2453 3982 2557 4019 sua
2579 3972 2776 4037 sponte
2805 3983 2840 4020 a
2867 3967 3199 4022 suavissima
3226 3967 3325 4022 illa
3354 3968 3549 4023 laetitia
3575 3985 3662 4022 ex-

2079 4053 2264 4119 clusis,
2287 4053 2386 4107 alii
2405 4054 2582 4108 vocati
2612 4061 2760 4121 sunt,
2780 4060 2952 4126 atque
2964 4055 3211 4127 impleta;
3231 4062 3370 4111 sunt
3379 4057 3557 4129 epulae
3583 4055 3664 4109 di-

2077 4141 2515 4197 scumbentibus.
2523 4144 2813 4214 Ingressus
2823 4149 3014 4198 autem
3024 4161 3122 4198 rex
3141 4149 3203 4199 ut
3210 4145 3432 4201 videret
3444 4146 3673 4200 discum-

2080 4229 2294 4296 bentes,
2328 4231 2463 4285 vidit
2503 4231 2615 4284 illic
2643 4232 2930 4286 hominem
2959 4249 3071 4286 non
3101 4232 3367 4288 vestitum
3395 4240 3539 4288 veste
3565 4248 3664 4287 nu-

2080 4319 2258 4391 ptiali.
2281 4320 2349 4374 Et
2377 4319 2518 4374 dixit
2538 4319 2607 4373 ei:
2625 4321 3125 4390 Amice,quomodo
3155 4321 3534 4388 hucintrasti,
3558 4335 3665 4375 non

406 4410 613 4466 Christi
642 4412 824 4466 verbis
838 4417 1073 4465 constat:
1099 4411 1429 4480 Quicunque
1443 4415 1635 4481 potum
1657 4409 1876 4481 dederit
1894 4409 1991 4463 uni
2013 4407 2063 4466 D
2079 4407 2289 4462 habens
2317 4413 2528 4462 vestem
2573 4409 2882 4479 nuptialem
2908 4409 2932 4462 Τ
2967 4411 3042 4463 At
3068 4409 3161 4463 ille
3181 4409 3495 4468 obmutuit.
3521 4411 3669 4464 Tunc

405 4515 471 4553 ex
501 4499 746 4554 minimis
765 4500 888 4554 istis
909 4499 1136 4554 calicem
1155 4515 1314 4568 aquae
1324 4498 1556 4567 frigidae,
1570 4503 1792 4551 tantum
1811 4498 1870 4550 in
1895 4515 1997 4552 no-

407 4586 559 4641 mine
570 4587 848 4659 discipuli,
871 4604 982 4642 non
995 4586 1191 4658 perdet
1203 4586 1517 4639 mercedem
1531 4602 1690 4639 suam
1699 4587 1888 4650 (Matth
1899 4589 1992 4654 .x).

406 4671 486 4723 Ac
512 4687 738 4726 rursum
760 4690 825 4727 ex
858 4673 945 4726 his
993 4691 1005 4726 :
1046 4672 1185 4726 Cum
1207 4670 1422 4724 venerit
1459 4669 1632 4723 Filius
1671 4669 1914 4723 hominis
1937 4670 1997 4723 in

406 4760 702 4827 majestate
719 4779 840 4827 sua,
875 4767 931 4816 et
959 4777 1154 4814 omnes
1175 4759 1359 4830 angeli
1379 4775 1506 4812 cum
1528 4763 1753 4824 eo,tunc
1783 4757 2000 4813 sedebit

405 4861 576 4916 super
598 4849 788 4902 sedem
799 4849 1110 4920 majestatis
1137 4865 1272 4914 suae,
1287 4853 1344 4902 et
1354 4845 1847 4916 congregabuntur
1865 4852 1996 4901 ante

407 4948 540 4986 eum
560 4950 752 4990 omnes
774 4943 988 5005 gentes,
1004 4944 1061 4990 et
1083 4936 1366 5008 separabit
1385 4952 1480 4990 eos
1499 4934 1569 4989 ab
1588 4934 1997 4997 invicem,sicut

406 5025 600 5092 pastor
618 5030 877 5094 segregat
892 5041 1019 5078 oves
1035 5025 1104 5078 ab
1116 5025 1384 5079 haedisEt
1394 5029 1604 5078 statuet
1612 5039 1742 5076 oves
1771 5023 1996 5093 quidem

405 5127 441 5164 a
461 5110 671 5165 dextris
703 5113 838 5178 suis,
871 5113 1060 5167 haedos
1087 5120 1275 5168 autem
1307 5130 1340 5166 a
1372 5111 1632 5166 sinistris.
1669 5111 1823 5165 Tunc
1850 5111 1998 5164 dicet

405 5199 520 5253 Rex
531 5198 618 5252 his
636 5199 730 5270 qui
759 5217 793 5253 a
820 5200 1030 5254 dextris
1059 5201 1476 5264 erunt:Venite,
1507 5199 1784 5254 benedicti
1811 5199 1995 5253 Patris

405 5287 824 5358 mei,possidete
837 5304 1072 5357 regnum
1083 5289 1236 5342 vobis
1265 5296 1524 5359 paratum
1541 5305 1574 5341 a
1592 5287 1994 5342 constitutione

405 5376 620 5431 mundi.
655 5376 871 5430 Esurivi
901 5376 1069 5440 enim,
1094 5383 1151 5430 et
1173 5377 1402 5431 dedistis
1431 5377 1568 5430 mihi
1608 5377 1946 5430 manducare
1975 5395 1988 5443 ;

403 5465 882 5532 sitivi,etdedistis
905 5465 1041 5519 mihi
1077 5465 1268 5519 bibere
1289 5466 1518 5538 ;hospes
1539 5483 1715 5532 eram,
1747 5473 1804 5521 et
1833 5468 1996 5520 colle-

399 5555 562 5624 gistis
599 5571 711 5622 me;
731 5554 938 5622 nudus,
965 5558 1023 5608 et
1047 5552 1414 5624 cooperuistis
1441 5570 1530 5606 me
1563 5573 1575 5620 ;
1622 5555 1898 5621 infirmus,
1939 5561 1996 5609 et

2078 4496 2217 4550 dixit
2244 4513 2338 4550 rex
2368 4496 2642 4550 ministris
2663 4515 2674 4550 :
2693 4497 2908 4566 Ligatis
2929 4497 3165 4568 pedibus
3185 4513 3250 4551 ac
3271 4499 3535 4553 manibus
3549 4499 3667 4568 ejus

2079 4585 2256 4638 tollite
2285 4600 2433 4648 eum,
2467 4590 2524 4638 et
2541 4583 2751 4639 mittite
2776 4585 2835 4638 in
2863 4584 3126 4640 tenebras
3172 4585 3502 4642 exteriores.
3560 4585 3672 4640 Illic

2079 4672 2187 4727 erit
2214 4674 2379 4726 fletus
2409 4677 2467 4726 et
2493 4672 2981 4727 stridordentium.
3012 4674 3120 4726 Per
3138 4673 3240 4727 hos
3263 4691 3435 4745 porro
3457 4675 3556 4746 qui
3576 4688 3672 4728 nu-

2079 4760 2211 4832 ptiis
2239 4760 2508 4814 interesse
2537 4766 2885 4827 recusarunt,
2917 4778 3019 4815 nec
3046 4761 3098 4815 ei
3128 4778 3163 4814 a
3187 4778 3300 4832 quo
3333 4762 3675 4817 vocabantur

2078 4849 2192 4903 ullo
2216 4849 2380 4904 modo
2399 4864 2613 4903 morem
2642 4855 2955 4919 gesserunt,
2972 4849 3053 4902 illi
3066 4849 3462 4920 signiﬁcantur
3489 4850 3585 4922 qui
3605 4849 3672 4903 ad

2079 4937 2284 4991 Christi
2313 4939 2482 4991 ﬁdem
2501 4937 2733 4991 minime
2747 4943 3128 5005 accurrerunt,
3150 4954 3346 4992 verum
3358 4945 3462 4993 aut
3483 4939 3544 4994 in
3562 4938 3676 4993 ido-

2077 5025 2260 5080 lorum
2290 5026 2463 5091 cultu,
2496 5031 2597 5079 aut
2625 5025 2682 5078 in
2704 5026 2893 5097 aliqua
2916 5025 3111 5080 haeresi
3142 5027 3535 5098 perstiterunt.
3563 5027 3670 5081 Per

2079 5129 2207 5166 eum
2235 5120 2424 5168 autem
2447 5114 2542 5184 qui
2567 5121 2718 5168 veste
2739 5114 2950 5185 nuptiis
2961 5120 3339 5170 consentanea
3357 5115 3612 5182 carebat,
3629 5114 3677 5169 is

2076 5202 2302 5255 demum
2331 5202 2684 5273 intelligitur,
2725 5203 2821 5274 qui
2853 5202 2961 5266 ﬁde
2993 5204 3220 5275 quidem
3247 5203 3517 5274 praeditus
3545 5204 3672 5269 fuit,

2075 5295 2332 5345 caeterum
2348 5291 2694 5362 spiritualem
2709 5297 2919 5346 vestem
2933 5291 3399 5363 impuristlagitiis
3409 5308 3677 5364 conspur-

2075 5378 2236 5442 cavit,
2253 5379 2563 5450 meritoque
2587 5380 2819 5450 proinde
2848 5396 2884 5434 a
2912 5380 3180 5451 nuptialis
3209 5379 3442 5434 thalami
3463 5381 3665 5435 laetitia

2076 5465 2368 5520 submotus
2397 5472 2500 5521 est.

2149 5553 2297 5618 Quin
2335 5555 2504 5610 aliam
2535 5573 2755 5632 quoque
2779 5555 3102 5626 hujusmodi
3121 5555 3446 5628 parabolam
3471 5557 3676 5610 eodem
