3942 6200
248 407 360 466 477

686 410 857 465 VITA
895 409 1289 466 SANTORUM
1326 411 1672 466 BARLAAM
1708 411 2046 467 EREMITIE
2084 412 2173 468 ET
2211 414 2577 470 JOSAPHAT
2614 416 2840 471 INDle
2877 415 3113 472 REGIS.

3423 414 3528 473 478

245 532 626 603 pertinentem
655 533 864 601 attulit,
897 533 1195 604 propositis
1208 533 1478 593 nimirum
1500 533 1692 590 decem
1723 537 1904 607 qui-A
1922 543 2233 607 peccatum.
2263 539 2359 592 Vte
2384 539 2480 610 qui
2509 540 2693 596 dicitis
2722 542 2936 596 malum
2963 543 3195 608 bonum,
3238 545 3514 613 ponentes

245 620 493 675 busdam
508 622 834 692 virginibus,
844 638 1083 693 quarum
1095 621 1340 692 quinque
1351 623 1654 693 prudentes
1667 629 1848 691 erant,

245 715 307 763 et
340 711 593 780 quinque
615 710 784 764 fatuae
816 712 1032 777 (Matth.
1064 712 1211 781 xxv).
1240 710 1373 774 Quae
1405 711 1631 782 quidem
1658 711 1859 777 fatuae;

244 799 496 869 acceptis
515 798 870 869 lampadibus
890 799 1024 863 suis,
1053 815 1164 852 non
1183 805 1541 871 sumpserunt
1560 802 1743 854 oleum
1768 818 1851 854 se-

244 902 400 952 cum,
422 887 733 957 prudentes
751 892 943 941 autem
970 894 1351 958 sumpserunt.
1377 889 1495 941 Hoc
1521 895 1710 943 autem
1729 891 1851 943 loco

243 991 351 1045 per
373 975 562 1030 oleum
588 975 886 1046 probarum
903 975 1185 1029 actionum
1211 976 1616 1047 possessionem
1632 979 1850 1049 signiﬁ-

146 1112 154 1118 .
243 1062 416 1117 cavit.

316 1151 512 1206 Media
537 1157 725 1205 autem
742 1155 926 1218 nocte,
944 1152 1145 1222 inquit,
1168 1153 1379 1206 clamor
1396 1152 1574 1208 factus
1590 1158 1691 1208 est:
1713 1154 1850 1208 Ecce

240 1256 497 1310 sponsus
530 1239 700 1306 venit,
731 1240 874 1293 exite
903 1226 1123 1293 obviam
1154 1241 1224 1294 ei.
1270 1242 1443 1295 Porro
1482 1259 1581 1313 per
1607 1243 1849 1297 mediam

237 1325 591 1382 noctemdiei
612 1328 763 1381 illius
784 1327 1239 1383 incertitudinem
1257 1329 1704 1384 indicavit.Tunc
1721 1348 1848 1384 sur-

240 1421 522 1470 rexerunt
543 1432 739 1470 omnes
770 1416 1014 1487 virgines
1043 1417 1171 1485 illae;
1199 1424 1255 1471 et
1282 1435 1405 1487 quae
1429 1426 1639 1489 parata}
1667 1426 1846 1487 erant,

244 1504 515 1558 exierunt
543 1505 762 1559 obviam
782 1494 1015 1577 sponso,
1041 1512 1097 1559 et
1134 1506 1489 1561 intraverunt
1526 1524 1654 1561 cum
1686 1525 1751 1562 eo
1780 1509 1850 1562 ad

237 1594 498 1664 nuptias,
542 1599 599 1647 et
624 1594 812 1647 clausa
840 1600 926 1647 est
948 1595 1143 1664 janua.
1179 1595 1311 1659 Quae
1341 1602 1533 1649 autem
1563 1596 1851 1667 imparatze

239 1688 412 1735 erant
429 1684 594 1752 (quas
622 1683 792 1736 etiam
811 1683 1017 1737 idcirco
1046 1700 1159 1736 non
1175 1683 1273 1737 abs
1304 1701 1365 1738 re
1386 1685 1586 1738 stultas
1611 1685 1853 1756 appella-

239 1770 362 1838 vit),
399 1787 530 1824 cum
562 1771 848 1841 lampades
871 1787 1004 1824 suas
1034 1772 1310 1842 exstingui
1340 1773 1739 1844 perspicerent.
1780 1773 1851 1827 ad

1933 644 2189 681 amarum
2219 629 2278 681 in
2306 629 2484 694 dulce,
2520 633 2576 682 et
2593 630 2752 683 dulce
2780 631 2839 683 in
2870 648 3144 685 amarum.
3175 631 3270 685 Vae
3300 630 3394 700 qui
3422 646 3525 700 po-

1933 719 2115 769 tentes
2135 716 2271 770 estis
2289 718 2360 771 ad
2378 716 2681 773 bibendum
2707 720 2918 786 vinum,
2944 721 3112 774 etviri
3133 721 3306 774 fortes
3325 720 3396 773 ad
3417 719 3525 773 mi-

1933 804 2197 858 scendam
2214 804 2563 860 ebrietatem.
2579 807 2686 871 Qui
2699 808 3022 877 justiﬁcatis
3042 808 3278 880 impium
3298 824 3397 880 pro
3410 824 3530 861 mna

1933 893 2179 959 neribus,
2215 898 2270 947 et
2281 895 2563 963 justitiam
2592 901 2781 960 263
2795 897 2935 966 justi
2957 898 3187 951 aufertis
3206 897 3277 952 ab
3298 914 3382 951 eo.
3417 896 3526 961 Qui

1931 980 2491 1052 declinatisjudicium
2498 1000 2827 1055 pauperum,
2837 985 3139 1056 etdiripitis
3154 985 3527 1040 substantiam

1933 1085 2257 1141 egenorum,
2282 1075 2347 1125 ut
2367 1072 2412 1124 si
2444 1072 2597 1126 vobis
2627 1073 2911 1144 orphanus
2931 1074 2988 1126 in
3018 1074 3279 1144 praedam.
3309 1075 3376 1127 Et
3394 1074 3528 1144 quid

1932 1157 2146 1212 facietis
2165 1159 2221 1212 in
2244 1159 2333 1213 die
2357 1160 2715 1215 visitationis?
2742 1168 2798 1215 et
2826 1163 2897 1215 ad
2917 1179 3087 1232 quem
3115 1162 3446 1231 confugietis
3466 1162 3524 1216 in

1932 1247 2227 1301 auxilium?
2245 1254 2301 1301 et
2316 1248 2411 1303 ubi
2433 1249 2834 1321 derelinquetis
2853 1250 3093 1321 gloriam
3108 1255 3446 1316 vestram,ne
3466 1250 3526 1304 in

1930 1335 2306 1390 visitationem
2340 1337 2635 1392 incidatis?
2676 1340 2913 1410 Propter
2958 1340 3080 1405 hoc,
3126 1338 3270 1392 sicut
3301 1339 3529 1392 devorat

1934 1423 2198 1494 stipulam
2220 1425 2413 1495 lingua
2442 1425 2606 1495 ignis,
2655 1432 2712 1480 et
2739 1427 2892 1481 calor
2919 1428 3159 1481 ﬂammae
3190 1425 3374 1480 exurit
3405 1470 3416 1491 ,
3449 1424 3529 1479 sic

1934 1511 2089 1564 radix
2120 1528 2316 1566 eorum
2340 1513 2497 1583 quasi
2525 1514 2712 1568 favilla
2736 1515 2862 1579 erit,
2898 1520 2954 1568 et
2981 1531 3215 1585 germen
3236 1531 3432 1568 eorum
3462 1518 3528 1568 ut

1934 1600 2137 1670 pulvis.
2170 1600 2511 1670 Abjecerunt
2532 1602 2681 1655 enim
2707 1604 2887 1673 legem
2908 1592 3143 1657 Domini”
3157 1603 3521 1667 exercituum,

1934 1694 1992 1742 et
2016 1688 2299 1759 eloquium
2330 1691 2507 1743 sancti
2539 1692 2713 1744 Israel
2741 1690 3274 1762 blasphemaverunt
3300 1693 3429 1757 (Isa.
3451 1691 3524 1759 v).

2006 1777 2211 1830 Eodem
2234 1779 2465 1843 accedit,
2498 1779 2642 1848 quod
2667 1780 2747 1833 ait
2769 1781 2913 1834 alius
2933 1780 3223 1850 propheta:
3258 1781 3423 1833 Juxta
3442 1784 3528 1833 est

238 1859 437 1912 oleum
456 1859 769 1913 emendum
804 1875 925 1913 sese
948 1861 1326 1914 contulerunt.
1351 1861 1681 1931 Posteaque,
1703 1862 1852 1915 clau—
1868 1888 1914 1947 B
1933 1864 2051 1918 dies
2068 1866 2292 1920 Domini
2324 1883 2529 1936 magna
2551 1873 2606 1920 et
2638 1868 2791 1921 velox
2812 1868 2997 1921 nimis.
3028 1869 3141 1921 Vos
3160 1868 3271 1921 diei
3301 1867 3525 1921 Domini

237 1946 314 2001 sis
320 1949 452 2016 jam
466 1947 699 2014 foribus,
719 1948 1065 2013 accedentes,
1085 1949 1424 2015 clamabant,
1449 1950 1714 2003 dicentes:
1736 1951 1840 2004 Do-

238 2036 422 2102 mine,
446 2036 704 2101 Domine,
729 2036 883 2106 aperi
910 2036 1090 2091 nobis.
1125 2038 1249 2108 Ipse
1268 2044 1455 2091 autem
1482 2039 1844 2109 respondens,

237 2124 392 2178 dixit
420 2125 522 2178 eis:
557 2126 738 2178 Amen
767 2125 892 2178 dico
909 2124 1082 2191 vobis,
1115 2127 1304 2180 nescio
1320 2143 1434 2180 vos.
1469 2127 1546 2179 Ex
1568 2127 1655 2180 his
1674 2127 1850 2180 omni-

240 2212 344 2266 bus
359 2213 657 2284 perspicue
668 2213 1181 2284 constat,improbis
1193 2215 1522 2280 actionibus,
1532 2221 1699 2286 atque
1709 2216 1848 2269 adeo

238 2301 878 2372 sermonibus,ipsisque
890 2302 1060 2356 etiam
1080 2302 1530 2373 cogitationibus,
1551 2320 1712 2357 suam
1727 2320 1847 2358 esse

242 2390 571 2443 mercedem
590 2390 973 2444 constitutam.

312 2477 477 2531 Dixit
496 2477 645 2531 enim
677 2478 965 2532 Salvator:
1003 2479 1136 2533 Dico
1164 2478 1338 2545 vobis,
1370 2479 1517 2550 quod
1546 2496 1711 2534 omne
1732 2497 1849 2533 ver-

244 2565 381 2619 bum
395 2566 645 2620 otiosum
666 2567 815 2636 quod
834 2567 1005 2620 locuti
1021 2567 1230 2621 fuerint
1243 2567 1761 2633 homines,reddent
1779 2569 1848 2622 de

247 2671 312 2708 eo
343 2654 632 2708 rationem
667 2655 721 2708 in
749 2655 839 2707 die
862 2656 1061 2724 judicii
1095 2657 1309 2723 (Matth.
1334 2659 1447 2723 xu).
1481 2658 1561 2710 Ac
1590 2674 1844 2711 rursum:

246 2743 441 2797 Vestri
477 2760 606 2797 vero
645 2748 702 2797 et
743 2744 928 2814 capilli
955 2744 1155 2814 capitis
1183 2761 1378 2799 omnes
1408 2745 1689 2799 numerati
1717 2751 1851 2799 sunt

248 2833 471 2899 (Matth.
504 2835 579 2900 x).
613 2832 733 2895 Quo
763 2832 971 2886 scilicet
998 2833 1119 2886 loco
1153 2850 1254 2903 per
1275 2834 1505 2904 capillos
1536 2834 1848 2888 minutissi-

245 2938 368 2975 mas
428 2920 604 2974 etiam
653 2910 1125 2975 considerationes
1165 2922 1451 2991 animique
1487 2922 1850 2993 cogitationes

246 3009 613 3078 signiﬁcavit.
656 3009 1045 3063 Consentanea
1070 3016 1260 3064 autem
1286 3010 1374 3064 his
1397 3027 1615 3082 quoque
1654 3010 1851 3065 beatus

246 3098 467 3152 Paulus
494 3098 701 3151 tradit:
734 3099 905 3152 Vivus
935 3104 1038 3165 est,
1059 3098 1261 3169 inquit,
1281 3115 1465 3153 sermo
1492 3099 1612 3165 Dei,
1646 3105 1703 3153 et
1728 3099 1850 3153 effi-

1930 1970 2143 2019 amara,
2180 1954 2543 2009 tribulabitur
2556 1955 2735 2011 fortis.
2757 1957 2887 2010 Dies
2908 1957 3006 2010 ira:
3024 1957 3141 2009 dies
3155 1957 3270 2021 illa,
3290 1956 3409 2009 dies
3427 1955 3526 2009 tri-

1929 2040 2233 2095 bulationis
2256 2048 2313 2096 et
2338 2044 2630 2113 angustiae,
2654 2045 2772 2098 dies
2810 2044 3146 2098 calamitatis
3175 2050 3234 2098 et
3263 2044 3519 2109 miseriae,
3542 2100 3549 2103 _

1929 2130 2047 2184 dies
2067 2131 2428 2185 tenebrarum
2445 2138 2502 2185 et
2521 2133 2794 2202 caliginis,
2816 2134 2934 2187 dies
2949 2133 3165 2187 nebula}
3187 2138 3244 2186 et
3256 2132 3517 2199 turbinis,

1930 2218 2048 2272 dies
2061 2218 2207 2273 tubae
2236 2225 2293 2273 et
2308 2220 2584 2289 clangor-is
2604 2238 2773 2291 super
2788 2223 3040 2275 civitates
3063 2221 3333 2287 munitas,
3353 2226 3410 2275 et
3427 2237 3524 2274 su-

1929 2324 2029 2376 per
2046 2308 2283 2377 angulos
2315 2310 2576 2363 excelsos.
2603 2311 2671 2363 Et
2692 2309 2971 2364 tribulabo
3002 2310 3296 2380 malignos,
3316 2316 3372 2362 et
3399 2326 3523 2363 am-

1928 2394 2203 2449 bulabunt
2221 2397 2369 2461 caaci,
2392 2397 2525 2467 quia
2544 2398 2784 2452 Domino
2798 2403 3181 2469 peccaverunt;
3206 2408 3263 2451 et
3281 2398 3526 2451 effunde-

1928 2489 2024 2537 tur
2037 2484 2273 2554 sanguis
2288 2501 2482 2538 eorum
2497 2486 2642 2540 sicut
2655 2487 2945 2550 humus,et
2955 2502 3156 2556 corpus
3167 2501 3365 2539 eorum
3378 2486 3524 2540 sicut

1930 2579 2194 2626 stercora.
2217 2574 2322 2627 Sed
2353 2579 2409 2627 et
2438 2579 2734 2644 argentum
2772 2591 2987 2638 eorum,
3011 2580 3068 2628 et
3086 2591 3288 2628 aurum
3327 2591 3523 2628 eorum

1929 2678 2042 2715 non
2059 2663 2268 2732 poterit
2281 2661 2519 2716 liberare
2541 2679 2635 2716 eos
2652 2664 2709 2717 in
2730 2663 2820 2716 die
2840 2662 3045 2716 furoris
3064 2662 3377 2716 Domini.In
3390 2662 3524 2731 igne

1931 2751 2034 2803 zeli
2055 2752 2177 2820 ejus
2210 2751 2567 2804 devorabitur
2587 2751 2770 2804 omnis
2797 2756 2968 2815 terra,
2999 2750 3131 2821 quia
3162 2767 3516 2805 consumma-

1930 2837 2140 2891 tionem
2173 2855 2300 2891 cum
2320 2838 2678 2892 festinatione
2701 2838 2869 2893 faciet
2895 2839 3109 2893 cunctis
3138 2837 3523 2892 habitantibus

1931 2931 2141 2979 terram
2188 2927 2365 2994 (Soph.
2419 2930 2482 2998 Ι).
2516 2928 2750 2997 Insuper
2792 2927 2962 2981 etiam
2993 2927 3169 2981 David
3200 2944 3296 2980 rex
3326 2933 3382 2981 et
3401 2943 3527 2998 pro-

1931 3015 2101 3084 pheta
2113 3015 2182 3068 ad
2197 3016 2347 3069 hunc
2366 3015 2595 3069 modum
2616 3016 2997 3070 clamat:Deus
3011 3016 3304 3069 manifeste
3317 3016 3521 3081 veniet,

1930 3103 2079 3157 Deus
2103 3108 2313 3170 noster,
2348 3109 2405 3157 et
2427 3120 2541 3158 non
2570 3103 2771 3157 silebit.
2805 3104 2957 3174 Ignis
2982 3105 3041 3157 in
3083 3109 3382 3175 conspectu
3403 3105 3527 3172 ejus

246 3202 365 3249 cax,
399 3203 473 3240 ac
491 3186 894 3257 penetrabilior
918 3187 1070 3240 omni
1086 3188 1271 3257 gladio
1291 3188 1538 3259 ancipiti,
1572 3194 1628 3242 et
1643 3188 1850 3260 pertin-
1870 3202 1912 3260 ρ
1930 3192 2267 3258 exardescet,
2302 3198 2357 3246 et
2380 3193 2440 3246 in
2466 3193 2701 3247 circuitu
2722 3194 2846 3263 ejus
2862 3198 3167 3263 tempestas
3182 3192 3383 3245 valida.
3405 3192 3522 3245 Ad-

244 3291 387 3344 gens
397 3291 583 3345 usque
604 3275 676 3329 ad
689 3275 1017 3329 divisionem
1035 3275 1234 3331 animae
1248 3281 1304 3330 et
1320 3276 1587 3347 corporis,
1617 3277 1849 3349 spiritus
1930 3280 2149 3334 vocabit
2161 3282 2365 3335 coelum
2392 3282 2706 3346 desursum,
2734 3287 2790 3335 et
2799 3286 3009 3334 terram
3023 3281 3337 3335 discernere
3351 3296 3523 3351 popu-

246 3380 480 3434 quoque
520 3369 578 3418 et
606 3380 942 3435 compagum
970 3381 1035 3418 ac
1066 3365 1459 3432 medullarum,
1492 3371 1550 3419 et
1576 3366 1850 3420 discretor
1932 3369 2049 3423 lum
2073 3386 2238 3423 suum
2254 3371 2424 3441 (Psal.
2456 3371 2626 3440 XLIX).
2660 3372 2739 3424 Ac
2769 3386 2995 3423 rursum
3020 3387 3030 3422 :
3056 3369 3328 3438 Exsurge,
3350 3369 3519 3435 Deus,

246 3452 661 3522 cogitationum
688 3458 746 3507 et
758 3452 1136 3507 intentionum
1164 3454 1365 3507 cordis.
1395 3455 1465 3509 Et
1486 3471 1598 3508 non
1628 3460 1713 3508 est
1734 3455 1847 3508 ulla
1929 3457 2132 3529 inquit,
2163 3464 2220 3512 et
2238 3458 2670 3529 judicaterram,
2698 3459 2964 3531 quoniam
2981 3458 3246 3527 cogitatio
3274 3457 3516 3511 hominis

247 3546 518 3595 creatura
546 3541 839 3596 invisibilis
866 3542 925 3595 in
946 3547 1243 3612 conspectu
1274 3543 1415 3611 ejus,
1448 3543 1639 3596 omnia
1657 3549 1847 3597 autem
1930 3546 2286 3601 confitebitur
2314 3547 2661 3614 tibi(Psalm.
2679 3550 2898 3612 Lxxvu).
2925 3549 3003 3600 Ac
3032 3563 3273 3600 rursum:
3290 3547 3374 3600 Tu
3393 3546 3521 3599 red-

249 3630 403 3683 nuda
418 3636 481 3684 et
513 3635 708 3701 aperta
729 3630 937 3685 suntin
963 3631 1138 3683 oculis
1160 3631 1300 3700 ejus,
1317 3630 1387 3684 ad
1409 3647 1572 3702 quem
1592 3630 1750 3685 nobis
1765 3638 1851 3686 est
1932 3636 2030 3688 des
2067 3636 2371 3706 unicuique
2403 3638 2563 3705 juxta
2604 3653 2775 3705 opera
2819 3652 2941 3689 sua.
2996 3635 3295 3705 Complura
3332 3639 3522 3688 autem

248 3735 437 3773 sermo
463 3720 647 3785 (Hebr.
676 3721 773 3785 Iv).
1897 3712 2099 3777 ‘etiam
2131 3724 2241 3777 alia
2267 3724 2612 3793 hujusmodi,
2654 3729 2777 3778 tum
2807 3723 3126 3787 Psalmista,
3160 3728 3280 3776 tum
3321 3739 3516 3776 omnes

318 3807 456 3861 Hac
485 3808 659 3860 etiam
699 3808 984 3878 prophetae
1014 3809 1198 3877 longis
1222 3808 1291 3862 ab
1320 3809 1451 3862 hinc
1478 3808 1845 3879 temporibus,
1932 3813 2214 3883 prOphetae
2243 3812 2430 3866 divino
2450 3813 2661 3884 Spiritu
2683 3813 2883 3879 edocti,
2912 3813 2980 3866 de
3007 3811 3196 3866 futuro
3220 3811 3431 3881 judicio
3461 3827 3525 3865 ac

249 3895 500 3964 Spiritus
529 3896 706 3950 sancti
727 3896 914 3966 gratia
940 3897 1225 3964 illustrati,
1250 3897 1603 3967 apertissime
1624 3897 1850 3951 nuntia-
1934 3902 2187 3955 mercede
2221 3901 2611 3972 praedicarunt.
2645 3902 2897 3965 Quorum
2936 3917 3222 3954 sermones
3269 3900 3524 3953 Salvator

248 3990 471 4037 verunt.
497 3984 596 4038 Ait
615 3985 764 4038 enim
786 3984 991 4039 Isaias:
1027 3986 1141 4057 Ego
1164 4002 1334 4056 opera
1362 3986 1587 4040 illorum
1618 3987 1763 4052 novi,
1796 3992 1852 4039 et
1933 4006 2154 4060 quoque
2201 3989 2507 4043 certissime
2535 3990 2891 4053 confirmans,
2923 4005 3025 4042 nos
3056 3992 3407 4042 mortuorum
3434 4004 3525 4041 re-

249 4072 489 4126 reddam
517 4073 618 4127 eis.
643 4073 779 4127 Ecce
801 4074 961 4127 venio
993 4080 1059 4127 ut
1089 4090 1422 4144 congregem
1443 4090 1637 4127 omnes
1654 4080 1851 4144 gentes
1933 4076 2354 4141 surrectionem,
2403 4093 2705 4147 rerumque
2744 4077 2802 4130 in
2843 4077 2957 4131 vita
2983 4084 3271 4146 gestarum
3319 4091 3527 4130 merce-

251 4166 309 4213 et
330 4161 581 4231 linguas;
610 4161 922 4225 etvenient,
953 4167 1010 4215 et
1023 4161 1540 4232 videbuntgloriam
1557 4179 1762 4230 meam;
1795 4169 1852 4217 et
1932 4165 2080 4229 dem,
2113 4171 2282 4236 atque
2311 4166 2689 4219 immortalem
2707 4158 2881 4219 futuri
2902 4165 3089 4219 saeculi
3105 4165 3275 4218 vitam
3295 4164 3525 4217 credere

251 4249 361 4303 erit
381 4250 589 4303 coelum
619 4266 844 4316 novum,
888 4255 946 4304 et
972 4256 1127 4304 terra
1163 4266 1323 4316 nova,
1350 4266 1471 4321 quae
1498 4267 1600 4320 ego
1649 4250 1851 4304 faciam
1933 4253 2138 4307 docuit.

252 4354 489 4392 manere
510 4354 699 4392 coram
716 4340 911 4393 me.Et
927 4339 1114 4393 veniet
1132 4339 1314 4392 omnis
1339 4355 1489 4404 caro,
1509 4345 1568 4393 et
1595 4339 1853 4395 adorabit
2004 4341 2141 4399 CAP.
2175 4343 2306 4394 Χ.-
2323 4342 2597 4411 Josaphat
2625 4346 2815 4395 autem
2853 4340 3068 4410 ingenti
3097 4339 3168 4392 ob
3214 4339 3331 4391 haec
3358 4336 3529 4390 verba

252 4442 343 4479 me
361 4427 424 4480 in
441 4433 744 4497 conspectu
775 4445 920 4493 meo,
951 4427 1085 4482 dicit
1106 4427 1411 4493 Dominus;
1436 4433 1493 4480 et
1523 4427 1770 4493 exibunt,
1796 4435 1853 4482 et
1933 4429 3041 4501 animicompunctioneplenus,1acrymis
3063 4424 3519 4498 perfundebatur,

253 4514 528 4569 videbunt
562 4516 834 4569 cadavera
860 4516 1172 4577 hominum,
1208 4515 1303 4586 qui
1334 4517 1681 4586 przevaricati
1720 4523 1852 4570 sunt
1872 4549 1919 4608 ι)
1934 4525 2104 4589 atque
2114 4519 2202 4572 his
2219 4519 2288 4571 ad
2310 4535 2500 4572 senem
2518 4517 2696 4572 verbis
2710 4534 2845 4572 usus
2870 4523 2973 4571 est:
3008 4515 3213 4571 Omnia
3234 4514 3371 4567 mihi
3393 4530 3521 4585 per-

251 4602 309 4656 in
323 4604 497 4657 me.N
497 4620 590 4657 am
602 4605 804 4658 vermis
815 4621 1008 4659 eorum
1024 4621 1136 4658 non
1149 4604 1423 4658 morietur
1433 4609 1487 4658 et
1499 4604 1645 4675 ignis
1656 4622 1852 4659 eorum
1875 4602 1912 4608 ”
1933 4607 2124 4677 spicue
2140 4607 2452 4673 declarasti,
2476 4623 2541 4661 ac
2552 4607 2888 4667 horrendam
2905 4606 3054 4659 hanc
3065 4611 3121 4658 et
3131 4602 3523 4658 admirandam

252 4708 367 4746 non
395 4692 1247 4764 exstinguetur.Eteruntusque
1261 4693 1663 4746 adsatietatem
1690 4694 1853 4747 visio-
1933 4695 2314 4750 narrationem
2358 4697 2642 4750 luculenta
2672 4695 2923 4750 oratione
2958 4693 3276 4764 complexus
3311 4708 3389 4745 es.
3424 4691 3525 4745 His

253 4780 345 4834 nis
372 4780 531 4834 omni
554 4781 709 4834 carni
727 4782 851 4850 (lsa.
884 4785 1043 4848 Lm).
1071 4783 1151 4835 Ac
1170 4798 1394 4835 rursum
1422 4781 1491 4835 de
1510 4782 1599 4835 die
1624 4781 1718 4836 illo
1739 4782 1844 4837 ait:
1932 4784 2123 4855 itaque
2146 4785 2306 4839 nobis
2320 4784 2639 4855 propositis,
2668 4784 2800 4854 quid
2827 4783 3055 4837 tandem
3080 4781 3397 4834 faciendum
3421 4784 3526 4846 est,

255 4868 324 4922 Et
342 4868 662 4923 involvetur
679 4868 879 4923 dcelum
900 4869 1043 4923 sicut
1057 4869 1215 4935 liber,
1241 4886 1436 4924 omnes
1454 4871 1631 4924 stellae
1651 4871 1853 4924 cadent
1933 4878 1998 4927 ut
2010 4890 2074 4927 ea
2096 4873 2369 4945 supplicia
2383 4890 2505 4944 quae
2523 4873 2812 4927 sceleratis
2825 4870 3145 4925 hominibus
3160 4873 3369 4940 parata
3397 4874 3530 4924 sunt

254 4956 404 5011 sicut
429 4958 628 5012 folium
647 4958 716 5013 de
747 4958 927 5012 vinea.
960 4959 1096 5012 Ecce
1121 4958 1271 5011 enim
1300 4957 1417 5011 dies
1445 4957 1669 5012 Domini
1701 4959 1854 5012 venit
1934 4962 2287 5032 eﬂugiamus,
2319 4979 2383 5016 ac
2399 4964 2681 5033 justorum
2706 4960 2976 5031 gaudium
3008 4957 3458 5028 consequamur?

256 5045 460 5115 plenus
491 5045 678 5100 furore
702 5052 758 5100 et
780 5047 884 5112 ira,
908 5046 978 5100 ad
1000 5046 1314 5117 ponendam
1336 5052 1546 5119 terram
1574 5046 1633 5099 in
1661 5046 1854 5101 solitu-
2006 5049 2314 5119 Respondit
2340 5050 2625 5103 Barlaam:
2663 5047 2887 5102 Litteris
2919 5046 3092 5101 sacris
3139 5045 3424 5117 proditum
3446 5050 3532 5099 est

253 5134 538 5201 dinem,et
553 5141 871 5206 peccatores
882 5136 1004 5205 ejus
1014 5135 1382 5189 conterendos
1397 5152 1464 5188 ex
1485 5135 1853 5199 ea.Quoniam
1935 5138 2070 5202 (Act.
2101 5144 2180 5203 II),
2198 5137 2344 5208 quod
2367 5154 2493 5190 cum
2517 5137 2737 5200 Petrus,
2762 5135 2857 5207 qui
2878 5135 3257 5206 apostolorum
3272 5134 3531 5205 princeps

255 5224 435 5278 stellae
451 5224 575 5278 caeli
605 5229 661 5277 et
689 5225 952 5295 splendor
971 5240 1166 5277 earum
1190 5239 1302 5277 non
1332 5224 1855 5294 expandentlumen
1936 5230 2163 5279 vocatus
2186 5225 2514 5296 est,plebem
2535 5225 2790 5279 doctrina
2809 5225 3133 5290 instrueret,
3176 5222 3343 5276 corde
3381 5238 3530 5275 com-

255 5327 445 5366 suum.
468 5313 536 5366 Et
562 5312 1022 5367 obtenebrabitur
1037 5312 1119 5366 sol
1148 5311 1205 5366 in
1227 5318 1353 5366 ortu
1373 5318 1567 5379 suo,et
1588 5313 1723 5366 luna
1742 5329 1855 5367 non
1939 5313 2129 5384 puncti
2172 5319 2324 5376 sunt,
2364 5314 2836 5384 quemadmodum
2865 5313 3075 5367 scilicet
3095 5318 3158 5366 tu
3187 5327 3408 5382 quoque
3438 5311 3532 5363 ho-

256 5400 874 5471 splendebitinlumine
895 5418 1015 5455 suo.
1046 5401 1109 5455 Et
1135 5401 1419 5471 quiescere
1445 5401 1645 5455 faciam
1665 5419 1856 5473 super—
1939 5402 2133 5455 dierno
2166 5402 2274 5454 die.
2302 5403 2554 5472 Cumque
2586 5402 2885 5457 dixissent:
2921 5401 3066 5465 Quid
3095 5401 3362 5454 faciemus
3387 5399 3412 5451 ?
3432 5399 3530 5451 Pe-

256 5487 415 5542 biam
443 5489 772 5554 infidelium,
806 5496 863 5544 et
893 5490 1275 5559 arrogantiam
1297 5490 1527 5545 fortium
1548 5491 1854 5544 humiliabo
1937 5497 2059 5544 trus
2081 5491 2149 5543 ad
2172 5507 2265 5543 eos
2292 5491 2430 5545 dixit
2455 5511 2465 5545 :
2501 5491 2894 5545 Paenitentiam
2926 5490 3093 5559 agite,
3125 5495 3182 5543 et
3219 5486 3531 5558 baptizetur

258 5578 392 5639 (Isa.
411 5590 511 5630 x111
518 5588 534 5643 )
570 5580 648 5631 Ac
675 5595 869 5632 rursus
890 5579 986 5632 ait:
1020 5578 1113 5632 Vae
1130 5580 1226 5649 qui
1247 5572 1474 5654 trahitis
1495 5578 1852 5649 iniquitatem
1937 5579 2322 5650 unusquisque
2344 5585 2587 5634 vestrum
2610 5579 2667 5634 in
2690 5578 3081 5633 remissionem
3093 5578 3531 5648 peccatorum,et

258 5662 316 5717 in
349 5664 614 5719 funiculis
642 5666 924 5732 vanitatis,
971 5672 1027 5720 et
1063 5667 1231 5740 quasi
1262 5667 1543 5723 vinculum
1588 5667 1846 5738 plaustri,
1936 5666 2221 5737 accipietis
2250 5667 2461 5722 donum
2483 5668 2725 5739 Spiritus
2745 5664 3119 5720 sancti.Vobis
3132 5663 3280 5717 enim
3296 5667 3383 5715 est
3402 5676 3527 5731 pro-
