3942 6200
491 355 598 418 479
1047 433 1054 442 ,
1507 358 1603 417 DE
1637 362 1828 419 VITIS
1863 361 2160 419 PATRUM
2193 360 2409 418 LIBER
2443 361 2734 420 PRIMUS.
3605 367 3693 424 480

495 485 708 551 missio,
737 489 794 540 et
825 485 953 546 ﬁliis
972 483 1190 540 vestris.
1221 487 1278 539 et
1303 482 1562 539 omnibus
1595 483 1691 555 qui
1719 484 1884 556 longe
1928 486 2078 552 sunt,
2101 487 2145 544 Α
2166 485 2450 556 excepisti,
2483 501 2548 539 ac
2570 484 2814 540 libenter
2841 484 3088 554 audiisti,
3136 484 3272 540 nihil
3301 501 3364 541 ex
3407 485 3482 540 eis
3515 488 3694 544 emolu-

421 621 430 630 .
494 589 854 646 quoscunque
876 573 1229 628 advocaverit
1264 573 1537 628 Dominus
1567 573 1717 627 Deus
1755 578 1966 627 noster.
2002 573 2085 627 En
2167 575 2342 628 menti
2364 579 2697 629 consecutus
2725 591 2804 628 es.
2837 574 3118 629 Admonui
3144 575 3288 629 enim
3318 580 3390 640 te,
3419 591 3484 629 ne
3507 574 3567 630 ob
3597 594 3696 633 rem

491 661 665 732 igitur
694 661 813 732 ipse
848 661 1244 718 misericordiae
1273 678 1388 716 sua:
1423 661 1649 714 divitias
1677 662 1734 715 in
1772 668 1830 715 te
1864 663 2080 728 ell‘udit,
2168 661 2512 732 pmteritam
2551 663 2880 735 paenitentia
2903 663 3223 728 ducereris;
3267 667 3323 716 et
3357 679 3472 717 ecce
3498 680 3695 719 merore

490 754 658 820 teque
679 749 774 820 qui
803 750 992 804 animo
1031 767 1096 804 ac
1123 751 1410 804 voluntate
1438 751 1630 821 procul
1670 749 1740 803 ab
1767 766 1832 804 eo
1855 751 2085 805 dissitus
2166 746 2530 802 conturbatus
2561 764 2640 814 es,
2671 752 2970 819 propterea
2985 748 3134 818 quod
3163 763 3194 802 e
3214 746 3461 801 manibus
3479 747 3578 801 tuis
3589 748 3698 818 fuga

489 853 635 906 eras,
669 842 726 892 et
738 838 958 905 alienis,
975 855 1089 893 non
1116 839 1299 892 dicam
1319 837 1445 904 diis,
1469 838 1564 892 sed
1595 838 2084 910 pestiferisdaemo-
2165 852 2254 890 me
2282 834 2662 902 subduxerim,
2679 835 3009 908 poenitentia
3030 835 3284 890 videlicet
3300 835 3368 890 ob
3395 852 3505 889 rem
3531 842 3697 907 priete-

488 923 674 992 nibus,
707 930 765 980 et
781 926 968 981 surdis
988 943 1053 980 ac
1082 943 1280 980 sensus
1291 927 1612 998 expertibus
1640 927 1842 981 statuis
1868 927 2082 982 cultum
2163 924 2332 978 ritam
2359 925 2610 979 aﬁ'ectus.
2640 924 2886 996 Praecepi
2917 923 3022 978 tibi
3049 941 3122 978 ne
3149 941 3214 979 ea
3244 940 3366 996 quae
3383 923 3583 995 assequi
3606 941 3697 979 non

488 1013 813 1080 adhibebas,
837 1014 1050 1070 accivit.
1073 1014 1344 1080 Quocirca
1370 1020 1502 1069 ante
1523 1015 1714 1070 omnia
1733 1015 1804 1070 ad
1824 1033 1952 1071 eum
1984 1017 2081 1088 qui
2163 1029 2354 1084 posses
2377 1013 2781 1084 aggredereris,
2813 1018 2872 1066 et
2897 1018 3089 1067 tamen
3117 1012 3360 1084 arripere
3388 1029 3472 1066 me
3496 1013 3698 1078 conaris,

487 1107 546 1156 te
573 1102 788 1156 vocavit
803 1104 1022 1171 accede,
1039 1120 1073 1158 a
1102 1120 1212 1175 quo
1227 1120 1417 1158 veram
1446 1108 1564 1158 tam
1595 1120 1790 1159 eorum
1810 1121 1932 1176 quae
1946 1121 2079 1158 ocu-
2162 1119 2289 1156 cum
2312 1101 2421 1156 iter
2435 1118 2625 1156 meum
2643 1101 2867 1172 assequi
2893 1118 3158 1172 nequeas.
3188 1101 3273 1155 Ad
3296 1101 3409 1155 haec
3436 1100 3489 1154 id
3515 1115 3700 1172 quoque

487 1189 559 1244 lis
583 1197 910 1259 cernuntur,
935 1208 1101 1263 quam
1124 1208 1247 1264 quae
1276 1191 1346 1246 ab
1368 1193 1656 1247 oculorum
1671 1209 1838 1248 sensu
1866 1198 2085 1248 remota
2163 1191 2266 1244 tibi
2291 1190 2456 1257 edixi,
2472 1206 2543 1244 ne
2568 1189 2880 1245 incredibili
2900 1189 3147 1246 sermoni
3173 1189 3339 1244 ﬁdem
3355 1205 3636 1258 arrogares,
3655 1195 3700 1244 et

491 1285 643 1345 sunt,
678 1280 1056 1350 cognitionem
1071 1281 1448 1352 consequeris.
1473 1281 1633 1346 Quod
1649 1282 1695 1335 si
1715 1287 2082 1354 posteaquam
2162 1284 2353 1334 tamen
2379 1279 2436 1334 in
2464 1279 2768 1334 visceribus
2786 1279 2927 1334 meis
2938 1278 3204 1333 unionem
3218 1283 3440 1334 statum
3462 1293 3584 1332 mem
3601 1293 3699 1330 mo-

488 1373 718 1422 vocatus
733 1385 792 1422 es
808 1369 1089 1436 accedere,
1109 1386 1352 1436 recusas,
1377 1375 1476 1424 aut
1494 1386 1682 1424 moras
1702 1370 1900 1436 nectis,
1927 1373 2082 1441 justo
2163 1369 2297 1423 dum
2327 1368 2682 1424 excedentem
2715 1368 2896 1423 inesse
2917 1367 3231 1434 credidisti;
3263 1382 3438 1438 neque
3461 1365 3700 1420 tantulum

489 1455 592 1510 Dei
615 1456 828 1526 judicio
850 1457 1096 1512 exheres
1124 1458 1256 1524 eris,
1287 1475 1351 1512 ac
1374 1458 1778 1530 repudiaberis,
1803 1459 1938 1530 quia
1959 1460 2082 1532 ipse
2163 1455 2267 1510 tibi
2296 1457 2608 1528 prudentiae
2625 1456 2748 1523 fuit,
2774 1461 2840 1510 ut
2866 1456 3211 1526 intelligeres
3239 1471 3328 1508 me
3355 1459 3520 1510 totam
3545 1453 3608 1508 ad
3631 1453 3700 1508 ovi

489 1544 814 1616 repudiasti.
845 1546 931 1599 Ad
955 1546 1105 1600 hunc
1132 1546 1283 1600 enim
1303 1547 1534 1602 modum
1552 1547 1672 1620 ipse
1701 1565 1923 1619 quoque
1951 1565 2082 1619 apo-
2161 1545 2496 1600 struthionis
2511 1545 2955 1615 magnitudinem
2966 1542 3702 1607 minimeaccedere.Quonam

488 1633 666 1687 stolus
696 1633 898 1688 Petrus
922 1635 991 1688 ad
1013 1635 1314 1704 quemdam
1350 1635 1688 1706 discipulum
1709 1636 1878 1690 dixit:
1912 1639 1934 1660 θ
1963 1637 2078 1708 Ego
2162 1633 2352 1704 itaque
2381 1637 2774 1706 pactotantum
2787 1633 3051 1688 unionem
3074 1632 3462 1704 corpusculum
3489 1631 3620 1686 istud
3635 1646 3704 1684 ca-

487 1725 677 1775 autem
705 1722 870 1776 credo
901 1723 1050 1793 quod
1080 1728 1138 1778 et
1165 1722 1458 1778 obedivisti
1486 1725 1781 1790 vocationi,
1814 1731 1872 1780 et
1898 1725 2082 1780 adhuc
2162 1722 2368 1794 peret?

487 1809 758 1864 sincerius
777 1809 1063 1876 obedienc,
1089 1828 1311 1866 crucem
1351 1813 1530 1879 tolles,
1564 1813 1852 1884 Deumque
1869 1831 1934 1868 ac
1975 1813 2082 1868 Do-
2102 1835 2148 1895 B
2232 1811 2315 1864 Ad
2339 1810 2670 1882 huncigitur
2687 1811 2916 1866 modum
2931 1811 3012 1865 illi
3024 1826 3244 1882 quoque
3259 1809 3316 1864 in
3329 1825 3540 1895 summa
3555 1808 3704 1862 stulti-

488 1897 708 1951 minum
740 1903 796 1951 te
816 1903 1104 1952 vocantem
1129 1899 1400 1969 sequeris,
1434 1901 1530 1970 qui
1550 1906 1606 1954 te
1634 1919 1669 1955 a
1687 1907 1866 1956 morte
1896 1903 1965 1956 ad
2004 1903 2081 1956 vi-
2102 1889 2144 1895 —
2161 1899 2246 1954 tia
2274 1907 2589 1966 versantur,
2616 1900 2710 1972 qui
2737 1901 2795 1954 in
2824 1899 3140 1954 simulacris
3173 1898 3475 1952 conﬁdunt.
3500 1889 3626 1952 Nam
3652 1912 3705 1951 ea

485 1989 624 2051 tam,
659 1991 717 2040 et
743 2001 777 2038 a
804 1985 1052 2041 tenebris
1079 1987 1150 2041 ad
1184 1987 1365 2042 lucem
1409 1987 1628 2044 invitat.
1660 1990 1804 2044 Nam
1832 1991 2080 2062 profecto
2161 1988 2421 2044 manibus
2443 1989 2560 2044 suis
2583 1989 2902 2054 effecerunt,
2930 1993 2987 2042 et
3006 2004 3174 2060 opera
3194 1987 3493 2058 digitorum
3511 2001 3704 2040 suorum

487 2073 591 2128 Dei
618 2073 916 2143 ignoratio,
935 2075 1136 2130 animae
1164 2076 1344 2148 caligo
1373 2093 1439 2132 ac
1464 2094 1615 2132 mors
1633 2084 1745 2146 est;
1779 2085 1836 2133 et
1855 2079 2082 2134 simula-
2161 2077 2419 2144 adorant,
2471 2077 2748 2132 dicentes:
2781 2078 2851 2132 Hi
2894 2077 3120 2150 opiﬁces
3153 2076 3334 2131 nostri
3363 2081 3506 2130 sunt.
3540 2075 3633 2139 Qui
3656 2074 3706 2129 ﬁt

488 2177 586 2215 cra
621 2162 802 2216 colere
841 2162 914 2217 ad
951 2169 1166 2219 naturae
1209 2164 1461 2232 exitium,
1511 2167 1816 2222 amentiam
1853 2185 2078 2223 omnem
2162 2165 2414 2236 igiturut
2433 2183 2528 2220 eos
2547 2183 2687 2238 quos
2707 2167 3011 2221 effecerunt
3029 2171 3087 2220 et
3105 2165 3488 2230 condiderunt,
3517 2164 3705 2235 opiﬁces

486 2251 721 2305 excedit.
2159 2271 2292 2310 suos
2321 2271 2442 2310 esse
2461 2255 2763 2310 censeant?
2792 2254 2938 2319 Quin
2959 2255 3127 2308 etiam
3167 2271 3298 2308 cum
3318 2270 3384 2308 ea
3399 2267 3584 2322 magno
3609 2257 3706 2305 stu-

558 2339 710 2406 Quos
739 2341 966 2413 quidem
985 2341 1240 2398 homines
1255 2343 1479 2398 cuinam
1508 2344 1590 2398 rei
1621 2344 1832 2400 similes
1855 2361 1978 2400 esse
1996 2345 2080 2400 di-
2159 2343 2252 2397 dio
2277 2344 2612 2410 custodiant,
2637 2360 2707 2398 ne
2727 2360 2760 2398 a
2779 2343 2994 2398 furibus
3010 2342 3415 2414 subripiantur,
3446 2347 3617 2396 tamen
3640 2357 3707 2393 sa-

485 2429 718 2484 cam?et
737 2445 982 2500 quanam
1004 2431 1249 2500 imagine
1277 2448 1473 2486 eorum
1493 2431 1857 2487 stoliditatem
1879 2433 1980 2487 tibi
2009 2433 2079 2488 ob
2160 2432 2294 2486 lutis
2314 2448 2428 2487 suae
2457 2433 2715 2490 custodes
2738 2435 3083 2504 nuncupant.
3105 2432 3301 2503 Atqui,
3326 2447 3445 2502 quae
3471 2431 3575 2484 haec
3598 2427 3707 2482 stul-

484 2517 674 2571 oculos
703 2518 945 2588 ponam?
973 2519 1082 2572 Sed
1107 2525 1297 2572 tamen
1325 2521 1640 2592 exemplum
1662 2521 1944 2592 quoddam
1974 2523 2078 2578 tibi
2160 2521 2288 2578 titia
2306 2527 2410 2586 est,
2439 2521 2576 2576 illud
2597 2537 2710 2575 non
2739 2521 3051 2592 intelligere
3067 2521 3189 2577 ﬁeri
3212 2537 3333 2575 non
3359 2536 3528 2594 posse,
3556 2523 3612 2572 ut
3629 2517 3706 2587 qui

484 2621 813 2675 proponam,
843 2605 992 2676 quod
1016 2606 1154 2660 mihi
1174 2623 1210 2660 a
1228 2606 1344 2661 viro
1364 2607 1608 2678 quodam
1620 2626 1840 2664 summa
1852 2610 2078 2681 sapien-
2159 2608 2264 2663 sibi
2291 2609 2426 2681 ipsis
2439 2626 2601 2682 opem
2619 2609 2764 2664 ferre
2785 2627 2850 2664 ac
2859 2626 2919 2663 se
2939 2609 3086 2664 tueri
3107 2613 3416 2681 nequeunt,
3435 2608 3562 2662 alios
3584 2604 3704 2660 tueri

484 2691 568 2746 tia
595 2693 830 2762 praedito
849 2700 1351 2750 commemoratum
1363 2701 1467 2750 est.
1483 2695 1686 2750 Aiebat
1712 2697 1882 2765 enim,
1907 2699 2080 2754 simu-
2159 2714 2224 2753 ac
2252 2715 2366 2752 seri
2377 2715 2472 2752 are
2487 2698 2729 2769 possint?
2755 2702 2832 2752 Ac
2849 2704 3118 2770 praeterea
3135 2714 3272 2770 opes
3286 2714 3416 2752 suas
3435 2695 3705 2758 effundunt,

483 2779 765 2836 lacrorum
783 2781 1026 2836 cultores
1035 2784 1239 2854 aucupi
1259 2783 1470 2839 similes
1481 2801 1620 2850 esse,
1645 2786 1741 2857 qui
1765 2803 1893 2841 cum
1906 2787 2077 2842 lusci-
2159 2786 2292 2841 dum
2307 2792 2522 2842 statuas
2539 2793 2596 2840 et
2606 2787 2908 2842 simulacra
2917 2785 3266 2843 daemonibus
3278 2787 3709 2853 excitant,eosque

485 2869 658 2936 niam,
689 2870 1050 2941 perexiguam
1093 2871 1388 2941 aviculam,
1421 2874 1678 2945 cepisset,
1715 2875 2077 2948 gladiumque
2157 2874 2435 2931 bonorum
2471 2876 2694 2931 datores
2715 2892 2836 2930 esse
2869 2880 3177 2948 nugantur,
3207 2875 3282 2930 ab
3311 2875 3380 2929 iis
3407 2891 3472 2929 ea
3493 2872 3588 2928 sibi
3611 2869 3712 2926 dari

485 2957 816 3030 arripuisset
838 2965 904 3014 ut
931 2975 1054 3013 eam
1077 2961 1372 3030 jugularet
1397 2977 1462 3016 ac
1479 2963 1815 3029 comederet,
1843 2981 1927 3030 ea,
1950 2981 2078 3020 con-
2159 2981 2282 3035 quae
2305 2949 2410 3020 nec
2425 2963 2532 3036 ipsi
2558 2980 2809 3035 unquam
2829 2963 3164 3030 habuerunt,
3197 2979 3306 3018 nec
3325 2979 3559 3034 unquam
3576 2958 3709 3014 habi-

485 3061 642 3102 cessa
661 3045 768 3102 sibi
798 3047 1095 3103 articulata
1121 3065 1270 3116 voce,
1302 3049 1372 3104 ad
1401 3067 1673 3122 aucupem
1701 3051 1867 3108 dixit:
1901 3053 2074 3118 Quid-
2157 3053 2271 3108 turi
2301 3043 2452 3108 sunt.
2472 3053 2663 3125 quue
2679 3053 2906 3108 nomine
2930 3052 3199 3124 scriptum
3229 3057 3322 3106 est
3353 3070 3364 3105 :
3400 3049 3606 3106 Similes
3619 3046 3709 3102 illis

483 3151 635 3202 nam,
669 3135 902 3202 ohomo,
929 3153 994 3190 ex
1009 3153 1137 3192 mea
1153 3138 1372 3192 necead
1391 3143 1447 3194 te
1472 3139 1734 3194 utilitatis
1753 3141 2069 3198 rediturum
2087 3144 2132 3204 C
2154 3142 2312 3208 ﬁant,
2345 3141 2441 3212 qui
2469 3141 2683 3196 faciunt
2705 3159 2790 3205 ea,
2820 3146 2878 3195 et
2908 3157 3102 3196 omnes
3139 3141 3236 3212 qui
3263 3139 3544 3195 conﬁdunt
3572 3138 3623 3190 in
3645 3135 3710 3190 eis

484 3223 606 3278 est?
626 3241 808 3296 neque
839 3225 987 3279 enim
1018 3241 1120 3296 per
1146 3243 1236 3281 me
1263 3233 1513 3282 ventrem
1534 3233 1696 3283 tuum
1723 3230 1943 3301 explere
1967 3248 2071 3302 po-
2157 3233 2319 3306 (Psal.
2343 3231 2511 3300 cxm).
2547 3230 2653 3295 Qui
2683 3230 2908 3301 quidem
2938 3229 3164 3284 auriﬁce
3195 3229 3449 3284 mercede
3475 3226 3706 3281 conducto

479 3312 638 3367 teris.
669 3314 746 3368 At
757 3313 805 3368 si
826 3329 916 3368 me
929 3313 1162 3369 vinculis
1177 3314 1520 3383 liberaveris,
1537 3317 1647 3372 tria
1664 3324 1943 3390 praecepta
1971 3319 2073 3374 tibi
2153 3319 2516 3374 simulacrum
2532 3334 2706 3372 manu
2718 3318 3112 3383 eﬁ‘ecerunt,ac
3125 3334 3306 3388 prono
3319 3332 3541 3388 corpore
3553 3315 3708 3386 ipsum

480 3401 728 3456 tradam:
757 3401 958 3472 quibus
987 3403 1034 3456 si
1063 3404 1340 3474 parueris,
1369 3405 1588 3475 magnis
1617 3423 1719 3476 per
1746 3423 1970 3462 omnem
1999 3409 2076 3462 vi-
2160 3408 2488 3463 adorarunt.
2509 3406 2772 3462 Humeris
2800 3407 2938 3461 illud
2969 3405 3176 3460 tollunt
3195 3422 3263 3459 ac
3291 3405 3708 3477 proﬁciscuntur;

479 3493 599 3544 tam
618 3490 925 3544 commodis
945 3491 1330 3548 afﬁcieris.Ille
1342 3498 1530 3547 autem
1544 3510 1614 3548 ex
1635 3494 1810 3566 ipsius
1821 3513 2080 3552 sermone
2160 3497 2208 3551 si
2237 3502 2426 3551 autem
2459 3495 2644 3568 ipsum
2671 3495 2891 3566 uspiam
2913 3493 3257 3552 collocarint.
3285 3494 3398 3548 illic
3413 3497 3604 3556 manet,
3629 3505 3712 3544 nec

480 3577 853 3633 admiratione
881 3585 1214 3645 commotus,
1239 3597 1359 3635 sese
1379 3581 1658 3636 facturum
1683 3584 1911 3654 recepit,
1939 3591 2003 3639 ut
2031 3586 2078 3639 si
2160 3585 2373 3638 moveri
2389 3590 2591 3656 potest.
2617 3584 2688 3638 Et
2702 3582 3116 3654 quantumlibet
3135 3583 3264 3654 quis
3283 3583 3390 3655 ipsi
3406 3579 3708 3642 clamaverit,

479 3682 688 3720 novum
720 3666 933 3738 aliquid
964 3666 1036 3720 ab
1061 3683 1128 3720 ea
1157 3667 1399 3735 audiret,
1441 3671 1634 3725 statim
1664 3687 1788 3726 eam
1819 3671 2078 3728 libertate
2159 3690 2273 3728 non
2321 3671 2597 3739 exaudiet,
2647 3688 2750 3727 nec
2793 3688 2858 3726 ex
2906 3671 3324 3726 calamitatibus
3372 3687 3498 3725 eum
3525 3668 3708 3739 eripiet.

479 3753 736 3820 donaret,
754 3770 819 3808 ac
839 3754 1073 3808 missam
1083 3757 1598 3814 taceret.Conversa
1617 3760 2074 3832 itaqueluscinia,
2159 3760 2536 3826 Quamobrem
2554 3759 2968 3815 confundantur
2995 3759 3091 3832 qui
3121 3758 3182 3813 in
3207 3757 3552 3830 sculptilibus
3573 3754 3712 3809 conﬁ-

480 3840 698 3894 homini
727 3841 808 3895 ait
833 3859 844 3894 :
869 3842 1171 3914 Nunquam
1200 3861 1320 3899 rem
1351 3862 1518 3916 quam
1540 3849 1801 3920 consequi
1830 3867 2077 3922 nequeas
2157 3850 2329 3906 dunt:
2362 3856 2420 3904 et
2447 3849 2543 3921 qui
2571 3849 2766 3903 dicunt
2795 3847 2864 3902 iis
2894 3865 3016 3918 qua:
3045 3848 3290 3902 conﬂata
3320 3853 3452 3902 sunt
3480 3865 3492 3900 :
3531 3845 3629 3899 Vos
3651 3841 3712 3896 dii

481 3928 806 3997 aggredere.
835 3930 1137 4002 Nunquam
1159 3933 1240 3988 rei
1268 3935 1564 4005 praeterita:
1584 3941 1638 3990 te
1649 3938 1936 4008 paeniteat.
1971 3940 2073 3994 Rei
2156 3938 2332 3994 nostri
2365 3938 2517 3992 estis.
2549 3937 2990 3992 Immolaverunt
3010 3936 3160 3990 enim
3187 3935 3496 4000 daemoniis,
3538 3939 3589 3988 et
3619 3945 3710 3986 non

479 4015 794 4072 incredibili
805 4034 1094 4090 nunquam
1112 4021 1279 4076 ﬁdem
1295 4021 1516 4077 adhibe.
1536 4025 1663 4079 Haec
1679 4025 1790 4079 tria
1808 4027 2074 4082 mandata
2154 4024 2290 4090 Deo,
2323 4023 2431 4077 diis
2462 4039 2600 4094 quos
2627 4020 2982 4091 ignorabant.
3012 4021 3151 4075 Novi
3179 4027 3540 4090 recentesque
3571 4030 3710 4068 vene-

479 4121 658 4170 serva,
692 4111 880 4174 m
909 4114 967 4162 et
995 4110 1260 4180 praeclare
1291 4116 1476 4165 tecum
1501 4119 1718 4182 agetur.
1753 4115 1854 4168 Ille
1879 4122 2071 4170 autem
2154 4118 2306 4179 runt,
2342 4128 2482 4183 quos
2512 4127 2623 4165 non
2643 4111 2936 4164 coluerunt
2962 4115 3150 4181 patres
3193 4125 3410 4164 eorum.
3444 4103 3708 4161 Generatio

478 4194 682 4249 horum
694 4195 989 4251 verborum
1003 4199 1367 4267 sagacitatem
1387 4217 1452 4254 ac
1465 4201 1820 4272 prudentiam
1833 4203 2073 4257 admira-
2153 4203 2302 4256 enim
2341 4216 2603 4273 perversa
2632 4204 2734 4266 est,
2771 4215 2875 4252 nec
2913 4199 3034 4269 jam
3056 4198 3193 4252 ﬁdes
3222 4197 3361 4270 ipsis
3392 4197 3532 4250 inest
3557 4194 3705 4259 (Deut.

477 4287 590 4346 tus,
608 4299 732 4338 eam
761 4283 994 4338 vinculis
1007 4287 1248 4342 solutam
1273 4288 1332 4343 in
1359 4305 1547 4344 aerem
1577 4289 1782 4344 emisit.
1809 4291 2072 4346 Luscinia
2150 4289 2342 4361 xxxn).

475 4371 670 4442 itaque
698 4371 1008 4444 periculum
1055 4373 1237 4430 facere
1267 4378 1498 4447 cupiens
1545 4394 1619 4432 an
1647 4377 1743 4432 ille
1771 4379 2068 4435 verborum
2222 4379 2300 4433 Ex
2329 4379 2434 4432 hac
2481 4377 2655 4448 igitur
2682 4392 2943 4448 perversa
2981 4381 3039 4430 et
3067 4375 3356 4429 incredula
3383 4369 3706 4445 generatione

477 4475 673 4516 eorum
703 4478 826 4533 qua:
837 4463 1216 4518 audieratvim
1244 4464 1803 4538 intellexisset,atque
1818 4469 2068 4540 aliquam
2085 4453 2133 4512 D
2151 4467 2424 4522 Dominus
2453 4473 2510 4521 te
2530 4471 2714 4530 vocat,
2741 4465 2830 4519 his
2853 4464 3036 4518 verbis
3065 4469 3233 4518 utens
3259 4481 3270 4516 :
3305 4463 3406 4518 Exi
3452 4462 3518 4515 de
3553 4457 3707 4512 medio

478 4565 545 4605 ex
573 4549 708 4623 ipsis
729 4551 1030 4606 utilitatem
1062 4552 1420 4622 percepisset,
1450 4570 1552 4624 per
1580 4572 1770 4610 aerem
1807 4557 2064 4626 volitans,
2151 4573 2365 4623 eorum,
2399 4573 2463 4610 ac
2482 4571 2763 4626 separare,
2784 4559 2842 4608 et
2861 4553 3218 4608 immundum
3245 4552 3362 4606 noli
3391 4557 3705 4620 tangere,ve-

478 4639 550 4693 ad
577 4656 705 4695 eum
735 4641 906 4695 dixit:
934 4639 1104 4696 Proh!
1137 4657 1306 4711 quam
1337 4641 1476 4695 nihil
1505 4647 1590 4696 est
1618 4643 1676 4696 in
1703 4649 1760 4698 te
1779 4645 2014 4712 consilii,
2034 4663 2068 4701 ο
2149 4662 2276 4700 rum
2303 4662 2338 4699 a
2355 4643 2835 4716 generationehac
2854 4658 3116 4714 perversa
3139 4646 3196 4695 te
3211 4641 3367 4712 eripe
3397 4641 3572 4706 (Num.
3595 4635 3702 4698 xvi).

475 4727 676 4782 homo!
710 4730 932 4800 qualem
943 4729 1271 4784 thesaurum
1295 4729 1461 4784 hodie
1486 4730 1758 4786 amisisti!
1784 4733 1880 4787 Est
1891 4733 2068 4804 siqui-
2150 4735 2327 4805 Surge
2357 4739 2414 4788 et
2440 4732 2684 4798 ambula,
2701 4731 2956 4803 quianon
2973 4729 3148 4784 habes
3177 4729 3268 4784 hic
3281 4728 3529 4800 requiem
3552 4723 3701 4795 (Mi'ch.

474 4814 604 4868 dem
631 4816 688 4870 in
718 4819 860 4872 meis
879 4817 1184 4874 visceribus
1211 4819 1367 4885 unio,
1395 4819 1731 4874 struthionis
1753 4837 1916 4875 ovum
1941 4840 2064 4877 ma-
2146 4825 2231 4891 η).
2266 4822 2485 4876 Etenim
2504 4820 2797 4892 multiplex
2823 4819 3076 4886 deorum,
3103 4817 3247 4889 quia
3267 4817 3429 4884 vobis
3455 4815 3700 4874 coluntur,

473 4900 770 4970 gnitudine
813 4907 1104 4962 excedens.
1137 4909 1276 4973 Qua:
1312 4913 1378 4962 ut
1406 4908 1499 4962 ille
1545 4905 1776 4974 audivit,
1823 4926 2064 4966 maerore
2145 4911 2494 4982 principatus
2521 4913 2896 4982 praeposterus
2916 4913 3019 4974 est,
3033 4912 3091 4960 et
3116 4923 3242 4960 cum
3259 4905 3488 4960 dissidio
3507 4902 3704 4971 conjun-

473 4989 840 5047 conturbatus
868 5001 971 5061 est,
998 5013 1240 5068 eumque
1259 4996 1528 5069 paenituit
1555 4997 1704 5068 quod
1730 4997 1969 5052 luscinia
1996 5016 2062 5053 ex
2143 5005 2286 5065 ctus,
2329 5005 2497 5070 atque
2537 4997 2836 5070 ejusmodi,
2881 4996 2979 5067 qui
3026 4995 3180 5050 nullo
3224 4995 3393 5048 modo
3431 4991 3702 5048 consistere

470 5077 650 5148 ipsius
676 5081 933 5136 manibus
963 5085 1265 5154 effugisset.
1296 5088 1479 5157 Atque
1515 5102 1640 5140 eam
1669 5103 1895 5141 rursum
1924 5088 2063 5142 arri-
2143 5092 2330 5160 queat.
2362 5088 2526 5159 Apud
2546 5103 2646 5141 nos
2675 5091 2865 5140 autem
2893 5101 3005 5162 non
3027 5089 3158 5138 sunt
3183 5083 3263 5136 dii
3283 5083 3465 5146 multi,
3497 5097 3592 5135 nec
3614 5079 3702 5132 Do-

469 5181 604 5238 pere
624 5172 871 5236 tentans,
903 5171 1044 5226 dixit
1077 5191 1089 5226 :
1123 5175 1282 5239 Veni,
1327 5191 1532 5244 quaeso,
1566 5175 1626 5229 in
1667 5175 1814 5230 aedes
1855 5193 2010 5231 meas
2041 5195 2055 5244 ;
2141 5177 2282 5230 mini
2312 5176 2495 5242 multi,
2521 5191 2714 5230 verum
2735 5191 2882 5228 unus
2913 5173 3063 5227 Deus
3089 5173 3274 5237 Pater,
3307 5188 3374 5226 ex
3390 5188 3498 5242 quo
3517 5166 3698 5224 omnia.

469 5259 643 5325 atque
667 5256 764 5311 ubi
794 5260 1059 5328 prmclare
1081 5266 1140 5315 et
1163 5261 1486 5317 humaniter
1514 5281 1550 5318 a
1588 5281 1678 5318 me
1692 5270 1919 5335 accepta
1941 5265 2060 5320 fue-
2140 5271 2198 5319 et
2225 5281 2326 5320 nos
2371 5265 2427 5318 in
2459 5264 2640 5336 ipsum
2667 5282 2680 5331 ;
2713 5267 2771 5316 et
2807 5278 2952 5316 unus
2980 5260 3258 5315 Dominus
3287 5262 3315 5314 J
3321 5277 3451 5314 esus
3475 5257 3700 5313 Christus

469 5343 566 5409 ris,
592 5343 964 5402 honoriﬁcete
984 5347 1550 5406 dimittam.Luscinia
1569 5358 1758 5408 autem
1772 5353 1877 5424 ipsi
1893 5354 2051 5408 dixit:
2137 5371 2240 5426 per
2267 5370 2435 5425 quem
2464 5353 2670 5419 omnia,
2695 5357 2750 5406 et
2775 5368 2876 5405 nos
2894 5367 2995 5421 per
3023 5350 3207 5420 ipsum
3239 5350 3284 5415 (Ι
3311 5350 3433 5404 Cor.
3469 5347 3602 5412 vin),
3621 5340 3698 5414 qui

468 5433 630 5488 Nunc
658 5433 824 5505 plane
835 5440 892 5490 te
911 5435 1250 5491 stolidumac
1277 5440 1566 5494 vecordem
1596 5457 1718 5496 esse
1747 5442 1880 5496 scio.
1912 5443 2057 5498 Nam
2137 5449 2224 5497 est
2251 5443 2437 5514 imago
2467 5441 2569 5496 Dei
2597 5439 2909 5502 invisibilis,
2932 5438 3339 5509 primogenitus
3359 5436 3538 5490 omnis
3570 5447 3698 5486 crea-

465 5525 834 5598 posteaquam
851 5540 920 5579 ea
949 5540 1056 5598 que
1087 5524 1159 5580 ad
1182 5530 1238 5582 te
1269 5525 1417 5582 dicta
1436 5534 1570 5584 sunt
1584 5535 1844 5607 prompto
1865 5531 2054 5586 animo
2135 5536 2296 5598 tum,
2319 5536 2378 5586 et
2393 5531 2645 5586 omnium
2665 5528 3016 5594 saeculorum,
3043 5527 3304 5600 quoniam
3320 5527 3380 5579 in
3407 5525 3523 5598 ipso
3533 5523 3697 5576 creata
