3942 6200
230 316 332 375 481
642 319 815 376 VITA
850 317 1287 375 SANCTORUM
1324 318 1671 376 BARLAAM
1705 319 2042 377 EREMITE
2079 322 2170 378 ET
2204 322 2572 380 JOSAPHAT
2607 325 2832 382 INDIJE
2867 327 3102 385 REGIS.
3399 331 3506 394 482

230 448 369 498 sunt
404 444 616 510 omnia,
648 449 766 499 tam
798 461 919 515 quae
957 444 1016 498 in
1045 445 1197 501 caelis
1227 464 1396 518 quam
1426 465 1547 519 quae
1569 448 1627 503 in
1656 454 1826 516 terra,
1846 451 1969 510 Aet
1992 450 2255 521 gemitus.
2278 452 2435 506 Tunc
2450 461 2710 526 erumpet
2733 457 2892 527 quasi
2924 459 3290 516 manelumen
3317 467 3500 533 tuum,

228 537 349 586 tam
382 532 801 604 visibiliaquam
817 533 1134 599 invisibilia,
1160 535 1273 589 sive
1292 537 1499 603 throni,
1521 538 1635 591 sive
1646 537 1828 593 domi-
1912 543 1970 592 et
1997 539 2209 594 sanitas
2235 546 2335 594 tua
2365 540 2529 595 citius
2542 543 2773 598 orietur.
2800 547 2867 600 Et
2883 548 3329 606 anteibitfaciem
3346 532 3505 608 tuam

230 620 514 687 nationes,
538 621 653 675 sive
681 621 1047 694 principatus,
1068 624 1182 677 sive
1202 625 1724 695 potestates(Coloss.
1760 629 1824 697 Ι).

227 708 439 763 Omnia
470 726 570 780 per
591 710 778 780 ipsum
797 710 944 764 facta
971 718 1122 778 sunt,
1145 718 1203 766 et
1223 712 1345 766 sine
1364 713 1486 784 ipso
1517 713 1723 768 factum
1744 719 1830 768 est

224 797 373 851 nihil
390 799 538 868 quod
558 798 767 852 factum
784 804 870 853 est
886 802 1071 867 (Joan.
1099 800 1158 867 1);
1188 806 1245 854 et
1272 818 1419 856 unus
1440 802 1680 873 Spiritus
1704 820 1830 857 san-

224 891 374 948 ctus,
406 886 467 940 in
492 903 602 958 quo
631 887 838 953 omnia,
861 888 956 958 qui
976 888 1250 943 Dominus
1268 896 1370 955 est,
1388 895 1445 944 et
1457 889 1711 958 vivificat,
1730 891 1827 962 qui

222 975 380 1029 Deus
411 980 517 1036 est,
554 980 612 1029 et
631 975 982 1031 divinitatem
1005 978 1187 1043 aﬂ‘ert,
1211 977 1454 1049 Spiritus
1480 978 1679 1044 bonus,
1698 980 1825 1050 Spi-

221 1063 371 1118 ritus
399 1070 606 1131 rectus,
623 1065 866 1137 Spiritus
878 1066 1201 1137 paraclitus,
1235 1066 1475 1137 Spiritus
1508 1068 1825 1138 adoptionis

219 1153 497 1208 ﬁliorum.
516 1155 729 1208 Horum
750 1154 1133 1225 unusquisque
1163 1156 1312 1209 Deus
1335 1161 1438 1221 est,
1459 1156 1507 1208 si
1518 1155 1824 1226 separatim

219 1242 631 1297 consideretur:
656 1248 720 1297 ut
742 1244 927 1309 Pater,
946 1244 1025 1297 sic
1042 1243 1235 1309 Filius;
1271 1249 1335 1297 ut
1360 1244 1553 1311 Filius,
1586 1244 1666 1298 sic
1696 1244 1847 1315 Spi-_

220 1329 373 1385 ritus
398 1337 647 1386 sanctus.
680 1332 834 1386 Unus
854 1336 1044 1385 autem
1073 1332 1221 1387 Deus
1248 1332 1305 1386 in
1337 1332 1515 1386 tribus
1545 1333 1817 1404 personis,

219 1434 339 1473 una
350 1425 579 1485 natura,
604 1436 779 1474 unum
799 1436 1058 1489 regnum,
1078 1436 1192 1474 una
1202 1421 1470 1491 potentia,
1489 1438 1604 1475 una
1615 1421 1814 1493 gloria,

219 1524 339 1562 una
366 1508 683 1562 substantia
709 1526 720 1560 :
755 1525 877 1578 qua:
895 1525 1262 1579 personarum
1290 1509 1503 1565 ratione
1530 1510 1815 1576 dividitur,

218 1597 315 1651 sed
334 1597 579 1651 Deitatis
609 1601 863 1668 respectu
901 1614 1013 1651 una
1033 1603 1135 1651 est.
1168 1598 1325 1651 Unus
1353 1597 1502 1651 enim
1525 1604 1611 1651 est
1627 1599 1813 1663 Pater,

217 1684 305 1739 cui
338 1685 637 1756 proprium
659 1691 744 1739 est
760 1684 1017 1755 genitum
1049 1701 1160 1739 non
1190 1702 1330 1739 esse.
1360 1686 1515 1739 Unus
1533 1686 1665 1740 item
1688 1686 1816 1740 uni-

1904 626 2129 696 justitia
2158 633 2275 693 tua,
2307 633 2364 682 et
2386 630 2567 699 gloria
2592 631 2815 686 Domini
2837 636 3060 706 colliget
3081 642 3156 692 te.
3172 640 3328 695 Tunc
3342 641 3500 697 invo-

1910 715 2080 781 cabis,
2108 722 2165 771 et
2199 717 2473 772 Dominus
2492 719 2778 775 exaudiet:
2799 723 3082 791 clamabis,
3097 732 3154 780 et
3166 727 3341 783 dicet:
3364 731 3502 786 Ecce

1908 804 2109 858 adsum
2133 807 2258 873 (lsa.
2284 807 2583 877 Lxul).Ego
2618 808 2769 862 enim
2798 826 2942 877 sum,
2985 812 3079 884 qui
3110 815 3267 870 deleo
3294 818 3500 890 iniqui-

1908 896 2054 946 tates
2082 898 2228 959 tuas,
2262 900 2320 947 et
2346 911 2459 948 non
2489 896 2861 952 memorabor.
2884 900 2968 954 Tu
2982 919 3110 956 vero
3128 912 3495 973 memoresto,

1909 986 1967 1034 et
1991 982 2330 1051 judicemur.
2363 983 2463 1037 Dic
2480 990 2542 1037 tu
2573 984 2898 1055 iniquitates
2926 994 3073 1056 tuas,
3095 998 3158 1045 ut
3171 993 3498 1062 justiﬁceris

1913 1071 2039 1137 (Isa.
2090 1074 2265 1135 xun).
2302 1071 2360 1125 Si
2405 1071 2616 1125 fuerint
2664 1081 2892 1145 peccata
2936 1082 3036 1131 tua
3087 1085 3151 1133 ut
3189 1083 3493 1148 coccinum,

1908 1157 2069 1226 quasi
2107 1158 2201 1212 nix
2229 1152 2658 1214 dealbabunt‘ur.
2703 1162 2772 1216 Et
2799 1164 2845 1217 si
2883 1164 3093 1221 fuerint
3114 1168 3285 1225 rubra
3338 1173 3498 1242 quasi

1906 1245 2259 1312 vermiculus,
2291 1248 2443 1302 velut
2471 1249 2603 1303 lana
2631 1250 2758 1305 alba
2788 1259 2973 1307 erunt.
2994 1255 3069 1309 Os
3100 1256 3251 1311 enim
3270 1259 3498 1316 Domini

1905 1332 2152 1388 locutum
2184 1340 2269 1389 est
2300 1338 2434 1402 (13a.
2477 1338 2535 1406 l).

1975 1422 2105 1476 CAP.
2130 1423 2403 1477 XL—Ait
2421 1426 2490 1478 ad
2522 1442 2649 1480 eum
2680 1428 2952 1499 Josaphat
2978 1449 2989 1484 :
3024 1432 3155 1487 Haec
3181 1439 3281 1488 tua
3327 1434 3497 1491 verba

1901 1511 2169 1579 praeclara
2198 1517 2255 1565 et
2284 1512 2618 1568 admiranda
2637 1523 2785 1583 sunt;
2804 1535 2979 1590 eaque
2993 1521 3286 1588 credidi,et
3304 1525 3490 1592 credo,

1902 1614 2239 1670 omnemque
2267 1600 2545 1656 idolorum
2569 1604 2782 1658 cultum
2824 1623 2888 1659 ex
2917 1608 3106 1662 animo
3136 1610 3226 1663 odi
3252 1628 3316 1665 ac
3341 1614 3494 1668 dete-

1901 1690 2037 1740 stor.
2072 1688 2289 1741 Etenim
2320 1689 2476 1760 prius
2518 1690 2687 1745 etiam
2738 1709 2906 1763 quam
2936 1696 3007 1749 ad
3053 1713 3141 1751 me
3179 1701 3491 1769 accederes,

215 1773 451 1842 genitus
470 1772 661 1838 Filius,
680 1773 770 1826 cui
783 1772 1070 1844 proprium
1101 1780 1186 1826 est
1201 1774 1456 1843 genitum
1487 1791 1626 1828 esse.
1659 1774 1815 1829 Unus
1831 1797 1881 1857 B
1900 1773 2123 1845 oblique
2141 1777 2552 1847 quodammodo
2568 1796 2632 1833 ac
2643 1780 2963 1836 dubitanter
2985 1801 3118 1854 erga
3130 1802 3196 1840 ea
3217 1787 3494 1843 allicieba-

218 1861 471 1932 denique
499 1861 739 1932 Spiritus
765 1868 1014 1926 sanctus,
1046 1862 1135 1916 cui
1160 1862 1448 1933 proprium
1477 1868 1562 1916 est
1590 1880 1819 1933 proces-

216 1951 383 2005 sisse.
418 1950 511 2005 Sic
539 1950 688 2004 enim
712 1967 814 2005 nos
838 1965 903 2005 ex
930 1949 1163 2017 lumine,
1197 1951 1301 2004 hoc
1321 1956 1409 2004 est
1433 1968 1499 2004 ex
1526 1951 1712 2018 Patre,
1736 1951 1820 2005 lu-

214 2055 371 2102 men,
390 2039 457 2111 id
480 2044 566 2093 est
588 2040 808 2105 Filium,
843 2041 902 2094 in
930 2040 1142 2094 lumine
1170 2042 1335 2108 (Psal.
1380 2039 1565 2107 xxxv),
1597 2040 1702 2094 hoc
1731 2045 1817 2094 est

216 2128 438 2198 Spiritu
468 2134 681 2195 sancto,
712 2134 1023 2195 cernentes,
1054 2129 1117 2183 in
1144 2128 1325 2183 tribus
1362 2128 1616 2200 personis
1643 2145 1812 2182 unam

214 2217 573 2272 divinitatem
603 2218 767 2272 laude
781 2235 845 2272 ac
867 2218 1047 2289 gloria
1072 2217 1365 2272 afﬁcimus.
1390 2219 1572 2288 Atque
1592 2217 1711 2287 ipse
1725 2234 1814 2272 ve-

214 2323 311 2361 rus
340 2324 409 2361 ac
434 2308 588 2362 solus
615 2309 764 2362 Deus
794 2313 897 2373 est,
932 2308 1028 2379 qui
1057 2308 1116 2362 in
1146 2307 1420 2362 Trinitate
1442 2306 1765 2377 agnoscitur
1795 2324 1808 2373 ;

215 2397 489 2467 quoniam
520 2414 587 2451 ex
606 2396 747 2468 ipso,
779 2401 837 2451 et
853 2413 955 2467 per
972 2396 1238 2467 ipsum,et
1260 2396 1317 2449 in
1337 2395 1458 2466 ipso
1480 2395 1669 2449 omnia
1680 2398 1813 2449 sunt

216 2486 390 2551 (Rom.
424 2488 527 2551 x1).

280 2574 474 2644 Hujus
501 2572 770 2628 beneficio
793 2578 850 2628 et
868 2573 1055 2644 gratia
1083 2573 1201 2644 ipse
1222 2589 1462 2644 quoque,
1486 2589 1613 2627 cum
1626 2572 1694 2627 de
1709 2576 1807 2627 tuo

212 2667 363 2716 statu
377 2662 590 2716 certior
603 2662 781 2717 factus
803 2668 967 2727 esset,
987 2662 1190 2716 missus
1210 2666 1551 2727 sum,z45
1570 2667 1635 2715 ut
1665 2677 1732 2715 ea
1750 2667 1808 2715 te

212 2750 473 2804 docerem
502 2767 628 2821 quae
655 2750 843 2815 didici,
876 2756 1046 2821 atque
1084 2749 1155 2803 ab
1182 2750 1412 2804 ineunte
1436 2753 1601 2804 aetate
1629 2764 1806 2820 usque

212 2839 279 2892 ad
306 2839 458 2893 hanc
485 2840 749 2894 canitiem
762 2840 994 2894 servavi.
1018 2838 1288 2904 Quocirca
1312 2838 1360 2892 si
1397 2837 1719 2902 credideris,
1752 2842 1809 2891 et

210 2925 529 2998 baptizatus
542 2928 735 2995 fueris,
758 2929 944 2983 salvus
964 2928 1107 2995 eris;
1142 2927 1190 2980 si
1217 2932 1407 2981 autem
1436 2942 1549 2979 non
1563 2925 1808 2980 credidec

216 3016 311 3083 ris,
334 3016 805 3071 condemnaberis
822 3019 1010 3086 (Marc.
1033 3019 1171 3083 va).
1194 3017 1340 3070 Nam
1361 3030 1429 3068 ea
1456 3032 1578 3085 quae
1590 3013 1808 3069 hodier-

1899 1867 1994 1916 tur
2022 1863 2244 1918 animus
2274 1883 2451 1919 meus.
2485 1868 2647 1921 Nunc
2676 1873 2865 1923 autem
2891 1877 3257 1943 posteaquam
3296 1893 3491 1932 eorum

1899 1951 2222 2017 vanitatem,
2251 1953 2655 2026 hominumque
2684 1957 2780 2027 qui
2810 1974 2876 2011 ea
2905 1960 3098 2014 colunt
3115 1963 3412 2017 stultitiam
3426 1982 3491 2019 ex

1897 2044 1954 2092 te
1973 2039 2242 2107 intellexi,
2269 2042 2510 2113 perfecto
2535 2045 2661 2099 odio
2693 2062 2760 2099 ea
2790 2045 3049 2114 insector,
3103 2066 3167 2103 ac
3216 2051 3331 2106 Deo
3360 2069 3491 2108 vero

1897 2144 1985 2181 me
2013 2128 2071 2182 in
2116 2129 2444 2184 servitutem
2494 2132 2752 2188 addicere
2787 2135 2989 2205 gestio,
3032 2138 3197 2192 modo
3228 2156 3317 2194 me
3346 2140 3486 2212 ipse,

1895 2216 2182 2271 hominem
2195 2218 2506 2289 indignum,
2526 2220 2595 2275 ob
2608 2221 2933 2293 iniquitates
2948 2241 3102 2279 meas
3117 2226 3348 2283 minime
3361 2230 3488 2285 sub-

1893 2312 2131 2371 moveat,
2154 2324 2349 2361 verum
2377 2325 2479 2379 pro
2506 2326 2627 2376 sua,
2660 2317 2725 2365 ut
2750 2311 2931 2378 doces,
2978 2312 3320 2383 benignitate
3348 2318 3487 2373 mihi

1891 2394 2082 2448 omnia
2092 2395 2387 2462 condonet,
2412 2414 2613 2469 meque
2637 2416 2859 2454 servum
2880 2400 2985 2455 sibi
3006 2402 3277 2459 asciscere
3295 2405 3488 2476 digne-

1892 2487 2003 2537 tur.
2037 2484 2065 2537 J
2071 2500 2162 2537 am
2191 2483 2381 2555 itaque
2394 2484 2673 2556 baptisma
2692 2488 2975 2560 suscipere
2990 2497 3221 2561 paratus
3234 2510 3379 2561 sum,
3402 2501 3485 2550 at-

1892 2587 2000 2641 que
2029 2571 2219 2625 omnia
2246 2589 2369 2643 quae
2394 2574 2796 2646 prsescripseris
2816 2594 3056 2633 servare.
3078 2579 3358 2644 Quidnam
3378 2600 3482 2638 au-

1889 2663 2004 2712 tem
2030 2659 2168 2713 mihi
2186 2666 2310 2731 post
2323 2660 2660 2733 baptismum
2673 2663 2990 2720 faciendum
3012 2667 3123 2721 est?
3147 2669 3367 2726 Satisne
3396 2677 3484 2728 est

1888 2748 1959 2802 ad
1989 2748 2229 2802 salutem
2249 2750 2475 2804 credere
2495 2768 2560 2805 ac
2587 2751 2900 2823 baptizari?
2928 2772 2999 2809 an
3013 2756 3183 2811 etiam
3203 2759 3317 2813 alia
3335 2777 3484 2833 quie-

1888 2836 2017 2889 dam
2047 2837 2355 2908 adjungere
2383 2855 2608 2895 necesse
2627 2846 2713 2895 est
2737 2842 2762 2894 ?

1959 2924 2109 2979 Dixit
2135 2932 2326 2980 autem
2353 2927 2425 2981 ad
2447 2944 2575 2982 eum
2590 2930 2850 2985 Barlaam
2876 2951 2887 2986 :
2912 2933 3059 2988 Audi
3089 2934 3223 3006 quid
3241 2935 3344 2990 tibi
3356 2943 3484 3007 post

1888 3011 2229 3084 baptismum
2256 3013 2569 3071 faciendum
2593 3018 2700 3072 sit:
2756 3037 2958 3092 nempe
2986 3028 3050 3077 ut
3077 3022 3146 3077 ab
3176 3024 3328 3079 omni
3351 3042 3482 3096 pec-

214 3121 285 3158 no
311 3106 405 3161 die
436 3106 637 3172 cernis,
670 3111 729 3160 et
755 3104 957 3177 quibus
976 3104 1376 3176 gloriaris,hoc
1397 3110 1500 3169 est,
1531 3103 1729 3174 gloria,
1753 3108 1810 3157 et
1829 3108 1872 3169 Ο
1890 3108 2033 3168 cato,
2055 3108 2113 3157 et
2142 3102 2211 3157 ab
2240 3104 2393 3157 omni
2420 3104 2621 3160 vitiosa
2650 3107 2940 3164 atl‘ectione
2973 3110 3276 3179 abstineas,
3312 3118 3481 3184 atque

214 3194 447 3261 deliciae,
478 3199 538 3248 et
554 3211 706 3266 opes,
741 3200 799 3249 et
825 3194 1005 3248 omnis
1057 3194 1292 3264 hujusce
1327 3192 1801 3262 vitaaimpostura,

208 3282 321 3351 jam
334 3285 576 3354 jamque
588 3283 972 3354 praeteribunt,
992 3287 1161 3353 teque
1189 3281 1431 3336 invitum
1444 3281 1615 3335 etiam
1635 3297 1700 3335 ac
1714 3297 1804 3334 re-

215 3378 558 3442 pugnantem
585 3372 716 3429 hinc
744 3372 987 3442 ejicient.

279 3462 355 3514 Ac
382 3477 590 3531 corpus
613 3460 840 3532 quidem
864 3460 1166 3533 perexiguo
1186 3459 1442 3530 sepulcro
1463 3457 1799 3523 includetur,

213 3548 389 3603 solum
408 3549 864 3620 relictum,atque
876 3548 1029 3603 omni
1047 3548 1356 3602 amicorum
1370 3552 1427 3601 et
1440 3551 1804 3616 cognatorum

213 3642 350 3692 coetu
371 3638 733 3692 destitutum.
746 3639 1045 3693 Facessent
1055 3643 1243 3692 autem
1264 3635 1462 3690 mundi
1486 3634 1805 3705 jucundita-

213 3730 310 3791 ιω,
339 3733 513 3797 atque
542 3726 742 3798 ingens
770 3725 1025 3798 quaedam
1049 3725 1357 3780 insuavitas
1395 3741 1460 3778 ac
1477 3722 1651 3777 fetida
1678 3739 1801 3776 cor-

214 3816 393 3886 ruptio
423 3816 717 3887 praesentis
753 3814 1184 3887 pulchritudinis
1230 3820 1288 3867 et
1333 3812 1654 3883 fragrantiae
1682 3811 1802 3865 loco

214 3904 311 3958 tibi
337 3900 586 3976 undique
616 3904 955 3959 aﬁ‘undetur.
979 3903 1182 3958 Anima
1205 3918 1337 3957 vero
1356 3906 1456 3956 tua
1474 3900 1693 3954 inferno
1709 3899 1804 3954 ad-

214 3991 379 4059 dicta,
409 3993 467 4047 in
484 3992 778 4047 inferiores
790 3999 952 4048 terra:
972 3997 1159 4063 partes
1170 4007 1349 4062 usque
1369 3990 1440 4043 ad
1459 3994 1801 4061 postremam

213 4082 678 4138 resurrectionem
708 4082 1059 4153 conjicietur.
1112 4080 1234 4145 Quo
1283 4078 1495 4133 scilicet
1545 4083 1800 4148 tempore

214 4170 401 4225 anima
427 4176 650 4243 recepto
682 4187 915 4243 corpore
949 4186 1051 4225 suo
1076 4185 1111 4224 a
1133 4167 1359 4223 Domini
1385 4166 1524 4221 facie
1547 4165 1801 4237 projicie—

215 4263 333 4325 tur,
368 4276 429 4315 ac
477 4260 769 4331 gehennae,
823 4260 983 4330 cujus
1030 4259 1262 4312 flamma
1305 4255 1649 4326 sempiterna
1693 4259 1797 4321 est,

216 4345 640 4420 mancipabitur.
674 4349 804 4404 Haec
831 4347 951 4414 tibi,
972 4352 1142 4418 atque
1160 4346 1333 4401 etiam
1358 4345 1524 4414 longe
1552 4343 1639 4397 his
1662 4358 1796 4414 gra—

217 4436 371 4491 viora
385 4437 725 4509 contingent,
753 4437 802 4492 si
822 4436 881 4491 in
920 4436 1253 4491 infidelitate
1281 4431 1613 4505 perstiteris.

289 4525 350 4579 Si
386 4531 569 4581 autem
598 4526 649 4581 ei
677 4526 773 4597 qui
804 4531 862 4580 te
890 4526 963 4579 ad
999 4525 1238 4579 salutem
1275 4522 1491 4587 invitat,
1539 4524 1797 4592 prompto

217 4614 403 4668 animo
423 4615 694 4685 parueris,
725 4621 894 4685 atque
923 4613 993 4668 ad
1032 4629 1162 4667 eum
1183 4610 1384 4682 cupido
1397 4614 1454 4664 et
1463 4609 1589 4663 laeto
1610 4607 1797 4662 animo

217 4719 520 4770 accurrens,
550 4703 727 4775 ipsius
748 4703 962 4757 lumine
989 4702 1244 4772 signatus
1280 4698 1452 4753 fueris
1507 4699 1667 4764 (Psal.
1701 4699 1794 4765 IV),

219 4807 450 4862 eumque
472 4790 554 4847 ita
580 4791 854 4863 sequaris,
880 4796 946 4846 ut
973 4807 1008 4844 a
1032 4796 1191 4860 tergo
1221 4788 1453 4842 minime
1490 4790 1793 4857 respectes,

217 4886 400 4950 atque,
436 4880 893 4943 omnibusrebus
922 4878 1154 4949 abjectis
1182 4884 1239 4931 et
1283 4875 1638 4947 contemptis,
1688 4871 1797 4945 ipsi

217 4969 322 5023 soli
347 4958 643 5036 adhaereas,
699 4974 968 5041 quantam
996 4967 1129 5022 inde
1157 4966 1420 5020 fiduciam
1451 4982 1518 5018 ac
1542 4963 1795 5018 laetitiam

217 5054 581 5129 consequeris,
607 5058 772 5114 audi:
806 5058 865 5113 Si
894 5056 1123 5123 sederis,
1150 5071 1380 5109 securus
1409 5053 1521 5107 eris
1555 5071 1567 5120 ;
1594 5051 1641 5105 si
1668 5051 1795 5105 dor-

220 5146 414 5213 mieris,
440 5148 693 5219 jucunde
728 5146 1120 5218 conquiesces:
1155 5159 1259 5197 nec
1284 5142 1794 5196 timebisterrorem

218 5238 710 5306 supervenientem,
740 5252 842 5290 nec
863 5234 1166 5307 impiorum
1194 5232 1511 5286 daemonum
1549 5230 1793 5301 impetus

219 5324 382 5385 (Prov.
412 5328 515 5393 In),
546 5342 740 5380 verum
766 5324 1111 5378 confidenter
1151 5325 1215 5376 ut
1242 5321 1329 5375 leo
1360 5319 1583 5374 incedes
1605 5321 1787 5390 (Prov.

220 5413 421 5485 xxvm),
474 5433 539 5470 ac
567 5431 696 5469 cum
721 5412 917 5468 laetitia
953 5418 1012 5467 et
1047 5410 1389 5482 sempiterna
1419 5408 1791 5463 exsultatione

216 5500 373 5558 vives.
400 5504 618 5559 Etenim
648 5519 819 5575 super
848 5506 1017 5573 caput
1044 5505 1205 5555 tuum
1227 5498 1493 5553 exultatio
1504 5504 1562 5551 et
1590 5497 1715 5551 laus
1736 5500 1794 5550 et

220 5588 398 5647 latitia
420 5599 478 5649 te
505 5589 959 5665 comprehendet.
1010 5587 1252 5659 Effugiet
1277 5586 1454 5654 dolor,
1478 5591 1535 5641 et
1562 5602 1788 5652 mceror,

1888 3191 2207 3246 orthodoxae
2219 3192 2347 3246 ﬁdei
2362 3193 2725 3250 fundamento
2736 3195 3005 3251 virtutum
3023 3200 3272 3254 studium
3287 3217 3348 3254 su
3355 3218 3482 3271 per-

1888 3280 2377 3343 struas.Quoniam
2400 3282 2539 3335 ﬁdes
2552 3282 2671 3337 sine
2688 3283 2948 3355 operibus
2969 3294 3191 3341 mortua
3224 3294 3309 3343 est
3339 3291 3473 3356 (Jac.

1887 3368 1924 3437 1)
1937 3412 1949 3433 ,
1980 3368 2453 3438 quemadmodum
2471 3370 2640 3424 etiam
2657 3389 2828 3443 opera
2838 3379 3053 3429 remota
3073 3376 3201 3429 tide.
3220 3376 3314 3430 Ait
3327 3378 3479 3432 enim

1886 3456 2184 3526 Apostolus
2211 3457 2354 3529 (Gal.
2388 3461 2442 3526 v)
2487 3477 2499 3511 :
2543 3459 2753 3530 Spiritu
2789 3460 3091 3529 ambulate,
3116 3469 3174 3518 et
3201 3464 3481 3521 desideria

1886 3545 2069 3599 carnis
2091 3560 2161 3599 ne
2200 3545 2522 3616 pcrticiatis.
2571 3547 2867 3603 Manifesta
2912 3556 3045 3604 sunt
3073 3568 3242 3623 opera
3269 3554 3474 3623 carnis,

1886 3649 2009 3703 quae
2028 3638 2160 3688 sunt
2178 3634 2536 3701 adulterium,
2569 3634 2881 3703 fornicatio,
2912 3637 3292 3708 immunditia,
3319 3643 3478 3699 luxu-

1884 3720 1987 3787 ria,
2012 3722 2290 3776 idolorum
2307 3723 2566 3788 servitus,
2590 3726 2877 3791 veneﬁma,
2898 3725 3225 3796 inimicitiae,
3248 3736 3474 3786 conten-

1883 3810 2085 3879 tiones,
2132 3810 2540 3881 aamulationes,
2570 3811 2685 3877 irae,
2712 3813 2863 3881 rixae,
2882 3814 3271 3884 dissentiones,
3291 3825 3473 3888 sectae,

1884 3898 2126 3965 invidiae,
2145 3899 2462 3966 homicidia,
2486 3901 2740 3969 avaritia,
2762 3902 3369 3972 maledictiones,amor
3388 3924 3479 3963 vo-

1884 3987 2186 4057 luptatum,
2219 3987 2540 4054 ebrietates,
2571 3991 3021 4059 comessationes,
3057 3998 3114 4047 et
3141 3993 3228 4048 his
3250 3994 3475 4064 similia,

1883 4092 2004 4147 quae
2038 4076 2275 4147 praedico
2297 4076 2469 4142 vobis,
2493 4077 2637 4132 sicut
2666 4079 2913 4150 praedixi,
2941 4082 3204 4151 quoniam
3227 4084 3323 4154 qui
3341 4085 3479 4140 talia

1883 4169 2059 4234 agunt
2085 4181 2321 4235 regnum
2335 4165 2436 4219 Dei
2458 4182 2570 4220 non
2586 4174 3015 4237 consequentur.
3035 4170 3271 4225 Fructus
3286 4178 3477 4228 autem

1887 4253 2130 4323 Spiritus
2149 4259 2252 4320 est,
2286 4254 2549 4320 Charitas,
2580 4254 2871 4324 gaudium,
2905 4274 3029 4327 pax,
3055 4258 3473 4329 longanimitas,

1877 4341 2214 4413 benignitas,
2245 4341 2480 4407 bonitas,
2508 4342 2665 4409 fides,
2690 4345 3082 4412 mansuetudo,
3107 4347 3473 4417 continentia,

1815 4418 2247 4484 Dsanctiﬁcatio
2277 4429 2477 4484 animae
2507 4435 2563 4484 et
2590 4431 2857 4502 corporis,
2890 4434 3073 4488 cordis
3100 4435 3388 4490 afﬂictatio
3418 4443 3477 4493 et

1880 4518 2162 4585 contritio,
2197 4518 2926 4590 eleemosyna,injuriarum
2954 4521 3176 4589 oblivio,
3213 4523 3476 4579 humani-

1880 4613 1988 4672 tas,
2004 4606 2211 4676 vigilia,
2235 4606 2453 4660 sincera
2473 4607 2542 4661 de
2558 4608 2816 4663 omnibus
2828 4611 3271 4680 praacedentibus
3286 4630 3475 4683 pecca-

1878 4697 1952 4751 tis
1979 4695 2329 4767 pcenitentia,
2360 4696 2802 4767 compunctionis
2829 4698 3107 4771 lacrymze,
3148 4701 3330 4756 luctus
3348 4707 3472 4758 tum

1879 4802 1980 4856 pro
2002 4784 2138 4852 suis,
2162 4791 2283 4839 tum
2307 4802 2408 4856 pro
2429 4784 2667 4839 aliorum
2691 4787 2951 4856 peccatis,
2984 4787 3205 4861 aliaque
3221 4791 3476 4861 ejusdem

1876 4873 2101 4945 generis
2122 4891 2134 4927 :
2155 4890 2277 4944 quae
2300 4872 2526 4944 quidem
2547 4878 2816 4945 tanquam
2832 4875 3041 4945 gradus
3066 4883 3123 4932 et
3142 4878 3305 4933 scala:
3324 4879 3475 4936 inter

1879 4980 1938 5017 se
1967 4962 2331 5027 cohaerentes,
2359 4966 2527 5032 atque
2545 4962 2666 5017 alia;
2701 4962 2770 5016 ab
2786 4962 2908 5018 aliis
2932 4965 3191 5032 suil‘ultae,
3216 4968 3472 5024 animum

1874 5050 1933 5105 in
1962 5051 2164 5105 celum
2194 5050 2527 5104 subvehunt.
2561 5051 2640 5104 En
2669 5052 2787 5107 haec
2824 5059 2955 5108 sunt
2978 5071 3100 5125 qua:
3124 5062 3252 5127 post
3265 5056 3473 5130 baptis-

1877 5154 2032 5193 mum
2061 5138 2320 5210 amplecti
2340 5137 2625 5208 jubemur,
2658 5145 2828 5212 atque
2848 5141 2918 5195 ab
2946 5143 3071 5197 aliis
3092 5161 3214 5215 qum
3234 5162 3363 5201 cum
3382 5147 3471 5204 his

1876 5233 2131 5300 pugnant
2149 5227 2450 5282 abstinere.

1946 5316 2105 5382 Quod
2164 5316 2211 5371 si
2267 5322 2393 5387 post
2443 5322 2729 5389 acceptam
2784 5318 3037 5375 veritatis
3092 5323 3471 5394 cognitionem

1874 5406 2063 5477 priora
2112 5410 2335 5460 mortua
2381 5423 2553 5477 opera
2579 5423 2805 5462 rursum
2834 5409 3191 5480 arripiamus,
3227 5430 3294 5466 ac
3316 5414 3470 5467 canis

1873 5495 2050 5549 instar
2070 5494 2141 5548 ad
2167 5499 2423 5549 nostrum
2460 5496 2731 5551 vomitum
2778 5503 3127 5555 revertamur
3160 5502 3345 5569 (lIPct.
3379 5502 3463 5572 Il),

1874 5583 2015 5641 illud
2043 5581 2204 5639 nobis
2230 5600 2338 5640 usu
2365 5582 2568 5654 veniet,
2600 5585 2749 5658 quod
2774 5603 2809 5642 a
2836 5587 3077 5644 Domino
3132 5588 3343 5643 dictum
3381 5593 3467 5643 est
