3876 6190
473 180 579 239 483

1497 181 1592 238 DE
1627 181 1819 236 VITIS
1856 180 2152 236 PATRUM
2188 180 2404 236 LIBER
2440 180 2732 236 PRIMUS.

3579 186 3660 244 484

471 306 648 376 (Luca:
677 309 746 374 xr)
783 325 794 358 :
845 269 987 361 Oum
1007 306 1176 372 enim,
1230 307 1449 378 inquit,_
1463 306 1697 360 exiverit
1739 305 2066 360 immundus
2085 307 2390 375 Avocans).
2409 307 2495 360 Ad
2506 307 2643 373 haec,
2663 323 2790 361 cum
2825 307 2912 360 lex
2931 305 3238 377 perjurium
3253 305 3528 377 prohibeat,

469 395 700 466 Spiritus
729 393 797 448 ab
827 393 1053 448 homine
1089 400 1208 464 (per
1252 394 1518 464 baptismi
1566 393 1778 448 scilicet
1806 393 2070 462 gratiam)

472 482 724 536 ambulat
753 498 853 552 per
871 482 994 535 loca
1011 482 1562 552 inaquosa,quaerens
1586 482 1857 552 requiem,
1885 487 1942 535 et
1959 498 2069 536 non

473 569 704 624 invenit.
737 571 1081 624 Permoleste
1105 575 1295 624 autem
1319 570 1504 623 ferens
1533 587 1593 624 se
1613 569 1824 624 diutius
1853 569 1985 623 tecti
2008 585 2072 622 ac

474 657 611 712 laris
631 664 916 728 expertem
947 676 1088 723 esse,
1122 663 1315 723 $66
1331 657 1446 711 ait:
1478 658 1750 712 Revertar
1769 657 1826 710 in
1839 657 2070 710 domum
2111 647 2120 662 “

394 800 402 812 ,
471 763 657 800 meam
711 747 861 801 unde
904 747 1063 800 exivi.
1114 747 1184 800 Et
1211 746 1438 800 veniens
1485 745 1698 799 invenit
1734 761 1859 800 eam
1890 745 2072 815 scopis

471 835 802 889 mundatam
833 841 891 889 et
914 840 1192 900 ornatam,
1219 841 1481 888 caeterum
1511 834 1737 888 inanem
1782 850 1848 887 ac
1873 850 2071 887 vacan-

472 928 608 989 tem,
643 929 709 977 ut
734 941 856 994 qua:
883 923 1079 994 gratiae
1103 924 1316 978 cultum
1347 929 1516 992 atque
1547 922 1928 994 operationem
1962 921 2070 974 mi-

470 1012 625 1066 nime
656 1013 981 1084 susceperit,
1012 1029 1114 1066 nec
1143 1029 1203 1065 se
1231 1012 1409 1083 ipsam
1439 1012 1708 1066 virtutum
1756 1009 1954 1081 opibus
1981 1025 2074 1063 cu-

472 1101 726 1154 mularit.
761 1102 920 1155 Tunc
949 1101 1118 1168 vadit,
1153 1106 1210 1154 et
1223 1101 1460 1155 assumit
1477 1117 1664 1154 secum
1687 1104 1902 1170 septem
1932 1097 2072 1152 alios

475 1189 712 1260 spiritus
742 1189 1039 1260 nequiores
1067 1207 1146 1254 se,
1193 1195 1250 1243 et
1277 1190 1564 1258 ingressus
1593 1187 1812 1242 habitat
1839 1187 1970 1240 illic.
2006 1186 2075 1239 Et

481 1279 625 1331 fiunt
635 1277 939 1332 novissima
955 1277 1196 1332 hominis
1207 1277 1360 1331 illius
1379 1279 1574 1348 pejora
1585 1274 2076 1348 prioribus.Siqui-

481 1365 610 1418 dem
625 1364 1190 1436 baptismuspriorum
1209 1365 1433 1436 quidem
1449 1365 1700 1419 omnium
1718 1369 2074 1435 peccatorum

479 1455 828 1524 syngraphas
856 1470 1004 1524 aqua
1032 1453 1236 1518 obruit,
1267 1470 1334 1506 ac
1356 1469 1586 1524 prorsus
1607 1443 1758 1506 delet
1773 1458 1830 1506 et
1850 1451 2075 1506 oblitte-

478 1546 584 1607 rat,
617 1546 786 1611 atque
810 1541 868 1595 in
896 1547 1182 1612 posterum
1211 1541 1566 1595 ﬁrmissimus
1596 1540 1755 1594 nobis
1777 1557 1973 1595 murus
1992 1546 2078 1594 est

477 1646 541 1684 ac
573 1630 766 1694 turris,
801 1636 858 1683 et
872 1629 1013 1683 forte
1033 1631 1208 1683 telum
1241 1631 1310 1683 ad
1341 1630 1595 1700 praelium
1613 1646 1739 1682 cum
1760 1629 1920 1682 hoste
1941 1645 2074 1682 con-

475 1719 930 1773 serendum.Non
946 1717 1358 1772 tamenarbitrii
1381 1717 1864 1783 libertatemtollit,
1897 1733 2078 1787 neque

473 1813 702 1878 peccata
729 1823 796 1860 ea
824 1823 947 1876 quae
973 1805 1450 1876 postbaptismum
1466 1806 1877 1860 contrahuntur
1888 1805 2080 1860 remit-

2152 399 2272 448 stus
2288 395 2484 464 jurare
2521 396 2750 450 omnino
2779 401 2946 458 vetat,
2979 411 3080 449 nec
3107 395 3396 466 quidquam
3415 396 3544 450 aliud
3572 415 3667 468 per-

2153 482 2346 546 mittit,
2371 500 2560 554 quam,
2587 485 2701 551 Est,
2733 489 2847 550 est;
2883 485 3028 548 Non,
3050 501 3180 538 non.
3200 484 3420 538 Oculum
3438 502 3521 555 pro
3544 487 3668 540 oculo

2155 578 2212 624 et
2239 571 2465 624 dentem
2493 589 2596 642 pro
2626 572 2812 638 dente,
2845 573 2959 626 illic
2983 591 2996 636 ;
3029 571 3119 626 hic
3149 579 3329 626 autem
3363 591 3373 624 :
3405 572 3672 644 Quicunque

2154 660 2494 729 percusserit
2521 665 2576 714 te
2608 660 2666 714 in
2691 661 2979 715 dexteram
3001 660 3298 726 maxillam,
3314 659 3478 731 praebe
3499 661 3542 714 ei
3564 663 3676 716 etal-

2153 752 2356 800 teram.
2390 748 2458 801 Et
2488 747 2584 817 qui
2613 753 2800 804 tecum
2831 748 2948 802 vult
2955 747 3168 818 judicio
3187 749 3678 824 contendereettuui-

2153 851 2274 888 cam
2291 840 2447 888 tuam
2465 836 2680 898 tollere,
2705 836 2928 890 dimitte
2945 842 3002 890 et
3019 836 3071 890 ei
3086 836 3406 906 pallium.Et
3422 836 3679 907 quicunque

2154 928 2210 977 te
2231 924 2610 993 angariaverit
2635 924 2786 978 mille
2811 941 3028 996 passus,
3061 925 3197 978 vade
3217 942 3341 979 cum
3361 923 3450 978 illo
3471 925 3565 978 alia
3579 925 3683 978 duo-

2155 1011 2264 1075 Qui
2301 1012 2444 1082 petit
2473 1029 2507 1065 a
2534 1018 2611 1077 te,
2645 1012 2719 1066 da
2746 1013 2817 1066 ei.
2851 1013 2921 1067 Et
2959 1013 3236 1067 volentem
3263 1029 3296 1066 a
3316 1017 3370 1066 te
3399 1012 3610 1066 mutuari
3629 1028 3684 1066 ne

2155 1105 2393 1155 avertas.

2227 1188 2478 1242 Audistis
2500 1189 2633 1259 quia
2655 1189 2865 1243 dictum
2879 1195 2981 1242 est:
3012 1189 3224 1259 Diliges
3240 1187 3530 1258 proximum
3541 1192 3686 1250 tuum,

2156 1276 2342 1330 etodio
2355 1276 2586 1330 habebis
2599 1277 2891 1331 inimicum
2905 1277 3211 1347 tuum.Ego
3227 1281 3412 1330 autem
3427 1275 3537 1330 dico
3547 1275 3686 1329 vobis:

2157 1364 2384 1435 Diligite
2403 1364 2659 1420 inimicos
2680 1371 2912 1430 vestros,
2938 1365 3244 1419 benefacite
3272 1365 3358 1418 his
3387 1364 3476 1435 qui
3497 1364 3694 1418 oderunt

2159 1459 2338 1514 vos,et
2348 1458 2607 1524 oratepro
2620 1453 3084 1524 persequentibus
3097 1459 3154 1507 et
3163 1451 3692 1516 calumniantibusvos,

2161 1546 2225 1594 ut
2251 1541 2374 1594 sitis
2405 1541 2505 1595 ﬁlii
2535 1542 2719 1596 Patris
2756 1542 2924 1596 vestri
2951 1542 3046 1612 qui
3073 1541 3130 1596 in
3153 1543 3308 1596 caelis
3329 1548 3427 1604 est,
3449 1541 3535 1612 qui
3558 1540 3696 1593 solem

2159 1646 2322 1684 suum
2354 1629 2490 1684 facit
2502 1631 2636 1684 oriri
2655 1647 2824 1701 super
2840 1630 3016 1684 bonos
3035 1636 3093 1684 et
3120 1631 3318 1688 malos.
3339 1635 3394 1684 et
3420 1629 3551 1700 pluit
3566 1644 3700 1698 super

2155 1718 2339 1787 justos
2371 1724 2428 1772 et
2475 1719 2716 1789 injustos
2751 1721 2892 1784 (Luc.
2926 1719 3023 1788 γι).
3051 1719 3238 1772 Nolite
3260 1718 3522 1788 judicare,
3544 1721 3599 1770 ut
3612 1732 3699 1769 non

2155 1806 2488 1875 judicemim
2517 1806 2813 1874 Dimittite,
2833 1811 2890 1860 et
2904 1806 3224 1860 dimittetur
3241 1805 3412 1860 vobis.
3431 1804 3697 1859 Nolitethe-

473 1895 565 1961 tit,
593 1911 696 1948 nec
723 1894 1026 1948 secundam
1049 1894 1107 1948 in
1142 1894 1414 1965 piscinam
1445 1894 1864 1950 immersionem
1893 1893 2073 1948 conti-
2089 1887 2136 1946 B
2157 1896 2438 1950 saurizare
2454 1895 2608 1949 vobis
2628 1894 2992 1949 thesaurosin
3011 1901 3181 1959 terra,
3202 1894 3298 1948 ubi
3317 1910 3497 1964 aerugo
3516 1900 3566 1947 et
3579 1893 3703 1946 tinea

477 1989 594 2036 net.
627 1983 816 2037 Unum
840 1982 990 2036 enim
1010 1982 1292 2054 baptisma
1319 1984 1656 2036 conﬁtemur
1685 2000 1698 2049 ;
1735 1999 1799 2036 ac
1842 1983 2074 2053 proinde

478 2088 702 2126 summa
730 2070 1025 2141 diligentia
1047 2087 1241 2125 cavere
1267 2071 1545 2125 debemus
1578 2088 1647 2125 ne
1675 2071 1733 2125 in
1763 2088 1934 2125 novas
1949 2089 2079 2125 sor-

467 2159 567 2214 des
587 2159 917 2224 incidamus,
945 2176 1138 2214 verum
1153 2159 1377 2213 Domini
1401 2161 1672 2214 mandata
1692 2177 2070 2231 capessamus.

474 2247 620 2302 Nam
649 2265 775 2302 cum
793 2249 912 2318 ipse
929 2249 1196 2319 apostolis
1213 2249 1460 2302 dixisset:
1489 2250 1572 2303 Ite
1591 2255 1649 2303 et
1664 2250 1857 2303 docete
1881 2265 2077 2303 omnes

473 2342 690 2406 gentes,
725 2336 1072 2406 baptizantes
1094 2354 1188 2390 eos
1214 2337 1273 2390 in
1317 2337 1544 2390 nomine
1564 2337 1766 2402 Patris,
1800 2344 1856 2391 et
1874 2337 2000 2392 Filii
2019 2343 2077 2391 et

477 2425 721 2494 Spiritus
750 2425 948 2492 sancti,
982 2442 1095 2478 non
1114 2425 1207 2478 hic
1233 2425 1502 2487 constitit,
1522 2443 1714 2479 verum
1729 2425 1952 2495 adjecit,
1970 2426 2076 2479 Do-

476 2518 666 2568 centes
693 2531 788 2568 eos
815 2530 1037 2568 servare
1068 2513 1259 2567 omnia
1291 2529 1636 2584 quaecunque
1666 2514 1900 2585 praecepi
1919 2513 2074 2568 vobis

479 2603 674 2668 (Marc.
706 2605 844 2656 xvn.

547 2691 832 2745 Mandavit
850 2707 1016 2762 porro
1041 2695 1107 2744 ut
1124 2691 1324 2762 spiritu
1353 2707 1626 2762 pauperes
1653 2691 1828 2746 simus
1861 2692 2071 2758 (Matth.

475 2779 524 2846 v)
556 2779 717 2843 (tales
747 2779 897 2833 enim
933 2779 1143 2845 beatos,
1181 2779 1504 2850 caelestique
1526 2796 1698 2850 regno
1729 2780 1930 2851 dignos
1951 2797 2073 2834 esse

477 2867 851 2937 pronuntiat).
893 2867 1103 2922 Deinde
1149 2874 1214 2922 ut
1247 2868 1307 2921 in
1336 2869 1597 2939 praesenti
1629 2885 1742 2922 aevo
1780 2869 2074 2939 lugeamus

475 3059 627 3098 mur.
654 3045 779 3098 Mox
796 3050 860 3098 ut
879 3045 1044 3099 mites
1057 3045 1252 3111 simus,
1279 3062 1343 3099 ac
1357 3045 1592 3116 justitiae
1623 3046 1769 3100 fame
1799 3051 1857 3099 et
1875 3046 1966 3100 siti
1994 3052 2075 3099 te-

479 3148 734 3187 neamur.
765 3134 910 3197 Tum
939 3139 1005 3188 ut
1033 3133 1426 3188 misericordes
1447 3139 1503 3188 et
1521 3133 1798 3200 liberales,
1817 3140 1986 3204 atque
2001 3135 2074 3188 ad

473 3221 1017 3276 commiserationem
1037 3221 1297 3294 propensi
1329 3221 1522 3276 simus.
1556 3223 1752 3277 Cordis
1770 3223 1903 3276 item
1921 3223 2074 3294 puri-

471 3314 590 3364 tate
621 3311 860 3382 praaditi,
879 3317 1048 3382 atque
1076 3311 1147 3365 ab
1178 3311 1329 3365 omni
1353 3310 1784 3381 inquinamento
1804 3311 1986 3365 carnis
2017 3316 2074 3364 et

473 3399 706 3470 spiritus
734 3398 1096 3454 abstinentes.
1129 3399 1352 3454 Paciﬁci
1384 3400 1557 3453 etiam
1587 3405 1708 3453 tum
1739 3417 1873 3470 erga
1910 3399 2066 3465 alios,

471 3492 596 3542 tum
626 3488 733 3559 ipsi
761 3505 890 3542 cum
919 3489 1122 3542 animis
1151 3490 1392 3554 nostris;
1422 3489 1688 3544 nimirum
1709 3489 1766 3542 id
1797 3488 1946 3559 quod
1972 3488 2070 3542 de-

475 3576 654 3630 terius
665 3584 752 3630 est
771 3578 1145 3647 praestantiori
1163 3579 1286 3650 subj
1294 3581 1544 3640 icientes,
1557 3584 1726 3650 atque
1741 3577 2070 3631 intestinum

473 3680 539 3718 ac
578 3670 913 3735 perpetuum
952 3665 1158 3720 bellum
1189 3674 1340 3722 recto
1365 3669 1575 3738 judicio
1612 3665 2066 3736 comprimentes.

476 3752 787 3818 Postremo,
814 3759 878 3807 ut
899 3770 1119 3808 omnem
1147 3758 1592 3826 persecutionem
1623 3761 1681 3809 et
1709 3753 2070 3807 afﬂictionem

478 3843 536 3892 et
555 3839 822 3910 probrum
842 3842 1076 3910 justitia:
1105 3860 1272 3898 causa
1300 3861 1400 3915 pro
1429 3845 1605 3915 ipsius
1641 3843 1869 3897 nomine
1907 3841 2072 3896 nobis

477 3926 698 3981 illatum
729 3929 1122 3996 sustineamus,
1152 3949 1261 4003 quo
1290 3932 1692 4003 sempiternum
1713 3929 1982 4001 gaudium
2011 3928 2071 3982 in

476 4017 743 4087 praeclara
771 4017 868 4072 illa
887 4018 1163 4074 donorum
1197 4019 1592 4074 distributione
1637 4034 2060 4089 consequamur.

479 4105 627 4168 Quin
643 4105 814 4160 etiam
837 4123 965 4161 cum
977 4107 1159 4162 adhuc
1175 4109 1233 4162 in
1244 4109 1454 4163 mundo
1467 4115 1802 4172 versaretur,
1827 4107 1898 4161 ad
1919 4107 2067 4160 hunc

2159 1984 2482 2049 demolitur,
2501 1989 2559 2038 et
2570 1984 2721 2038 fures
2731 1981 3706 2037 eti'odiuntetfurantur.Thesaurizate

2160 2079 2351 2127 autem
2373 2072 2526 2126 vobis
2543 2073 2838 2126 thesauros
2851 2072 2909 2125 in
2930 2072 3089 2134 caelo,
3113 2071 3208 2126 ubi
3226 2088 3412 2142 neque
3432 2087 3618 2141 aerugo,
3635 2085 3708 2123 ne-

2161 2178 2270 2232 que
2298 2161 2454 2215 tinea
2479 2161 2798 2226 demolitur,
2831 2167 2890 2214 et
2908 2160 3003 2214 ubi
3027 2161 3178 2215 fures
3208 2177 3324 2214 non
3354 2159 3606 2214 effodiunt
3627 2174 3708 2210 nec

2157 2249 2441 2306 furantur.
2485 2249 2590 2304 Ubi
2620 2249 2770 2303 enim
2813 2255 2896 2304 est
2942 2250 3244 2304 thesaurus
3287 2255 3440 2314 tuus,
3471 2248 3543 2302 ibi
3567 2253 3617 2301 et
3638 2262 3713 2300 cor

2156 2344 2337 2393 tuum.
2364 2339 2448 2392 Ne
2474 2337 2696 2392 solliciti
2723 2338 2844 2392 sitis
2856 2338 3057 2392 animae
3085 2344 3282 2392 vestrae
3301 2338 3438 2408 quid
3456 2335 3712 2390 manduce-

2158 2427 2250 2491 tis,
2279 2443 2459 2497 nequc
2487 2426 2706 2496 corpori
2725 2432 2910 2480 vestro
2931 2426 3068 2496 quid
3095 2426 3445 2490 induamini;
3477 2425 3572 2479 scit
3597 2422 3717 2476 enim

2157 2515 2327 2569 Pater
2340 2519 2524 2568 vester
2536 2515 2777 2568 caelestis
2789 2514 3050 2586 quoniam
3067 2515 3154 2568 his
3172 2514 3435 2568 omnibus
3463 2512 3710 2583 indigetis.

2156 2604 2342 2668 Quare
2387 2603 2483 2674 qui
2511 2602 2759 2657 animam
2793 2609 2847 2657 et
2876 2619 3077 2674 corpus
3103 2603 3275 2668 dedit,
3317 2619 3548 2674 prorsus
3575 2600 3718 2656 etiam

2155 2691 2343 2746 cibum
2366 2697 2423 2745 et
2443 2692 2836 2746 indumentum
2861 2691 3046 2758 dabit;
3081 2691 3193 2758 ille,
3227 2691 3483 2762 inquam,
3507 2690 3594 2761 qui
3613 2688 3718 2743 coeli

2155 2797 2284 2834 aves
2313 2781 2510 2846 nutrit,
2543 2786 2601 2834 et
2623 2780 2744 2850 agri
2766 2779 2882 2834 lilia
2915 2785 3076 2834 tanta
3123 2779 3537 2850 pulchritudine
3563 2783 3717 2834 ornat.

2155 2869 2399 2934 Quaerite
2415 2874 2604 2923 autem
2621 2869 2864 2940 primum
2876 2885 3110 2938 regnum
3125 2868 3226 2922 Dei
3239 2869 3579 2939 etjustitiam
3600 2867 3719 2936 ejus,

367 2947 384 2954 ’
485 2961 695 3019 monet,
729 2973 840 3027 quo
871 2956 1128 3010 videlicet
1147 2956 1206 3010 in
1231 2957 1421 3011 futuro
1452 2957 1832 3011 consolatione
1857 2956 2128 3016 afﬁcia-C
2154 2961 2212 3010 et
2237 2957 2354 3011 haec
2375 2957 2564 3010 omnia
2602 2956 2939 3026 adjicientur
2963 2956 3136 3010 vobis.
3169 2957 3358 3010 Nolite
3381 2955 3596 3011 solliciti
3617 2970 3721 3008 esse

2155 3045 2224 3099 de
2271 3046 2536 3109 crastino,
2584 3061 2714 3099 nam
2753 3044 3033 3100 crastinus
3061 3045 3182 3099 dies
3211 3043 3315 3098 sibi
3344 3045 3458 3116 ipsi
3487 3043 3724 3098 sollicitus

2155 3133 2263 3188 erit
2288 3135 2508 3204 (Matth.
2535 3137 2634 3202 vr).

2225 3223 2430 3277 Omnia
2445 3237 2792 3293 quaecunque
2817 3221 2984 3276 vultis
2994 3225 3059 3275 ut
3069 3220 3276 3276 faciant
3289 3221 3450 3276 vobis
3471 3219 3720 3282 homines,

2154 3311 2349 3364 eadem
2403 3315 2459 3364 et
2512 3327 2608 3364 vos
2667 3310 2830 3364 facite
2889 3310 2998 3363 illis
3021 3311 3163 3377 (Luc.
3195 3313 3376 3374 xvm).
3404 3311 3610 3365 Intrate
3642 3323 3728 3378 per

2153 3405 2451 3470 angustam
2472 3404 2714 3470 portam,
2731 3398 2864 3468 quia
2883 3398 2996 3452 lata
3011 3404 3097 3452 est
3109 3405 3290 3469 porta,
3305 3404 3363 3452 et
3379 3397 3625 3470 spatiosa
3635 3395 3726 3458 via.

2155 3505 2277 3559 quae
2297 3488 2452 3541 ducit
2479 3487 2549 3540 ad
2581 3493 2840 3552 mortem,
2873 3491 2932 3540 et
2959 3487 3122 3540 multi
3153 3493 3287 3540 sunt
3304 3488 3402 3557 qui
3421 3489 3628 3541 intrant
3645 3501 3731 3554 per

2153 3593 2296 3630 eam.
2330 3574 2604 3640 Quoniam
2621 3580 2860 3644 angusta
2882 3580 2969 3628 est
2997 3581 3178 3646 porta,
3210 3581 3266 3630 et
3284 3575 3484 3630 stricta
3499 3575 3732 3644 via,'qua

2153 3665 2307 3718 ducit
2334 3664 2402 3717 ad
2456 3664 2650 3729 vitam,
2684 3667 2741 3716 et
2769 3663 2930 3734 pauci
2984 3669 3118 3717 sunt
3145 3663 3242 3734 qui
3286 3664 3577 3718 inveniant
3619 3677 3730 3716 eam

2156 3754 2368 3820 (Matth.
2397 3767 2513 3817 vn;
2573 3754 2701 3806 Luc.
2743 3753 2878 3819 xm).
2937 3753 3062 3805 Non
3092 3751 3274 3806 omnis
3314 3752 3413 3822 qui
3452 3752 3588 3806 dicit
3613 3748 3733 3804 mihi

2153 3842 2410 3904 Domine,
2429 3841 2686 3906 Domine,
2720 3839 2954 3894 intrabit
2981 3841 3040 3893 in
3068 3857 3306 3910 regnum
3334 3842 3623 3897 ccelorum.
3651 3838 3734 3892 sed

2154 3930 2250 4001 qui
2293 3929 2426 3983 facit
2482 3929 2824 3982 voluntatem
2857 3928 3039 3982 Patris
3088 3929 3218 3994 mei,
3251 3929 3348 3999 qui
3379 3929 3441 3982 in
3469 3929 3620 3982 caelis
3661 3931 3737 3981 est

2151 4019 2361 4092 (Matth.
2376 4016 2613 4084 νη).ρυί
2630 4017 2814 4086 diligit
2825 4021 3044 4087 patrem
3061 4023 3162 4071 aut
3185 4023 3426 4071 matrem
3446 4019 3572 4088 plus
3587 4031 3738 4088 quam

2148 4125 2258 4174 me,
2272 4122 2383 4160 non
2405 4112 2491 4160 est
2510 4122 2599 4159 me
2621 4105 2922 4176 dignus.Et
2941 4105 3035 4176 qui
3051 4105 3235 4175 diligit
3258 4105 3438 4159 filium
3458 4113 3561 4160 aut
3579 4105 3736 4160 ﬁliam

477 4194 704 4248 modum
732 4212 863 4250 suos
884 4196 1216 4252 hortabatur
1247 4217 1257 4252 :
1294 4199 1504 4253 Luceat
1539 4198 1634 4252 lux
1661 4202 1847 4251 vestra
1879 4213 2126 4268 coram_
2150 4197 2278 4268 plus
2330 4211 2498 4264 quam
2552 4211 2662 4260 me,
2699 4210 2810 4248 non
2863 4199 2950 4248 est
2995 4210 3084 4248 me
3126 4194 3350 4264 dignus.
3397 4195 3468 4249 Et
3508 4194 3602 4265 qui
3639 4207 3740 4247 non

476 4280 818 4350 hominibus,
846 4290 912 4340 ut
937 4285 1162 4340 videant
1190 4304 1361 4358 Opera
1388 4293 1573 4342 vestra
1628 4286 1794 4352 bona,
1837 4292 1894 4340 et
1945 4285 2067 4358 glo—
2089 4263 2562 4354 D-zojiaccipit
2581 4299 2801 4336 crucem
2835 4298 3016 4348 suam,
3040 4287 3097 4336 et
3124 4282 3380 4352 sequitur
3400 4263 3649 4348 me,_non
3666 4289 3744 4334 est

476 4369 695 4426 riﬁcent
727 4373 953 4428 Patrem
983 4380 1229 4428 vestrum
1257 4375 1353 4446 qui
1373 4375 1434 4429 in
1462 4375 1614 4429 caelis
1631 4381 1718 4429 est
1747 4375 1960 4442 (Matth.
1993 4375 2066 4438 v).

530 4461 751 4515 Etenim
767 4462 975 4533 Moysis
987 4463 1116 4533 quid
1124 4479 1212 4517 em
1227 4464 1316 4517 lex
1333 4465 1645 4534 antiquitus
1655 4462 1926 4518 Israelitis
1939 4461 2071 4515 data

477 4549 698 4604 dicebat
721 4552 876 4606 :Non
899 4551 1135 4618 occides,
1157 4552 1283 4606 Non
1307 4551 1692 4618 maechaberis,
1707 4553 1832 4605 Non
1858 4550 2072 4604 furtum

476 4637 664 4705 facies,
697 4640 822 4694 Non
852 4639 1054 4694 falsum
1082 4640 1469 4694 testimonium
1499 4640 1666 4693 dices.
1693 4639 1950 4694 Christus
1977 4655 2074 4693 au-

477 4731 594 4779 tem
627 4727 708 4781 ait
729 4747 739 4780 :
760 4728 958 4783 Omnis
988 4728 1085 4800 qui
1115 4729 1378 4783 irascitur
1404 4728 1565 4782 fratri
1593 4744 1694 4782 suo
1724 4727 1844 4782 sine
1881 4744 2068 4792 causa,

459 4829 608 4880 _reus
621 4815 730 4868 erit
743 4817 978 4886 judicio.
1001 4818 1108 4882 Qui
1125 4823 1314 4872 autem
1333 4817 1554 4881 dixerit,
1588 4817 1762 4871 Fatue
1781 4835 1791 4870 :
1809 4833 1939 4871 reus
1966 4817 2076 4871 erit

476 4901 746 4970 gehennae
767 4905 930 4974 ignis.
958 4909 1038 4961 Ac
1052 4923 1310 4962 rursum:
1339 4905 1397 4961 Si
1417 4906 1582 4960 oﬂ‘ers
1594 4922 1799 4960 munus
1815 4911 1975 4959 tuum
2001 4906 2075 4960 ad

479 4988 675 5058 altare,
709 4996 766 5045 et
781 4993 896 5048 illic
911 4997 1234 5050 recordatus
1253 4995 1423 5050 tueris
1449 4995 1596 5066 quod
1616 4995 1790 5049 frater
1809 5000 1942 5048 tuus
1971 4995 2072 5048 ha-

478 5075 576 5130 bet
602 5078 813 5149 aliquid
840 5081 1135 5137 adversum
1157 5088 1234 5147 te,
1269 5084 1519 5155 relinque
1538 5083 1652 5138 illic
1681 5099 1886 5136 munus
1911 5087 2073 5137 tuum

481 5170 612 5219 ante
657 5167 854 5233 altare,
893 5176 951 5224 et
995 5172 1132 5225 vade
1167 5172 1323 5242 prius
1360 5172 1706 5226 reconciliari
1750 5171 1910 5225 fratri
1949 5177 2068 5225 tuo.

482 5253 557 5309 Et
585 5255 902 5327 quicunque
923 5259 1124 5313 viderit
1147 5260 1439 5315 mulierem
1473 5261 1544 5314 ad
1572 5259 2072 5330 concupiscendam

483 5358 627 5404 eam,
639 5344 758 5414 jam
780 5345 1086 5400 mmchatus
1107 5353 1192 5400 est
1205 5363 1326 5401 eam
1349 5347 1404 5401 in
1426 5348 1591 5402 corde
1609 5365 1708 5402 suo
1725 5347 2077 5419 (spurcitiam

481 5431 751 5488 nimirum
781 5433 1000 5501 animae,
1035 5451 1100 5490 ac
1126 5435 1372 5490 libidinis
1400 5452 1712 5502 assensum,
1737 5435 2078 5492 adulterium

2151 4389 2242 4427 me
2261 4372 2464 4442 dignus
2493 4373 2704 4442 (Matth.
2732 4374 2810 4438 Χ).
2836 4371 2914 4425 En
2939 4372 3057 4425 haec
3085 4370 3291 4433 omnia,
3320 4377 3378 4425 et
3405 4371 3496 4426 his
3526 4369 3741 4434 similia,

2155 4462 2410 4517 Salvator
2437 4460 2706 4531 apostolis
2728 4459 3034 4525 mandavit,
3065 4465 3131 4513 ut
3158 4459 3268 4513 ﬁde
3296 4459 3567 4530 praeditos
3595 4459 3744 4513 doce-

2155 4555 2300 4604 rent.
2358 4549 2542 4619 Atque
2591 4549 2708 4602 haac
2753 4547 2943 4602 omnia
2966 4547 3124 4602 nobis
3151 4547 3501 4602 observanda
3529 4553 3677 4613 sunt,
3702 4546 3746 4600 si

2155 4639 2383 4710 quidem
2411 4636 2572 4691 nobis
2597 4636 2750 4691 cordi
2780 4635 2855 4690 sit
2876 4636 3275 4708 perfectionem
3299 4636 3556 4708 adipisci,
3581 4643 3639 4690 et
3663 4637 3748 4705 ju-

2157 4727 2328 4782 stitiae
2354 4741 2588 4780 coronas
2617 4725 2687 4779 ab
2713 4725 2864 4780 omni
2876 4725 3232 4796 corruptione
3252 4725 3466 4779 alienas
3484 4723 3748 4796 consequi

2157 4831 2295 4887 quas
2314 4815 2510 4869 reddet
2524 4813 2796 4868 Dominus
2816 4814 2877 4868 in
2897 4813 2987 4868 die
3002 4813 3099 4867 illa
3105 4814 3294 4884 justus
3305 4813 3477 4884 judex
3490 4813 3749 4868 omnibus

2155 4905 2243 4958 his
2263 4904 2359 4975 qui
2389 4903 2566 4974 ipsius
2592 4903 2898 4957 adventum
2923 4901 3222 4957 dilexerint
3240 4903 3328 4974 (ΙΙ
3359 4905 3499 4957 Tim.
3543 4902 3646 4973 Iv).

2228 4992 2378 5047 Dixit
2397 4997 2588 5046 autem
2609 4991 2679 5046 ad
2707 5007 2835 5046 eum
2855 4991 3141 5062 Josaphat:
3163 4991 3308 5061 Ergo
3337 5007 3464 5045 cum
3481 4996 3607 5046 tam
3625 5007 3751 5062 per—

2154 5081 2299 5135 fecta
2333 5080 2588 5134 doctrina
2641 5079 3002 5150 purissimam
3045 5079 3218 5132 vitam
3267 5079 3572 5144 desideret,
3644 5079 3748 5142 dic,

2155 5186 2360 5240 quaeso,
2385 5169 2431 5223 si
2453 5169 2592 5223 mihi
2613 5168 2683 5221 ab
2703 5185 2816 5222 uno
2835 5168 2921 5222 vel
2938 5166 3155 5222 duobus
3176 5167 3454 5222 mandatis
3484 5167 3754 5222 aberrare

2155 5258 2548 5328 contigerit.an
2561 5262 2857 5328 prOpterea
2877 5261 2996 5310 toto
3015 5273 3184 5328 scopo
3203 5256 3488 5323 aberrabo,
3508 5272 3754 5327 spesque

2154 5363 2279 5400 mea
2301 5347 2482 5400 omnis
2505 5346 2690 5400 inanis
2712 5346 2902 5400 futura
2927 5352 3014 5399 est
3042 5346 3066 5398 ?

2224 5435 2534 5505 Respondit
2565 5434 2824 5490 Barlaam
2848 5449 2862 5489 :
2895 5435 3020 5489 Non
3041 5439 3126 5490 est
3146 5434 3294 5505 quod
3314 5433 3396 5490 ita
3422 5432 3754 5499 existimes;
