3942 6200
250 228 350 288 485

643 230 814 285 VITA
852 228 1293 285 SANCTORUM
1330 230 1673 286 BARLAAM
1710 231 2046 287 EREMITIE
2207 233 2572 287 JOSAPHAT
2610 232 2833 289 INDIAE
2870 233 3101 289 REGIS.

3408 236 3513 296 486

246 371 371 410 nam
388 354 535 409 Deus
550 354 811 419 Verbum,
830 356 925 426 qui
946 357 1143 410 salutis
1161 362 1364 411 nostra;
1384 373 1554 411 causa
1574 358 1894 418 humani-A
1911 358 2051 411 adeo
2070 374 2299 428 gravem
2319 358 2684 428 ignominiam
2706 374 3033 428 agnoscens,
3055 356 3337 427 vitamque
3352 376 3512 415 suam

242 449 405 499 tatem
421 444 622 508 induit,
642 444 930 514 ingentem
946 451 1161 499 natura:
1174 452 1380 500 nostrae
1394 433 1829 500 imbecillitatem

242 539 295 587 et
321 550 627 587 aerumnam
658 534 1001 604 exploratam
1022 534 1253 597 habens,
1281 552 1349 589 ne
1372 535 1429 589 in
1468 536 1574 588 hac
1604 535 1829 606 quidem

240 626 391 692 parte
403 637 503 674 nos
516 620 809 675 incurabili
825 620 1018 675 morbo
1032 621 1220 675 labora
1228 639 1286 676 re
1307 624 1563 693 permisit
1580 642 1591 689 ;
1612 640 1824 687 verum,

242 714 300 763 ut
332 709 775 780 sapientissimus
808 710 1074 777 medicus,
1106 711 1333 766 lubricae
1363 719 1568 767 nostrae
1596 729 1660 766 ac
1698 729 1827 783 pec-

238 797 393 851 candi
423 797 635 869 cupidae
664 798 936 853 voluntati
965 800 1307 870 paenitentiae
1356 802 1826 855 medicamentum

238 885 546 952 admiscuit,
561 903 685 940 eam
700 887 959 941 videlicet
978 889 1049 942 ad
1069 895 1423 959 peccatorum
1440 890 1824 943 remissionem

237 974 557 1045 praedicans.
591 976 967 1046 Posteaquam
1004 977 1154 1031 enim
1196 978 1447 1032 veritatis
1478 979 1822 1049 agnitionem

236 1062 595 1134 suscepimus,
623 1080 689 1117 ac
712 1081 814 1134 per
841 1081 1042 1135 aquam
1083 1071 1140 1119 et
1171 1066 1443 1136 Spiritum
1471 1067 1819 1132 sanctiﬁcati,

238 1157 398 1221 atque
424 1151 495 1205 ab
522 1153 674 1205 omni
697 1159 923 1223 peccato
956 1159 1014 1207 et
1039 1154 1303 1224 spurcitie
1333 1154 1453 1208 sine
1492 1156 1605 1208 ullo
1636 1155 1823 1209 labore

238 1240 457 1310 purgati
486 1257 698 1303 sumus,
730 1241 776 1295 si
797 1241 956 1295 nobis
978 1242 1035 1295 in
1059 1242 1247 1313 aliqua
1274 1248 1499 1313 peccata
1520 1243 1631 1297 labi
1652 1244 1826 1298 conti-

232 1328 513 1397 gerit,non
530 1329 754 1399 quidem
771 1336 1028 1400 superest
1039 1332 1159 1400 jam
1178 1332 1357 1384 altera
1372 1331 1824 1404 perbaptismum

236 1416 774 1487 regeneratio(ﬂebr.
795 1424 890 1486 v1),
910 1435 1032 1488 quae
1057 1419 1115 1472 in
1153 1419 1378 1489 piscinae
1408 1437 1555 1491 aqua
1579 1438 1678 1491 per
1698 1421 1825 1492 Spi-

234 1503 400 1557 ritum
410 1511 787 1576 comparatur,
803 1522 867 1560 ac
878 1506 1120 1577 perfecte
1135 1525 1234 1562 nos
1252 1508 1656 1579 instaurat(hoc
1672 1509 1823 1563 enim

234 1591 565 1647 beneﬁcium
592 1594 764 1647 semel
794 1594 1071 1649 duntaxat
1099 1596 1463 1665 conceditur),
1503 1614 1696 1652 verum
1727 1615 1828 1669 per

1917 447 2134 517 lugens,
2158 446 2375 500 dicebat
2408 465 2419 498 :
2453 446 2661 510 Quanti
2690 446 3020 499 mercenarii
3051 446 3109 499 in
3140 446 3305 500 domo
3334 450 3512 518 patris

1916 536 2027 588 mei
2048 535 2337 589 abundant
2356 535 2611 605 panibus,
2649 552 2754 601 ego
2786 541 2974 589 autem
2996 536 3143 589 fame
3165 553 3351 607 pereo.
3382 538 3513 591 Sur-

1912 640 2061 693 gam,
2100 630 2155 677 et
2183 623 2274 677 ibo
2304 624 2373 676 ad
2404 629 2620 693 patrem
2651 640 2858 687 meum,
2889 629 2946 676 et
2976 624 3158 677 dicam
3193 625 3243 677 ei
3279 642 3290 676 :
3320 627 3506 691 Pater,

1912 713 2134 782 peccavi
2164 713 2223 765 in
2243 702 2445 765 ccelum
2465 718 2523 765 et
2554 728 2740 765 coram
2768 716 2843 775 te,
2866 714 2983 781 jam
3010 729 3123 766 non
3152 730 3276 767 sum
3306 714 3512 783 dignus

1908 801 2091 854 vocari
2117 801 2264 854 filius
2286 808 2434 865 tuus,
2463 801 2550 853 fac
2579 817 2667 853 me
2687 800 2831 853 sicut
2853 817 3028 853 unum
3058 802 3126 854 de
3149 802 3511 856 mercenariis

1908 888 2039 942 tuis.
2076 890 2143 942 Et
2164 906 2397 958 surgens
2419 889 2570 942 venit
2598 889 2667 941 ad
2696 894 2914 959 patrem
2942 906 3125 942 suum.
3155 891 3296 944 Cum
3320 896 3509 945 autem

1908 977 2088 1031 adhuc
2116 978 2281 1046 longe
2312 982 2474 1041 esset,
2508 977 2642 1030 vidit
2674 976 2831 1030 illum
2858 983 3017 1047 pater
3038 995 3189 1043 suus,
3211 984 3267 1031 et
3289 979 3510 1034 miseri-

1905 1064 2094 1119 cordia
2121 1071 2306 1120 motus
2333 1072 2435 1131 est,
2458 1083 2523 1120 ac
2551 1082 2846 1119 accurrens
2875 1065 3074 1119 cecidit
3108 1083 3276 1136 super
3298 1069 3504 1122 collum

1908 1155 2049 1223 ejus,
2074 1161 2131 1208 et
2160 1156 2443 1209 osculatus
2467 1161 2552 1208 est
2580 1172 2728 1219 eum,
2752 1159 2921 1225 atque
2950 1154 3009 1207 in
3039 1155 3259 1224 pristini
3281 1156 3509 1209 honoris

1907 1242 2091 1297 locum
2111 1244 2377 1310 restituit,
2399 1250 2455 1298 et
2472 1244 2541 1297 ob
2561 1243 2736 1314 ipsius
2760 1243 3140 1296 inventionem
3161 1244 3510 1297 laetissimum

1906 1331 2111 1385 festum
2149 1332 2464 1397 celebravit,
2511 1333 2689 1386 occiso
2719 1332 2893 1386 vitulo
2923 1332 3198 1400 saginato.
3253 1332 3334 1385 En
3363 1332 3509 1386 hanc

1907 1420 2229 1490 parabolam
2262 1422 2330 1474 de
2368 1421 2434 1474 iis
2464 1422 2561 1492 qui
2591 1438 2624 1473 a
2652 1421 2891 1491 peccatis
2926 1420 3203 1485 resiliunt,
3239 1425 3408 1490 atque
3437 1421 3510 1473 ad

1908 1509 2297 1578 paenitentiam
2331 1515 2649 1573 accurrunt,
2666 1509 2826 1562 nobis
2857 1508 3333 1562 commemoravit.
3354 1508 3503 1572 Quin

1909 1597 2078 1650 etiam
2094 1597 2300 1651 bonum
2314 1598 2613 1667 quemdam
2626 1602 2907 1667 pastorem
2926 1614 3121 1651 rursus
3135 1597 3503 1663 inducit(Luc.

232 1696 487 1752 asperam
513 1683 921 1752 paenitentiam,
945 1690 1000 1737 et
1020 1684 1263 1738 calentes
1286 1686 1587 1763 lacrymas,
1605 1692 1661 1740 et
1680 1686 1830 1740 labo-
1846 1674 1894 1732 Β
1909 1690 2021 1751 xv),
2039 1686 2136 1755 qui
2157 1703 2283 1740 cum
2304 1693 2528 1739 centum
2554 1703 2682 1740 oves
2715 1686 2962 1748 haberet,
2985 1692 3153 1755 atque
3180 1701 3350 1738 unam
3370 1686 3508 1738 ami-

233 1786 315 1823 res
337 1786 401 1823 ac
421 1770 677 1834 sudores,
698 1778 929 1842 propter
956 1772 1165 1827 viscera
1185 1774 1582 1829 misericordiae
1604 1776 1704 1829 Dei
1733 1792 1827 1829 no-

231 1858 344 1916 stri.
358 1858 755 1929 purgationem
775 1876 839 1913 ac
861 1867 1213 1930 peccatorum
1237 1862 1625 1917 remissionem
1638 1880 1827 1918 conse-

233 1946 477 2016 quimur.
513 1947 731 2001 Etenim
763 1964 864 2018 per
902 1948 1125 2002 Domini
1160 1950 1403 2020 gratiam
1448 1952 1824 2023 lacrymarum

230 2032 343 2088 fons
372 2034 687 2105 baptismus
710 2037 1044 2107 appellatur,
1069 2039 1293 2092 tametsi
1315 2039 1526 2110 alioqui
1550 2039 1739 2094 labore
1761 2057 1825 2095 ac

229 2127 479 2194 tempore
498 2140 638 2195 Opus
657 2124 880 2179 habeat.
897 2127 975 2179 Ac
991 2128 1303 2197 complures
1326 2144 1356 2181 e
1376 2128 1569 2182 multis
1584 2129 1824 2199 peccatis

232 2211 455 2282 eripuit,
487 2213 752 2283 quoniam
786 2215 1005 2267 nullum
1025 2220 1316 2285 peccatum
1338 2221 1423 2269 est
1445 2218 1591 2287 quod
1613 2217 1714 2271 Dei
1736 2217 1825 2271 be-

232 2300 564 2370 nignitatem
594 2302 797 2365 vincat,
824 2302 870 2356 si
888 2303 1112 2373 quidem
1134 2303 1289 2374 prius
1310 2304 1733 2375 resipuerimus,
1763 2322 1827 2360 ac

232 2387 560 2443 delictorum
600 2392 848 2445 maculas
885 2392 1147 2463 lacrymis
1188 2392 1462 2454 eluamus,
1503 2410 1574 2447 ne
1617 2394 1825 2465 alioqui

234 2492 373 2530 mors
406 2483 787 2541 antevertens,
810 2496 911 2533 nos
941 2480 1213 2534 scelerum
1243 2481 1476 2535 maculis
1506 2481 1828 2553 inquinatos

233 2564 350 2619 hinc
373 2566 581 2636 ejiciat.
606 2568 730 2621 Non
760 2584 911 2621 enim
932 2574 1020 2622 est
1048 2568 1106 2622 in
1129 2569 1346 2622 inferno
1371 2570 1704 2640 poenitentia
1726 2586 1829 2625 nec

232 2652 499 2707 confessio
520 2655 686 2723 {PsaL
710 2661 803 2721 vi).
841 2656 1099 2719 Quandiu
1129 2662 1318 2710 autem
1342 2657 1466 2711 vitae
1495 2674 1667 2712 usura
1693 2658 1831 2711 frui-

232 2742 683 2805 mur,dummodo
693 2744 1012 2798 orthodoxae
1023 2745 1151 2798 ﬁdei
1161 2744 1588 2800 fundamentum
1602 2747 1828 2800 firmum

230 2836 472 2895 maneat,
480 2831 700 2885 etiamsi
711 2832 953 2886 trabium
966 2833 1175 2903 aliquid
1187 2839 1286 2887 aut
1296 2835 1432 2887 recti
1444 2834 1827 2901 labefactetur,

231 2918 370 2987 quod
399 2935 509 2990 per
533 2925 760 2990 peccata
787 2927 1113 2991 corruptum
1151 2927 1256 2985 est,
1288 2923 1628 2993 poenitentiae
1671 2923 1829 2992 adju-

1909 1774 2090 1840 sisset,
2126 1775 2333 1828 relictis
2362 1775 2668 1844 nonaginta
2713 1792 2930 1836 novem,
2965 1775 3036 1827 ad
3065 1774 3506 1844 conquirendam

1909 1878 2034 1916 eam
2066 1880 2187 1933 quae
2217 1863 2515 1917 aberrabat
2542 1863 2822 1933 profectus
2855 1868 2958 1927 est,
2992 1863 3168 1915 donec
3194 1879 3317 1915 eam
3348 1862 3504 1916 inve-

1908 1951 2101 2013 nisset,
2127 1957 2295 2022 atque
2312 1952 2563 2006 humeris
2582 1951 2881 2015 sublatam,
2906 1967 3032 2004 cum
3054 1950 3124 2003 iis
3137 1967 3259 2020 qua;
3278 1949 3509 2003 minime

1908 2040 2310 2094 aberraverunt
2352 2041 2747 2110 conjunxisset.
2791 2039 2899 2103 Qui
2939 2040 3111 2093 etiam
3143 2040 3246 2092 hoc
3283 2039 3509 2092 nomine

1907 2129 2118 2183 amicos
2144 2146 2208 2183 ac
2228 2128 2432 2183 vicinos
2454 2129 2525 2182 ad
2549 2129 2860 2183 convivium
2880 2128 2950 2182 ob
2969 2145 3094 2182 eam
3114 2129 3397 2182 inventam
3422 2143 3509 2181 ce-

1906 2217 2237 2272 lebrandum
2272 2217 2542 2271 invitavit.
2582 2219 2685 2283 Ita,
2721 2217 2906 2288 inquit
2944 2218 3215 2283 Salvator,
3237 2216 3509 2286 gaudium

1909 2306 2015 2359 erit
2026 2306 2083 2359 in
2095 2306 2231 2358 caelo
2248 2321 2419 2375 super
2431 2322 2543 2360 uno
2564 2311 2856 2376 peccatore
2877 2304 3264 2376 paenitentiam
3279 2308 3502 2373 agente,

1910 2410 2078 2464 quam
2109 2410 2278 2465 super
2304 2394 2612 2463 nonaginta
2640 2410 2834 2447 novem
2874 2393 3060 2463 justis,
3095 2393 3191 2464 qui
3222 2409 3334 2446 non
3365 2391 3507 2463 indi-

1907 2488 2043 2552 gent
2081 2481 2434 2552 ptenitentia.

1980 2575 2170 2635 268
2192 2572 2374 2641 Atque
2404 2570 2544 2623 adeo
2570 2569 2968 2640 discipulorum
2994 2569 3252 2640 princeps
3283 2568 3501 2635 Petrus,

1910 2658 2007 2712 illa
2022 2659 2252 2729 inquam
2275 2658 2404 2712 ﬁdei
2423 2663 2601 2729 petra,
2616 2659 2736 2729 ipso
2756 2658 3055 2712 salutiferae
3077 2656 3353 2728 passionis
3368 2661 3508 2709 tem-

1910 2763 2045 2817 pore
2072 2740 2224 2800 certo
2250 2747 2492 2818 quodam
2516 2747 2749 2800 consilio
2778 2745 3183 2816 aliquantisper
3210 2761 3244 2798 a
3271 2745 3386 2798 De‘o
3407 2744 3507 2797 de-

1910 2840 2093 2889 sertus
2118 2838 2337 2905 (nempe
2354 2840 2420 2888 ut
2446 2835 2705 2888 humanae
2726 2834 3125 2888 imbecillitatis
3147 2833 3419 2887 vilitatem
3441 2848 3509 2885 ac

1910 2923 2195 2977 miseriam
2216 2929 2565 2993 perspectam
2595 2921 2863 2993 haberet),
2888 2939 2953 2976 eo
2980 2921 3190 2992 peccati
3214 2922 3508 2992 prolapsus

230 3013 411 3061 mento
437 3009 648 3062 sarcire
667 3026 731 3063 ac
750 3026 1017 3063 renovare
1032 3010 1179 3064 licet.
1203 3011 1398 3081 Neque
1430 3011 1577 3064 enim
1597 3012 1824 3065 misera-
1845 3023 1889 3083 ς,
1910 3015 2013 3075 est,
2044 3016 2110 3065 ut
2135 3012 2437 3065 Dominum
2465 3010 2754 3081 abjuraret
2775 3012 2922 3078 (Luc.
2951 3020 3108 3080 XXII).
3143 3011 3279 3063 Post
3314 3014 3506 3063 autem

226 3094 444 3150 tionum
476 3097 576 3151 Dei
607 3098 907 3151 multitudo
939 3099 1225 3152 numerari
1250 3104 1453 3169 potest,
1478 3117 1579 3153 nec
1610 3099 1826 3153 miseri-

230 3185 427 3240 cordia:
462 3185 640 3255 ipsius
676 3184 1005 3257 magnitudo
1036 3188 1095 3241 in
1129 3204 1453 3241 mensuram
1481 3188 1632 3242 cadit
1650 3189 1820 3259 (Psal.

226 3276 390 3339 cxuv)
408 3274 676 3330 .Peccata
703 3281 914 3340 contra,
942 3291 1286 3346 quaecunque
1316 3276 1547 3330 tandem
1577 3277 1674 3330 illa
1702 3276 1824 3330 fue-

226 3360 350 3428 rint,
365 3378 651 3417 mensurze
669 3379 732 3417 ac
752 3380 987 3417 numero
1007 3363 1398 3434 subjiciuntur.
1417 3365 1539 3428 Quo
1569 3365 1634 3419 fit
1653 3370 1717 3419 ut
1735 3382 1820 3431 ea,

230 3464 348 3503 cum
376 3451 442 3504 in
470 3467 795 3505 mensuram
823 3469 888 3506 ac
917 3468 1217 3506 numerum
1247 3453 1469 3519 cadant,
1489 3453 1825 3507 immensam

230 3537 320 3591 Dei
334 3540 784 3593 misericordiam
796 3546 965 3611 atque
977 3541 1418 3595 innumerabiles
1435 3542 1824 3596 miserationes

232 3626 441 3683 vincere
472 3634 777 3699 nequeant.

292 3718 369 3770 Ac
390 3717 633 3789 proinde
658 3717 727 3771 ob
747 3723 1102 3788 peccatorum
1126 3718 1544 3772 multitudinem
1570 3718 1822 3772 animum

229 3802 570 3875 despondere
622 3805 853 3859 minime
890 3806 1174 3876 jubemur,
1217 3806 1313 3860 sed
1363 3807 1465 3860 Dei
1512 3806 1821 3861 bonitatem

228 3907 545 3962 agnoscere,
579 3911 645 3947 ac
674 3900 902 3965 peccata
928 3900 1123 3949 nostra
1148 3895 1543 3952 condemnare.
1580 3910 1821 3965 quorum

228 3980 476 4063 remissio
500 3989 730 4054 propter
752 3983 958 4037 Christi
983 3983 1385 4053 benignitatem
1407 3983 1695 4054 proposita
1715 3988 1819 4045 est,

231 4070 319 4139 qui
347 4087 450 4142 pro
479 4072 784 4126 sceleribus
813 4072 1020 4126 nostris
1047 4073 1378 4143 sanguinem
1407 4087 1573 4125 suum
1604 4070 1820 4128 effudit.

231 4156 397 4213 Porro
410 4176 545 4214 cum
572 4177 640 4214 ex
655 4161 847 4216 multis
873 4160 1172 4232 Scriptura
1191 4161 1325 4215 locis
1350 4159 1691 4231 paenitentiae
1712 4158 1823 4212 vim

231 4245 601 4313 addiscamus,
626 4255 749 4304 tum
769 4249 1125 4320 potissimum
1147 4266 1212 4303 ex
1234 4248 1457 4303 Domini
1482 4247 1658 4301 nostri
1690 4248 1718 4300 J
1724 4263 1823 4300 esu

234 4334 434 4427 Christi
473 4337 787 4393 actionibus
814 4355 880 4392 ac
916 4337 1327 4427 parabolierx
1359 4341 1493 4427 tunc
1509 4335 1693 4427 enim,
1720 4337 1818 4427 ait,
1839 4369 1888 4427 D

232 4425 392 4496 capit
414 4427 582 4481 Iesus
616 4426 841 4496 docere,
872 4432 930 4481 et
958 4426 1143 4480 dicere
1174 4444 1186 4479 :
1221 4424 1618 4479 Paenitentiam
1648 4424 1825 4495 agite,

233 4515 701 4587 appropinquavit
725 4515 876 4570 enim
912 4530 1151 4586 regnum
1179 4514 1445 4568 ccelorum
1471 4514 1685 4582 (Matth.
1719 4517 1823 4582 Ill).

234 4599 375 4665 Quin
404 4603 583 4658 etiam
625 4603 683 4657 in
728 4594 993 4676 parabola
1037 4603 1219 4657 ﬁlium
1257 4602 1556 4673 quemdam
1587 4601 1823 4666 inducit,

236 4691 377 4753 (Luc.
414 4695 504 4760 xv)
512 4733 533 4761 ,
560 4692 656 4764 qui
683 4708 813 4747 cum
842 4691 1082 4763 acceptis
1110 4690 1363 4762 paternis
1393 4689 1592 4761 opibus
1618 4689 1676 4743 in
1702 4690 1825 4744 lon-

232 4777 500 4850 ginquam
514 4781 804 4850 regionem
826 4780 1107 4851 profectus
1125 4780 1340 4845 fuisset,
1364 4795 1570 4849 easque
1595 4778 1655 4832 in
1673 4779 1826 4832 omni

236 4864 392 4922 luxus
421 4874 595 4940 atque
627 4869 1078 4940 intemperantia:
1114 4883 1321 4938 genere
1366 4864 1822 4938 consumpsisset,

233 4962 446 5025 postea,
466 4959 694 5028 regione
714 4957 812 5012 illa
839 4957 985 5011 fame
1012 4957 1304 5011 laborante
1330 4955 1490 5021 abiit,
1516 4961 1577 5009 et
1594 4954 1829 5009 adhaesit

233 5047 325 5101 uni
336 5047 543 5101 civium
560 5045 805 5117 regionis
822 5045 1102 5109 illius.Qui
1116 5044 1459 5099 etiamillum
1470 5044 1527 5097 in
1540 5050 1828 5115 agrum,ut

233 5150 449 5204 porcos,
473 5136 580 5190 hoc
608 5141 697 5189 est
735 5134 1102 5205 asperrimum
1132 5138 1190 5187 et
1216 5133 1615 5187 exsecrandum
1638 5149 1828 5203 pecca-

236 5230 374 5290 tum,
392 5230 669 5297 pasceret,
692 5225 862 5278 misit.
896 5224 1036 5278 Cum
1057 5223 1249 5291 itaque
1279 5221 1471 5275 multis
1502 5221 1833 5274 calamitati-

234 5311 334 5367 bus
355 5315 594 5369 affectus
611 5313 827 5378 fuisset,
846 5319 1014 5383 atque
1033 5312 1092 5365 in
1110 5316 1328 5365 tantam
1349 5309 1634 5363 miseriam
1654 5308 1833 5363 venis-

235 5408 339 5471 set,
368 5409 437 5457 ut
474 5420 542 5457 ne
572 5419 868 5475 porcorum
915 5400 1142 5472 quidem
1179 5399 1396 5470 siliquis
1426 5398 1533 5469 ipsi
1580 5404 1831 5453 ventrem

236 5507 400 5547 suum
418 5492 653 5563 implere
680 5492 893 5563 liceret,
909 5490 1139 5545 tandem
1160 5486 1461 5559 aliquando
1482 5487 1626 5541 hanc
1653 5503 1830 5558 usque

1907 3098 2217 3164 confestim,
2233 3100 2435 3169 inquit,
2449 3099 2747 3153 verborum
2763 3099 2988 3153 Domini
3007 3098 3347 3161 recordatus,
3356 3096 3506 3150 foras

1908 3188 2092 3253 exivit,
2116 3193 2174 3242 et
2201 3188 2352 3241 flevit
2380 3204 2589 3253 amare,
2609 3204 2674 3241 ac
2693 3204 2793 3257 per
2818 3187 3063 3240 calentes
3084 3187 3209 3239 illas
3230 3187 3506 3256 lacrymas

1908 3281 2196 3347 acceptum
2213 3275 2615 3330 detrimentum
2632 3275 2773 3329 sarci
2781 3274 3282 3344 vit,victoriamque
3300 3274 3358 3327 in
3372 3274 3507 3328 alte-

1908 3382 2029 3419 ram
2062 3371 2279 3435 partem
2308 3364 2542 3418 inflexit.
2567 3365 2710 3418 Nam
2735 3380 2863 3417 cum
2892 3363 2974 3417 rei
3007 3362 3267 3416 militaris
3289 3362 3505 3433 peritus

1907 3459 2071 3517 esset,
2106 3452 2327 3507 etiamsi
2348 3452 2578 3519 cecidit;
2608 3469 2720 3505 non
2738 3457 2930 3506 tamen
2949 3451 3136 3505 animo
3157 3451 3368 3505 fractus
3397 3456 3502 3517 est,

1907 3558 2009 3596 nec
2038 3541 2232 3595 salutis
2260 3557 2375 3595 suae
2395 3558 2552 3611 spem
2580 3540 2817 3610 abjecit:
2845 3557 3039 3594 verum
3059 3539 3336 3603 resiliens,
3354 3556 3504 3593 acer~

1904 3629 2166 3684 bissimas
2198 3645 2262 3682 ex
2293 3644 2560 3699 oppresso
2590 3633 2814 3698 pectore
2842 3628 3118 3698 lacrymas
3150 3627 3417 3698 profudit,
3441 3643 3507 3680 ac

1904 3718 2094 3771 statim
2117 3724 2184 3771 ut
2200 3734 2296 3771 eas
2316 3716 2493 3770 hostis
2512 3716 2817 3787 conspexit,
2842 3733 2953 3769 non
2974 3732 3132 3770 secus
3152 3722 3319 3785 atque
3346 3716 3507 3769 vehe-

1905 3806 2268 3860 mentissima;
2279 3805 2569 3875 cujusdam
2583 3806 2823 3859 flamma:
2834 3805 3033 3858 ardore
3045 3804 3317 3861 ambustis
3324 3804 3504 3873 oculis,

1903 3895 2103 3965 pedem
2134 3893 2342 3959 retulit,
2378 3894 2570 3964 procul
2604 3893 2844 3963 fugiens,
2878 3899 3046 3964 atque
3072 3894 3417 3949 horrendum
3447 3895 3506 3948 in

1905 3982 2134 4036 modum
2152 3983 2200 4052 ej
2209 3982 2387 4036 ulans.
2413 3983 2623 4036 Contra
2638 3987 2827 4035 autem
2842 3982 2935 4035 ille
2952 3982 3258 4053 principem
3280 3999 3506 4038 rursum

1902 4070 2089 4124 locum
2117 4070 2329 4136 tenuit;
2367 4070 2841 4140 quemadmodum
2866 4070 3037 4124 totius
3061 4070 3209 4124 orbis
3239 4072 3509 4141 magister

1905 4157 2197 4212 institutus
2218 4158 2416 4222 fuerat,
2434 4158 2514 4211 ita
2535 4158 2704 4211 etiam
2726 4158 3066 4227 poenitentiae
3082 4159 3366 4228 exemplar
3380 4160 3509 4213 effe.

1905 4252 2046 4300 ctus.
2078 4248 2212 4300 Post
2241 4246 2709 4299 resurrectionem
2729 4251 2939 4304 autem.
2967 4262 3097 4298 cum
3121 4246 3377 4299 Christus
3394 4252 3509 4301 ter-

1904 4335 1985 4388 tio
2014 4335 2085 4389 ad
2114 4350 2245 4388 eum
2269 4333 2518 4397 dixisset,
2544 4333 2725 4397 Petre,
2762 4349 2918 4387 amas
2946 4334 3076 4387 me?
3105 4316 3382 4404 triplicem
3411 4334 3507 4387 ab-

1901 4422 2246 4493 jurationem
2298 4420 2555 4488 correxit,
2606 4422 2950 4492 respondens
3009 4422 3235 4487 scilicet,
3298 4422 3502 4489 Etiam,

1907 4510 2162 4577 Domine,
2195 4516 2258 4564 tu
2286 4509 2395 4564 scis
2420 4510 2553 4580 quia
2582 4526 2708 4564 amo
2734 4516 2811 4564 te.

1979 4600 2058 4652 Ex
2085 4598 2173 4652 his
2203 4598 2378 4669 igitur
2396 4598 2673 4664 omnibus,
2700 4598 2935 4669 aliisque
2957 4598 3404 4670 quamplurimis,
3424 4603 3506 4653 at-

1908 4704 2016 4759 que
2044 4687 2183 4742 adeo
2212 4704 2511 4741 numerum
2537 4704 2760 4742 omnem
2792 4687 3187 4758 superantibus
3216 4687 3503 4759 exemplis,

1906 4776 2283 4847 lacrymarum
2296 4793 2360 4829 ac
2374 4776 2716 4846 poenitentiae
2729 4776 2839 4829 vim
2859 4776 3245 4846 intelligimus.
3263 4777 3508 4831 Tantum

1907 4881 2081 4935 opera
2099 4866 2281 4930 detur,
2309 4870 2374 4918 ut
2392 4865 2532 4935 ipsa,
2551 4864 3025 4935 quemadmodum
3046 4864 3250 4919 rationi
3270 4881 3508 4919 consen-

1908 4959 2140 5007 taneum
2169 4959 2273 5017 est,
2306 4954 2424 5019 flat,
2452 4954 2556 5007 hoc
2585 4958 2670 5006 est
2698 4970 2763 5006 ex
2795 4954 2996 5007 alfectu
3025 4959 3315 5025 peccatum
3344 4970 3511 5008 exse-

1910 5048 2123 5104 crante,
2144 5042 2441 5112 ipsumque
2457 5042 2584 5094 odio
2606 5041 2933 5107 insectante,
2949 5048 3118 5114 atque
3138 5043 3513 5099 condemnan-

1910 5136 1986 5196 te,
2021 5147 2084 5185 ac
2113 5131 2387 5201 lacrymas
2414 5129 2723 5194 emittente,
2760 5132 3235 5201 quemadmodum
3277 5132 3358 5186 ait
3386 5148 3512 5203 pro-

1914 5220 2085 5290 pheta
2106 5218 2314 5272 David:
2350 5217 2619 5272 Laboravi
2650 5218 2707 5271 in
2743 5220 2957 5289 gemitu
2991 5237 3135 5285 meo,
3178 5220 3373 5274 lavabo
3411 5237 3513 5290 per

1914 5308 2161 5377 singulas
2177 5312 2371 5360 noctes
2394 5307 2598 5360 lectum
2615 5309 3090 5380 meum,lacrymis
3114 5309 3255 5363 meis
3272 5314 3511 5363 stratum

1914 5412 2100 5451 meum
2125 5394 2318 5465 rigabo
2332 5396 2498 5462 (Psal.
2524 5400 2621 5465 v1).
2637 5398 2852 5451 Actum
2875 5404 3229 5468 peccatorum
3252 5395 3511 5468 purgatio

1912 5500 2013 5557 per
2027 5482 2235 5538 Christi
2255 5499 2509 5538 cruorem
2536 5484 2594 5538 in
2612 5485 3006 5542 misericordiae
3030 5487 3205 5557 ipsius
3225 5483 3509 5556 magnitu-
