3942 6200
465 310 571 367 487

1492 307 1588 361 DE
1621 306 1810 362 VITIS
1847 304 2142 360 PATRUM
2177 303 2392 359 LIBER
2427 302 2718 361 PRIMUS.

3595 310 3680 366 488

467 436 601 490 dine
619 452 684 489 ac
708 431 1133 488 miserationum
1158 428 1518 484 multitudine
1546 429 1855 499 continget.
1879 426 2062 498 Ipsius
2080 430 2132 489 Α
2150 426 2298 497 quod
2326 442 2427 496 per
2454 427 2662 480 multas
2680 425 3073 484 tribulationes
3090 431 3314 499 oportet
3338 444 3433 483 nos
3449 428 3685 489 intrarein

472 525 622 578 enim
670 524 786 576 haec
830 519 996 574 verba
1023 523 1157 573 sunt
1188 535 1201 569 :
1255 517 1314 572 Si
1367 517 1578 572 fuerint
1613 522 1840 589 peccata
1881 521 2067 570 vestra

472 612 616 666 sicut
651 609 954 674 coccinum,
989 607 1149 677 quasi
1178 606 1271 660 nix
1312 605 1722 660 dealbabuntur
1751 624 1764 672 ;
1796 605 1845 659 si
1873 610 2065 658 autem

470 705 536 754 ut
556 698 906 761 vermiculus,
930 695 1090 766 quasi
1110 695 1242 748 lana
1268 694 1396 748 alba
1422 699 1607 748 erunt.

542 787 735 856 Operae
758 784 1002 856 pretium
1029 789 1115 838 est
1133 782 1325 853 itaque
1349 790 1414 836 ut
1430 788 1797 853 posteaquam
1817 779 2067 834 veritatis

468 874 847 944 cognitionem
867 872 1202 942 accepimus,
1225 877 1396 942 atque
1416 870 1896 940 regenerationem
1919 874 1976 923 et
2004 870 2067 924 fi-

468 963 670 1017 liorum
700 962 1059 1032 adoptionem
1084 960 1365 1015 consecuti
1385 976 1598 1025 sumus,
1621 958 1918 1028 divinaque
1939 974 2064 1029 my-

468 1051 643 1106 steria
670 1051 1039 1122 percepimus,
1072 1050 1224 1103 omni
1263 1048 1448 1103 studio
1476 1065 1541 1101 ac
1566 1045 1857 1117 diligentia
1877 1046 2064 1117 provi-

471 1141 728 1207 deamus,
750 1156 821 1193 ne
837 1155 1184 1194 corruamus.
1198 1139 1393 1208 Neque
1413 1136 1563 1191 enim
1577 1136 1776 1190 cadere
1796 1135 2066 1189 athletam

473 1228 651 1294 decet,
687 1227 1142 1299 quandoquidem
1179 1226 1363 1289 multi,
1397 1242 1524 1279 cum
1554 1224 1900 1289 cecidissent,
1942 1238 2065 1277 sese

474 1318 689 1387 erigere
720 1316 950 1370 minime
981 1319 1301 1387 potuerunt.
1327 1313 1546 1368 Etenim
1576 1312 1691 1378 alii,
1716 1330 1843 1367 cum
1862 1313 2067 1382 januas

472 1405 686 1459 vitiosis
725 1403 1108 1458 affectionibus
1144 1402 1512 1474 aperuissent,
1549 1407 1717 1471 atque
1755 1399 2066 1454 arctissimo

475 1511 620 1548 nexu
647 1494 782 1564 ipsis
812 1492 1120 1556 haesissent,
1144 1508 1255 1546 non
1270 1492 1389 1561 jam
1416 1490 1487 1544 ad
1525 1489 1913 1561 paenitentiam
1945 1504 2066 1541 sese

474 1586 795 1636 convertere
815 1586 1137 1652 potuerunt.
1151 1580 1260 1634 Alii
1276 1585 1465 1634 autem
1486 1584 1666 1633 morte
1677 1577 1831 1649 prius
1850 1576 2068 1647 abrepti

475 1688 644 1741 quam
677 1675 991 1725 contractas
1019 1669 1286 1723 vitiorum
1319 1668 1512 1722 sordes
1550 1683 1650 1738 per
1678 1664 2067 1737 pmnitentiam

2146 531 2385 585 regnum
2411 515 2682 569 ccelorum
2718 514 2854 585 (Act.
2888 515 3015 582 xw),
3052 516 3113 571 in
3141 516 3198 570 id
3226 516 3377 571 omni
3405 517 3557 572 animi
3581 536 3685 575 con-

2143 602 2395 657 tentione
2422 602 2817 670 incubuerunt,
2841 610 2906 659 ut
2928 610 3056 676 post
3083 604 3438 674 baptismum,
3465 606 3687 663 immacu-

2146 691 2324 746 latum
2340 707 2404 745 ac
2423 691 2564 745 labis
2575 692 2758 746 omnis
2779 709 2976 763 expers
2995 692 3426 765 incorruptionis
3434 693 3686 751 indumen-

2146 783 2269 833 tum
2284 786 2695 834 conservarent.
2710 781 2789 835 Ac
2800 781 3033 852 proinde
3044 781 3275 852 quidam
3286 799 3470 836 eorum
3489 783 3690 840 alterum

2147 867 2317 922 etiam
2326 867 2669 940 baptismum
2680 869 2911 941 insuper
2921 876 3363 941 assumpserunt,
3377 871 3475 925 hoc
3483 877 3574 939 est,
3585 889 3689 928 eum

2148 956 2243 1027 qui
2258 956 2315 1009 in
2337 962 2532 1023 πο
2547 957 2840 1028 sanguinis
2859 957 3200 1029 profusione,
3225 976 3291 1012 ac
3309 958 3562 1031 martyrio
3577 960 3693 1016 situs

2147 1049 2249 1097 est.
2282 1043 2603 1115 Baptismus
2631 1045 2782 1100 enim
2811 1046 2901 1100 hic
2944 1063 3166 1118 quoque
3203 1047 3505 1118 appellatus
3528 1054 3616 1114 est,
3650 1054 3695 1104 et

2147 1132 2373 1203 quidem
2387 1133 2909 1203 praestantissimus,
2932 1151 2997 1189 ac
3025 1152 3247 1189 summa
3272 1136 3603 1190 veneratione
3625 1136 3695 1191 di-

2144 1237 2309 1291 gnus,
2339 1237 2521 1292 neque
2553 1221 2703 1275 enim
2732 1222 3135 1293 posterioribus
3153 1224 3366 1295 peccati
3390 1224 3698 1280 sordibusino

2148 1309 2434 1380 quinatur.
2478 1310 2657 1374 Quem
2700 1310 2872 1365 etiam
2922 1311 3192 1367 Dominus
3239 1330 3396 1367 meus
3439 1313 3695 1384 accipiens,

2148 1395 2490 1468 baptismum
2513 1398 2714 1452 merito
2740 1399 3100 1470 nuncupavit.
3130 1400 3345 1455 Deinde
3367 1400 3531 1471 ipsius
3548 1401 3700 1456 imita.

2148 1490 2300 1539 tores
2326 1484 2526 1552 effecti,
2550 1486 2796 1557 primum
2822 1487 3049 1557 quidem
3086 1488 3262 1560 ipsius
3292 1494 3627 1559 spectatores,
3654 1495 3701 1545 et

2149 1573 2426 1645 discipuli,
2459 1581 2628 1645 atque
2648 1576 2905 1646 apostoli,
2939 1576 3201 1648 deinceps
3231 1582 3422 1631 autem
3448 1577 3701 1633 universus

2149 1668 2472 1717 sanctorum
2500 1669 2814 1735 martyrum
2844 1665 3068 1729 chorus,
3097 1665 3376 1721 idolorum
3411 1666 3698 1733 cultoribus,

474 1758 886 1823 abstersissent,
914 1758 1272 1812 condemnati
1300 1762 1454 1811 sunt.
1474 1757 1780 1826 Pr0ptcrea
1798 1754 2068 1825 periculo-
2087 1744 2135 1804 B
2150 1751 2375 1822 regibus
2404 1769 2470 1806 ac
2496 1754 2755 1825 tyrannis
2783 1753 2997 1825 seipsos
3016 1772 3117 1826 pro
3137 1754 3348 1810 Christi
3367 1755 3579 1810 nomine
3592 1756 3705 1826 obji-

474 1865 598 1902 sum
614 1853 700 1902 est
720 1848 778 1901 in
798 1847 1014 1912 vitium,
1031 1846 1400 1917 quodcunque
1417 1844 1643 1897 tandem
1660 1843 1803 1905 illud
1824 1843 1916 1909 sit,
1934 1840 2066 1896 labi.

476 1935 773 2000 Caeterum,
821 1934 868 1987 si
896 1933 1010 1987 labi
1033 1934 1349 2004 contigerit,
1384 1933 1575 1987 statim
1613 1931 1933 1986 enitendum
1986 1934 2073 1985 est

475 2029 541 2077 ut
566 2023 901 2086 resiliamus,
937 2039 1275 2093 rursumque
1303 2021 1374 2075 ad
1412 2022 1743 2092 praeclarum
1786 2027 2072 2075 certamen

475 2112 795 2166 obeundum
822 2117 1051 2166 stemus.
1085 2112 1154 2165 Et
1176 2110 1394 2181 quoties
1418 2110 1618 2164 cadere
1641 2109 1955 2179 contigerit,
1987 2115 2070 2163 to-

473 2201 582 2255 ties
611 2200 780 2255 etiam
806 2200 999 2254 statim
1019 2216 1197 2271 usque
1225 2199 1297 2253 ad
1325 2204 1638 2254 extremum
1658 2198 1783 2252 vitae
1808 2198 1957 2252 diem
1977 2214 2071 2251 cu-

473 2289 715 2343 randum
742 2295 844 2355 est,
860 2294 925 2343 ut
943 2305 1326 2360 resurgamus,
1352 2293 1522 2359 atque
1550 2288 1609 2341 in
1637 2287 1926 2358 procinctu
1954 2294 2070 2342 ste-

475 2395 621 2432 mus.
668 2378 1071 2432 Convertimini
1110 2378 1259 2431 enim
1305 2377 1378 2431 ad
1408 2392 1518 2442 me,
1554 2381 1612 2431 et
1640 2392 1743 2446 ego
1778 2380 2071 2430 convertar

472 2466 544 2520 ad
568 2483 685 2533 vos,
719 2466 799 2520 ait
826 2465 1097 2521 Dominus
1125 2467 1384 2537 (Zachar.
1418 2468 1477 2533 ι).

545 2555 672 2609 CAP.
696 2555 820 2609 XII.
848 2583 916 2593 —
945 2554 1031 2607 Ad
1065 2554 1179 2607 haec
1204 2558 1394 2607 autem
1422 2552 1691 2623 Josaphat
1716 2550 1891 2605 dixit:
1917 2551 2071 2613 Qua-

482 2658 610 2696 nam
624 2641 798 2711 igitur
810 2640 1026 2694 ratione
1041 2640 1287 2711 seipsum
1300 2639 1574 2711 quispiam
1588 2644 1713 2710 post
1726 2636 2070 2708 baptismum

478 2730 548 2784 ab
570 2730 721 2782 omni
744 2728 955 2800 peccati
983 2728 1107 2783 labe
1126 2744 1330 2799 purum
1359 2726 1635 2781 servabit?
1653 2728 1799 2780 Nam
1823 2725 1927 2779 etsi
1948 2741 2073 2796 pec-

476 2817 755 2883 cantibus,
780 2822 845 2872 ut
871 2817 989 2889 ipse
1009 2817 1111 2883 ais,
1129 2816 1459 2888 paenitentia
1477 2820 1650 2887 patet,
1674 2819 1866 2869 tamen
1880 2814 2071 2868 labore

475 2913 534 2961 et
560 2907 906 2977 fatigatione,
940 2922 1005 2959 ac
1043 2908 1178 2960 fletu
1210 2910 1267 2960 et
1294 2905 1447 2960 luctu
1477 2922 1617 2975 opus
1645 2910 1733 2959 est
1764 2922 1776 2957 :
1805 2920 1928 2975 quae
1951 2903 2071 2973 qui-

473 2995 602 3050 dem
631 2995 908 3065 ejusmodi
937 2995 1076 3048 mihi
1104 3011 1228 3048 esse
1257 2993 1536 3060 videntur,
1564 2998 1630 3047 ut
1669 3010 1782 3047 non
1810 3009 1878 3046 ea
1905 2991 2069 3045 multi

2147 1839 2376 1907 cientes,
2409 1841 2600 1895 omnia
2647 1842 3048 1913 suppliciorum
3086 1860 3296 1913 genera
3332 1845 3701 1909 sustinuerunt,

2148 1928 2279 1982 feris
2301 1928 2558 1982 videlicet
2585 1929 2809 2000 objecti,
2830 1936 3002 2002 atque
3022 1931 3151 2002 igne
3181 1933 3434 1998 cremati,
3466 1937 3522 1986 et
3535 1932 3709 2003 gladiis

2149 2016 2467 2071 obtruncati
2481 2061 2501 2075 ,
2518 2019 2772 2090 Cumque
2784 2020 3109 2090 praeclaram
3125 2020 3526 2076 confessionem
3539 2020 3709 2075 edidis-

2150 2110 2295 2171 sent,
2313 2110 2371 2158 et
2382 2122 2606 2160 cursum
2618 2113 3131 2175 consummassent,
3144 2125 3209 2162 ac
3223 2109 3393 2164 fidem
3411 2113 3707 2173 servassent,

2145 2193 2382 2263 justitiae
2413 2195 2658 2265 palmam
2682 2196 2965 2251 consecuti
2999 2204 3151 2259 sunt,
3183 2198 3511 2269 angelorum
3538 2203 3708 2253 contu-

2150 2280 2426 2348 bernales,
2449 2288 2507 2337 et
2521 2283 2729 2337 Christi
2744 2284 3059 2339 coheredes
3076 2285 3276 2339 effecti.
3301 2286 3547 2350 Quorum
3562 2286 3711 2340 virtus

2151 2387 2329 2441 usque
2354 2371 2494 2426 adeo
2523 2371 2772 2440 emicuit,
2802 2378 2868 2427 ut
2885 2373 2945 2428 in
2974 2390 3198 2429 omnem
3219 2380 3434 2429 terram
3453 2391 3711 2429 eorumso-

2151 2475 2258 2514 nus
2286 2460 2502 2527 exierit,
2535 2466 2593 2515 et
2618 2459 2677 2515 in
2723 2462 2863 2516 fines
2912 2461 3061 2517 orbis
3109 2468 3275 2518 terra:
3320 2463 3504 2534 fulgor
3545 2478 3712 2517 eorum

2149 2549 2319 2614 (Psal.
2351 2552 2528 2617 xvuI),
2567 2566 2690 2620 quae
2714 2556 2863 2604 recte
2889 2568 3017 2606 cum
3036 2553 3244 2607 virtute
3254 2558 3565 2623 gesserunt,
3593 2551 3713 2607 ruti-

2152 2636 2300 2691 larit.
2334 2639 2551 2692 Horum
2577 2655 2690 2693 non
2718 2639 2888 2693 verba
2908 2640 3179 2695 duntaxat
3205 2647 3263 2696 et
3276 2658 3469 2713 opera,
3501 2641 3591 2695 sed
3614 2640 3713 2712 ipse

2152 2742 2373 2796 quoque
2400 2743 2562 2781 cruor
2592 2732 2650 2782 et
2675 2744 2821 2796 ossa,
2849 2729 3003 2783 omni
3033 2730 3331 2784 sanctitate
3381 2731 3539 2801 plena
3584 2736 3713 2784 sunt.

2152 2813 2445 2869 Daemones
2468 2831 2711 2886 namque
2732 2833 2834 2887 per
2853 2816 2962 2870 vim
2989 2816 3050 2871 in
3077 2817 3269 2887 fugam
3293 2824 3551 2886 vertunt;
3572 2822 3716 2888 atque

2151 2900 2222 2955 iis
2232 2902 2329 2972 qui
2346 2920 2473 2957 cum
2497 2903 2607 2958 fide
2628 2904 2918 2971 accedunt,
2939 2904 3275 2961 incurabiles
3295 2907 3505 2978 alioqui
3522 2905 3718 2961 morbos

2150 2990 2475 3061 profligant.
2510 2992 2656 3056 Quin
2677 2998 2858 3048 vestes
2871 3010 3094 3066 quoque
3113 2994 3264 3066 ipsae,
3289 3001 3351 3050 et
3367 2996 3416 3050 si
3444 2995 3570 3067 quid
3587 2992 3717 3047 aliud

470 3084 632 3138 facile
659 3084 923 3154 consequi
946 3084 1178 3155 possint.
1195 3083 1467 3147 Quocirca
1492 3082 1639 3136 viam
1660 3081 1846 3153 potius
1874 3080 2064 3134 nanci-
2079 3077 2123 3138 C
2144 3078 2215 3132 ad
2226 3079 2474 3149 pretiosa
2490 3097 2686 3136 eorum
2699 3099 2934 3155 corpora
2967 3083 3197 3155 propius
3219 3084 3474 3152 accessit,
3489 3082 3718 3139 omnibus

471 3172 552 3225 sci
573 3189 853 3242 cuperem,
886 3187 998 3242 qua
1026 3171 1242 3225 sincere
1265 3176 1434 3241 atque
1454 3175 1644 3224 exacte
1672 3170 1772 3224 Dei
1796 3174 2073 3240 precepta

446 3260 774 3326 ‘servarem,
809 3278 911 3315 nec
938 3260 1010 3314 ab
1041 3260 1110 3314 iis
1140 3260 1517 3325 deflecterem,
1545 3276 1648 3313 nec
1676 3262 1803 3329 post
1821 3258 2073 3330 priorum

473 3355 827 3420 peccatorum
845 3349 1064 3403 veniam
1094 3348 1473 3419 impetratam,
1494 3347 1886 3402 suavissimum
1909 3346 2069 3401 illum

478 3438 783 3492 Dominum
804 3455 868 3492 ac
897 3438 1075 3492 Deum
1102 3438 1173 3491 ad
1201 3437 1549 3492 iracundiam
1575 3452 1955 3508 provocarem.

544 3526 852 3596 Respondit
875 3532 1065 3580 autem
1094 3526 1355 3580 Barlaam
1378 3544 1391 3577 :
1416 3527 1585 3579 Recte
1606 3526 1723 3578 haec
1743 3524 1951 3591 dixisti,
1967 3523 2071 3578 do-

475 3612 626 3667 mine
653 3614 730 3667 mi
762 3630 826 3668 ac
856 3630 969 3679 rex,
1003 3618 1171 3683 atque
1198 3614 1303 3667 hoc
1327 3612 1468 3667 mihi
1493 3617 1817 3683 pergratum
1839 3618 1951 3678 est;
1983 3628 2070 3665 ve-

479 3718 608 3755 rum
637 3702 874 3755 arduum
906 3706 1009 3766 est,
1032 3717 1103 3754 ne
1117 3700 1301 3754 dicam
1329 3700 1691 3771 impossibile,
1714 3705 1779 3754 ut
1792 3699 2071 3770 quispiam

474 3788 536 3842 in
556 3789 686 3858 igne
714 3794 981 3854 versetur,
996 3805 1098 3842 nec
1115 3794 1305 3843 tamen
1323 3789 1475 3843 fumo
1505 3788 1844 3843 offundatur.
1862 3788 2071 3842 Eodem

484 3874 618 3929 item
653 3876 817 3930 modo
846 3876 1085 3931 arduum
1110 3882 1196 3931 est
1221 3894 1285 3931 ac
1313 3894 1586 3948 perquam
1621 3876 1846 3930 difficile
1874 3882 1939 3930 ut
1975 3876 2072 3948 qui

479 3965 713 4034 hujusce
741 3964 867 4019 vita:
896 3964 1134 4035 negotiis
1161 3970 1433 4036 tanquam
1472 3965 1705 4020 vinculis
1736 3964 2071 4036 quibusdam

475 4052 739 4108 astrictus
770 4057 1013 4119 tenetur,
1035 4054 1269 4125 ejusque
1291 4053 1441 4108 curis
1462 4069 1527 4108 ac
1554 4053 1890 4108 tumultibus
1910 4052 2071 4107 disti-

472 4148 660 4205 netur,
694 4148 863 4213 atque
894 4143 953 4196 in
983 4141 1184 4213 opibus
1204 4159 1270 4196 ac
1294 4142 1507 4197 deliciis
1531 4142 1683 4210 vivit,
1707 4142 1828 4197 sine
1856 4143 1973 4197 ulla
1988 4142 2073 4196 in-

472 4231 709 4287 ﬂexione
740 4232 1135 4286 mandatorum
1155 4231 1257 4286 Dei
1278 4230 1422 4285 viam
1451 4236 1729 4303 peragret,
1755 4248 2073 4303 purumque

473 4320 721 4393 seipsum
758 4321 929 4391 atQue
965 4320 1303 4376 incolumem
1330 4320 1400 4375 ab
1431 4320 1500 4374 iis
1533 4326 1733 4376 servet.
1781 4321 1878 4376 Ait
1921 4320 2072 4375 enim

2152 3169 2498 3224 venerationi
2527 3176 2676 3225 sunt.

2223 3258 2305 3312 De
2332 3258 2534 3330 quibus
2555 3260 2724 3331 longa
2751 3260 3005 3315 oratione
3026 3260 3163 3317 mihi
3183 3279 3325 3334 opus
3358 3269 3522 3330 esset,
3539 3262 3584 3318 si
3603 3278 3721 3334 prte-

2153 3345 2305 3401 clara
2333 3364 2528 3402 eorum
2576 3348 2822 3403 facinora
2869 3348 3157 3420 sigillatim
3200 3366 3483 3422 eXponere
3524 3352 3717 3406 vellem.

2153 3435 2526 3507 Posteaquam
2556 3442 2745 3492 autem
2774 3436 3026 3494 crudeles
3058 3432 3139 3494 illi
3160 3457 3224 3494 ac
3252 3440 3490 3496 belluini
3520 3438 3720 3513 tyranni

2150 3523 2374 3590 misere,
2402 3531 2466 3579 ut
2493 3542 2689 3581 eorum
2708 3525 3037 3598 improbitas
3067 3528 3413 3597 merebatur,
3438 3530 3717 3601 perierunt,

2152 3612 2576 3684 persecutioque
2604 3616 2776 3669 finem
2806 3617 3037 3687 accepit,
3071 3634 3136 3671 ac
3163 3618 3242 3688 pii
3267 3618 3631 3691 imperatores
3649 3621 3720 3671 to-

2151 3701 2264 3756 tius
2284 3701 2433 3757 orbis
2461 3703 2697 3774 imperio
2721 3704 2886 3774 potiti
2900 3711 3052 3771 sunt,
3074 3706 3438 3762 succedentes
3460 3707 3571 3772 alii,
3589 3722 3724 3760 acze-

2153 3791 2271 3844 lum
2300 3790 2460 3845 illum
2496 3792 2854 3864 divinamque
2883 3793 3249 3865 cupiditatem
3278 3796 3391 3850 sibi
3418 3795 3722 3850 imitandam

2153 3883 2545 3948 proponentes,
2563 3880 2870 3951 eodemque
2896 3880 3098 3935 timore
3108 3883 3361 3938 sauciam
3380 3884 3621 3938 animam
3636 3883 3723 3936 ha-

2153 3963 2367 4032 bentes,
2389 3966 2528 4021 illud
2545 3967 2753 4038 optime
2773 3985 2966 4024 secum
2987 3970 3421 4026 considerabant
3440 3978 3603 4043 atque
3619 3985 3723 4041 spe-

2154 4052 2398 4121 ctabant,
2413 4059 2476 4109 ut
2504 4055 2573 4109 ab
2603 4056 2757 4111 omni
2785 4058 3051 4129 spurcitie
3067 4076 3268 4131 puram
3283 4062 3534 4116 animam
3547 4078 3610 4115 ac
3625 4075 3725 4114 cor-

2153 4158 2257 4213 pus
2285 4143 2400 4197 Deo
2430 4143 2794 4202 exhiberent:
2825 4146 2906 4200 sic
2929 4147 3195 4203 nimirum
3224 4165 3284 4203 se
3335 4155 3721 4222 comparantes,

2152 4236 2218 4285 ut
2254 4248 2448 4287 omnes
2476 4232 2801 4289 vitiosarum
2830 4236 3189 4292 afl'ectionum
3216 4238 3470 4294 actiones
3492 4242 3727 4311 amputa-

2154 4326 2298 4388 rent,
2340 4321 2663 4393 seipsosque
2682 4323 2752 4378 ab
2782 4325 2935 4379 omni
2950 4325 3132 4380 carnis
3159 4331 3217 4380 et
3233 4325 3471 4398 spiritus
3490 4328 3726 4399 inquina-

471 4391 745 4465 Dominus
770 4410 978 4480 (.llatth.
1008 4411 1081 4479 v1)
1120 4426 1134 4464 :
1166 4410 1344 4464 Nemo
1372 4414 1557 4481 potest
1584 4409 1802 4464 duobus
1829 4408 2072 4463 dominis
2086 4391 2135 4451 Ῑ)
2152 4415 2344 4464 mento
2361 4391 2753 4482 repurgarent.
2779 4413 3058 4477 Quoniam
3072 4391 3386 4472 autem-hoc
3403 4434 3518 4472 non
3537 4391 3641 4471 alia
3655 4431 3730 4470 ra-

471 4498 698 4553 servire.
714 4499 829 4551 Aut
849 4496 1000 4550 enim
1029 4513 1204 4551 unum
1226 4494 1352 4550 odio
1377 4496 1621 4563 habebit,
1648 4502 1709 4551 et
1726 4497 1970 4551 alterum
1991 4494 2073 4551 di-

2152 4496 2323 4563 tione,
2339 4514 2509 4569 quam
2524 4515 2626 4570 per
2639 4499 3035 4556 mandatorum
3054 4503 3262 4557 Christi
3279 4503 3725 4567 observationem.

469 4587 633 4658 liget;
657 4591 758 4641 aut
775 4585 873 4640 uni
898 4585 1224 4651 adhaerebit,
1245 4590 1303 4638 et
1327 4585 1565 4639 alterum
1585 4590 1922 4639 contemnet.
1943 4585 2072 4640 Non
2154 4601 2188 4639 a
2207 4602 2265 4639 se
2276 4587 2529 4656 praestari
2548 4604 2713 4659 posse
2732 4587 3135 4661 intelligebant,
3166 4593 3564 4649 mandatorum
3583 4607 3730 4665 porro

471 4676 705 4746 potestis
725 4676 841 4730 Deo
864 4674 1074 4729 servire
1098 4679 1156 4728 et
1184 4689 1537 4727 mammonae.
1570 4673 1717 4737 Quin
1738 4673 1908 4727 etiam
1937 4674 2071 4728 cha-
2153 4672 2599 4729 observationem
2626 4693 2691 4731 ac
2718 4676 2990 4734 virtutum
3010 4679 3222 4735 cultum
3241 4681 3303 4735 in
3329 4684 3535 4738 mediis
3556 4680 3729 4737 mundi

472 4779 569 4818 rus
594 4764 771 4835 ipsius
791 4763 1096 4834 discipulus
1124 4763 1366 4817 Joannes
1387 4761 1727 4831 evangelista
1752 4766 1810 4815 et
1832 4762 2072 4817 Theolo-
2153 4762 2488 4817 tumultibus
2516 4781 2664 4835 aegre
2700 4768 2965 4838 consequi
2997 4785 3057 4823 se
3104 4786 3268 4841 posse
3316 4770 3728 4844 perspiciebant,

472 4866 577 4919 gus
604 4851 663 4904 in
710 4852 948 4923 epistola
977 4867 1081 4906 sua
1110 4850 1190 4905 ait
1221 4872 1234 4905 :
1282 4849 1468 4905 Nolite
1516 4849 1748 4919 diligere
1775 4850 2068 4916 mundum,
2154 4852 2360 4905 novum
2388 4853 2669 4922 quoddam
2689 4860 2858 4926 atque
2886 4856 2956 4910 ab
2978 4857 3103 4911 aliis
3122 4858 3410 4914 diversum
3431 4861 3557 4916 vitta
3573 4875 3731 4931 genus

474 4953 657 5008 neque
685 4956 751 4993 ea
777 4957 899 5011 qua:
928 4940 986 4994 in
1009 4940 1219 4995 mundo
1243 4944 1392 4994 sunt.
1426 4937 1705 5002 Quoniam
1731 4954 1895 4992 omne
1923 4938 2072 5009 quod
2153 4938 2792 5010 sibiipsisinstituerunt,
2811 4961 2877 4998 ac
2884 4945 3047 5016 juxta
3058 4946 3732 5015 divinamvocem,relictis

475 5031 562 5079 est
574 5026 634 5080 in
650 5029 878 5093 mundo,
908 5034 1008 5082 aut
1026 5027 1476 5100 concupiscentia
1500 5026 1685 5081 carnis
1706 5032 1807 5094 est,
1832 5032 1932 5081 aut
1950 5042 2078 5081 con-
2158 5028 2416 5083 omnibus
2436 5029 2621 5099 rebus,
2644 5032 2749 5087 hoc
2769 5039 2856 5087 est
2874 5034 3218 5104 parentibus,
3267 5037 3484 5104 liberis,
3537 5038 3729 5102 amicis,

472 5115 815 5186 cupiscentia
846 5117 1154 5183 oculorum,
1185 5122 1285 5171 aut
1325 5115 1592 5188 superbia
1627 5116 1770 5183 vitae,
1812 5132 1933 5186 quae
1962 5132 2074 5170 non
2157 5116 2426 5187 cognatis,
2458 5118 2675 5190 opibus,
2704 5121 2936 5189 deliciis,
2960 5124 3283 5196 cunctisque
3296 5127 3498 5181 mundi
3514 5140 3734 5181 commo-

470 5209 557 5259 est
578 5220 646 5258 ex
674 5204 860 5269 Patre,
893 5205 991 5258 sed
1023 5222 1087 5259 ex
1116 5206 1326 5260 mundo
1358 5211 1461 5260 est.
1498 5207 1567 5260 Et
1597 5205 1839 5259 mundus
1871 5204 2076 5259 transit
2156 5204 2242 5259 dis
2261 5197 2617 5279 contemptis,
2644 5209 2704 5263 in
2732 5210 3081 5277 solitudines,
3100 5218 3370 5285 tanquam
3390 5216 3616 5271 exsules
3633 5212 3736 5286 qui-

471 5297 531 5347 et
556 5291 1007 5362 concupiscentia
1034 5293 1174 5362 ejus.
1209 5293 1315 5357 Qui
1344 5299 1536 5348 autem
1566 5293 1702 5348 facit
1727 5293 2073 5347 voluntatem
2156 5293 2305 5360 dam,
2340 5312 2463 5350 sese
2490 5298 2866 5365 contulerunt,
2899 5306 3147 5370 egentes,
3174 5303 3508 5373 angustiati,
3538 5301 3731 5363 afflicti.

470 5382 592 5448 Dei,
628 5387 822 5434 manet
848 5380 908 5434 in
936 5384 1207 5435 aeternum
1239 5384 1288 5451 (Ι
1313 5385 1474 5436 Joan.
1502 5386 1587 5447 ιι).
2156 5382 2359 5452 quibus
2386 5384 2590 5455 dignus
2619 5402 2732 5441 non
2763 5394 2887 5442 erat
2906 5389 3150 5445 mundus
3184 5392 3362 5462 (Hebr.
3398 5403 3509 5464 x1):
3541 5392 3599 5447 in
3625 5390 3738 5445 soli-

540 5470 673 5525 Haec
689 5468 864 5540 igitur
885 5484 1013 5522 cum
1043 5467 1212 5522 divini
1233 5485 1298 5523 ac
1314 5469 1582 5525 divinitus
1602 5469 1861 5541 inspirati
1882 5474 2071 5541 patres
2155 5471 2445 5528 tudinibus
2466 5480 2738 5544 errantes,
2775 5476 2835 5532 in
2864 5477 3168 5545 montibus,
3185 5484 3243 5534 et
3269 5481 3575 5551 speluncis,
3603 5485 3654 5534 et
3684 5478 3737 5531 in

462 5559 639 5617 nostri
650 5556 1362 5629 animadvertissent,atque
1374 5556 1511 5613 illud
1523 5558 1758 5631 apostoli
1769 5558 2068 5627 audissent,
2151 5560 2401 5618 cavernis
2419 5566 2601 5632 terrae,
2622 5580 2687 5620 ac
2705 5565 2918 5637 seipsos
2937 5566 3009 5622 ab
3023 5568 3284 5625 omnibus
3296 5570 3739 5642 terrenisjucun-
