3876 6190
259 286 362 346 489
668 281 840 336 VITA
876 274 1313 334 SANCTORUM
1348 267 1694 326 BARLAAM
1729 260 2067 321 EREMITIE
2105 261 2193 316 ET
2227 259 2591 318 JOSAPHAT
2629 263 2852 320 INDIIE
2888 265 3123 324 REGIS.
3428 267 3538 328 490

258 410 530 467 ditatibus
560 411 619 462 et
653 403 1038 476 voluptatibus
1063 401 1256 473 procul
1286 402 1654 459 removentes,
1689 398 1857 463 atque
1877 387 2109 450 Amodo
2139 387 2351 453 fecisse,
2386 405 2509 459 quae
2537 390 2672 460 ipsis
2699 408 2733 445 a
2760 393 2876 448 Deo
2914 401 3191 466 praecepta
3225 401 3428 462 essent,
3449 415 3538 452 ve-

263 501 400 555 adeo
427 498 592 570 panis
631 497 803 551 etiam
847 499 903 548 et
929 492 1388 546 vestimentorum
1425 487 1582 558 gravi
1629 482 1866 556 penuria
1945 493 2070 532 rum
2101 478 2276 532 multo
2307 478 2471 548 plura
2493 496 2613 533 esse
2640 497 2763 552 quae
2787 483 2892 536 sibi
2917 484 3192 551 deessent,
3218 502 3386 557 quam
3417 503 3540 558 quae

265 590 610 644 laborantes.
1943 569 2061 639 jam
2084 568 2492 638 praestitissent.
2518 570 2760 624 Rursum
2782 573 2830 626 is
2854 574 2948 643 qui
2977 575 3036 628 in
3056 576 3319 645 religiosa
3340 578 3544 632 exerci-

338 677 501 742 Quod
533 681 596 729 ut
624 674 888 736 facerent,
922 671 1126 741 duplex
1167 685 1261 722 eos
1291 683 1460 722 causa
1497 661 1820 736 impellebat
1853 677 1863 712 :

267 769 465 826 altera,
497 772 562 818 ut
592 764 922 818 vitiosarum
952 759 1310 814 affectionum
1343 755 1609 810 materias
1637 750 1869 806 minime

269 861 584 919 cernentes,
623 868 819 906 earum
859 850 1192 921 cupiditates
1235 846 1506 900 radicitus
1554 861 1621 897 ex
1668 839 1873 895 animis

271 947 388 1001 suis
411 944 735 1006 evellerent,
765 955 1069 1009 earumque
1100 935 1428 990 memoriam
1460 933 1871 992 oblitterarent,

273 1051 336 1089 ac
365 1033 690 1087 divinarum
715 1035 774 1083 et
796 1028 1105 1082 cmlestium
1136 1041 1325 1080 rerum
1353 1039 1604 1078 amorem
1637 1025 1694 1074 et
1726 1017 1876 1072 desi-

274 1122 496 1176 derium
527 1121 586 1174 in
636 1118 837 1189 seipsis
884 1118 1224 1180 insererent;
1261 1115 1458 1178 altera,
1492 1117 1555 1165 ut
1584 1126 1684 1181 per
1732 1107 1877 1162 affli-

275 1212 519 1266 ctionem
549 1225 750 1278 corpus
777 1207 1132 1270 conﬁcerent,
1167 1203 1468 1273 animoque
1498 1217 1562 1254 ac
1591 1200 1878 1253 voluntate

276 1307 558 1371 martyres
589 1297 788 1361 allecti,
821 1312 889 1349 ea
929 1293 1127 1365 gloria,
1162 1308 1332 1363 quam
1385 1291 1424 1344 ii
1457 1289 1551 1360 qui
1607 1287 1879 1358 martyrio

1948 658 2180 721 tatione,
2215 656 2285 712 ob
2316 658 2562 729 corporis
2582 659 2817 716 fortasse
2845 662 3285 720 imbecillitatem
3315 667 3548 721 inferior

1954 752 2090 810 erat,
2125 747 2371 818 seipsum
2400 748 2561 802 nihili
2587 750 2880 819 pendebat,
2917 769 2981 806 ac
3009 756 3277 809 miserum
3306 755 3544 823 dicebat,

1957 837 2131 890 animi
2175 837 2385 891 scilicet
2413 838 2666 908 ignaviae,
2699 856 2763 893 ac
2794 857 2905 895 non
2936 850 3149 898 naturae
3179 845 3552 900 imbecillitati

1958 925 2235 980 defectum
2265 944 2428 982 suum
2451 930 2762 999 assignans.
2782 931 2869 985 Ita
2897 932 2990 986 alii
3010 934 3150 998 aliis,
3167 941 3336 1006 atque
3358 953 3553 991 omnes

1960 1016 2220 1070 omnibus
2233 1018 2596 1072 modestiores
2612 1037 2670 1073 se
2691 1020 3028 1089 praebebant.
3047 1023 3234 1078 Inanis
3255 1043 3418 1095 porro
3438 1028 3555 1097 glo-

1961 1105 2056 1159 riae
2083 1107 2333 1173 affectus,
2363 1116 2462 1163 aut
2485 1111 2807 1166 hominibus
2834 1113 3088 1183 placendi
3117 1117 3386 1183 studium,
3417 1135 3556 1189 quo-

1963 1210 2095 1248 nam
2117 1197 2345 1251 tandem
2377 1204 2535 1269 pacto
2562 1200 2620 1254 in
2643 1201 2754 1254 illis
2775 1203 3001 1270 inesset,
3017 1206 3222 1277 quippe
3245 1208 3339 1277 qui
3367 1209 3470 1262 hac
3491 1209 3560 1262 de

1963 1300 2132 1338 causa
2161 1286 2351 1340 orbem
2380 1287 2511 1359 fuga
2537 1290 2899 1361 reliquerant,
2922 1301 3090 1363 atque
3106 1296 3165 1349 in
3185 1297 3420 1353 desertis
3439 1314 3564 1352 mo-

277 1388 558 1461 perfuncti
587 1393 738 1450 sunt,
775 1384 1049 1447 obtinent,
1085 1382 1319 1435 minime
1350 1383 1610 1433 carerent
1638 1397 1650 1444 ;
1687 1393 1882 1430 verum
1965 1373 2254 1440 rabantur,
2277 1382 2341 1430 ut
2358 1377 2592 1434 virtutes
2625 1397 2755 1434 suas
2783 1398 2896 1436 non
2924 1384 3263 1451 hominibus,
3299 1387 3396 1440 sed
3428 1388 3561 1455 Deo,

278 1495 408 1532 cum
438 1477 547 1548 ipsi
578 1491 820 1546 quoque,
847 1477 1122 1543 quantum
1150 1471 1208 1523 in
1239 1486 1298 1523 se
1330 1473 1493 1533 esset,
1530 1467 1738 1521 Christi
1761 1481 1887 1536 pas-
1966 1479 2000 1516 a
2030 1480 2139 1533 quo
2170 1464 2443 1521 virtutum
2470 1486 2692 1540 quoque
2723 1473 2958 1542 praemia
2983 1474 3303 1544 sperabant,
3331 1476 3565 1531 demon-

279 1568 498 1621 sionem
524 1562 948 1635 expressissent,
962 1559 1136 1630 ipsius
1151 1574 1372 1628 quoque
1399 1557 1559 1626 regni
1581 1554 1884 1627 participes
1967 1556 2230 1607 strarent.
2265 1554 2410 1610 Illud
2441 1557 2644 1629 quippe
2675 1560 2845 1630 probe
2876 1571 3098 1628 norant,
3123 1564 3388 1634 religiosa
3415 1583 3570 1620 exer-

282 1661 491 1710 essent.
524 1654 611 1708 Ad
640 1653 789 1706 hunc
831 1650 1008 1719 igitur
1056 1647 1284 1702 modum
1324 1645 1537 1717 optima
1566 1640 2117 1719 considera-“citia,
2150 1659 2272 1713 quae
2317 1644 2503 1700 inanis
2544 1649 2736 1717 gloriae
2778 1666 2948 1705 causa
2976 1651 3274 1719 obeuutur,
3313 1655 3568 1709 mercede

281 1747 440 1800 tione
466 1741 737 1805 adhibita,
751 1737 1119 1792 monasticam
1142 1752 1206 1790 ac
1227 1735 1538 1790 solitariam
1560 1733 1733 1787 vitam
1759 1748 1888 1786 con-
1906 1706 1952 1765 Β
1969 1745 2175 1798 carere,
2204 1739 2269 1786 ut
2311 1750 2435 1804 quae
2465 1706 2578 1790 non
2615 1738 2737 1801 Dei,
2771 1739 2870 1793 sed
2899 1706 3571 1798 humanaelaudis—causa

285 1832 488 1888 sectati
513 1836 664 1884 sunt.
1970 1819 2127 1873 ﬁant.
2161 1823 2239 1875 Ac
2276 1824 2511 1893 proinde
2542 1827 2864 1897 hujusmodi
2889 1829 3143 1885 homines
3163 1831 3374 1903 duplici
3402 1833 3574 1888 detri-

357 1925 545 1992 Atque
567 1919 662 1973 alii
683 1917 908 1989 quidem
928 1915 1029 1970 sub
1050 1914 1142 1969 dio
1159 1914 1447 1979 durantes,
1473 1911 1606 1966 solis
1629 1916 1787 1976 aestu,
1808 1915 1890 1963 at-
1971 1915 2160 1963 mento
2191 1910 2529 1980 afficiuntur,
2559 1915 2692 1970 dum
2724 1917 2993 1972 nimirum
3023 1936 3223 1991 corpus
3245 1922 3572 1991 conﬁciunt,

286 2028 398 2082 que
427 2006 755 2079 asperrimis
791 2003 1094 2076 frigoribus
1133 2019 1198 2056 ac
1227 2001 1450 2073 pluviis,
1493 2006 1550 2054 et
1596 2005 1890 2053 ventorum
1971 2013 2073 2051 nec
2102 2003 2293 2054 tamen
2309 2004 2622 2058 mercedem
2645 2007 2820 2060 ullam
2839 2008 3045 2062 ferunt.
3071 2010 3178 2073 Qui
3200 2017 3390 2065 autem
3413 2011 3575 2066 coele-

282 2097 610 2155 turbinibus
647 2093 1079 2149 afﬂictabantur.
1113 2092 1222 2146 Alii
1264 2089 1599 2144 constructis
1627 2087 1887 2158 tuguriis,
1974 2085 2075 2139 stis
2105 2088 2298 2156 gloriae
2342 2091 2618 2148 desiderio
2658 2096 2920 2166 ﬂagrant,
2952 2103 3122 2168 atque
3164 2100 3235 2153 ad
3268 2116 3391 2154 eam
3419 2101 3575 2156 omni

286 2196 388 2244 aut
407 2189 468 2241 in
490 2184 768 2258 speluncis
789 2189 846 2237 et
860 2182 1036 2236 antris
1053 2197 1174 2235 sese
1191 2180 1550 2238 occultantes,
1572 2178 1745 2231 vitam
1757 2193 1884 2246 age-

284 2277 656 2346 bant.Sicque
677 2274 939 2327 virtutem
961 2271 1455 2336 colentes,omnem
1470 2267 1750 2321 carnalem
1765 2281 1892 2320 con-

288 2366 626 2421 solationem
643 2369 702 2417 et
723 2362 970 2433 quietem
999 2359 1069 2412 ad
1098 2365 1408 2412 extremum
1431 2373 1607 2430 usque
1635 2354 1892 2426 repudia-

289 2461 445 2519 runt,
475 2453 662 2508 crudis
681 2450 923 2505 oleribus
943 2455 1000 2504 et
1026 2447 1236 2514 herbis,
1256 2453 1355 2500 aut
1375 2446 1576 2516 pomis,
1601 2456 1698 2498 aut
1719 2444 1888 2498 etiam

293 2545 443 2598 sicco
476 2559 540 2596 ac
569 2540 870 2595 durissimo
899 2554 1042 2609 pane
1069 2536 1243 2590 vitam
1271 2536 1606 2600 tolerantes;
1641 2550 1743 2587 nec
1767 2549 1893 2586 sua-

290 2635 452 2687 vium
473 2631 725 2685 ciborum
745 2627 1003 2700 qualitati
1031 2627 1301 2680 duntaxat
1319 2625 1582 2678 nuntium
1606 2622 1893 2676 remitten-

293 2732 398 2784 tes,
415 2721 516 2774 sed
546 2736 661 2790 prae
690 2716 1021 2772 exuberanti
1042 2715 1286 2786 quadam
1305 2712 1652 2767 continentia
1678 2708 1894 2780 magni-

1973 2176 2258 2232 celeritate
2279 2181 2935 2250 contendunt,terrenam
2953 2203 3180 2242 omnem
3197 2193 3255 2243 et
3266 2189 3576 2244 humanam

1974 2273 2366 2335 aspernantur.

1976 2441 1986 2451 .
2044 2355 2122 2408 Ex
2151 2355 2478 2451 hujusmod‘i
2494 2375 2660 2451 porro
2690 2362 3010 2419 hominibus
3029 2366 3122 2419 alii
3145 2366 3224 2421 sic
3254 2367 3485 2437 degunt,
3512 2373 3578 2422 ut

1974 2448 2030 2494 in
2049 2459 2268 2498 secessu
2297 2462 2362 2500 ac
2380 2448 2682 2504 solitudine
2708 2451 2934 2522 pietatis
2963 2460 3248 2509 certamen
3271 2455 3494 2521 obeant,
3519 2461 3578 2510 et

1974 2530 2044 2584 ab
2063 2533 2356 2589 hominum
2367 2539 2732 2593 contubernio
2759 2558 2858 2611 per
2883 2559 3047 2597 omne
3068 2545 3193 2599 vitae
3209 2550 3432 2616 tempus
3455 2561 3576 2599 sese

1975 2629 2316 2690 removeant,
2333 2631 2503 2696 atque
2523 2627 2596 2681 ad
2618 2629 2797 2684 Deum
2816 2633 3287 2704 appropinquent.
3317 2635 3426 2688 Alii
3443 2651 3577 2704 pro-

1977 2710 2064 2762 cul
2092 2711 2241 2765 inter
2275 2729 2333 2766 se
2362 2718 2697 2771 constructis
2737 2721 3002 2786 mdiculis,
3038 2723 3345 2778 Dominicis
3377 2722 3575 2777 diebus

291 2811 554 2866 tudinem
569 2808 742 2862 animi
767 2807 853 2860 sui
880 2805 950 2859 ad
972 2805 1148 2875 ipsam
1169 2819 1388 2873 quoque
1411 2800 1784 2872 quantitatem
1807 2814 1896 2850 ex-
1978 2799 2047 2850 al
2092 2790 2262 2853 unam
2292 2807 2349 2855 et
2388 2805 2645 2860 eamdem
2684 2809 2976 2864 ecclesiam
3002 2818 3263 2883 pergunt,
3294 2829 3358 2866 ac
3387 2812 3577 2866 divina

293 2896 920 2954 tendentes.Tantulum
950 2893 1101 2947 enim
1143 2892 1431 2954 duntaxat,
1462 2891 1632 2943 etiam
1661 2906 1726 2942 ex
1755 2885 1894 2956 ipsis
1978 2889 2262 2958 mysteria,
2297 2891 2401 2945 hoc
2430 2900 2514 2947 est
2544 2894 2900 2952 incruentum
2933 2900 3056 2970 puri
3086 2901 3334 2972 corporis
3364 2919 3428 2955 ac
3454 2917 3578 2972 pre-

295 2989 503 3043 vilibus
553 2987 903 3055 maximeque
945 2981 1274 3037 necessariis
1303 2979 1440 3033 cibis
1487 2976 1893 3049 percipiebant,
1977 2975 2106 3030 tiosi
2132 2979 2426 3047 sanguinis
2456 2982 2664 3037 Christi
2689 2987 3027 3043 sacriﬁcium
3057 2991 3376 3061 percipiunt
3409 3009 3420 3042 :
3457 3006 3581 3060 quae

296 3085 578 3150 quantum
604 3075 673 3129 ad
693 3072 1044 3128 tolerandam
1071 3071 1278 3124 famem
1307 3069 1444 3124 satis
1465 3074 1630 3122 esset.
1655 3066 1895 3130 Quidam
1913 3061 1956 3121 Ο
1977 3065 2202 3136 quidem
2219 3069 2490 3124 Dominus
2510 3071 2615 3141 piis
2636 3073 2693 3128 in
2714 3081 3069 3145 peccatorum
3086 3079 3493 3143 remissionem,
3517 3093 3582 3132 ac

295 3168 454 3222 enim
502 3181 696 3220 eorum
749 3163 1029 3232 integram
1066 3159 1475 3213 hebdomadam
1516 3173 1616 3228 per
1647 3155 1894 3209 inediam

293 3256 696 3324 transigentes,
730 3251 1020 3306 Dominico
1043 3250 1271 3302 demum
1302 3248 1392 3300 die
1421 3247 1605 3300 cibum
1635 3244 1899 3298 admitte-

294 3347 458 3400 bant.
492 3343 732 3407 Quidam
762 3340 845 3394 bis
869 3346 1089 3393 tantum
1113 3336 1463 3391 hebdomada
1483 3350 1704 3406 quaque
1725 3331 1900 3404 ipsius

296 3434 705 3497 meminerant;
727 3430 823 3484 alii
852 3428 1084 3482 alternis
1111 3427 1308 3481 diebus
1329 3425 1433 3480 sub
1464 3440 1750 3494 vesperam
1777 3423 1902 3476 ede-

299 3523 458 3589 bant,
493 3522 574 3576 sic
599 3527 661 3575 ut
675 3518 860 3574 cibum
890 3518 1162 3572 duntaxat
1189 3516 1580 3586 degustarent;
1615 3511 1902 3585 precibus-

301 3629 415 3684 que
469 3628 534 3665 ac
589 3609 794 3680 vigiliis
836 3606 1242 3679 propemodum
1275 3620 1403 3658 cum
1433 3603 1649 3673 angelis
1681 3616 1903 3672 quoque

301 3707 608 3765 certantes,
634 3705 803 3768 atque
816 3696 937 3752 auri
966 3703 1022 3749 et
1037 3684 1254 3766 argenti
1270 3692 1640 3765 possessione,
1666 3689 1902 3761 emptio-

301 3791 587 3861 nibusque
606 3793 662 3843 et
682 3785 1092 3842 venditionibus
1111 3799 1337 3854 prorsus
1357 3782 1543 3835 valere
1549 3780 1739 3851 jussis,
1755 3779 1904 3834 inter

300 3884 564 3939 homines
595 3881 825 3936 omnino
849 3895 909 3933 se
937 3894 1059 3933 esse
1084 3875 1568 3931 obliviscebantur.

377 3972 608 4028 Invidiae
635 3976 826 4025 autem
847 3981 904 4022 et
922 3966 1096 4022 animi
1123 3963 1372 4028 elationi,
1400 3980 1522 4034 que
1544 3961 1903 4034 potissimum

301 4064 587 4118 bonorum
639 4075 874 4130 operum
913 4056 1144 4111 comites
1183 4052 1303 4109 esSe
1331 4053 1531 4115 solent,
1568 4052 1721 4105 locus
1758 4050 1906 4104 inter

305 4169 405 4206 eos
424 4150 615 4205 nullus
639 4157 778 4202 erat.
808 4147 1004 4217 Neque
1035 4144 1184 4199 enim
1215 4143 1259 4196 is
1289 4142 1383 4213 qui
1402 4141 1461 4195 in
1493 4140 1616 4194 vitae
1639 4137 1908 4194 monasti-

308 4258 387 4295 cae
407 4233 901 4294 exercitationibus
920 4234 1240 4292 inferiorem
1261 4233 1443 4286 locum
1461 4228 1705 4295 tenebat,
1721 4228 1912 4282 adver-

1979 3159 2100 3244 tum
2120 3156 2294 3244 animi
2317 3163 2435 3211 tum
2458 3161 2705 3230 corporis
2717 3163 3187 3220 illuminationem
3201 3174 3256 3221 et
3268 3167 3580 3221 sanctifica-
3597 3210 3599 3212 -

1980 3243 2190 3298 tionem
2207 3244 2450 3300 donavit.
2467 3249 2650 3320 Atque
2661 3251 2979 3308 divinorum
2993 3257 3348 3310 oraculorum
3371 3256 3578 3310 exerci-

1984 3332 2213 3397 tatione,
2246 3334 2713 3409 mirabilibusque
2735 3342 2983 3397 consiliis
3004 3350 3062 3398 et
3091 3345 3572 3400 cohortationibus

1985 3427 2180 3475 mutuo
2195 3439 2281 3477 ses
2295 3433 2639 3494 epascentes,
2657 3435 2714 3482 et
2739 3431 2960 3486 occulta
2979 3433 3227 3488 hostium
3253 3434 3400 3488 bella
3421 3440 3577 3505 pate-

1983 3509 2249 3565 facientes
2292 3512 2380 3583 (ne
2411 3513 2536 3584 quis
2565 3515 2823 3574 videlicet
2859 3521 3109 3576 luctandi
3138 3523 3321 3588 adhuc
3348 3523 3579 3594 ignarus

1985 3598 2054 3698 ab
2092 3599 2172 3698 iis
2188 3606 2522 3671 superetur),
2562 3605 2795 3661 domum
2825 3625 3021 3664 rursus
3067 3611 3273 3682 singuli
3318 3613 3577 3680 redeunt,

1984 3688 2206 3743 virtutis
2235 3691 2344 3744 mel
2369 3690 2428 3746 in
2458 3700 2747 3763 pectorum
2778 3713 3010 3754 suorum
3040 3699 3178 3755 favis
3205 3701 3455 3756 studiose
3491 3717 3584 3755 re-

1985 3777 2322 3845 condentes,
2375 3783 2886 3857 suavissimumque
2947 3789 3193 3844 fructum
3249 3807 3314 3844 ac
3368 3789 3580 3845 caelesti

1989 3883 2184 3920 mensa
2215 3868 2450 3939 dignum
2496 3875 2810 3930 excolentes
2846 3895 2859 3944 ;
2901 3877 3006 3932 alii
3053 3884 3242 3934 autem
3299 3877 3585 3935 coenobia-

1989 3971 2112 4010 cam
2145 3956 2315 4010 vitam
2351 3968 2760 4020 consectantur.

2061 4044 2168 4108 Qui
2216 4046 2440 4116 quidem
2485 4050 2730 4106 maximo
2777 4069 3014 4111 numero
3069 4057 3128 4110 in
3165 4074 3342 4113 unum
3389 4059 3582 4127 coacti,

1991 4132 2156 4187 unius
2187 4134 2432 4204 praefecti
2454 4144 2623 4208 atque
2645 4140 2913 4196 antistitis
2947 4145 3064 4214 (qui
3095 4146 3354 4202 omnibus
3381 4147 3589 4202 virtute

1993 4224 2242 4292 praestat)
2277 4223 2513 4295 imperio
2544 4243 2604 4281 se
2644 4228 2794 4299 ipsos
2823 4230 3072 4287 subdunt
3105 4252 3115 4286 :
3151 4251 3214 4288 ac
3245 4236 3589 4290 voluntatem

311 4347 409 4384 sus
427 4346 558 4383 eum
573 4329 734 4397 cujus
760 4323 1036 4380 illustrior
1055 4323 1230 4376 virtus
1253 4325 1392 4384 erat,
1413 4318 1602 4373 livoris
1625 4316 1912 4388 cogitatio-
1993 4327 2155 4364 suam
2175 4310 2504 4369 obedientiae
2527 4332 2790 4373 mucrone
2811 4336 3042 4391 prorsus
3055 4326 3399 4384 truncantes.
3419 4340 3591 4395 seque

313 4435 444 4473 nem
467 4417 527 4470 in
551 4407 803 4470 animum
830 4411 1188 4467 admittebat:
1209 4427 1310 4464 nec
1330 4424 1524 4463 rursus
1545 4424 1674 4462 eum
1696 4406 1791 4477 qui
1810 4402 1973 4460 vir-D
1989 4401 2143 4455 velut
2178 4401 2431 4471 emptitia
2461 4406 2742 4478 mancipia
2772 4410 2919 4464 ultro
2956 4419 3300 4482 reputantes,
3334 4429 3446 4467 non
3471 4414 3592 4483 jam

316 4507 534 4564 tatibus
557 4503 800 4575 pollebat
827 4500 1150 4572 arrogantia
1171 4505 1360 4564 ιισο
1379 4505 1436 4551 et
1451 4498 1626 4551 fastus
1648 4496 1914 4550 adversus

319 4593 718 4651 imbecilliores
746 4590 1028 4655 eﬂ‘erebat,
1061 4596 1228 4660 atque
1266 4587 1325 4642 in
1353 4587 1497 4641 hanc
1523 4585 1779 4640 fraudem
1808 4585 1918 4638 im-

316 4685 564 4758 pellebat
602 4688 666 4738 ut
693 4682 1009 4754 proximum
1048 4677 1208 4734 nihili
1236 4677 1522 4748 penderet,
1558 4681 1657 4730 aut
1693 4676 1763 4730 de
1793 4675 1921 4730 reli-

313 4776 474 4847 giosa
501 4773 896 4829 exercitatione
923 4769 1283 4847 gloriaretur,
1317 4763 1387 4820 ob
1426 4781 1603 4837 eaque
1640 4782 1760 4836 quae
1789 4781 1918 4819 cum

319 4845 486 4919 laude
506 4861 883 4935 praestitisset,
907 4845 1203 4930 magniﬁce
1230 4863 1400 4927 atque
1425 4862 1755 4926 arroganter
1774 4854 1842 4908 de
1860 4869 1918 4908 se

318 4954 572 5009 sentiret.
606 4952 753 5006 Nam
782 4951 878 5022 qui
917 4949 1121 5003 virtute
1160 4947 1400 5001 alteruzn
1442 4943 1828 5006 antecellebat,
1864 4943 1922 4996 id

318 5048 501 5097 totum
529 5058 647 5096 non
677 5041 793 5095 suis
823 5038 1127 5101 labon‘bus,
1153 5036 1250 5090 sed
1279 5035 1378 5089 Dei
1396 5033 1586 5088 virtuti
1617 5033 1919 5099 ascribens,

319 5131 518 5186 humili
539 5135 732 5184 mente
760 5129 864 5182 hoc
893 5127 996 5182 sibi
1027 5123 1419 5198 persuadebat,
1445 5139 1504 5176 se
1529 5122 1671 5177 nihil
1699 5122 1925 5176 omnino

1998 4490 2103 4544 sibi
2138 4488 2273 4561 ipsis
2304 4491 2510 4559 vivunt,
2547 4497 2645 4550 sed
2675 4497 2727 4551 ei
2757 4499 2846 4553 cui
2876 4499 2946 4554 ob
2973 4501 3180 4556 Christi
3200 4518 3450 4556 amorem
3470 4517 3594 4556 sese

1999 4579 2399 4647 submiserunt,
2432 4584 2518 4637 vel
2547 4591 2610 4640 ut
2637 4587 2822 4658 aptius
2849 4589 3066 4660 loquar,
3098 4591 3294 4646 vivunt
3322 4593 3444 4662 jam
3482 4607 3596 4646 non

2000 4669 2106 4724 sibi
2126 4669 2279 4740 ipsis,
2304 4669 2438 4725 vivit
2465 4679 2656 4730 autem
2685 4677 2744 4730 in
2774 4677 2862 4732 his
2883 4678 3138 4733 Christus
3157 4680 3300 4752 (Gal.
3321 4683 3405 4749 II),
3428 4697 3598 4752 quem

2002 4759 2170 4814 rebus
2195 4758 2457 4815 omnibus
2486 4763 2761 4836 abjuratis
2798 4768 2976 4822 secuti
3019 4773 3168 4822 sunt.
3220 4768 3366 4822 Nam
3407 4769 3467 4824 in
3495 4769 3600 4824 hoc

2002 4852 2228 4908 demum
2258 4871 2505 4909 secessus
2539 4871 2572 4908 a
2600 4855 2810 4909 mundo
2849 4855 3120 4923 consistit,
3155 4862 3220 4912 ut
3245 4863 3477 4930 propter
3505 4875 3601 4913 ea-

2005 4957 2131 4995 rum
2144 4959 2334 4997 rerum
2355 4959 2477 5013 qua:
2495 4949 2700 4997 natura
2719 4942 3073 5000 sublimiores
3088 4951 3221 5001 sunt
3237 4948 3604 5018 cupiditatem

2006 5031 2386 5086 voluntarium
2408 5033 2494 5087 sui
2516 5032 2691 5103 ipsius
2713 5033 2904 5087 odium
2927 5034 3205 5106 quispiam
3228 5037 3522 5109 concipiat,
3541 5054 3606 5093 ac

2009 5127 2272 5176 naturam
2294 5121 2534 5192 abjuret.
2561 5121 2631 5174 Hi
2659 5121 2834 5191 igitur
2853 5123 3181 5194 angelorum
3205 5125 3387 5181 instar
3406 5127 3464 5183 in
3491 5127 3607 5181 vita

321 5221 762 5285 efﬁcere,verum
785 5218 961 5271 multo
979 5216 1140 5287 plura
1159 5213 1264 5268 sibi
1286 5211 1602 5284 praestanda
1616 5228 1754 5276 esse,
1767 5213 1930 5281 juxta
2010 5215 2323 5276 versantur,
2358 5210 2601 5280 psalmos
2629 5210 2884 5266 videlicet
2905 5219 2960 5267 et
2980 5213 3220 5285 hymnos
3242 5215 3606 5273 concordibus

321 5309 457 5363 illud
500 5307 652 5380 quod
685 5306 764 5360 ait
802 5306 1072 5360 Dominus
1105 5321 1116 5357 :
1155 5304 1293 5358 Cum
1321 5300 1562 5356 feceritis
1591 5301 1782 5354 omnia
1810 5317 1931 5371 quae
2014 5298 2217 5352 animis
2264 5299 2500 5352 Domino
2547 5306 2831 5367 canentes,
2883 5305 2941 5355 et
2977 5304 3359 5360 confessorum
3404 5319 3608 5359 nomen

320 5405 601 5470 praecepta
629 5400 763 5451 sunt
796 5395 971 5460 vobis,
1002 5393 1169 5449 dicite
1203 5411 1214 5446 :
1270 5391 1427 5446 Servi
1456 5389 1685 5444 inutiles
1715 5406 1930 5457 sumus,

2015 5392 2244 5457 propter
2271 5386 2597 5442 obedientiae
2619 5389 2930 5445 certamina
2957 5391 3293 5449 obtinentes.
3323 5397 3387 5450 In
3412 5391 3610 5464 quibus

328 5503 451 5556 quae
482 5485 784 5540 debuimus
804 5483 984 5538 facere
1003 5482 1236 5537 fecimus
1261 5480 1410 5547 (Luc.
1435 5479 1588 5546 xvn).
1614 5479 1692 5530 Ac
1708 5477 1938 5548 quidam
2019 5476 2191 5529 etiam
2215 5475 2568 5531 Dominicum
2597 5477 2736 5534 illud
2756 5479 3048 5536 oraculum
3067 5484 3322 5554 expletur
3346 5501 3358 5534 :
3383 5481 3613 5534 ubicun-

328 5575 500 5627 etiam
522 5574 628 5626 hoc
666 5570 774 5625 sibi
803 5572 1234 5643 persuadebant,
1269 5583 1328 5622 se
1359 5580 1431 5621 ne
1462 5579 1529 5620 ea
1567 5563 1795 5637 quidem
1823 5564 1938 5620 ullo
2023 5579 2130 5634 que
2157 5563 2367 5620 fuerint
2395 5564 2505 5620 duo
2536 5565 2620 5620 vel
2644 5573 2762 5623 tres
2789 5569 3112 5640 congregati
3131 5570 3191 5625 in
3219 5567 3446 5628 nomine
3465 5580 3609 5634 meo,

738 5671 1002 5732 PATROL;
1036 5671 1308 5735 LXXIII.

3238 5670 3314 5734 16
