3942 6200
464 264 568 325 401
1477 259 1573 316 DE
1605 259 1798 318 VITIS
1835 258 2134 318 PATRUM
2170 258 2386 315 LIBER
2421 259 2713 318 PRIMUS.
3010 253 3012 256 ’
3571 289 3651 350 49.2

467 392 585 447 illic
614 407 740 447 sum
767 388 825 444 in
847 386 1029 443 medio
1050 386 1271 440 illorum
1293 385 1695 453 (Matth,xvm).
1720 385 1932 449 Quibus
1951 387 2262 444 ver-Atam
2292 400 2419 439 eam
2459 401 2582 455 qua;
2619 403 2908 459 nunquam
2947 391 3164 456 occidit,
3196 411 3297 450 nec
3329 407 3484 458 morte
3523 408 3654 467 inter.

464 480 551 536 bis
567 497 679 536 non
708 480 814 534 hoc
840 477 1114 532 duntaxat
1144 491 1381 530 numero
1410 490 1505 528 eos
1543 473 1638 544 qui
1667 473 1725 528 in
1754 473 1929 545 ipsius
1958 490 2063 528 no-
2145 473 2444 546 rumpitur,
2477 476 2854 547 arripuerunt.

460 571 613 624 mine
641 570 1053 638 congregantur
1079 563 1539 635 circumscripsit,
1571 579 1764 618 verum
1797 580 1897 634 per
1916 563 2061 618 duos
2113 607 2116 612 .
2213 566 2328 619 Hos
2350 565 2524 636 igitur
2536 565 2895 622 admirandos
2911 574 2968 624 et
2981 577 3202 627 sanctos
3221 574 3358 632 viros
3376 595 3465 634 nos
3483 599 3652 658 quoque

459 665 559 713 aut
593 664 709 714 tres
764 654 1122 710 indeﬁnitum
1177 670 1476 709 numerum
1515 652 1870 723 signiﬁcavit.
1912 653 2057 706 Nam
2140 653 2353 725 indigni
2385 652 3654 733 acdespicabilesimitaristudemus;verumeo.

454 747 570 802 sive
600 745 763 818 pauci
791 745 905 800 sive
941 743 1106 798 multi
1136 743 1206 798 ob
1245 747 1501 798 sanctum
1532 741 1710 812 ipsius
1762 757 1967 795 nomen
1997 741 2056 796 in
2139 759 2265 797 rum
2286 743 2410 798 vitae
2434 745 2972 817 ccelestisfastigium
2996 750 3226 806 minime
3241 758 3567 828 assequimur,
3580 767 3653 822 sed

451 851 627 890 unum
647 834 997 898 conveniant,
1023 833 1186 904 eique
1203 832 1424 887 ardenti
1449 846 1641 885 amore
1661 830 1874 884 cultum
1898 829 2056 884 adhi-
2134 849 2236 903 pro
2263 832 2612 888 infirmitatis
2640 842 2844 889 nostrae
2870 852 2936 890 ac
2963 837 3180 894 miserae
3201 839 3459 900 facultatis
3475 851 3653 908 modqu
3678 863 3684 869 ‘

447 923 638 993 beant,
669 925 786 979 illic
812 941 942 979 eum
968 923 1028 978 in
1057 923 1246 978 medio
1277 937 1567 978 servorum
1590 937 1823 976 suorum
1851 920 2049 976 adesse
2133 937 2328 976 eorum
2356 922 2532 976 vitam
2563 922 2945 993 exprimimus.
2975 927 3158 998 Atque
3187 930 3420 1000 ipsorum
3448 935 3655 995 habitum

449 1015 682 1070 minime
710 1014 1054 1069 dubitamus.
2127 1010 2394 1079 gerimus,
2413 1011 2632 1066 etiamsi
2663 1029 2835 1084 opera
2851 1030 2965 1068 non
2985 1032 3361 1088 assequamur.
3389 1023 3573 1080 Etenim
3594 1028 3657 1082 di-

516 1105 626 1159 Per
654 1105 771 1159 haec
799 1103 1070 1174 exempla,
1104 1107 1161 1156 et
1200 1118 1303 1173 per
1331 1099 1659 1171 hujusmodi
1688 1099 1960 1155 coitiones
1991 1104 2048 1154 et
2127 1099 2468 1155 vinamhanc
2481 1101 2882 1173 professionem
2897 1111 3185 1174 peccatum
3200 1111 3656 1187 propulsare,atque

443 1197 710 1262 actiones,
743 1195 954 1250 terreni
976 1195 1224 1250 coalitum
1252 1194 1424 1248 vitam
1452 1192 1658 1248 imitati
1681 1197 1829 1257 sunt,
1853 1198 1918 1246 ut
1948 1191 2044 1264 qui
2126 1189 2560 1262 incorruptionis
2578 1208 2680 1262 per
2697 1191 2948 1246 divinum
2969 1193 3245 1265 baptisma
3262 1197 3412 1253 nobis
3429 1217 3654 1260 concessa:

443 1285 505 1340 in
543 1285 798 1357 jejuniis,
823 1291 880 1339 et
906 1284 1164 1356 precibus
1192 1300 1259 1338 ac
1286 1282 1507 1354 vigiliis,
1540 1282 1599 1335 in
1624 1280 1937 1336 calentibus
1965 1281 2044 1334 la-
2125 1270 2332 1334 seciam
2361 1285 2418 1334 et
2445 1281 2862 1351 opitulatricem
2892 1299 3013 1337 esse
3040 1293 3387 1356 perspectum
3412 1289 3653 1351 habemus.

442 1375 650 1448 crymis
670 1381 728 1430 et
752 1375 903 1430 luctu
929 1373 999 1428 ab
1024 1372 1176 1428 omni
1200 1371 1376 1427 animi
1395 1371 1757 1425 distractione
1787 1370 1961 1424 libero
1982 1369 2041 1424 in
2124 1370 2204 1422 Ac
2226 1369 2519 1424 beatorum
2548 1371 2774 1425 illorum
2803 1371 3049 1426 virorum
3077 1376 3417 1433 sermonibus
3450 1381 3651 1448 adducti,

439 1464 890 1536 peregrinatione
920 1479 986 1517 ac
1016 1461 1215 1516 mortis
1244 1460 1536 1526 memoria,
1560 1459 1619 1514 in
1644 1459 1876 1513 lenitate
1904 1459 2038 1513 ani-
2121 1458 2358 1513 caducas
2395 1464 2563 1531 atque
2595 1460 2848 1514 interitui
2885 1461 3150 1518 obnoxias
3189 1464 3413 1535 hujusce
3437 1469 3546 1524 vitae
3584 1488 3655 1526 res

437 1554 629 1625 mique
658 1553 858 1608 affectu
887 1551 958 1606 ab
986 1551 1281 1606 iracundia
1298 1555 1536 1615 remoto,
1560 1549 1618 1603 in
1649 1548 1929 1602 labiorum
1957 1548 2036 1602 si-
2117 1564 2458 1620 magnopere
2469 1548 2926 1616 condemnamus,
2949 1550 3007 1604 in
3033 1552 3235 1622 quibus
3252 1554 3384 1609 nihil
3407 1558 3598 1612 ﬁrmum
3611 1565 3656 1614 et

431 1641 625 1706 lentio,
649 1643 709 1697 in
724 1646 1054 1713 paupertate
1075 1646 1244 1712 atque
1265 1639 1474 1711 inopia,
1491 1638 1551 1692 in
1572 1637 1829 1692 castitate
1846 1653 1911 1691 ac
1931 1653 2033 1708 pu-
2115 1637 2404 1708 aequabile,
2421 1639 2681 1710 quodque
2697 1639 2958 1694 eumdem
2979 1657 3200 1713 semper
3218 1649 3420 1699 statum
3436 1647 3650 1710 retineat,

431 1730 641 1798 dicitia,
673 1732 731 1785 in
759 1730 1078 1784 humilitate
1109 1735 1166 1784 et
1191 1729 1402 1799 quiete.
1423 1743 1489 1781 ac
1508 1727 1749 1798 denique
1775 1726 1835 1780 in
1855 1726 2032 1797 perfe-
2047 1744 2094 1803 Β
2113 1726 2352 1781 inveniri
2377 1732 2562 1799 potest
2594 1747 2605 1781 :
2639 1745 2832 1782 verum
2861 1730 3053 1784 omnia
3079 1732 3296 1787 vanitas
3323 1741 3446 1788 sunt
3471 1743 3521 1789 et
3544 1737 3655 1791 afﬂi-

428 1825 520 1874 cta
537 1837 671 1891 erga
690 1820 870 1874 Deum
893 1823 950 1873 et
971 1817 1288 1889 proximum
1303 1817 1576 1870 charitate
1597 1815 1885 1886 praesentis
1907 1815 2031 1871 vitm
2111 1816 2220 1870 ctio
2249 1816 2481 1887 spiritus
2499 1819 2694 1886 (Ecclc.
2719 1823 2802 1884 II);
2827 1819 3034 1874 multas
3055 1821 3324 1892 temporis
3351 1831 3536 1893 puncto
3560 1842 3655 1879 mu-

427 1909 768 1964 curriculum
792 1907 1150 1970 confecerint,
1177 1906 1517 1976 angelosque
1543 1903 1792 1958 moribus
1810 1921 2030 1975 expres-
2110 1905 2351 1961 tationes
2370 1906 2554 1961 ferens
2579 1925 2590 1960 :
2625 1907 2902 1977 siquidem
2927 1908 2984 1962 in
3011 1909 3265 1973 somniis,
3295 1917 3350 1964 et
3375 1912 3581 1974 umbris,
3606 1931 3656 1968 ac

424 1997 622 2052 serint.
639 1997 722 2053 Ob
751 2013 987 2067 eamque
1006 2011 1233 2050 causam
1263 1995 1413 2048 Deus
1441 1993 1726 2048 miraculis
1755 2011 1820 2047 nc
1847 1993 2024 2064 signis
2109 1996 2288 2050 ventis
2305 2012 2492 2050 aerem
2515 1995 2882 2067 perﬂantibus
2903 1996 3272 2052 imbecilliora
3290 2000 3649 2064 sunt.Quorum

422 2086 706 2156 variisque
736 2085 1033 2140 virtutibus
1065 2101 1162 2138 eos
1184 2082 1489 2148 exornavit,
1516 2082 1809 2153 eﬂ‘ecitque
1837 2087 1900 2136 ut
1927 2082 2023 2135 ad-
2104 2101 2276 2156 parva
2303 2091 2360 2140 et
2379 2084 2560 2139 brevis
2580 2086 2856 2156 voluptas,
2873 2085 2987 2140 imo
3012 2103 3124 2141 non
3145 2089 3414 2160 voluptas,
3433 2090 3520 2143 sed
3531 2090 3656 2145 fraus

420 2175 690 2230 mirande
709 2191 903 2228 eorum
926 2173 1051 2227 vitae
1067 2172 1302 2226 rationis
1321 2188 1477 2236 sono,
1498 2171 1604 2242 ipsi
1621 2187 1842 2241 quoque
1867 2169 2018 2224 orbis
2101 2175 2355 2245 quaedam
2368 2174 2744 2245 etimpostura
2754 2175 3135 2245 perversitatis
3147 2178 3517 2248 mundi,quem
3529 2179 3654 2234 nullo

419 2269 702 2318 terrarum
733 2263 874 2317 fines
902 2267 1222 2334 personent.
1257 2262 1337 2315 Ac
1355 2261 1403 2315 si
1424 2260 1593 2314 unius
1622 2259 1892 2330 ipsorum,
1911 2259 2016 2314 hoc
2099 2264 2264 2318 modo
2280 2263 2532 2334 diligere,
2549 2279 2741 2318 verum
2754 2263 2942 2332 potius
2953 2281 3016 2318 ex
3029 2264 3219 2319 animo
3235 2267 3413 2321 odisse
3425 2273 3572 2338 atque
3590 2267 3656 2321 in-

407 2360 502 2408 est
545 2352 793 2417 Antonii,
836 2351 930 2423 qui
960 2351 1131 2406 etiam
1181 2350 1498 2405 monasticae
1539 2349 1664 2404 vita:
1713 2365 1920 2420 auspex
1950 2365 2016 2403 ac
2098 2353 2301 2407 sectari
2317 2353 2635 2420 docemur(l
2647 2354 2983 2416 Joan.u).Ac
3003 2369 3137 2408 sane
3153 2354 3358 2408 odioac
3376 2355 3653 2410 detestatio-

412 2443 672 2515 princeps
697 2440 975 2496 exstitisse
1012 2441 1235 2504 dicitur,
1271 2439 1442 2494 vitam
1471 2437 1574 2492 tibi
1603 2437 1891 2508 sigillatim
1917 2456 2014 2492 ex-
2097 2459 2167 2497 ne
2181 2443 2384 2514 dignus
2420 2447 2506 2498 est
2538 2459 2705 2496 :nam
2740 2441 3011 2513 quidquid
3041 2443 3237 2498 amicis
3265 2443 3379 2498 suis
3401 2443 3535 2498 dono
3554 2443 3648 2509 dat,

411 2547 698 2604 ponerem,
711 2529 981 2584 nimirum
997 2545 1068 2583 ex
1088 2545 1202 2583 una
1214 2527 1414 2582 arbore
1436 2527 1680 2582 fructum
1703 2543 1898 2580 eorum
1915 2527 2011 2598 qui
2094 2532 2244 2586 idem
2261 2548 2456 2587 rursus
2477 2531 2666 2586 animo
2685 2531 2831 2584 irato
2847 2531 3032 2602 eripit,
3049 2537 3219 2602 atque
3241 2534 3391 2587 omni
3407 2532 3537 2586 bono
3553 2549 3654 2603 spo-

411 2620 664 2692 ejusdem
691 2619 916 2691 generis
947 2635 1011 2673 ac
1039 2617 1245 2689 speciei
1269 2622 1388 2681 2e
1409 2622 1445 2680 |
1487 2615 1620 2682 sint,
1653 2615 2007 2670 dulcedinem
2093 2620 2276 2686 liatos,
2310 2619 2732 2692 ignominiaque
2763 2619 3009 2686 indutos,
3040 2620 3413 2693 gravibusque
3451 2621 3650 2676 sarcinis

408 2727 638 2781 prorsus
663 2707 1024 2778 intelligens,
1052 2706 1446 2777 quodnamque
1475 2705 1570 2760 ille
1589 2704 2007 2759 exercitationis
2090 2716 2322 2764 onustos
2341 2710 2411 2764 ad
2433 2708 2834 2780 sempiternam
2857 2707 3241 2764 calamitatem
3265 2709 3653 2764 transmittitEt

407 2798 683 2868 religiosae
703 2797 1130 2852 fundamentum
1149 2795 1304 2865 jecit,
1323 2800 1380 2848 et
1405 2793 1688 2865 quodnam
1718 2793 2004 2864 fastigium
2089 2816 2227 2870 quos
2251 2798 2309 2852 in
2329 2798 2567 2852 sublime
2588 2797 3082 2864 attollit,extremaa
3095 2798 3402 2853 humilitati
3421 2805 3572 2869 atque
3588 2797 3652 2851 af-

405 2887 627 2947 struxit,
651 2892 709 2941 et
736 2892 977 2957 quantas
1021 2901 1057 2938 a
1094 2885 1380 2940 Salvatore
1416 2883 1630 2954 gratias
1669 2890 2004 2938 consecutus
2087 2888 2319 2943 ﬂictioni
2347 2887 2614 2942 obnoxios
2645 2886 3062 2957 quamprimum
3088 2887 3292 2952 reddit,
3327 2888 3651 2958 hostiumque

402 2981 506 3029 est.
545 2975 801 3046 Plerique
823 2974 990 3028 etiam
1027 2973 1122 3027 alii
1158 2979 1285 3044 post
1313 2988 1442 3026 eum
1471 2971 1668 3026 eodem
1695 2972 2002 3025 certamine
2085 2976 2568 3033 suorumludibrio
2589 2976 3178 3046 exponit.Hujusmodi
3195 2978 3346 3032 enim
3366 2975 3648 3046 suntipsius

402 3064 698 3138 Perfunctie
722 3065 793 3120 ad
819 3064 1046 3120 088de
1061 3079 1295 3118 coronas
1325 3066 1382 3118 et
1402 3061 1598 3117 eadem
1627 3061 1862 3133 pmmia
1881 3078 2004 3133 pei‘-
2025 3064 2700 3136 Cbeneﬁcia,hujusmodi
2721 3064 2896 3136 ipsius
2918 3067 3499 3120 munera.Amicorum
3521 3064 3648 3118 enim

403 3161 701 3210 venerunt.
2079 3174 2309 3213 suorum
2330 3155 2510 3210 hostis
2531 3160 2632 3218 est,
2660 3153 3031 3225 omnibusque
3053 3154 3150 3225 qui
3167 3155 3348 3226 ipsius
3375 3152 3647 3208 voluntati-

468 3244 625 3300 Βθεῒιί
657 3248 807 3298 certe
835 3242 918 3297 im
946 3258 1010 3297 ac
1038 3246 1126 3296 te?
1147 3240 1318 3305 beatis
1349 3243 1415 3294 Ut
1439 3239 1535 3311 qui
1552 3238 1654 3294 Dei
1683 3255 1874 3293 amore
1900 3240 1997 3294 Πε-
2076 3247 2182 3302 bus
2213 3242 2854 3316 obsequuntur,insidias
2877 3242 3044 3296 struit
3069 3260 3080 3294 :
3106 3243 3449 3298 horrendum
3477 3241 3648 3296 videli-

393 3339 652 3406 grarunt.
667 3337 837 3404 atque
857 3330 1114 3402 obipsius
1131 3329 1465 3384 charitatem
1487 3328 1679 3382 omnia
1694 3345 1794 3398 pro
1817 3328 1991 3383 nihilo
2077 3343 2166 3392 cet
2192 3337 2251 3391 in
2272 3335 2501 3390 modum
2525 3350 2621 3388 eos
2643 3332 2739 3402 qui
2760 3329 2868 3402 ipsi
2887 3330 3578 3397 innituntur,eonturbens,
3600 3335 3648 3382 et

392 3423 691 3478 duxerunt.
729 3420 1016 3492 Siquidem
1055 3420 1333 3490 lacrymas
1362 3417 1749 3490 profuderunt,
1783 3417 1990 3488 diuque
2074 3443 2268 3481 eorum
2319 3425 2414 3496 qui
2455 3423 2715 3478 ﬁduciam
2757 3437 2918 3477 suam
2955 3420 3015 3474 in
3053 3437 3120 3474 eo
3160 3421 3438 3476 collocant
3469 3434 3646 3474 nerves

391 3528 456 3566 8°
484 3518 652 3567 ῐιοοῐιι
671 3511 730 3566 in
759 3510 912 3565 luctu
941 3507 1145 3563 versati
1175 3513 1327 3573 Sunts
1350 3512 1416 3561 ut
1440 3512 1768 3578 perpetuam
1788 3523 1987 3561 εοῐιεο-
2072 3533 2266 3571 omnes
2294 3515 2525 3569 elidens.
2559 3514 2702 3568 Cum
2726 3510 2914 3565 stultis
2943 3509 3123 3564 foedus
3151 3510 3358 3575 sancit,
3389 3509 3642 3578 falsasque

387 3602 660 3658 lationem
701 3599 1182 3672 adipiscerentur;
1224 3613 1284 3651 se
1318 3596 1469 3667 ipsos
1512 3595 1661 3650 ultro
1693 3595 1986 3667 depresse-
2069 3605 2498 3678 pollicitationes
2521 3601 2645 3665 init,
2678 3601 2782 3655 hoc
2808 3605 3030 3654 tantum
3061 3597 3273 3663 animo,
3309 3604 3373 3653 ut
3395 3614 3486 3652 eos
3512 3596 3577 3651 ad
3593 3612 3643 3650 se

388 3695 541 3758 runt,
558 3696 622 3746 ut
645 3689 758 3744 illic
769 3689 827 3744 in
848 3689 1025 3743 altum
1042 3686 1674 3753 attollerentur;carnes
1694 3701 1826 3738 suas
1839 3684 1984 3739 fame
2065 3695 2375 3767 per-trahet.
2407 3692 2525 3748 Illis
2552 3695 2742 3746 autem
2772 3689 2988 3743 sincero
3015 3687 3204 3742 animo
3235 3704 3362 3742 sese
3385 3687 3454 3741 ad
3479 3687 3643 3757 ipsum

388 3798 454 3836 ac
489 3780 581 3834 siti
611 3785 668 3834 et
697 3778 898 3850 vigiliis
925 3775 1300 3840 confecerunt,
1334 3780 1398 3829 ut
1425 3773 1539 3828 illic
1567 3773 1814 3845 paradisi
1841 3773 1982 3828 deli-
2067 3782 2524 3857 “iungentibus,
2555 3778 2846 3852 improbus
2863 3778 2982 3849 ipse
3013 3793 3078 3831 ac
3105 3777 3350 3832 mendax
3372 3792 3488 3832 esse
3505 3790 3641 3830 com-

386 3870 486 3925 cia:
513 3874 570 3923 et
588 3866 881 3923 exsultatio
902 3866 1051 3938 ipsos
1068 3864 1402 3936 exciperent.
1434 3862 1678 3934 Spiritus
1706 3863 1884 3917 sancti
1901 3867 1983 3917 ta-
2065 3874 2300 3945 pel-itur,
2334 3871 2475 3926 nihil
2505 3885 2704 3928 eorum
2743 3883 2866 3938 quae
2893 3864 3186 3936 pepigerat
3214 3871 3504 3936 praestans,

383 3957 749 4014 bernaculum
766 3972 866 4029 per
884 3954 1066 4010 cordis
1086 3953 1390 4025 puritatem
1412 3952 1762 4018 exstiterunt,
1781 3967 1940 4023 quem

2133 3964 2279 4017 Nam
2308 3977 2435 4016 cum
2460 3957 2725 4030 jucundis
2744 3955 2882 4010 cibis
2905 3969 3100 4008 eorum
3120 3953 3311 4008 fauces
3341 3953 3502 4008 hodie
3524 3950 3640 4005 deli-

383 4047 688 4108 admodum
708 4044 978 4116 scriptum
1001 4049 1112 4098 est:
1134 4039 1464 4096 Inhabitabo
1479 4041 1538 4095 in
1559 4040 1696 4112 ipsis
1718 4046 1774 4096 et
1793 4041 1940 4096 inam

2081 4052 2215 4114 iivit,
2248 4067 2371 4106 cras
2399 4047 2623 4103 eosdem
2647 4043 2902 4100 hostibus
2930 4041 3048 4096 suis
3075 4041 3426 4096 devorandos
3447 4039 3638 4111 objicit.

377 4135 584 4193 bulabo
636 4135 717 4202 (II
761 4133 882 4188 Cor.
919 4135 1014 4198 vI).
1059 4129 1281 4202 Seipsos
1321 4129 1531 4184 mundo
1581 4129 1934 4184 crucifixerui

2082 4141 2240 4196 iodie
2257 4156 2446 4211 regem
2459 4137 2703 4208 aliquem
2716 4138 2886 4199 creat,
2912 4137 2968 4186 et
2982 4147 3105 4185 cras
3131 4132 3396 4186 eumdem
3415 4131 3471 4184 in
3491 4129 3639 4182 mise-

380 4229 587 4298 (EP’W-
622 4227 716 4293 τί),
748 4227 813 4277 ιη
838 4221 908 4276 ad
937 4219 1143 4275 Οὶπίεῖί
1171 4220 1459 4274 άθκΐθναῐη
1489 4225 1706 4274 starent
1726 4239 1738 4286 ;
1758 4218 1976 4274 lumbos
2059 4248 2180 4286 ram
2192 4229 2520 4285 servitutem
2540 4224 2766 4290 addicit;
2788 4219 3274 4277 hodieinnumeris
3287 4219 3446 4274 bonis
3461 4220 3643 4274 ﬂoren-

375 4333 507 4373 suos
559 4315 618 4370 in
678 4310 912 4367 veritate
959 4308 1370 4376 succinxerunt,
1404 4315 1574 4381 atque
1603 4309 1661 4363 in
1709 4317 1932 4380 prompt

2084 4338 2169 4375 em
2200 4318 2402 4382 reddit,
2427 4333 2550 4371 cras
2577 4313 2896 4369 mendicum
2917 4315 2975 4364 et
2998 4307 3414 4380 mancipiorum
3453 4306 3641 4362 manci-

371 4421 594 4478 semper
621 4399 908 4472 ίηωρθάθδ
928 4396 1620 4488 ιιαδμέωηις-ίιηωρῖιειιίε
1648 4397 1839 4469 εροηεί
1868 4397 1968 4488 ati-
1992 4429 2038 4488 D
2056 4408 2234 4480 pium;
2255 4405 2421 4461 hodie
2442 4403 2717 4474 insignem
2731 4414 2996 4455 coronam
3014 4396 3191 4468 ipsius
3213 4396 3385 4468 capiti
3398 4394 3636 4466 imponit,

369 4501 598 4551 ventum
630 4487 1244 4562 exspectanteS(Md“h-
1268 4489 1414 4551 ml)-
1430 4487 1575 4541 Nam
1603 4503 1732 4541 cum
1762 4487 1967 4542 mentis
1992 4483 2032 4488 —
2054 4514 2177 4552 cras
2200 4496 2376 4568 ipsius
2403 4492 2598 4548 faciem
2618 4497 2783 4545 terrae
2801 4486 3014 4553 allidit;
3037 4485 3204 4540 hodie
3244 4485 3426 4557 ipsius
3453 4483 3638 4538 collum

369 4584 542 4640 oculis
566 4578 786 4655 μ’ωάἱῆ
803 4580 1008 4640 essent.
1029 4573 1373 4628 horrendum
1391 4573 1551 4629 illum
1570 4574 1720 4629 diem
1744 4592 1968 4648 semper
2049 4579 2355 4653 splendidis
2382 4577 2724 4649 dignitatum
2743 4569 3048 4628 honoribus
3069 4575 3330 4634 exornat,
3353 4584 3476 4623 cras
3501 4582 3638 4622 eum-

366 4669 779 4746 prospiciebant
803 4686 814 4722 :
840 4670 1010 4738 atque
1037 4669 1160 4719 tum
1186 4663 1506 4718 futurorum
1529 4663 1822 4730 bonorum,
1841 4671 1965 4721 tum
2049 4670 2176 4724 dem
2195 4669 2390 4724 ferreis
2401 4666 2614 4722 catenis
2632 4663 2878 4718 vinctum
2893 4658 3104 4730 dejicit.
3125 4657 3212 4712 Ad
3235 4657 3407 4712 breve
3431 4665 3636 4726 tempus

363 4743 540 4816 futuri
565 4757 824 4831 supplicii
851 4752 1383 4827 contemplationem
1409 4752 1490 4807 ita
1521 4752 1580 4808 in
1607 4770 1838 4826 corpore
1869 4755 1964 4810 de-
2045 4759 2299 4814 omnium
2315 4772 2565 4812 amorem
2583 4745 3525 4818 acbenevolentiamipsiconciliat;
3547 4743 3636 4799 ali-

364 4853 532 4906 fixam
559 4847 846 4919 gerebant,
879 4849 945 4898 ut
973 4842 1043 4898 ab
1072 4844 1196 4915 ipsa
1223 4858 1512 4914 nunquam
1542 4842 1956 4899 divellerentur.
2044 4853 2254 4921 quanto
2270 4851 2396 4919 post
2416 4850 2606 4900 autem
2623 4842 2806 4897 eidem
2826 4837 3078 4894 omnium
3107 4834 3304 4889 odium
3323 4840 3381 4889 et
3405 4847 3636 4889 exsecra-

362 4942 549 5011 Atque
577 4937 666 4991 hic
688 4933 944 4988 laborare
974 4933 1333 4994 studuerunt,
1369 4937 1433 4986 ut
1459 4932 1817 5004 sempiterna
1844 4933 1961 5004 glo-
2040 4938 2253 4993 tionem
2274 4936 2502 4991 conﬁat.
2527 4931 2706 4987 Hodie
2726 4930 2912 5001 ipsum
2934 4925 3219 4996 voluptate
3242 4923 3632 4986 afﬁcit,etcras

361 5030 459 5084 riae
489 5029 771 5096 compotes
791 5027 998 5074 essent.
1021 5021 1517 5077 Perturbationum
1546 5028 1825 5092 expertes,
1844 5038 1956 5077 non
2040 5027 2299 5082 eumdem
2321 5023 2562 5081 luctibus
2583 5038 2646 5076 ac
2667 5017 2933 5080 lamentis
2953 5013 3193 5070 conficit.
3212 5012 3530 5076 Quemnam
3545 5027 3632 5065 au-

356 5133 518 5174 secus
547 5124 716 5185 atque
747 5111 951 5181 angeli,
975 5111 1220 5175 fuerunt;
1245 5127 1310 5165 ac
1353 5127 1503 5166 nunc
1530 5128 1659 5166 cum
1682 5112 1792 5166 illis
1823 5129 1958 5183 quo-
2038 5122 2153 5172 tem
2167 5115 2336 5170 etiam
2355 5113 2490 5185 ipsis
2511 5113 2680 5166 finem
2697 5110 2970 5180 imponat,
2986 5101 3367 5158 audi.Incolas
3390 5101 3631 5171 enimge-

355 5223 483 5263 rum
503 5204 678 5258 vitam
707 5198 912 5253 imitati
934 5204 1086 5263 sunt,
1120 5199 1352 5253 choreas
1381 5206 1575 5270 agunt.
1598 5200 1757 5255 Beati
1783 5201 1863 5254 illi
1886 5218 1951 5255 ac
2035 5206 2234 5261 hennae
2264 5221 2359 5259 eos
2387 5219 2422 5257 a
2453 5201 2654 5274 quibus
2697 5198 2992 5252 adamatus
3030 5197 3114 5246 est
3162 5189 3548 5244 miserandum
3577 5189 3630 5242 in

350 5304 442 5352 ter
466 5292 632 5357 beati,
657 5287 924 5362 quoniam
952 5287 1128 5340 ﬁrmis
1155 5287 1358 5341 mentis
1387 5289 1562 5344 oculis
1587 5291 1949 5361 praesentium
2033 5293 2264 5348 modum
2293 5291 2463 5347 efficit
2498 5291 2626 5344 Haec
2645 5302 2867 5358 semper
2888 5283 3064 5356 ipsius
3085 5295 3242 5334 mens
3263 5295 3332 5332 ac
3354 5277 3626 5333 sententia

348 5400 541 5444 rerum
563 5380 889 5442 vanitatem,
906 5381 1075 5446 atque
1086 5375 1346 5431 humanae
1367 5379 1757 5449 prosperitatis
1773 5380 1950 5436 incer-
2031 5388 2134 5450 est,
2163 5383 2267 5437 hoc
2281 5380 2619 5436 institutum.
2645 5379 2762 5432 Nec
2786 5391 2882 5430 eos
2903 5371 2999 5445 qui
3029 5367 3430 5442 praeterierunt
3457 5367 3619 5439 luget,

345 5474 651 5534 titudinem
676 5472 734 5526 et
755 5461 1194 5523 inconstantiam
1214 5472 1637 5536 perspexerunt,
1663 5484 1841 5542 eaque
1861 5486 1949 5526 re-
2029 5487 2133 5528 nec
2161 5487 2357 5528 eorum
2387 5469 2483 5543 qui
2502 5465 2683 5525 relicti
2699 5468 2835 5522 sunt
2851 5456 3343 5518 commiseratione
3363 5455 3620 5511 afﬁcitur.

338 5572 509 5642 iacta,
538 5557 885 5632 sempiterna
903 5549 1055 5612 bona
1071 5547 1178 5610 sibi
1207 5550 1348 5626 ipsis
1374 5541 1768 5630 condiderunt,
1780 5573 1846 5618 ac
1867 5575 1895 5616 v

2037 5557 2146 5620 illis
2165 5556 2315 5620 enim
2324 5541 2483 5634 gravi
2493 5555 2831 5616 detrimento
2843 5547 3146 5618 mulctatis,
3165 5541 3498 5618 ratibusque
3511 5556 3594 5603 sui
