3942 6200
259 262 352 323 493

651 262 822 318 VITA
860 244 1301 317 SANCTORUM
1334 258 1675 316 BARLAAM
1718 258 2055 316 EREMITE
2093 259 2181 316 ET
2218 258 2584 316 JOSAPHAT
2623 260 2854 316 INDIIE
2893 260 3125 318 REGIS.

3414 264 3517 321 494

259 391 502 458 inclusis,
534 390 604 445 ad
643 389 747 444 hos
782 405 980 443 rursus
999 388 1181 442 artem
1215 384 1374 442 suam
1396 387 1704 442 transferre
1721 384 1913 445 niti-A
1933 386 2129 439 mundi
2173 374 2586 457 jucunditatem
2614 391 2671 440 et
2698 375 3051 449 dulcedinem
3092 387 3389 458 signiﬁcat,
3420 404 3525 459 per

261 487 362 545 tur,
402 480 689 534 neminem
733 478 1005 543 videlicet,
1046 477 1142 548 qui
1172 474 1513 548 periculosos
1551 474 1728 547 ipsius
1766 474 1849 527 la-

259 586 425 640 queos
454 568 686 638 effugiat
704 583 826 621 esse
853 567 1100 637 cupiens.

324 656 703 721 Quamobrem
733 673 828 711 eos
861 655 957 727 qui
993 661 1109 709 tam
1131 655 1395 725 pestifero
1421 671 1486 708 ac
1513 658 1702 718 πται
1726 669 1849 707 cru—

260 746 361 801 deli
389 746 622 801 domino
646 745 915 809 serviunt,
960 743 1167 815 quique
1181 743 1367 797 abono
1396 760 1461 797 ac
1487 742 1725 813 benigno
1747 759 1849 813 per

259 852 534 890 summam
589 834 931 888 dementiam
987 833 1199 904 seipsos
1251 838 1618 898 removentes,
1678 832 1846 886 rebus

258 922 618 995 praesentibus
638 922 857 977 inhiant
883 928 940 976 et
958 921 1330 987 intabescunt,
1364 938 1466 975 nec
1502 921 1696 976 futura
1731 921 1845 974 ullo

258 1012 418 1067 modo
438 1013 705 1083 cogitant,
743 1028 933 1065 verum
956 1011 1028 1065 ad
1048 1027 1344 1081 corporeas
1356 1011 1582 1081 quidem
1600 1011 1850 1081 volupta-

258 1109 335 1156 tes
357 1101 483 1155 sine
513 1102 630 1155 ulla
670 1099 1085 1154 intermissione
1124 1116 1246 1154 sese
1280 1099 1594 1164 conferunt,
1627 1099 1848 1152 animas

258 1194 444 1244 autem
463 1204 595 1243 suas
616 1188 763 1242 fame
793 1188 1009 1253 conﬁci,
1049 1192 1106 1242 et
1132 1187 1443 1242 innumeris
1464 1187 1628 1241 malis
1660 1187 1850 1241 conﬁi-

257 1278 392 1333 ctari
421 1278 634 1338 sinunt,
668 1277 883 1331 homini
929 1294 965 1331 a
990 1276 1229 1331 furentis
1259 1276 1543 1330 unicornis
1583 1275 1723 1330 facie
1768 1275 1849 1329 fu-

254 1368 428 1438 gienti
441 1367 651 1421 similes
674 1382 795 1421 esse
810 1382 1028 1429 censeo,
1051 1364 1147 1436 qui
1162 1382 1290 1419 cum
1305 1364 1566 1420 clamoris
1580 1365 1754 1436 ipsius
1765 1381 1851 1419 so-

254 1472 384 1509 num
402 1461 575 1526 atque
603 1454 913 1510 horrendos
937 1454 1186 1524 mugitus
1204 1454 1347 1508 ferre
1373 1459 1847 1525 nequeat,magno

255 1544 484 1616 impetu,
518 1560 587 1598 ne
614 1543 721 1615 ipsi
747 1544 806 1597 in
834 1543 1081 1614 praedam
1109 1543 1288 1605 cedat,
1319 1543 1558 1613 aufugit.
1577 1544 1722 1597 Dum
1753 1558 1849 1596 au-

256 1639 362 1687 tem
387 1632 649 1687 celeriter
675 1632 868 1697 currit,
893 1632 953 1686 in
982 1632 1267 1702 ingentem
1282 1632 1582 1703 quamdam
1595 1631 1848 1686 scrobem

1934 492 2101 546 quam
2133 476 2229 529 ille
2265 476 2478 530 'amicos
2535 491 2667 529 suos
2696 476 3007 543 ludiﬁcans,
3066 494 3161 532 eos
3203 478 3372 532 saluti
3409 470 3538 533 suae.

1933 564 2250 635 prospicere
2278 564 2510 618 minime
2538 564 2691 618 sinit.

2003 654 2297 708 CAP.XIII.
2315 684 2379 694 —
2394 654 2551 707 Hanc
2571 652 2894 724 parabolam
2915 657 3184 727 majorem
3202 657 3262 711 in
3291 657 3524 711 modum

1929 742 2298 814 comprobans
2324 744 2612 814 Josaphat,
2644 744 2785 797 dixit
2802 762 2813 796 :
2831 745 3011 808 Quam
3025 763 3190 801 verus
3220 746 3309 800 hic
3335 761 3523 801 sermo

1926 838 2030 897 est,
2051 849 2117 886 ac
2134 833 2527 887 concinnitatis
2553 833 2737 886 omnis
2759 833 2957 903 plenus
2982 834 2994 886 l
3048 834 3422 898 Quamobrem
3454 851 3526 891 ne

1928 925 2002 984 te,
2039 936 2246 991 quaeso,
2286 920 2609 990 hujusmodi
2640 921 2849 990 ﬁguras
2880 920 3018 975 mihi
3039 922 3259 976 assidue
3288 924 3523 978 demon-

1930 1014 2111 1062 strare
2166 1010 2374 1080 pigeat,
2430 1025 2539 1080 quo
2567 1015 2719 1063 certo
2757 1009 3071 1080 intelligam
3114 1012 3292 1081 qualis
3329 1018 3524 1066 nostra

1930 1097 2044 1151 vita
2065 1098 2157 1163 sit,
2183 1104 2240 1152 et
2262 1114 2402 1169 quas
2432 1115 2522 1152 res
2551 1097 2744 1153 amicis
2788 1098 2903 1152 suis
2949 1105 3215 1153 accersat.
3247 1100 3400 1154 Dixit
3428 1117 3525 1155 au-

1932 1191 2047 1240 tem
2076 1203 2245 1241 senex
2276 1202 2289 1240 :
2318 1187 2540 1242 Similes
2568 1203 2795 1241 rursum
2823 1192 2959 1241 sunt
2974 1188 3015 1242 ii
3046 1189 3143 1258 qui
3174 1189 3526 1260 voluptatum

1931 1276 2100 1346 hujus
2119 1276 2243 1331 vitae
2262 1293 2452 1331 amore
2472 1276 2641 1347 capti,
2668 1293 2974 1347 earumque
2986 1277 3261 1332 suavitate
3284 1278 3524 1344 deliniti,

1931 1381 2020 1418 res
2052 1365 2228 1419 ﬂuxas
2257 1370 2315 1419 et
2341 1364 2646 1437 imbecilles
2683 1365 2887 1419 futuris
2938 1370 3109 1437 atque
3153 1384 3187 1421 a
3220 1366 3528 1436 jactatione

1931 1453 2130 1507 alienis
2177 1453 2524 1524 antiquiores
2573 1453 2913 1519 habuerunt,
2975 1456 3211 1521 homini,
3273 1456 3369 1527 qui
3407 1460 3524 1509 tres

1930 1542 2137 1596 amicos
2160 1541 2376 1608 habuit,
2410 1559 2476 1596 ex
2505 1542 2706 1613 quibus
2733 1543 2874 1597 duos
2904 1543 3131 1614 quidem
3162 1544 3377 1615 ingenti
3400 1545 3526 1599 ani-

1929 1630 2006 1684 mi
2040 1632 2243 1685 aﬁ‘ectu
2261 1630 2496 1697 colebat,
2528 1648 2594 1686 ac
2621 1632 2981 1687 vehementer
3019 1632 3265 1700 amabat,
3298 1634 3437 1687 adeo
3459 1638 3525 1688 ut

254 1722 379 1789 ruit,
408 1738 476 1775 ac
490 1721 703 1775 ruendo
720 1737 921 1775 manus
938 1720 1525 1785 extendens,arborem
1541 1721 1845 1792 quamdam
1867 1706 1914 1767 Β
1928 1721 1998 1774 ad
2027 1726 2267 1774 mortem
2289 1736 2467 1791 usque
2476 1738 2576 1792 pro
2593 1721 2727 1791 ipsis
2750 1720 3019 1775 dimicare
3032 1738 3095 1776 ac
3106 1719 3353 1792 pericula
3369 1739 3523 1792 quae-

254 1810 714 1880 arripit,eamque
729 1809 1040 1864 arctissime
1064 1809 1290 1875 retinet,
1315 1815 1485 1880 atque
1511 1810 1692 1880 gradu
1714 1827 1847 1880 quo-

251 1899 373 1953 dam
384 1898 687 1953 afﬁrmatis
704 1898 955 1969 pedibus,
972 1903 1168 1969 pacata
1187 1898 1451 1969 deinceps
1465 1899 1849 1969 omnia,atque

251 1987 315 2041 ab
340 1988 501 2041 omni
529 1987 777 2059 periculo
806 1987 989 2041 aliena
1009 2003 1129 2041 esse
1164 1986 1492 2041 arbitratur.
1527 1987 1847 2058 Respiciens

251 2082 459 2142 autem,
490 2075 633 2130 duos
655 2092 844 2129 mures
869 2074 1065 2141 cernit,
1099 2075 1340 2129 alterum
1370 2076 1689 2139 candidum,
1714 2076 1849 2130 alte-

254 2181 371 2219 rum
397 2170 609 2229 atrum,
639 2162 856 2218 arboris
875 2163 1026 2218 illius
1046 2180 1216 2235 quam
1260 2163 1576 2235 arripuerat
1602 2165 1848 2220 radicem

253 2258 524 2324 perpetuo
553 2252 931 2314 corradentes,
958 2254 1190 2323 jamque
1219 2270 1362 2323 pene
1392 2270 1516 2308 eam
1546 2260 1847 2331 amputan-

253 2348 349 2397 tes.
381 2344 574 2413 Atque
590 2341 839 2411 insuper,
865 2340 1132 2411 conjectis
1161 2342 1220 2395 in
1248 2341 1420 2396 imam
1442 2342 1694 2398 scrobem
1725 2361 1851 2398 ocu-

252 2431 334 2487 lis.
367 2431 721 2485 horrendum
764 2430 1063 2484 draconem
1115 2431 1411 2502 conspicit,
1461 2438 1691 2503 aspectu
1727 2432 1849 2503 ipso

253 2519 442 2590 ignem
462 2519 791 2590 spirantem,
817 2535 882 2572 ac
904 2518 1078 2572 torvis
1105 2520 1281 2573 oculis
1295 2520 1480 2591 ipsum
1508 2520 1844 2586 intuentem,

254 2608 644 2678 horrendeque
672 2607 780 2678 ipsi
802 2607 1119 2661 devorando
1146 2607 1478 2663 inhiantem.
1515 2611 1594 2663 Ac
1624 2626 1850 2664 rursum

253 2697 307 2750 in
333 2696 523 2767 gradu
553 2696 669 2762 illo,
699 2696 788 2749 cui
812 2696 981 2767 pedes
1008 2696 1184 2767 ipsius
1211 2697 1616 2764 innitebantur,
1661 2699 1849 2753 oculo-

255 2802 375 2840 rum
400 2785 527 2840 acie
557 2785 1169 2856 deﬁxa,quatuoraspid
1179 2803 1272 2840 um
1292 2787 1478 2857 capita
1496 2788 1664 2853 videt,
1700 2805 1730 2841 e
1750 2804 1850 2858 pa-

252 2874 412 2933 riete.
440 2873 500 2927 in
529 2889 640 2944 quo
656 2872 1013 2934 consistebat.
1045 2868 1439 2945 prominentia.
1489 2878 1724 2930 Sursum
1758 2893 1855 2930 au-

252 2968 362 3017 tem
386 2962 583 3017 oculos
612 2967 960 3030 convertens,
1004 2964 1259 3017 nonnihil
1313 2964 1494 3018 mellis
1524 2981 1591 3017 ex
1636 2963 1853 3018 arboris

1929 1809 2011 1863 vis
2036 1809 2191 1863 adire
2203 1809 2433 1863 minime
2444 1815 2749 1876 recusaret,
2771 1809 3005 1865 tertium
3019 1816 3209 1865 autem
3219 1810 3527 1866 admodum

1930 1897 2355 1969 aspernabatur,
2412 1898 2495 1953 ita
2525 1904 2590 1953 ut
2641 1915 2745 1953 nec
2795 1899 3066 1953 honorem
3116 1916 3389 1971 unquam,
3421 1916 3526 1955 nec

1932 2003 2101 2058 quam
2125 2004 2226 2059 par
2244 1992 2367 2041 erat
2392 1986 2838 2041 benevolentiam
2853 1987 2961 2058 ipsi
2981 1989 3398 2058 praestaret,sed
3416 1989 3529 2043 exi-

1927 2093 2098 2151 guam
2124 2076 2427 2147 quamdam
2455 2076 2751 2142 duntaxat,
2784 2092 3022 2147 eamque
3047 2078 3236 2131 ﬁctam
3264 2094 3329 2131 ac
3357 2077 3530 2133 simu-

1930 2165 2104 2219 latam
2129 2164 2434 2219 amicitiam
2454 2164 2759 2219 exhiberet.
2775 2164 3070 2221 Venerunt
3079 2172 3269 2221 autem
3282 2166 3524 2238 quodam

1931 2254 2021 2308 die
2046 2253 2322 2308 immanes
2342 2260 2511 2324 atque
2536 2254 2805 2309 horrendi
2835 2254 3061 2321 milites,
3086 2255 3184 2326 qui
3213 2271 3342 2309 eum
3371 2272 3528 2310 sum-

1932 2359 2026 2396 ma
2053 2360 2181 2397 cum
2208 2342 2565 2398 festinatione
2593 2343 2664 2397 ad
2693 2360 2885 2414 regem
2904 2344 3216 2411 traherent,
3247 2350 3314 2399 ut
3334 2345 3530 2399 decem

1932 2432 2171 2486 millium
2198 2433 2556 2495 talentorum,
2583 2449 2706 2503 quae
2735 2431 2992 2498 debebat,
3023 2432 3303 2487 rationem
3322 2434 3525 2488 redde-

1931 2526 2037 2574 ret.
2072 2521 2171 2575 Ille
2200 2520 2376 2591 igitur
2392 2520 2453 2575 in
2481 2536 2763 2575 summam
2783 2521 3105 2591 angustiam
3127 2521 3405 2587 redactus,
3429 2522 3530 2577 ali-

1933 2625 2100 2679 quem
2132 2608 2435 2680 quaerebat,
2462 2609 2558 2680 qui
2584 2609 2644 2663 in
2654 2609 2957 2664 metuenda
2969 2609 3067 2663 illa
3086 2610 3371 2665 rationum
3381 2610 3531 2681 apud

1932 2696 2123 2767 regem
2153 2698 2466 2752 redditione
2496 2715 2660 2768 opem
2701 2697 2810 2768 ipsi
2844 2698 3034 2753 ferret.
3069 2700 3315 2753 Currens
3338 2699 3530 2770 itaque

1935 2786 2005 2839 ad
2035 2786 2301 2856 primum,
2324 2788 2689 2858 omniumque
2710 2787 2953 2842 aliorum
2982 2788 3377 2843 charissimam
3390 2788 3532 2842 ami-

1934 2874 2158 2941 cum,ad
2177 2891 2308 2929 eum
2327 2875 2437 2928 ait:
2472 2876 2599 2929 Non
2622 2882 2679 2929 te
2706 2874 2869 2945 fugit,
2892 2892 2924 2929 ο
2941 2876 3139 2940 amice,
3171 2877 3535 2951 quemadmo-

1933 2964 2070 3018 dum
2094 2969 2194 3018 tua
2222 2980 2392 3018 causa
2440 2963 2612 3018 vitam
2659 2980 2842 3018 meam
2892 2980 3117 3035 semper
3143 2964 3203 3019 in
3231 2964 3534 3020 discrimen

252 3051 402 3106 illius
435 3051 610 3105 ramis
637 3050 853 3105 stillans
882 3051 1163 3123 perspicit.
1185 3052 1456 3117 Quocirca
1468 3053 1852 3107 calamitatum
1875 3052 2301 3123 cadduxerim;
2356 3067 2505 3107 nunc
2555 3058 2747 3107 autem
2805 3053 3075 3107 hodierno
3128 3053 3235 3119 die,
3294 3057 3531 3123 urgente

253 3157 453 3194 earum
510 3138 714 3209 quibus
747 3139 995 3210 undique
1046 3140 1405 3196 obsidebatur
1440 3151 1498 3196 et
1525 3141 1849 3213 urgebatur,

252 3228 466 3282 omissa
491 3227 957 3293 consideratione,
1001 3229 1271 3283 nimirum
1304 3247 1549 3300 quonam
1570 3236 1733 3301 pacto
1765 3248 1854 3285 ex-

252 3324 413 3371 terne
458 3317 688 3387 quidem
731 3316 1017 3371 unicornis
1046 3318 1360 3373 vehementi
1386 3319 1576 3374 furore
1605 3319 1849 3390 percitus

257 3422 386 3461 eum
437 3406 707 3459 devorare
739 3411 1032 3476 quaereret,
1065 3405 1135 3459 ab
1165 3406 1429 3462 inferiore
1461 3414 1653 3462 autem
1694 3413 1854 3479 parte

254 3493 491 3550 acerbus
510 3494 680 3548 draco
709 3510 839 3548 eum
859 3494 1134 3565 deglutire
1163 3495 1525 3551 vehementer
1551 3502 1854 3569 expeteret,

256 3599 318 3637 ac
345 3599 552 3638 rursus
579 3580 744 3636 arbor
783 3598 851 3637 ea
880 3599 1049 3654 quam
1095 3584 1414 3655 arripuerat
1464 3587 1586 3656 jam
1627 3586 1859 3657 jamque

256 3671 607 3744 amputanda
635 3676 800 3737 esset,
836 3671 1006 3742 pedes
1058 3671 1300 3744 denique
1341 3673 1516 3745 ipsius
1555 3673 1768 3729 lubrico
1801 3679 1858 3729 et

255 3761 427 3815 inﬁdo
437 3759 645 3831 gradui
661 3759 1065 3828 inniterentur;
1086 3761 1287 3816 horum
1310 3762 1540 3834 inquam
1570 3768 1857 3819 tantorum

256 3850 641 3920 periculorum
665 3847 890 3916 oblitus,
918 3850 979 3903 in
1009 3850 1193 3921 exigui
1222 3851 1372 3906 illius
1401 3852 1582 3908 mellis
1614 3852 1859 3908 dulcedi-

254 3953 324 3992 ne
343 3937 711 4009 percipienda
732 3938 979 4009 seipsum
1005 3940 1309 4011 occupavit.

324 4026 461 4081 Haec
470 4042 669 4081 eorum
680 4026 776 4097 qui
790 4028 1081 4097 praesentis
1092 4028 1218 4083 vitae
1238 4028 1492 4083 ludibriis
1505 4029 1861 4084 intabescunt

255 4115 445 4185 ﬁgura
479 4119 604 4169 est:
659 4116 820 4186 cujus
845 4115 1069 4187 quidem
1116 4117 1565 4188 explanationem
1604 4117 1860 4189 protinus

251 4202 359 4257 tibi
391 4219 688 4275 exponam.
721 4203 1017 4259 Unicornis
1042 4205 1218 4277 igitur
1244 4207 1442 4261 mortis
1462 4212 1660 4279 typum
1688 4207 1856 4278 gerit,

254 4308 380 4362 qua
411 4308 643 4362 semper
655 4292 977 4348 mortalium
996 4310 1176 4365 genus
1192 4296 1565 4367 persequitur,
1585 4302 1753 4367 atque
1766 4312 1859 4350 ar-

1935 3141 2286 3206 necessitate,
2319 3158 2424 3212 ope
2453 3147 2554 3195 tua
2572 3146 2742 3212 atque
2780 3141 2984 3196 auxilio
3026 3141 3270 3209 indigeo.
3315 3141 3530 3217 Ecquid

1936 3247 2069 3301 ergo
2091 3235 2148 3284 te
2177 3230 2317 3283 mihi
2345 3229 2551 3284 auxilio
2578 3229 2722 3284 forte
2751 3228 3073 3300 polliceris?
3102 3235 3160 3283 et
3187 3245 3446 3299 quanam
3469 3229 3530 3284 in

1938 3325 2013 3385 te,
2035 3319 2120 3373 vir
2137 3318 2483 3385 charissima,
2528 3335 2655 3389 spes
2697 3317 2835 3372 mihi
2884 3317 3190 3372 constituta
3244 3317 3374 3372 est?
3426 3318 3532 3372 Re-

1939 3407 2218 3479 spondens
2247 3412 2438 3461 autem
2481 3406 2595 3473 ille,
2630 3411 2711 3462 ait
2735 3425 2745 3460 :
2771 3407 3001 3461 Amicus
3028 3413 3160 3461 tuus
3184 3398 3298 3461 non
3317 3422 3464 3479 sum,
3497 3422 3531 3460 ο

1939 3497 2127 3561 homo,
2168 3512 2271 3550 nec
2291 3496 2387 3568 qui
2407 3495 2483 3550 sis
2513 3496 2659 3550 novi.
2691 3496 2836 3550 Sunt
2876 3495 3025 3549 enim
3053 3494 3191 3549 mihi
3216 3494 3312 3549 alii
3339 3473 3527 3561 amici,

1941 3584 2273 3656 quibuscum
2302 3584 2468 3639 hodie
2489 3582 2755 3638 obiectari
2778 3600 2869 3637 me
2897 3588 3135 3654 oportet,
3170 3599 3421 3654 quosque
3468 3582 3530 3637 in

1940 3679 2225 3745 posterum
2250 3690 2347 3745 pro
2375 3672 2568 3727 amicis
2593 3671 2896 3728 habiturus
2907 3688 3053 3727 sum.
3070 3671 3256 3735 Quare
3274 3671 3386 3726 duo
3405 3677 3530 3725 tan-

1938 3769 2063 3817 tum
2091 3761 2273 3817 cilicia
2293 3761 2395 3816 tibi
2426 3761 2670 3833 porrigo,
2690 3767 2755 3815 ut
2775 3777 2844 3815 ea
2870 3760 2931 3815 in
2960 3760 3051 3815 via
3078 3776 3190 3832 qua
3217 3760 3406 3831 pergis
3436 3759 3537 3814 ha-

1939 3851 2090 3918 beas,
2116 3868 2238 3922 quae
2258 3851 2430 3905 etiam
2458 3851 2581 3923 ipsa
2609 3850 2747 3905 nihil
2770 3849 2876 3904 tibi
2905 3848 3271 3904 emolumenti
3292 3848 3538 3903 allatura

1940 3945 2074 3994 sunt
2094 3958 2106 4007 ;
2141 3956 2244 3994 nec
2270 3944 2354 3994 est
2375 3939 2525 4010 quod
2539 3955 2572 3993 a
2587 3955 2676 3993 me
2695 3938 3004 4010 quidquam
3023 3943 3509 4010 ﬁﬂgexspectes
3523 3975 3537 3991 .

1940 4029 2072 4083 Haac
2097 4028 2193 4082 ille
2219 4028 2472 4094 audiens,
2497 4044 2562 4082 ac
2607 4028 2677 4082 de
2718 4027 2945 4094 auxilio,
2981 4026 3129 4098 quod
3153 4026 3223 4081 ab
3253 4044 3320 4081 eo
3349 4044 3540 4100 exspe-

1942 4116 2148 4183 ctabat,
2181 4133 2338 4188 spem
2364 4133 2587 4171 omnem
2638 4115 2927 4186 abjiciens,
2955 4115 3026 4169 ad
3055 4115 3362 4170 secundum
3401 4116 3542 4170 ami-

1942 4221 2069 4259 cum
2093 4222 2152 4259 se
2182 4204 2414 4270 confert,
2445 4203 2516 4258 ad
2546 4220 2787 4275 eumque
2826 4203 2934 4257 ait:
2965 4203 3300 4270 Recordare,
3335 4203 3535 4271 amice,

1943 4300 2216 4363 quantum
2257 4310 2292 4347 a
2319 4310 2408 4347 me
2436 4292 2665 4346 honoris
2696 4297 2754 4346 et
2779 4290 3180 4346 beneﬁciorum
3233 4291 3535 4362 acceperis.
3584 4353 3588 4357 ,

251 4380 451 4451 ripere
489 4380 794 4436 cuntendit.
847 4383 1047 4437 Scrobs
1076 4389 1266 4438 autem
1312 4385 1555 4440 mundus
1604 4390 1709 4448 est,
1765 4384 1861 4456 qui
1879 4377 2224 4437 DHodierno
2237 4388 2427 4436 autem
2447 4381 2538 4435 die
2552 4380 2613 4435 in
2638 4380 2942 4435 maximam
2964 4380 3345 4435 calamitatem
3376 4384 3434 4434 et
3458 4379 3537 4433 af-

252 4469 448 4523 omnis
475 4470 699 4540 generis
728 4471 892 4526 malis
932 4489 996 4526 ac
1041 4472 1343 4528 mortiferis
1400 4474 1617 4547 laqueis
1661 4480 1855 4529 scatet.
1943 4471 2246 4526 ﬂictionem
2267 4471 2581 4543 prolapsus,
2614 4470 2951 4542 opitulatore
2980 4469 3166 4541 aliquo
3180 4485 3319 4541 opus
3333 4467 3536 4523 habeo.

251 4556 449 4612 Arbor
477 4574 542 4613 ea
571 4574 739 4631 quam
750 4561 1086 4632 compressis
1098 4562 1357 4617 manibus
1377 4567 1655 4629 tenemus,
1673 4568 1729 4617 et
1741 4580 1862 4634 quae
1945 4560 2222 4624 Quidnam
2239 4560 2413 4631 igitur
2432 4560 2749 4631 adjumenti
2772 4575 2923 4613 nunc
2958 4558 3098 4613 mihi
3120 4558 3320 4612 afferre
3339 4572 3532 4628 queas,

252 4663 289 4701 a
318 4646 551 4703 duobus
576 4647 831 4703 muribus
860 4649 1245 4705 indesinenter
1263 4652 1563 4715 arroditur,
1591 4653 1861 4723 cujusque
1944 4649 2029 4703 fac
2044 4648 2234 4704 sciam.
2267 4649 2367 4704 Ille
2381 4654 2572 4704 autem
2590 4648 2672 4703 ait
2703 4668 2714 4703 :
2739 4648 2918 4703 Hodie
2949 4646 3087 4701 mihi
3100 4644 3439 4718 pernegotia
3459 4651 3541 4702 te-

250 4734 511 4791 hominis
537 4736 664 4792 vitae
694 4737 1039 4794 curriculum
1068 4744 1154 4794 est
1175 4758 1185 4793 :
1223 4740 1369 4811 quod
1400 4740 1627 4812 quidem
1638 4757 1738 4812 per
1748 4740 1861 4795 diei
1945 4754 2071 4793 cum
2092 4744 2378 4794 certamen
2396 4737 2582 4793 subire
2598 4736 2829 4792 minime
2842 4735 3162 4792 licet.Curis
3178 4733 3328 4790 enim
3349 4739 3407 4789 et
3424 4735 3539 4790 sol-

248 4841 316 4880 ac
342 4826 718 4881 noctishoras
740 4826 1057 4883 absumitur
1070 4833 1127 4883 et
1146 4829 1455 4896 conﬁcitur,
1491 4846 1555 4884 ac
1584 4830 1857 4900 paulatim
1942 4826 2324 4883 licitudinibus
2354 4826 2602 4900 undique
2639 4842 2862 4896 urgeor,
2899 4829 3069 4896 atque
3116 4823 3175 4878 in
3236 4823 3538 4879 afﬂictione

248 4913 323 4968 ad
350 4914 700 4970 excisionem
720 4916 954 4971 accedit.
981 4917 1235 4981 Quatuor
1262 4925 1451 4972 autem
1476 4918 1717 4989 aspidas,
1741 4918 1859 4972 hu-

244 5003 411 5058 mani
440 5004 692 5076 corporis
726 5022 915 5076 super
962 5013 1205 5077 quatuor
1232 5006 1445 5061 lubrica
1485 5012 1542 5060 et
1579 5007 1863 5061 instabilis

247 5092 543 5148 elementa
566 5094 1330 5166 constitutionemdesignant
1350 5114 1361 5149 :
1383 5096 1478 5167 qui
1507 5113 1634 5151 cum
1664 5096 1861 5151 immo-

245 5181 461 5236 derate
482 5198 542 5236 se
571 5182 783 5237 habent
809 5199 874 5237 ac
910 5184 1331 5255 perturbantur,
1367 5186 1615 5256 corporis
1644 5202 1862 5257 compa-

244 5286 352 5340 ges
415 5269 762 5326 dissolvitur.
816 5272 901 5327 Ad
931 5273 1049 5329 haec
1074 5273 1273 5344 igneus
1303 5274 1396 5328 ille
1425 5291 1489 5328 ac
1514 5275 1863 5329 truculentus

244 5356 457 5425 draco,
497 5359 843 5416 horrendum
871 5362 1076 5417 inferni
1117 5368 1372 5417 ventrem
1400 5362 1725 5429 adumbrat,
1768 5365 1863 5434 qui

242 5462 347 5503 eos
389 5449 682 5521 suscipere
718 5450 892 5521 gestit
925 5452 1020 5524 qui
1048 5459 1354 5524 praesentes
1381 5452 1696 5523 voluptates
1717 5452 1865 5507 futu-

245 5536 333 5593 ris
363 5534 539 5593 bonis
560 5544 929 5612 anteponunt.
959 5539 1140 5598 Mallia
1161 5557 1291 5597 vero
1316 5540 1539 5614 guttula
1561 5539 1860 5610 distillans,

1942 4933 2085 4971 sum.
2119 4917 2358 4972 Paulum
2384 4922 2577 4970 tamen
2604 4920 2789 4969 tecum
2817 4930 3067 4986 pergam,
3112 4912 3367 4989 quamvis
3400 4912 3543 4968 nihil

1942 5005 2072 5060 hinc
2099 5005 2374 5062 commodi
2399 5004 2471 5059 ad
2494 5011 2551 5059 te
2581 5004 2896 5059 rediturum
2926 5003 3033 5071 sit;
3075 5019 3140 5056 ac
3176 5008 3304 5074 post
3347 5002 3542 5058 statim

1942 5095 2172 5150 domum
2198 5111 2474 5161 reversus,
2507 5092 2747 5163 negotiis
2774 5092 2916 5147 meis
2945 5107 3173 5164 operam
3203 5090 3366 5146 dabo.

2014 5183 2281 5241 Inanibus
2292 5184 2467 5254 igitur
2481 5181 2741 5236 manibus
2751 5181 2919 5237 homo
2935 5181 3067 5236 inde
3089 5172 3541 5251 reversus,atque

1946 5273 2098 5328 omni
2127 5290 2191 5327 ex
2212 5277 2371 5343 parte
2395 5270 2600 5325 auxilio
2630 5270 2952 5338 destitutus,
2986 5270 3056 5326 de
3085 5286 3230 5325 vana
3252 5286 3349 5341 spe
3370 5283 3542 5340 quam

1946 5362 2004 5416 in
2043 5360 2272 5433 perﬁdis
2300 5366 2356 5414 et
2375 5360 2613 5431 ingratis
2642 5359 2838 5414 amicis
2887 5359 3004 5415 suis
3035 5359 3353 5424 collocarat,
3386 5362 3443 5412 et
3470 5355 3541 5410 de

1945 5449 2236 5507 inutilibus
2278 5448 2582 5516 laboribus,
2618 5466 2757 5521 quos
2809 5464 2911 5521 pro
2941 5465 3044 5504 suo
3102 5465 3237 5520 erga
3267 5464 3362 5501 eos
3389 5459 3539 5498 amo-

1948 5556 2008 5596 re
2058 5543 2398 5611 susceperat,
2438 5538 2687 5612 seipsum
2715 5534 3061 5611 deplorabat.
3111 5534 3305 5607 Pergit
3350 5536 3541 5589 autem
