3954 6190
433 270 539 337 495

1450 265 1546 324 DE
1581 264 1772 325 VITIS
1810 259 2109 323 PATRUM
2144 262 2361 324 LIBER
2393 267 2688 330 PRIMUS.

3540 292 3623 354 496

433 398 606 454 etiam
636 397 705 454 ad
735 396 964 452 tertium
991 393 1257 459 amicum,
1292 409 1462 463 quem
1490 409 1594 450 nec
1620 394 1736 449 ullo
1766 408 2019 464 unquam
2037 390 2090 451 A
2108 393 2365 465 aptisque
2417 396 2769 454 sermonibus
2819 400 3073 457 animum
3112 420 3291 462 meum
3340 412 3623 477 exhilarasti,

432 488 557 544 loco
581 487 873 550 habuerat,
898 500 999 574 nec
1010 483 1353 574 letitiaasuza
1372 483 1585 574 socium
1604 482 1895 574 asciverat.
2109 482 2378 574 Quocirca
2428 487 2691 543 vanitatis
2719 488 2890 561 hujus
2918 492 3112 547 mundi
3140 510 3349 552 rursum
3376 501 3628 574 imaginem

431 594 540 649 que
565 578 634 631 ad
656 592 785 630 eum
807 573 1132 645 pudibundo
1145 573 1270 628 etin
1293 579 1503 629 terram
1525 573 1742 644 dejecto
1767 572 1925 627 vultu
1938 570 2024 626 his

426 665 606 721 verbis
635 681 769 721 usus
797 670 883 719 est
907 680 919 716 :
943 663 1047 718 Vix
1075 662 1300 718 mihiad
1328 668 1385 718 te
1413 662 1679 734 loquendi
1700 662 2024 717 facultatem

424 772 486 810 os
499 753 999 813 concedit.Etenim
1015 752 1149 808 illud
1166 752 1677 824 perspectissimum
1698 750 1896 817 habeo,
1931 767 2023 806 me

419 859 710 915 nunquam
730 842 831 899 tibi
852 842 1090 914 benigne
1108 842 1325 908 fecisse,
1357 841 1648 898 necamico
1676 858 1812 911 erga
1830 846 1885 897 te
1903 841 2024 895 ani-

419 949 513 989 mo
540 932 731 991 fuisse.
751 931 1321 1004 Caeterum,quoniam
1332 930 1668 1003 gravissima
1696 930 2018 985 calamitate

420 1039 719 1095 oppressus
744 1022 803 1080 in
848 1022 1081 1093 reliquis
1127 1021 1269 1079 meis
1322 1021 1515 1077 amicis
1557 1020 1768 1078 nullam
1821 1019 2018 1075 salutis

416 1129 576 1185 spem
605 1112 889 1178 inveni,ad
911 1119 967 1168 te
981 1112 1378 1183 accedo,teque
1406 1128 1543 1182 rogo
1563 1115 1732 1181 atque
1763 1108 2012 1175 obsecro,

414 1208 482 1258 ut
509 1202 557 1258 si
586 1202 845 1274 exiguam
881 1201 1127 1273 aliquam
1149 1218 1312 1273 opem
1330 1201 1468 1257 mihi
1496 1200 1697 1257 afferre
1718 1216 1909 1271 queas,
1944 1215 2015 1254 ne

413 1292 492 1358 id,
516 1292 943 1364 ingratitudinis
972 1309 1111 1348 meae
1136 1308 1373 1358 memor,
1420 1291 1601 1347 facere
1631 1306 1873 1345 recuses.
1912 1290 2014 1344 Ille

414 1387 604 1438 autem
635 1382 801 1437 hilari
830 1388 887 1436 et
921 1398 1143 1437 amoeno
1169 1381 1327 1437 vultu
1347 1380 1456 1436 ait:
1510 1381 1656 1436 Sane
1705 1379 2016 1435 sincerissi-

412 1488 571 1529 mum
593 1472 837 1528 amicum
857 1488 1046 1527 meum
1071 1476 1126 1526 te
1142 1488 1266 1527 esse
1280 1471 1568 1542 proﬁteor,
1600 1476 1769 1541 atque
1799 1469 2011 1539 exiguae

411 1560 563 1617 illius
592 1567 704 1617 tuae
757 1578 892 1632 erga
937 1578 1028 1616 me
1061 1560 1445 1616 beneﬁcentia:
1474 1576 1709 1625 memor,
1753 1575 1878 1614 eam
1909 1557 2013 1613 tibi

410 1650 683 1707 hodierno
706 1650 797 1705 die
809 1667 937 1706 cum
966 1651 1157 1705 fenore
1172 1648 1777 1722 rependam.Quocirca
1794 1664 1868 1703 ne
1891 1665 2012 1702 me-

2106 572 2243 625 mihi
2273 574 2543 645 exprime,
2578 582 2635 631 et
2654 594 2766 649 qua
2786 579 3004 635 ratione
3025 582 3167 638 hanc
3195 585 3352 642 vitam
3377 589 3430 644 in
3446 572 3557 662 pace
3578 614 3627 652 ac

2106 662 2406 717 securitate
2434 681 2738 736 peragrare
2768 685 2995 739 queam.

2176 751 2468 823 Excipiens
2493 755 2666 826 igitur
2690 774 3007 814 sermonem
3035 761 3405 834 Josaphat,ait:
3429 769 3631 841 Hujusce

2104 857 2325 912 quoque
2339 844 2662 913 quaestionis
2674 845 3100 903 similitudinem
3113 852 3451 911 audi.Urbem
3467 875 3630 929 quam-

2102 929 2230 986 dam
2260 948 2524 1003 magnam
2569 936 2849 991 exstitisse
2888 939 3094 1010 accepi,
3123 940 3180 994 in
3208 958 3315 1013 qua
3335 944 3466 1000 cives
3483 948 3634 1005 hocin

2100 1038 2257 1075 more
2285 1028 2454 1094 atque
2479 1024 2738 1080 instituto
2767 1027 3013 1097 positum
3037 1029 3328 1099 habebant,
3358 1039 3416 1087 ut
3433 1039 3634 1107 peregri-

2099 1127 2235 1165 num
2266 1112 2566 1182 quemdam
2597 1120 2654 1168 et
2680 1115 2938 1185 ignotum
2953 1118 3155 1185 virum,
3186 1136 3250 1174 ac
3275 1121 3446 1193 legum
3466 1130 3514 1179 et
3533 1142 3636 1181 con-

2096 1201 2461 1257 suetudinum
2500 1204 2740 1259 civitatis
2795 1206 3022 1263 omnino
3078 1209 3272 1264 rudem
3322 1218 3375 1266 et
3417 1213 3634 1283 ignarum

2096 1290 2428 1362 acciperent,
2461 1310 2701 1365 eumque
2730 1294 2975 1367 sibiipsis
3020 1314 3210 1369 regem
3260 1302 3633 1371 constituerent,

2101 1397 2268 1451 penes
2299 1399 2467 1452 quem
2496 1400 2598 1455 per
2619 1385 2787 1440 unius
2813 1386 2946 1440 anni
2970 1388 3304 1443 curriculum
3341 1407 3512 1445 rerum
3539 1409 3636 1447 om-

2095 1470 2255 1524 nium
2278 1477 2528 1542 potestas
2557 1479 2723 1538 esset,
2758 1475 2965 1546 quique
3017 1476 3191 1531 libere
3214 1484 3271 1532 et
3292 1478 3405 1533 sine
3429 1480 3531 1533 ullo
3554 1481 3643 1535 im-

2096 1560 2418 1630 pedimento
2431 1562 2702 1634 quidquid
2732 1565 2916 1627 vellet,
2936 1565 3161 1621 faceret.
3183 1567 3312 1622 Post
3338 1569 3641 1631 autem,dum

2095 1648 2188 1704 ille
2216 1651 2369 1704 omni
2396 1668 2626 1723 prorsus
2654 1670 2792 1708 cura
2810 1670 3016 1711 vacuus
3031 1655 3277 1726 degeret,
3297 1662 3455 1728 atque
3473 1657 3524 1711 in
3536 1657 3644 1712 luxu

407 1744 537 1795 tuas
559 1756 624 1795 ac
652 1740 1036 1812 pertimescas.
1062 1740 1209 1794 Nam
1225 1756 1331 1811 ego
1352 1744 1554 1794 antete
1571 1737 1909 1809 proficiscar,
1929 1752 2014 1790 re-
2030 1746 2076 1807 Β
2096 1743 2152 1792 et
2180 1739 2393 1795 deliciis
2420 1742 2542 1796 sine
2592 1742 2708 1796 ullo
2746 1749 2902 1798 metu
2958 1751 3294 1811 versaretur,
3326 1752 3646 1817 perpetuum-

406 1847 649 1902 gemque
670 1835 768 1885 tuo
786 1830 1014 1884 nomine
1035 1828 1357 1895 obsecrabo,
1378 1845 1449 1883 ne
1472 1833 1528 1883 te
1558 1827 1806 1883 hostium
1828 1825 2011 1880 mani-

406 1918 515 1974 bus
550 1920 943 1983 dedat.Quare
974 1919 1061 1973 fac
1089 1917 1234 1973 bono
1272 1918 1461 1972 animo
1495 1918 1592 1983 sis,
1634 1917 1719 1970 vir
1748 1915 2014 1970 amicissi-

408 2024 519 2075 me,
552 2025 655 2063 nec
677 2014 736 2064 te
764 2025 1005 2063 maerore
1031 2009 1330 2065 excrucies.
1354 2009 1498 2063 Tum
1517 2008 1611 2061 ille
1631 2006 2011 2078 compunctio-

405 2098 744 2164 neaﬁectus,
777 2103 836 2153 et
873 2098 1424 2170 lacrymisperfusus,
1468 2096 1713 2152 dicebat:
1750 2097 1872 2150 Heu
1917 2110 2009 2148 me

406 2189 695 2256 miserum,
728 2188 995 2259 quidnam
1013 2187 1169 2259 prius
1178 2186 1397 2242 deﬂebo
1413 2203 1478 2241 ac
1488 2185 1842 2242 lamentabor
1860 2186 1885 2240 ?
1907 2186 2008 2240 Va-

403 2294 612 2334 namne
637 2294 823 2333 meam
858 2276 919 2331 in
933 2277 1293 2331 immemores
1329 2282 1388 2331 et
1414 2276 1667 2347 ingratos
1695 2276 1863 2329 falsos
1882 2275 2007 2330 illos

405 2368 615 2423 amicos
634 2366 1079 2422 benevolentiam
1097 2365 1519 2422 condemnabo?
1547 2382 1621 2420 an
1650 2365 1838 2436 potius
1858 2364 2007 2419 insa-

403 2474 538 2514 nam
568 2474 694 2513 eam
720 2456 1205 2529 ingratitudinem,
1224 2472 1336 2528 qua
1353 2455 1413 2510 in
1427 2455 1577 2509 hunc
1594 2470 1789 2509 verum
1810 2459 1867 2509 et
1883 2454 2002 2509 sin-

404 2564 597 2603 cerum
626 2547 871 2602 amicum
899 2563 1034 2602 usus
1054 2562 1199 2610 sum,
1232 2543 1583 2600 insectabor?

474 2639 745 2710 Josaphat
758 2643 946 2693 autem
964 2636 1113 2691 hunc
1127 2652 1445 2690 sermonem
1465 2652 1578 2690 non
1599 2634 1721 2689 sine
1751 2634 2000 2689 admira-

403 2726 559 2783 tione
571 2726 896 2799 suscipiens,
919 2727 1040 2797 ejus
1070 2724 1495 2797 explicationem
1508 2723 2005 2795 requirebat.Dixit

404 2816 597 2888 itaque
626 2816 909 2873 Barlaam:
932 2814 1155 2871 Primus
1179 2814 1411 2878 amicus,
1445 2830 1615 2885 opum
1636 2813 1796 2885 copia
1818 2818 1921 2879 est,
1943 2817 2000 2866 et

401 2905 725 2961 divitiarum
757 2922 935 2971 amor,
988 2904 1058 2961 ob
1085 2920 1253 2976 quem
1280 2904 1450 2958 homo
1465 2903 1524 2958 in
1552 2907 1816 2958 sexcenta
1847 2902 1999 2973 peri-

403 2995 531 3051 cula
558 2995 843 3061 incidit,ac
860 2995 1066 3049 multas
1084 3008 1364 3049 aerumnas
1384 2992 1611 3064 perfert.
1645 2993 1787 3046 Cum
1807 2997 1999 3046 autem

2095 1845 2203 1899 que
2223 1828 2329 1883 sibi
2352 1847 2588 1901 regnum
2634 1832 2752 1887 fore
2776 1834 3140 1899 existimaret,
3175 1842 3399 1906 repente
3421 1836 3646 1890 adversus

2095 1934 2224 1972 eum
2252 1919 2626 1991 insurgentes,
2664 1922 2989 1994 regiamque
3031 1922 3138 1994 ipsi
3160 1930 3365 1978 vestem
3392 1924 3649 1978 detrahen-

2092 2013 2196 2075 tes,
2230 2025 2294 2063 ac
2323 2010 2537 2064 nudum
2564 2027 2665 2082 per
2690 2017 2868 2065 totam
2893 2012 3088 2067 urbem
3109 2020 3377 2085 tanquam
3403 2013 3458 2068 in
3482 2014 3649 2067 trium-

2091 2099 2266 2169 phum
2280 2106 2530 2170 agentes,
2560 2100 2617 2154 in
2634 2117 2898 2172 magnam
2921 2103 3225 2173 quamdam
3242 2103 3469 2173 aclonge
3488 2108 3647 2167 214

2089 2194 2364 2242 remotam
2394 2188 2639 2243 insulam
2696 2206 2827 2244 eum
2857 2190 3205 2262 relegabant,
3239 2191 3296 2245 in
3332 2207 3438 2262 qua
3462 2207 3553 2245 nec
3586 2190 3648 2243 vi-

2090 2283 2183 2332 ctu
2214 2294 2318 2333 nec
2338 2278 2683 2333 indumentis
2703 2280 3155 2351 suppetentibus,
3180 2280 3327 2334 fame
3350 2296 3412 2334 ac
3428 2280 3648 2334 nuditate

2090 2367 2403 2424 miserrime
2432 2368 2812 2439 premebatur,
2832 2369 3118 2441 voluptate
3140 2369 3352 2424 scilicet
3377 2376 3531 2439 atque
3554 2367 3650 2421 ani-

2086 2456 2163 2509 mi
2194 2456 2495 2520 hilaritate,
2523 2474 2645 2528 quaa
2672 2463 2878 2529 praeter
2897 2474 3058 2529 spem
3092 2458 3201 2530 ipsi
3230 2474 3480 2513 concessa
3498 2457 3651 2511 fuerat

2086 2544 2143 2598 in
2175 2562 2472 2601 maerorem
2507 2564 2700 2603 rursus
2729 2551 2933 2619 praeter
2950 2564 3109 2619 spem
3141 2564 3366 2603 omnem
3409 2553 3463 2601 et
3485 2562 3649 2617 exspe-

2086 2635 2388 2690 ctationem
2413 2642 2777 2691 commutata.

2160 2725 2410 2795 Contigit
2431 2742 2564 2797 ergo
2584 2731 2649 2780 ut
2676 2742 2776 2797 pro
2806 2726 3039 2797 antiquo
3062 2725 3267 2780 civium
3288 2725 3501 2779 illorum
3520 2739 3651 2778 more

2086 2819 2253 2885 atque
2283 2815 2561 2884 instituto,
2596 2817 2679 2870 vir
2707 2817 2935 2888 quidam
2956 2834 3160 2889 magno
3190 2817 3403 2889 ingenii
3430 2813 3653 2869 acumine

2084 2903 2349 2973 praeditus
2372 2905 2443 2959 ad
2474 2922 2710 2977 regnum
2738 2906 3123 2961 ascisceretur.
3149 2906 3261 2971 Qui
3285 2905 3469 2961 statim
3494 2902 3655 2957 subita

2083 3008 2149 3045 ea
2172 2992 2455 3060 felicitate,
2481 3012 2604 3065 quae
2625 2995 2731 3067 ipsi
2754 2994 3049 3066 obtigerat,
3069 2996 3224 3050 haud
3242 3008 3513 3066 quaquam
3537 3006 3653 3062 pm-

402 3090 685 3140 extremus
704 3085 831 3139 vitae
863 3084 981 3139 dies
1000 3083 1222 3138 clausus
1250 3088 1355 3148 est,
1382 3098 1450 3136 ex
1476 3081 1587 3135 illis
1602 3080 1861 3136 omnibus
1882 3080 1997 3151 opi-
2018 3098 2060 3161 ρ
2081 3096 2210 3153 ceps
2238 3082 2521 3154 abreptus,
2541 3101 2643 3139 nec
2673 3101 2866 3139 eorum
2898 3085 3139 3156 quiante
3165 3102 3231 3139 se
3258 3084 3467 3154 regiam
3494 3078 3653 3151 digni-

398 3173 523 3240 bus,
557 3180 759 3246 praeter
776 3174 1004 3229 inutiles
1024 3172 1295 3244 quosdam
1322 3186 1556 3243 pannos,
1591 3171 1687 3241 qui
1720 3169 1792 3224 ad
1828 3169 1999 3223 funus

402 3263 756 3327 adhibentur,
789 3263 927 3318 nihil
954 3262 1182 3317 omnino
1224 3277 1415 3316 secum
1446 3259 1663 3331 accipit.
1710 3258 1997 3314 Secundus

402 3359 593 3409 autem
612 3354 847 3415 amicus.
867 3369 1008 3407 uxor
1023 3368 1089 3407 ac
1109 3350 1268 3405 liberi
1291 3356 1442 3415 sunt,
1461 3349 1757 3421 caeterique
1775 3348 2000 3419 cognati

402 3449 461 3499 et
480 3443 806 3505 familiares,
825 3457 1063 3515 quorum
1089 3440 1379 3496 atfectione
1392 3455 1456 3494 ac
1474 3438 1862 3493 benevolentia
1872 3454 2000 3492 con-

402 3533 581 3589 stricti
599 3539 879 3597 tenemur,
897 3536 963 3586 ut
979 3530 1049 3586 ab
1080 3530 1166 3584 his
1180 3528 1366 3584 divelli
1382 3528 1470 3582 vix
1489 3544 1777 3599 queamus,
1805 3543 1869 3581 ac
1886 3544 1999 3598 pra:

403 3639 598 3678 eorum
627 3639 818 3679 amore
839 3636 1041 3693 corpus
1064 3619 1235 3675 etiam
1266 3623 1325 3673 et
1352 3618 1597 3673 animam
1630 3624 1879 3672 nostram
1896 3632 1997 3671 ne-

362 3772 365 3775 7
401 3712 701 3783 gligamus.
722 3713 799 3766 Ex
828 3710 964 3783 ipsis
984 3725 1150 3781 porro
1179 3725 1346 3764 nemo
1364 3708 1423 3762 in
1455 3708 1650 3762 mortis
1681 3707 1825 3761 hora
1847 3705 2000 3760 utili-

402 3803 536 3857 tatis
563 3803 773 3875 aliquid
794 3801 1041 3874 percipit,
1074 3801 1183 3855 nisi
1204 3801 1353 3873 quod
1386 3799 1457 3854 ad
1476 3800 1796 3872 sepulcrum
1815 3814 1996 3869 usque

403 3897 677 3951 duntaxat
714 3894 953 3950 cadaver
996 3894 1355 3960 comitantur,
1388 3910 1453 3948 ac
1489 3892 1746 3965 protinus
1766 3891 1997 3946 domum

401 3984 780 4052 reversis,suis
805 3983 952 4038 curis
983 3999 1049 4038 ac
1076 3984 1316 4055 negoti-is
1344 3998 1573 4055 operam
1592 3982 1748 4047 dant,
1785 3996 2000 4036 memo-

400 4075 545 4130 riam
574 4075 714 4146 ejus,
749 4074 845 4146 qui
859 4072 1140 4146 quondam
1172 4073 1310 4145 ipsis
1339 4073 1541 4128 charus
1570 4078 1709 4137 erat,
1740 4086 1852 4125 non
1886 4068 1995 4123 mi-

397 4179 507 4220 nus
531 4161 812 4229 oblivioni,
837 4178 1005 4235 quam
1034 4178 1235 4233 corpus
1284 4161 1539 4233 sepulcro
1586 4160 1994 4231 relinquentes.

392 4256 471 4311 At
488 4270 617 4310 vero
643 4252 847 4309 tertius
877 4252 1110 4315 amicus,
1143 4251 1240 4322 qui
1277 4250 1623 4323 contemptui
1660 4265 1727 4304 ac
1765 4247 1991 4303 fastidio

394 4350 535 4410 erat,
567 4344 840 4416 cujusque
859 4341 1071 4396 aditum
1092 4341 1388 4396 horremus
1403 4346 1461 4396 et
1478 4355 1823 4397 aversamur.
1856 4337 1998 4411 opti-

2082 3175 2256 3224 tatem
2290 3169 2671 3237 obtinuerant,
2700 3173 3015 3244 misereque
3063 3172 3231 3242 ejecti
3260 3172 3494 3233 fuerant,
3522 3168 3655 3221 incu-

2082 3258 2224 3313 riam
2245 3260 2520 3328 imitatus,
2549 3262 2736 3317 animo
2766 3262 2931 3317 anxio
2961 3278 3025 3317 ac
3050 3262 3295 3317 sollicito
3320 3260 3377 3314 id
3412 3256 3651 3330 agitabat,

2083 3364 2326 3418 quonam
2350 3357 2513 3421 pacto
2533 3351 2700 3406 rebus
2731 3352 2852 3407 suis
2881 3350 3089 3423 optime
3150 3350 3485 3406 consuleret.
3528 3346 3653 3401 Dum

2083 3454 2218 3509 ergo
2246 3439 2442 3494 crebra
2469 3440 2833 3496 meditatione
2870 3441 2987 3496 haec
3016 3456 3208 3495 secum
3261 3442 3522 3501 versaret,
3574 3449 3660 3506 per

2083 3529 2561 3599 sapientissimum
2609 3530 2907 3602 quemdam
2939 3529 3349 3595 consiliarium,
3384 3527 3451 3582 de
3477 3524 3656 3578 civium

2082 3619 2485 3674 consuetudine
2514 3636 2579 3674 ac
2600 3619 2864 3691 perpetui
2907 3618 3085 3674 exsilii
3121 3619 3248 3673 loco
3274 3616 3478 3673 certior
3502 3613 3660 3667 factus

2082 3711 2185 3773 est,
2213 3724 2457 3778 quonam
2486 3714 2648 3779 pacto
2677 3709 2798 3764 sine
2827 3708 2940 3763 ullo
2982 3724 3173 3762 errore
3198 3708 3323 3780 ipse
3348 3705 3451 3760 sibi
3487 3714 3658 3757 cavere

2082 3794 2311 3851 deberet
2333 3796 2607 3852 intellexit
2658 3798 2798 3853 Cum
2831 3797 3013 3868 igitur
3038 3798 3144 3851 hoc
3175 3793 3541 3867 cognovisset,
3585 3787 3661 3842 iu-

2080 3889 2386 3959 turumque
2412 3903 2586 3959 prope
2630 3886 2779 3941 diem
2808 3893 2873 3941 ut
2902 3886 2972 3940 ad
3002 3886 3158 3939 illam
3188 3885 3440 3940 insulam
3464 3880 3661 3948 ablega-

2081 3981 2255 4042 retur,
2289 3983 2458 4049 atque
2497 3976 2867 4031 adventitium
2912 3975 3050 4030 illud
3081 3980 3138 4029 et
3163 3976 3421 4029 alienum
3448 3981 3662 4041 regnum

2080 4066 2205 4121 aliis
2236 4066 2597 4137 relinqueret,
2630 4064 2920 4137 patefactis
2948 4062 3234 4118 thesauris
3266 4061 3405 4128 suis,
3446 4070 3663 4130 quorum

2079 4160 2214 4209 tunc
2243 4161 2566 4226 promptum
2595 4169 2659 4208 ac
2688 4152 2928 4208 liberum
2956 4168 3122 4207 usum
3150 4149 3421 4214 habebat,
3449 4143 3663 4214 aurique

2078 4250 2248 4316 atque
2277 4244 2518 4316 argenti,
2554 4243 3007 4315 acpretiosorum
3021 4240 3275 4312 lapidum
3306 4230 3662 4309 ingentimole

2078 4333 2303 4388 famulis
2334 4332 2691 4405 quibusdam,
2746 4348 2884 4404 quos
2928 4330 3233 4387 ﬁdissimos
3274 4326 3534 4389 habebat,
3563 4328 3661 4375 tra-

393 4449 616 4489 morum
638 4412 877 4505 cperam
894 4431 1095 4486 chorus
1116 4436 1219 4495 est,
1238 4429 1345 4484 hoc
1360 4436 1445 4485 est
1473 4430 1784 4501 ﬁdes,spes,
1810 4427 2057 4518 chari-D
2078 4423 2214 4488 dita,
2250 4423 2322 4477 ad
2372 4439 2497 4477 eam
2545 4422 2787 4477 insulam
2817 4421 2886 4475 ad
2915 4436 3083 4492 quam
3143 4416 3513 4473 abducendus
3555 4412 3663 4466 erat

390 4529 498 4591 tas,
534 4521 938 4581 misericordia,
966 4518 1304 4590 benignitas.
1321 4518 1682 4590 reliquusque
1709 4518 1987 4573 virtutum
2012 4508 2054 4518 ”
2077 4513 2366 4584 praemisit.
2405 4513 2672 4567 Vertente
2704 4516 2893 4567 autem
2933 4526 3080 4564 anno
3109 4508 3573 4573 cives,commota
3589 4514 3661 4552 se-

392 4618 604 4667 ctatus:
637 4611 732 4683 qui
758 4610 983 4683 quidem
1012 4615 1142 4662 ante
1172 4618 1292 4673 nos,
1327 4623 1454 4661 cum
1486 4623 1517 4660 e
1548 4623 1784 4678 corpore
1822 4623 1988 4661 exce-
2074 4603 2304 4668 ditione,
2338 4601 2551 4657 nudum
2575 4618 2721 4666 eum,
2755 4598 3233 4671 quemadmodum
3254 4595 3665 4668 superioresre-

391 4699 594 4768 dimus,
617 4699 914 4772 proﬁcisci,
946 4715 1011 4753 ac
1030 4703 1225 4752 nostra
1247 4711 1418 4751 causa
1433 4697 1605 4750 Deum
1634 4695 1890 4767 precibus
1906 4696 1989 4750 in-
2069 4710 2188 4764 ges,
2210 4692 2266 4747 in
2284 4691 2540 4747 exsilium
2563 4692 2858 4745 miserunt.
2892 4691 2973 4744 Ac
3008 4688 3193 4743 caeteri
3215 4686 3461 4759 quidem
3485 4694 3663 4737 amen-

390 4768 638 4855 ﬂectere,
694 4795 862 4861 atque
904 4788 975 4843 ab
1021 4780 1275 4842 Hostibus
1320 4786 1529 4841 nostris
1578 4790 1637 4839 et
1690 4784 1984 4841 horrendis
2068 4788 2173 4850 tes,
2203 4787 2260 4837 et
2288 4781 2471 4837 brevis
2497 4780 2769 4852 temporis
2788 4796 2966 4850 reges,
2987 4777 3327 4849 gravissima
3364 4775 3513 4830 fame
3538 4768 3674 4861 laba.

391 4855 880 4950 exactoribus,—qui
906 4876 976 4933 de
1006 4875 1315 4932 referendis
1358 4873 1673 4931 rationibus
1723 4874 1984 4930 acerbam
2067 4871 2302 4927 rabant:
2337 4871 2431 4926 ille
2462 4876 2657 4925 contra
2712 4868 2807 4941 qui
2845 4884 2978 4940 Opes
3030 4883 3163 4922 suas
3209 4864 3600 4938 praemiserat,
3618 4855 3668 4910 in

387 4964 550 5021 nobis
578 4966 636 5021 in
660 4982 757 5021 aer
783 4967 944 5022 litem
972 4972 1218 5031 movent,
1267 4982 1333 5021 ac
1359 4965 1665 5022 crudeliter
1691 4980 1793 5021 nos
1846 4964 1985 5021 arri-
2064 4967 2339 5035 perpetua
2355 4977 2545 5016 rerum
2560 4958 2904 5031 copiavitam
2925 4955 3342 5027 ducens,atque
3354 4950 3579 5009 infinita
3592 4960 3673 5001 v0-

385 5070 520 5127 pere
553 5055 896 5111 contendunt
932 5054 1172 5109 liberare
1217 5060 1419 5127 potest.
1454 5055 1558 5109 Hic
1582 5053 1852 5109 nimirum
1897 5058 1984 5109 est
2063 5051 2279 5123 luptate
2300 5050 2511 5117 fruens,
2553 5048 2897 5121 perﬁdorum
2927 5062 2994 5101 ac
3036 5045 3451 5101 sceleratorum
3479 5038 3668 5095 civium

384 5143 653 5199 candidus
674 5143 767 5197 ille
796 5160 859 5197 ac
886 5142 1092 5214 probus
1122 5149 1384 5215 etgratus
1405 5143 1641 5209 amicus,
1663 5142 1757 5215 qui
1778 5159 1977 5216 quam-
2063 5146 2217 5196 metu
2247 5156 2477 5212 prorsus
2496 5137 2732 5209 abjecto,
2765 5133 3165 5207 sapientissimi
3195 5132 3428 5189 consilii
3459 5128 3547 5186 sui
3583 5139 3670 5181 uo-

381 5233 517 5289 libet
542 5231 712 5287 etiam
742 5231 1003 5303 exiguum
1023 5230 1232 5286 bonum
1258 5236 1516 5287 nostrum
1535 5249 1675 5305 opus
1705 5232 1978 5288 memoria
2060 5230 2213 5286 mine
2240 5229 2467 5285 beatum
2493 5243 2553 5282 se
2577 5223 2935 5299 pmdimbat.

378 5327 559 5388 tenet,
585 5336 650 5375 ac
680 5335 804 5374 cum
836 5319 1027 5372 fenore
1057 5318 1217 5373 nobis
1246 5319 1383 5374 illud
1409 5321 1684 5392 rependit.
1746 5324 1760 5337 ‘
2131 5320 2233 5374 Hic
2255 5335 2421 5391 porro
2449 5332 2552 5391 per
2580 5315 2861 5370 civitatem
2880 5329 3087 5368 vanum
3119 5312 3272 5367 hunc
3304 5317 3482 5382 atque
3508 5306 3669 5377 impo—

450 5410 581 5465 Car.
621 5408 766 5465 XIV.
800 5441 827 5448 -
868 5406 1112 5461 Rursum
1136 5407 1311 5477 igitur
1335 5410 1606 5481 Josaphat
1632 5410 1774 5465 dixit
1801 5429 1814 5464 :
1841 5410 1974 5465 Uti—
2056 5415 2267 5464 storem
2286 5406 2557 5462 mundum
2576 5404 2965 5475 intellige.Per
2981 5402 3129 5457 cives
3151 5408 3374 5468 autem,
3403 5396 3671 5470 principa-

375 5513 507 5553 nam
531 5497 632 5554 tibi
666 5513 700 5553 a
728 5494 967 5552 Domino
996 5492 1111 5548 Deo
1125 5501 1220 5549 tuo
1232 5497 1422 5551 omnia
1439 5497 1622 5553 fausta
1651 5506 1708 5553 et
1722 5499 1972 5569 jucunda
2052 5502 2147 5554 tus
2165 5504 2220 5552 et
2240 5502 2549 5570 potestates
2562 5494 2904 5562 daemonum,
2921 5507 2986 5548 ac
3014 5489 3210 5548 mundi
3240 5494 3502 5545 rectores
3524 5490 3672 5539 tene-

374 5586 809 5657 sint,hominum
826 5581 1258 5657 sapientissime.
1288 5584 1579 5659 Siquidem
1608 5586 1836 5660 optimis
1854 5586 1970 5646 tuis
2050 5584 2281 5644 brarum
2312 5586 2481 5660 hujus
2512 5582 2724 5653 saeculi,
2762 5580 2859 5658 qui
2888 5596 2991 5639 nos
3018 5596 3121 5654 per
3148 5576 3468 5652 voluptatis
3502 5571 3675 5629 molli-
