3954 6190
337 237 443 297 697

729 238 900 296 VITA
936 236 1379 297 SANCTORUM
1411 237 1758 298 BARLAAM
1796 236 2134 299 EREMITIE
2171 235 2262 295 ET
2297 232 2664 294 JOSAPHAT
2697 232 2923 292 INDIIE
2959 231 3193 291 REGIS.

3501 225 3624 291 498'

336 363 474 418 tiem
500 363 775 428 inescant,
811 369 984 436 atque
1015 365 1075 420 in
1101 365 1352 421 animum
1382 365 1542 421 nobis
1570 366 1845 423 inducunt
1870 373 1936 422 ut
1953 374 1992 428 Α
2010 365 2062 420 ri
2092 368 2274 430 erant,
2305 362 2387 418 ita
2414 361 2674 429 evehens,
2698 366 2764 417 ut
2789 360 2927 433 ipsis
2942 359 3014 415 ab
3034 357 3483 415 omnibushonor
3500 355 3607 412 tri-

336 451 406 507 de
417 452 586 508 rebus
606 453 830 509 caducis
851 459 908 508 et
924 453 1421 521 interituris,velut
1433 455 1503 510 de
1522 454 1932 510 immortalibus

334 542 664 614 cogitemus,
709 549 983 616 tanquam
1026 544 1237 599 scilicet
1282 561 1476 599 earum
1522 545 1737 600 fructus
1772 545 1933 600 nobis

331 638 639 703 perpetuus
658 649 722 687 ac
751 634 1128 704 sempiternus
1156 634 1380 689 futurus
1407 635 1498 690 sit.
1518 635 1658 689 Cum
1680 634 1934 705 igiturad

334 721 487 776 hunc
506 723 735 778 modum
752 723 972 795 decepti
1003 729 1172 795 atque
1197 723 1257 778 in
1285 724 1543 779 fraudem
1585 723 1813 795 impulsi
1843 741 1935 780 su-

331 827 480 878 mus,
502 828 606 867 nec
624 812 694 867 de
713 813 878 869 certis
899 813 1008 868 illis
1027 829 1093 868 ac
1111 813 1468 884 sempiternis
1482 813 1661 869 ullum
1681 829 1933 885 unquam

333 901 631 957 consilium
651 903 901 970 iniimus,
922 920 1026 959 nec
1040 902 1200 958 nobis
1219 903 1279 958 in
1296 903 1552 958 futurum
1571 920 1750 960 sevum
1776 903 1934 975 quid-

331 1009 502 1063 quam
518 994 952 1060 recondidimus,
972 993 1300 1066 repentinus
1337 992 1500 1048 nobis
1519 993 1717 1049 mortis
1735 994 1932 1049 interi-

329 1087 426 1136 tus
459 1081 676 1154 ingruit
696 1083 867 1155 (Ρνου.
891 1086 952 1153 1).
973 1084 1060 1138 Ad
1086 1088 1208 1138 tum
1238 1083 1468 1139 demum
1500 1083 1681 1138 nudos
1712 1089 1935 1142 nos.at-

329 1189 443 1243 que
472 1172 735 1228 omnibus
765 1173 937 1244 hujus
956 1172 1080 1229 vitae
1104 1173 1273 1228 rebus
1301 1172 1570 1244 spoliatos
1590 1172 1833 1244 improbi
1851 1173 1933 1227 illi

327 1277 398 1317 ac
416 1261 546 1317 saevi
570 1261 930 1318 tenebrarum
953 1263 1100 1317 cives
1121 1262 1479 1334 accipientes,
1503 1266 1568 1318 ut
1593 1262 1693 1333 qui
1709 1267 1932 1334 tempus

329 1350 446 1406 illis
477 1367 642 1406 omne
671 1351 1132 1423 impenderimus,
1162 1352 1222 1405 in
1250 1357 1460 1406 terram
1489 1350 1849 1406 tenebrosam
1877 1356 1934 1406 et

323 1439 626 1495 obscuram
649 1440 954 1507 abducunt,
968 1441 1026 1496 in
1047 1445 1258 1496 terram
1279 1441 1635 1512 sempiternae
1654 1441 1928 1510 caliginis,

324 1528 428 1584 ubi
457 1530 554 1584 lux
593 1546 708 1584 non
735 1535 838 1595 est,
870 1547 974 1585 nec
1002 1530 1327 1586 mortalium
1353 1536 1524 1584 Vitam
1575 1528 1784 1584 intueri
1809 1529 1936 1582 licet

330 1622 468 1680 (Job.
501 1621 580 1688 x).
613 1621 722 1674 Per
771 1620 1008 1691 probum
1057 1636 1187 1675 vero
1233 1618 1634 1684 consiliarium,
1668 1617 1763 1688 qui
1798 1634 1932 1689 pru-

320 1707 485 1763 denti
503 1725 570 1763 ac
588 1726 863 1780 perquam
883 1709 1123 1781 sapienti
1162 1709 1244 1763 illi
1285 1708 1404 1780 regi
1424 1707 1615 1778 omnia
1631 1723 1760 1762 vere
1799 1723 1934 1778 ape-

2015 454 2241 510 buatur.

2083 546 2164 599 Ac
2191 558 2421 598 cernere
2451 546 2555 607 est,
2587 541 2880 597 hominum
2917 556 3097 612 genus
3116 539 3200 594 ita
3221 543 3610 609 comparatum

2015 649 2156 699 esse,
2184 639 2251 687 ut
2261 638 2392 687 ante
2410 629 3254 702 credulemipsiustyrannidem
3263 627 3405 683 nihil
3425 627 3610 682 omni-

2015 739 2088 777 no
2109 723 2334 777 ﬁrmum
2366 737 2432 776 ac
2460 719 2662 775 stabile
2689 719 2912 774 habeat.
2945 717 3432 784 Quemadmodum
3459 715 3610 771 enim

2015 811 2275 867 columba
2291 811 2541 883 aquilam
2561 814 2661 865 aut
2678 807 3000 880 accipitrem
3020 808 3238 879 fugiens
3249 847 3262 874 ,
3278 807 3464 862 locum
3484 806 3614 861 sub-

2014 902 2146 957 inde
2166 905 2495 966 commutat,
2510 915 2576 955 ac
2593 915 2743 954 nunc
2759 897 2984 969 quidem
3005 897 3064 952 in
3080 897 3185 954 hac
3210 897 3428 964 arbore,
3460 912 3612 953 nunc

2015 997 2205 1046 autem
2233 991 2291 1046 in
2316 991 2411 1045 illo
2441 989 2660 1054 frutice,
2679 1005 2745 1042 ac
2776 987 2979 1042 deinde
3003 987 3062 1041 in
3081 986 3307 1058 rupium
3337 987 3608 1054 cavernis,

2014 1098 2080 1137 ac
2103 1081 2270 1135 variis
2301 1079 2480 1151 spinis
2507 1079 2708 1151 pedem
2739 1076 2995 1148 aﬂlgens,
3026 1092 3130 1130 nec
3154 1080 3340 1131 tutum
3369 1089 3612 1149 usquam

2015 1170 2337 1242 perfugium
2375 1168 2683 1234 inveniens,
2709 1167 2765 1222 in
2795 1171 3069 1239 perpetua
3091 1165 3402 1237 jactatione
3438 1171 3609 1238 atque

2015 1276 2264 1314 aerumna
2288 1263 2544 1314 versatur
2573 1274 2588 1313 :
2623 1257 2821 1312 eodem
2850 1255 3016 1310 modo
3045 1271 3107 1311 se
3145 1254 3370 1319 habent,
3401 1256 3612 1326 qui‘re‘s

2014 1354 2319 1420 praesentes
2346 1347 2418 1402 ad
2446 1353 2736 1419 stuporem
2766 1361 2947 1417 usque
2975 1345 3272 1406 mirantur,
3297 1343 3504 1415 quippe
3516 1343 3612 1415 qui

2016 1437 2436 1492 inconsiderato
2465 1436 2709 1508 quodam
2737 1435 2953 1507 impetu
2983 1433 3190 1489 misere
3218 1433 3613 1497 laborent,nec

2017 1527 2327 1599 quidquam
2356 1526 2586 1581 omnino
2616 1526 2841 1580 ﬁrmum
2866 1529 2968 1578 aut
2992 1523 3195 1578 stabile
3224 1522 3486 1588 habeant,
3510 1537 3615 1577 nec

2017 1615 2088 1670 ad
2122 1632 2289 1687 quem
2310 1615 2480 1670 ﬁnem
2502 1613 2824 1686 perventuri
2847 1613 2980 1677 sint,
3007 1611 3345 1683 intelligant,
3375 1628 3480 1666 nec
3501 1625 3612 1683 quo

2017 1705 2247 1760 tandem
2265 1721 2409 1758 vana
2427 1704 2560 1769 vita,
2587 1703 2698 1768 cui,
2713 1716 2985 1774 perquam
3010 1701 3306 1756 infeliciter
3325 1717 3391 1755 ac
3409 1699 3615 1755 misere

320 1797 464 1863 ruit,
480 1815 546 1852 ac
583 1775 805 1852 sublata
823 1775 1057 1854 consilia
1090 1775 1458 1863 tradidit,vme
1479 1775 1644 1850 vilem
1664 1801 1724 1850 et
1749 1775 1933 1851 humi-
1956 1775 2002 1836 Β
2018 1795 2166 1849 mala
2195 1793 2355 1848 bonis
2399 1792 2777 1865 praeferentes,
2814 1807 2882 1845 ac
2921 1789 3215 1862 probitatis
3267 1791 3386 1845 loco
3413 1789 3613 1846 vitium

317 1887 435 1942 lem
462 1887 868 1943 homunculum
889 1887 1158 1958 intellige,
1182 1887 1278 1957 qui
1300 1887 1409 1941 huc
1429 1885 1636 1941 idcirco
1655 1885 1836 1950 venio,
1871 1890 1935 1941 ut

315 1977 429 2031 tibi
449 1976 600 2031 viam
618 1976 826 2031 bonam
849 1983 907 2032 et
926 1976 996 2032 ab
1015 1976 1168 2031 omni
1185 1992 1376 2030 errore
1395 1974 1629 2030 liberam
1643 1991 1932 2030 common-

317 2070 524 2132 strem,
558 2072 727 2137 teque
754 2067 824 2120 ad
867 2066 1212 2136 sempiterna
1262 2070 1320 2120 et
1362 2081 1652 2136 nunquam
1689 2065 1936 2119 ﬁnienda

313 2155 472 2210 dona
493 2155 807 2214 traducam.
837 2155 1083 2227 illucque
1125 2155 1314 2210 omnia
1351 2159 1451 2209 tua
1482 2155 1785 2209 recondere
1809 2171 1935 2209 sua-

314 2243 509 2310 deam,
547 2251 852 2315 contraque
883 2249 938 2299 te
960 2244 1030 2299 ab
1058 2244 1366 2316 impostore
1388 2243 1494 2298 hoc
1513 2243 1722 2298 mundo
1754 2243 1934 2298 abdu-

314 2349 467 2388 cam.
501 2334 683 2398 Quem
714 2334 941 2405 quidem
983 2334 1103 2405 ipse
1147 2350 1371 2404 quoque
1399 2333 1700 2404 aliquando
1727 2333 1933 2387 misere

317 2422 612 2487 amabam,
642 2424 878 2495 ejusque
907 2423 1222 2494 voluptates
1249 2428 1306 2476 et
1333 2421 1748 2477 oblectamenta
1776 2438 1930 2476 com-

318 2511 637 2582 plectebar.
665 2514 943 2567 Caeterum
981 2529 1108 2567 cum
1158 2513 1324 2566 rectis
1373 2511 1579 2566 mentis
1609 2511 1785 2566 oculis
1815 2511 1933 2566 ani-

319 2600 775 2665 madvertissem,
801 2600 1276 2672 quemadmodum
1295 2600 1352 2654 in
1380 2599 1468 2654 bis
1487 2599 1656 2654 rebus
1673 2599 1933 2654 universa

319 2689 658 2744 mortalium
690 2689 802 2743 vita
817 2690 1145 2756 conteritur,
1181 2689 1306 2743 aliis
1327 2689 1595 2743 nimirum
1616 2688 1932 2744 accedenti-

316 2776 448 2843 bus,
469 2778 598 2833 aliis
611 2778 1027 2844 decedentibus,
1055 2795 1158 2834 nec
1178 2779 1292 2832 ullo
1314 2779 1544 2832 omnino
1563 2779 1730 2831 ﬁrma
1747 2783 1804 2831 et
1823 2783 1932 2832 sta-

317 2866 417 2921 bili
441 2868 579 2922 sede
604 2867 929 2933 constituto,
950 2869 1056 2922 hoc
1076 2873 1180 2928 est,
1205 2884 1307 2922 nec
1334 2866 1599 2922 divitibus
1619 2872 1676 2921 et
1692 2866 1929 2938 ecpiosis

316 2957 378 3011 in
412 2956 638 3028 opibus,
672 2973 775 3014 nec
805 2957 1125 3027 potentibus
1153 2957 1212 3011 in
1240 2957 1510 3028 potentia,
1544 2971 1647 3010 nec
1664 2955 1930 3026 sapienti-

314 3044 426 3100 bus
452 3045 514 3100 in
544 3045 841 3117 sapientia,
866 3062 970 3101 nec
990 3047 1061 3101 iis
1091 3046 1294 3118 quibus
1322 3062 1589 3118 prospere
1617 3061 1710 3100 res
1735 3061 1928 3100 succe-

2015 1888 2421 1948 consectantes,
2444 1899 2565 1938 sese
2583 1881 2964 1952 subjecerunt,
2980 1896 3076 1935 eos
3093 1880 3265 1934 ducat
3286 1898 3302 1943 ;
3334 1895 3438 1934 nec
3466 1878 3616 1951 quis-

2016 1989 2148 2028 nam
2170 1972 2405 2044 frigidos
2426 1972 2733 2026 multorum
2761 1986 2826 2024 ac
2845 1969 3180 2024 miserorum
3203 1967 3461 2023 laborum
3489 1983 3616 2024 suo-

2016 2079 2143 2117 rum
2168 2062 2385 2116 fructus
2413 2066 2746 2133 excepturus
2775 2059 2867 2125 sit,
2901 2059 3006 2113 hoc
3044 2063 3148 2122 est,
3190 2057 3612 2129 pmpinquusne

2017 2169 2090 2207 an
2115 2151 2350 2216 alienus,
2383 2167 2448 2206 ac
2474 2165 2722 2222 persaepe
2747 2165 2819 2203 ne
2847 2147 3063 2203 amicus
3107 2147 3333 2219 quidem
3374 2153 3476 2203 aut
3510 2161 3615 2203 no-

2016 2247 2128 2307 tus,
2163 2257 2357 2295 verum
2384 2240 2647 2294 inimicus
2677 2244 2736 2293 et
2763 2237 2960 2294 hostis.

2089 2331 2240 2396 Hac,
2263 2330 2513 2401 inquam,
2538 2328 2746 2393 omnia,
2762 2333 2820 2382 et
2830 2343 2952 2399 quae
2966 2327 3055 2381 his
3066 2330 3444 2380 consentanea
3456 2328 3609 2392 sunt,

2015 2436 2143 2474 cum
2176 2420 2296 2491 ipse
2321 2418 2381 2473 in
2409 2417 2611 2473 animae
2639 2433 2780 2472 mea
2819 2415 2940 2471 foro
2988 2415 3405 2487 disceptassem,
3436 2415 3613 2470 totius

2013 2508 2139 2564 vitae
2175 2525 2332 2575 mea},
2355 2523 2524 2579 quam
2553 2507 2612 2561 in
2642 2506 2811 2561 rebus
2837 2505 2998 2560 vanis
3024 2504 3363 2577 consumpsi,
3408 2519 3474 2559 ac
3501 2510 3612 2559 ter-

2014 2598 2166 2652 renis
2195 2595 2482 2652 laboribus
2511 2595 2768 2650 addictus
2794 2594 3064 2665 transegi,
3098 2594 3288 2649 odium
3320 2607 3411 2648 me
3439 2595 3608 2666 cepit.

2015 2687 2269 2758 Cumque
2297 2701 2493 2741 eorum
2526 2700 2777 2740 amorem
2828 2700 2893 2738 ex
2934 2683 3122 2738 animo
3155 2683 3514 2739 excussissem
3555 2688 3614 2738 et

2013 2777 2321 2847 ejecissem,
2345 2791 2413 2830 ea
2446 2791 2570 2830 sese
2603 2775 2784 2829 oculis
2797 2773 2940 2828 meis
2953 2771 3298 2840 obtulerunt,
3332 2785 3456 2844 qua:
3481 2787 3611 2828 vere

2011 2863 2159 2920 bona
2187 2870 2337 2930 sunt,
2369 2865 2473 2918 hoc
2503 2869 2606 2930 est,
2631 2863 2734 2918 Dei
2762 2867 2918 2918 metu
2947 2861 3248 2935 praeditum
3276 2877 3416 2930 esse,
3441 2867 3610 2934 atque

2011 2953 2187 3026 ipsius
2207 2953 2479 3009 voluntati
2501 2952 2750 3024 obsequi.
2769 2953 2916 3008 Nam
2936 2953 3042 3007 hoc
3059 2951 3336 3008 bonorum
3357 2951 3609 3007 omnium

2012 3048 2182 3114 caput
2204 3059 2328 3097 esse
2357 3047 2709 3115 compertum
2751 3040 2938 3096 habui.
2978 3042 3094 3097 Hoc
3122 3041 3273 3096 enim
3319 3041 3609 3112 sapientiae

314 3135 483 3200 dunt,
516 3135 577 3189 in
605 3135 996 3218 prosperitate,
1027 3152 1130 3190 nec
1176 3135 1334 3190 luxui
1379 3134 1587 3189 deditis
1613 3135 1672 3189 in
1703 3135 1838 3189 luxu
1875 3137 1990 3199 etC
2012 3131 2238 3189 initium
2263 3148 2389 3187 esse
2417 3131 2643 3198 dicitur,
2667 3135 2838 3202 atque
2865 3130 3004 3184 adeo
3034 3129 3280 3202 perfecta
3307 3130 3602 3202 sapientia.

325 3223 611 3296 cupediis,
657 3241 761 3279 nec
788 3224 858 3279 iis
889 3224 985 3295 qui
1007 3241 1201 3279 secure
1228 3223 1338 3278 sibi
1353 3223 1538 3278 vivere
1565 3222 1843 3288 videntur,
1874 3223 1933 3276 in

313 3313 481 3368 inani
508 3330 613 3368 sua
663 3318 722 3368 et
758 3313 1196 3368 imbecillissima
1233 3312 1554 3379 securitate,
1587 3328 1692 3367 nec
1718 3312 1777 3366 in
1816 3311 1932 3366 ulla

313 3404 435 3457 alia
457 3419 521 3458 re
545 3419 611 3457 ex
632 3402 703 3456 iis
727 3403 822 3474 qui
843 3401 1104 3458 laudibus
1128 3403 1460 3458 efferuntur.
1473 3402 1684 3456 Verum
1705 3401 1823 3457 haec
1838 3417 1928 3456 res

310 3491 661 3547 torrentium
677 3507 953 3563 aquarum
983 3492 1043 3546 in
1072 3492 1414 3563 profundum
1431 3507 1590 3546 mare
1611 3489 1924 3545 labentium

311 3581 586 3636 transitui
606 3580 805 3635 similis
827 3587 914 3636 est
933 3599 946 3643 ;
969 3581 1167 3635 eodem
1184 3581 1335 3636 enim
1354 3581 1523 3635 modo
1540 3580 1698 3636 ﬂuxa
1714 3585 1850 3635 sunt
1868 3585 1925 3635 et

309 3670 543 3742 fragilia
575 3671 764 3726 omnia
797 3671 1112 3742 praesentia.
1157 3671 1302 3726 Hinc
1349 3671 1562 3726 scilicet
1587 3671 1705 3726 hinc
1733 3670 1925 3725 omnia

309 3776 465 3814 vana
491 3777 634 3826 esse,
662 3777 845 3832 neque
871 3760 1179 3832 quidquam
1223 3759 1486 3814 utilitatis
1525 3759 1733 3814 habere
1762 3758 1924 3814 intel-

312 3849 449 3904 lexi.
466 3849 615 3914 Quin
635 3850 820 3921 potius
840 3849 1318 3921 quemadmodum
1350 3849 1541 3920 priora
1567 3849 1760 3904 omnia
1787 3848 1923 3903 obli-

311 3938 486 3994 vione
496 3938 697 3994 obruta
712 3945 847 3994 sunt
876 3938 1007 4006 (sive
1025 3940 1266 4010 gloriam
1286 3937 1511 4004 dixeris,
1526 3937 1641 3992 sive
1657 3954 1916 4009 regnum,

311 4027 433 4082 sive
459 4028 802 4098 dignitatum
822 4029 1199 4100 splendorem,
1221 4027 1337 4082 sive
1365 4027 1632 4098 potentiae
1660 4027 1922 4098 amplitu-

308 4117 530 4182 dinem,
563 4118 677 4172 sive
704 4123 1075 4190 tyrannorum
1116 4116 1431 4183 audaciam,
1461 4116 1578 4170 sive
1603 4116 1738 4187 quid
1766 4117 1919 4171 aliud

307 4207 575 4278 ejusdem
616 4207 858 4277 generis)
889 4206 1087 4261 eodem
1136 4205 1304 4261 modo
1359 4205 1658 4276 praesentia
1695 4222 1918 4278 quoque

304 4295 550 4350 tandem
571 4300 818 4350 vetustas
839 4295 1176 4351 obscurabit.
1193 4296 1446 4359 Quorum
1467 4295 1526 4350 in
1540 4311 1777 4350 numero
1787 4311 1914 4349 cum

304 4384 436 4457 ipse
459 4401 680 4456 quoque
689 4385 816 4450 sim,
833 4385 1508 4441 consuetaaimmutationi
1540 4401 1771 4457 prorsus
1790 4385 1918 4440 sub-

300 4474 498 4545 jicior.
525 4475 599 4529 Ut
619 4475 770 4529 enim
796 4474 867 4529 iis
890 4475 986 4547 qui
1007 4481 1139 4531 ante
1167 4491 1259 4530 me
1289 4474 1646 4542 exstiterunt,
1669 4491 1917 4548 praesen-

2017 3221 2240 3276 Etenim
2270 3220 2534 3276 maeroris
2562 3233 2758 3291 expers
2786 3219 2901 3274 vita
2918 3224 3022 3284 est,
3057 3224 3225 3290 atque
3253 3216 3324 3273 ab
3354 3218 3506 3273 omni
3522 3219 3606 3274 of-

2012 3308 2269 3364 fensione
2292 3308 2470 3364 libera
2509 3308 2580 3363 iis
2604 3308 2702 3380 qui
2730 3323 2855 3362 eam
2883 3306 3318 3378 amplectuntur,
3350 3311 3409 3363 et
3435 3307 3532 3380 qui
3552 3308 3606 3363 ei

2009 3404 2282 3470 tanquam
2310 3397 2550 3454 Domino
2575 3397 2916 3463 innituntur,
2946 3402 3074 3450 tuta
3105 3401 3162 3451 et
3187 3394 3257 3450 ab
3287 3396 3440 3451 omni
3460 3397 3607 3469 peri-

2010 3489 2139 3544 culo
2168 3488 2455 3544 immunis.
2486 3488 2625 3542 Cum
2654 3486 2848 3557 itaque
2874 3485 3130 3541 animum
3151 3499 3342 3540 meum
3363 3485 3434 3541 ad
3455 3501 3605 3542 erro-

2005 3578 2085 3633 ris
2112 3577 2294 3633 omnis
2321 3581 2607 3650 expertem
2631 3575 3028 3631 mandatorum
3042 3573 3268 3629 Domini
3280 3573 3428 3628 viam
3445 3573 3603 3645 adje-

2005 3667 2225 3734 cissem,
2245 3667 2498 3739 nihilque
2527 3665 2586 3721 in
2611 3665 2750 3737 ipsis
2768 3663 3059 3736 obliquum
3079 3669 3138 3718 et
3161 3663 3598 3730 anfractuosum,

2004 3774 2070 3812 ac
2099 3755 2458 3829 voraginibus
2486 3760 2546 3810 et
2591 3753 2831 3826 scopulis
2889 3758 2948 3808 et
3002 3752 3252 3808 sentibus
3295 3758 3353 3808 et
3379 3751 3603 3808 tribulis

2003 3848 2234 3919 plenum
2253 3861 2374 3902 esse
2397 3849 2550 3900 certo
2571 3842 2988 3916 comperissem,
3010 3858 3204 3897 verum
3225 3857 3352 3897 eam
3370 3841 3602 3898 omnino

2002 3936 2230 4006 planam
2260 3940 2318 3988 et
2341 3932 2671 4005 aequabilem
2693 3947 2815 3986 esse
2841 3950 2853 3999 ;
2889 3946 3084 3986 eorum
3101 3930 3326 4002 quidem
3347 3930 3442 4002 qui
3454 3930 3602 3986 hanc

2001 4023 2396 4095 ingrediuntur
2432 4039 2533 4094 per
2561 4020 2901 4077 clarissimas
2930 4020 3432 4092 contemplationes
3461 4035 3600 4076 ocu-

2001 4112 2085 4167 los
2113 4113 2508 4179 oblectantem,
2541 4109 2888 4182 pedibusque
2916 4109 3388 4181 pulchritudinem
3420 4109 3600 4165 conci-

2001 4200 2253 4268 liantem,
2277 4205 2449 4271 atque
2476 4215 2573 4254 eos
2599 4199 2670 4252 ad
2699 4197 3167 4269 praeparationem
3193 4197 3479 4268 Evangelii
3495 4211 3599 4268 pa-

1998 4290 2076 4344 eis
2106 4291 2464 4354 calceantem‘,
2491 4301 2583 4342 me
2609 4287 2794 4358 ipsum
2817 4285 3020 4356 prioris
3043 4285 3366 4356 imposturaa
3394 4302 3460 4340 ac
3486 4291 3599 4341 sto-

1996 4380 2123 4435 lidae
2167 4379 2384 4434 fraudis
2433 4375 2664 4432 nomine
2704 4375 2976 4429 miserum
3021 4374 3354 4440 existimavi,
3395 4389 3461 4430 ac
3496 4391 3598 4446 per

1996 4475 2209 4524 rectam
2241 4467 2396 4522 illam
2426 4465 2686 4522 incedere
2708 4480 3007 4536 aggressus
3034 4479 3194 4519 sum:
3222 4479 3390 4536 quam
3423 4463 3596 4520 etiam

305 4563 458 4618 tium
482 4579 674 4618 rerum
695 4564 1072 4636 voluptatibus
1088 4569 1360 4637 perpetuo
1391 4564 1502 4620 frui
1529 4564 1762 4619 minime
1783 4581 1914 4620 con-
1933 4579 1983 4638 D
2001 4561 2214 4632 optimo
2218 4560 2348 4630 jure
2368 4557 2535 4614 rebus
2559 4554 2820 4611 omnibus
2831 4553 3088 4620 antetuli,
3113 4557 3284 4625 atque
3293 4553 3596 4626 collapsam

305 4668 535 4707 cessum
564 4657 669 4718 est,
701 4653 782 4708 sic
811 4669 882 4708 ne
925 4654 1064 4708 mihi
1121 4653 1350 4726 quidem
1395 4653 1747 4708 concedetur.
1778 4654 1920 4708 Ani-

306 4741 594 4796 madverti
615 4742 785 4809 enim,
809 4742 1286 4814 quemadmodum
1306 4748 1584 4814 tyrannus
1612 4742 1703 4796 hic
1722 4758 1787 4796 ac
1805 4747 1922 4797 tur-

305 4830 582 4886 bulentus
601 4833 844 4887 mundus
864 4833 1119 4888 homines
1141 4837 1363 4899 tractet,
1391 4848 1484 4887 eos
1525 4830 1795 4888 nimirum
1811 4833 1919 4887 huc

303 4924 486 4990 atque
524 4919 970 4985 illucinvertens,
995 4921 1098 4975 hos
1119 4920 1333 4976 scilicet
1360 4936 1431 4975 ex
1455 4919 1653 4992 opibus
1682 4921 1754 4976 ad
1782 4936 1914 4990 ege-

302 5015 541 5074 statem,
571 5009 699 5063 illos
741 5026 939 5065 rursus
990 5027 1056 5064 ex
1103 5009 1434 5080 gravissima
1473 5014 1805 5082 paupertate
1843 5010 1915 5064 ad

299 5096 572 5168 gloriam,
598 5097 700 5153 hos
722 5115 754 5152 e
770 5098 884 5153 vita
898 5099 1128 5165 ducens,
1153 5099 1280 5153 illos
1311 5115 1538 5154 rursum
1570 5115 1766 5155 eorum
1794 5100 1914 5154 loco

301 5187 366 5242 in
389 5188 568 5242 vitam
587 5186 885 5256 inducens;
913 5188 1196 5260 sapientes
1216 5188 1487 5260 quosdam
1510 5193 1568 5243 et
1593 5189 1914 5260 ingeniosos

302 5276 460 5330 viros
478 5275 803 5347 improbans
837 5293 903 5332 ac
942 5277 1220 5349 rejiciens,
1256 5294 1462 5350 eosque
1490 5278 1587 5350 qui
1610 5277 1667 5333 in
1700 5278 1913 5333 honore

302 5380 372 5418 ac
401 5364 703 5435 splendore
728 5372 908 5435 erant,
935 5372 1285 5439 contemptos
1313 5373 1371 5422 et
1397 5365 1762 5440 despicabiles
1790 5368 1914 5423 red-

302 5453 488 5522 dens;
520 5454 661 5510 alios
689 5462 887 5511 contra
913 5456 1244 5530 insipientes
1276 5473 1341 5512 ac
1368 5456 1605 5513 stolidos
1633 5457 1693 5513 in
1719 5458 1915 5530 gloriae

300 5542 518 5598 throno
538 5543 816 5602 collocans
833 5551 1026 5613 πῶς
1043 5555 1255 5621 easque
1280 5545 1376 5620 qui
1403 5545 1610 5619 abjecti
1639 5545 1916 5604 et'obscu-

1999 4655 2058 4704 et
2081 4649 2326 4704 dirutam
2347 4648 2550 4703 animae
2578 4661 2716 4702 meae
2743 4644 2973 4700 domum
3003 4643 3323 4698 instaurare
3358 4643 3521 4715 capi.

2073 4739 2216 4794 Cum
2237 4754 2370 4810 ergo
2386 4738 2461 4793 ad.
2477 4737 2626 4793 hunc
2636 4735 2867 4790 modum
2881 4732 3048 4789 rebus
3066 4732 3206 4788 meis
3221 4733 3590 4800 consulerem,

1999 4843 2064 4883 ac
2085 4828 2292 4883 mentis
2312 4827 2590 4882 lubricum
2610 4823 2894 4893 corrigere
2911 4821 3492 4894 studerem,sapientis
3505 4839 3599 4879 cu-

1993 4919 2220 4989 jusdam
2237 4916 2494 4988 magistri
2510 4929 2700 4970 vocem
2717 4912 3047 4976 audivi,haec
3055 4912 3194 4967 mihi
3213 4912 3590 4968 inclamantis:

1998 5006 2361 5078 Egredimini,
2401 5003 2604 5076 inquit.
2635 5017 2831 5058 omnes
2854 5039 2869 5068 ,
2905 5017 3045 5073 quos
3081 5001 3280 5057 salutis
3317 5000 3594 5078 cupiditas

1994 5102 2169 5165 tenet,
2199 5101 2380 5169 atque
2396 5110 2431 5149 a
2453 5091 2649 5148 mundi
2676 5090 2933 5146 vanitate
2949 5103 3050 5145 vos
3075 5098 3374 5160 removete,
3389 5091 3596 5149 transit

1997 5186 2146 5242 enim
2177 5185 2353 5257 ipsius
2376 5185 2560 5254 ﬁgura
2581 5182 2630 5249 (Ι
2656 5183 2922 5247 ουνέληηί
2940 5181 3081 5235 ‘Jam
3105 5181 3359 5254 jamque,
3383 5188 3442 5239 et
3466 5199 3593 5239 ecce

1995 5292 2108 5331 non
2129 5275 2256 5330 erit.
2296 5271 2581 5330 Irretor-tis
2612 5269 2792 5326 oculis
2813 5269 3089 5338 excedite;
3121 5287 3226 5327 nec
3249 5277 3439 5328 tamen
3469 5272 3593 5329 ina-

1995 5381 2094 5420 nes
2113 5369 2170 5418 et
2187 5363 2368 5432 vacui,
2380 5375 2574 5418 verum
2591 5359 2946 5431 sempiternae
2965 5359 3092 5416 vita
3110 5360 3310 5416 viatica
3325 5362 3589 5418 terentes.

1995 5453 2220 5510 Etenim
2243 5453 2477 5526 longum
2504 5451 2614 5506 iter
2654 5448 2810 5505 vobis
2846 5448 3155 5506 ineundum
3182 5455 3286 5517 est,
3329 5449 3590 5522 quodque

1994 5543 2176 5602 multo
2215 5543 2447 5617 missos
2472 5541 2602 5600 vita:
2627 5537 2830 5596 viatico
2859 5553 3005 5612 opus
3045 5539 3481 5611 habeat;atque
3515 5538 3589 5599 ad
