3954 6190
391 243 500 300 499
1427 241 1524 296 DE
1557 241 1748 298 VITIS
1784 241 2083 300 PATRUM
2116 243 2332 300 LIBER
2366 241 2657 302 PRIMUS.
3537 243 3622 304 500

395 371 806 443 sempiternum
833 344 1036 434 locum,
1055 365 1196 434 duas
1233 365 1510 438 regiones,
1531 365 1590 420 in
1607 365 1812 437 quibus
1825 369 2055 428 man-A
2076 367 2136 422 in
2189 369 2518 440 Evangelico
2551 357 2833 426 volumine
2875 371 3116 426 inculcat
3146 370 3355 427 (Matth.
3384 368 3522 438 xxv).
3550 372 3623 426 Ad

399 459 586 516 siones
608 460 798 514 multae
827 457 940 510 sint
961 457 1008 524 (Ι
1034 455 1154 510 Cor.
1178 458 1262 524 II),
1282 454 1606 514 habentem.
1628 454 1982 527 pervenistis.
2067 457 2218 512 hunc
2234 459 2447 514 scilicet
2475 461 2700 514 modum
2733 477 2902 532 quam
2949 459 3230 524 tutissime
3252 459 3491 513 fortunas
3514 465 3622 513 tuas

399 549 652 614 Quarum
675 547 911 601 alteram
934 543 1160 615 quidem
1190 543 1341 598 Deus
1377 543 1448 598 iis
1476 544 1572 615 qui
1602 544 1779 615 ipsius
1798 561 1988 598 amore

399 638 662 709 ﬂagrant,
687 637 921 706 ejusque
959 632 1244 687 mandatis
1273 631 1685 704 obtemperant,
1708 651 1990 706 praepara-

398 725 494 793 vit,
523 723 782 780 omnibus
808 721 970 778 bonis
991 721 1288 776 ﬂorentem
1309 727 1363 776 et
1393 722 1895 776 circumﬂuentem.

469 814 559 870 Ad
586 829 757 885 quam
791 812 888 882 qui
919 810 1108 865 divino
1135 809 1406 866 beneﬁcio
1453 809 1836 866 admittuntur
1855 812 1988 880 (Isa.

399 905 584 972 xxxv),
606 903 665 957 in
685 901 1030 973 sempiterna
1049 899 1468 970 incorruptione
1479 900 1777 971 degunt,ut
1787 900 1998 972 quiim.

387 991 744 1056 mortalitate
773 990 1034 1044 interitus
1062 989 1246 1044 omnis
1269 994 1494 1060 experte
1536 989 1814 1056 fruantur,
1846 990 1996 1044 unde

393 1076 601 1151 effugit
617 1080 796 1147 dolor,
819 1078 1050 1133 tristitia
1077 1083 1135 1132 et
1159 1077 1432 1148 gemitus.
1453 1079 1649 1133 Altera
1667 1084 1856 1134 autem
1873 1097 1994 1150 quae

402 1169 655 1224 tenebris
681 1174 738 1222 et
765 1167 1104 1234 calamitate,
1145 1184 1210 1221 ac
1237 1167 1430 1221 dolore
1460 1167 1707 1222 conferta
1732 1175 1838 1236 est,
1876 1171 1998 1226 dia-

405 1257 534 1312 bolo
557 1263 614 1312 et
634 1258 848 1328 angelis
871 1259 993 1328 ejus
1013 1262 1210 1328 parata
1238 1261 1340 1311 est.
1375 1257 1440 1310 In
1469 1273 1640 1328 quam
1671 1259 1841 1313 etiam
1871 1277 2000 1315 con-

403 1347 692 1418 jicientur,
723 1347 818 1418 qui
846 1363 947 1418 per
983 1345 1290 1416 ﬂagitiosas
1319 1346 1566 1400 actiones
1591 1363 1715 1402 eam
1738 1348 1843 1403 sibi
1865 1366 1997 1404 con-

409 1433 739 1503 ciliaverint,
771 1440 941 1506 atque
977 1433 1047 1488 ab
1096 1433 1332 1488 interitu
1361 1435 1546 1489 aliena
1575 1440 1632 1490 et
1659 1439 2002 1509 sempiterna

407 1523 556 1580 bona
583 1541 712 1579 cum
741 1523 1109 1596 praesentibus
1139 1525 1561 1592 commutarint,
1593 1530 1855 1598 totosque
1879 1545 2002 1583 sese

409 1613 558 1685 ignis
586 1614 782 1668 aeterni
811 1613 1080 1684 pabulum
1109 1613 1419 1666 effecerint?

2073 563 2268 602 omnes
2296 565 2397 620 per
2421 549 2706 619 egentium
2733 566 2934 604 manus
2963 549 3096 604 illuc
3123 547 3465 620 praemiseris.
3501 549 3622 603 Nam

2074 633 2343 708 quidquid
2392 638 2450 691 in
2506 655 2571 692 eo
2615 638 2872 696 beneﬁcii
2898 637 3218 704 contuleris,
3249 637 3508 691 Dominus
3539 637 3626 692 sibi

2075 725 2370 792 ascissens,
2396 742 2602 797 magno
2622 744 2746 781 cum
2776 728 2987 782 fmnore
3015 726 3116 780 tibi
3138 725 3418 797 rependet.
3439 725 3629 780 Etenim

2075 831 2171 868 eos
2217 815 2312 886 qui
2358 815 2533 886 ipsius
2580 832 2770 871 amore
2810 815 3031 888 praediti
3085 820 3236 879 sunt,
3268 813 3630 868 beneﬁciorum

2077 904 2628 959 remunerationibus
2639 921 2861 976 semper
2873 903 3212 976 superat.Ad
3230 903 3394 967 hunc,
3410 892 3632 973 inquam,

2077 993 2307 1047 modum
2336 993 2508 1064 hujus
2537 994 2742 1060 saeculi,
2775 995 2865 1048 cui
2895 993 2989 1048 diu
3015 994 3134 1063 jam
3165 1009 3276 1046 non
3293 991 3410 1046 sine
3449 991 3636 1060 ingenti

2080 1081 2384 1136 afﬂictione
2423 1081 2660 1150 servisti,
2693 1082 2966 1155 surreptis
2989 1081 3287 1147 thesauris,
3321 1097 3384 1134 ex
3410 1079 3492 1134 his
3515 1095 3636 1151 pra:-

2080 1171 2228 1224 clare
2257 1171 2522 1225 viaticum
2546 1171 2649 1226 tibi
2703 1173 2762 1226 in
2807 1171 3059 1226 futurum
3102 1167 3463 1241 comparabis,
3493 1174 3638 1239 atque

2080 1260 2264 1314 alieno
2295 1277 2390 1314 eos
2430 1260 2693 1332 eripiens,
2734 1259 2838 1314 tibi
2885 1260 2992 1332 ipsi
3047 1259 3204 1332 prius
3253 1257 3528 1320 recondes,
3554 1273 3642 1328 per

2081 1349 2234 1403 ﬂuxa
2255 1365 2459 1422 nempe
2490 1355 2548 1404 et
2573 1350 2780 1404 caduca
2827 1351 2944 1404 haec
2983 1349 3150 1414 bona,
3183 1364 3250 1402 ea
3279 1363 3400 1418 quae
3426 1347 3574 1399 ﬁrma
3597 1349 3645 1398 et

2081 1437 2306 1492 stabilia
2327 1444 2460 1492 sunt
2489 1455 2700 1492 emens.
2729 1439 2943 1493 Deinde
2987 1444 3197 1502 autem,
3229 1437 3347 1490 Deo
3381 1434 3480 1488 tibi
3503 1451 3644 1505 opem

2080 1526 2316 1592 ferente,
2349 1527 2518 1597 hujus
2547 1529 2740 1582 mundi
2771 1527 3230 1582 incertitudinem
3277 1531 3334 1578 et
3361 1524 3648 1578 inconstan-

2084 1616 2222 1671 tiam
2245 1616 2575 1688 perspicies:
2595 1617 2966 1686 omnibusque
2998 1615 3166 1670 rebus
3184 1614 3372 1668 valere
3393 1611 3568 1683 jussis,
3587 1613 3644 1664 ad

480 1704 598 1759 Hac
625 1720 728 1774 ego
757 1683 888 1757 voce
909 1702 1119 1767 audita,
1143 1708 1312 1772 atque
1330 1702 1506 1772 ipsius
1533 1703 1768 1759 veritate
1787 1683 2335 1761 intelle-Bfuturum
2377 1683 2434 1758 te
2481 1705 2805 1773 transferes,
2834 1683 3003 1776 atque
3050 1721 3114 1759 ea
3165 1720 3288 1775 quae
3339 1705 3649 1774 pratereunt

410 1797 519 1858 cta,
550 1793 610 1846 in
643 1793 744 1846 hoc
773 1809 949 1847 unum
981 1808 1123 1862 opus
1169 1790 1418 1856 incubui,
1449 1795 1516 1845 ut
1542 1791 1613 1846 ad
1653 1793 1793 1847 illud
1818 1795 2004 1866 hospi-

407 1881 553 1936 tium
585 1881 936 1952 pervenirem
966 1880 1116 1950 quod
1146 1879 1298 1936 omni
1325 1879 1515 1934 dolore
1547 1887 1604 1936 et
1618 1883 1887 1937 maestitia
1913 1901 2004 1938 va-

409 1975 519 2035 cat,
543 1975 813 2040 tantaque
827 1967 1328 2024 contrasecuritate
1345 1984 1410 2022 ac
1427 1969 1601 2023 tantis
1617 1969 1779 2025 bonis
1799 1977 1998 2027 scatet:

413 2075 654 2128 quorum
673 2058 918 2128 cognitio
955 2073 1105 2112 nunc
1134 2056 1272 2110 mihi
1307 2057 1580 2112 duntaxat
1607 2075 1672 2112 ex
1698 2066 1858 2130 parte
1897 2065 2000 2127 est,

411 2151 480 2202 ut
505 2146 600 2217 qui
629 2146 937 2218 spiritualis
987 2145 1170 2200 astatis
1199 2146 1418 2222 ratione
1445 2163 1585 2218 puer
1604 2149 1731 2214 sim,
1763 2165 1827 2202 ac
1856 2150 2005 2206 velut

411 2251 516 2307 per
543 2235 764 2306 specula
796 2235 1069 2289 duntaxat
1097 2239 1153 2288 et
1189 2235 1490 2306 aenigmata
1518 2253 1609 2291 res
1652 2237 1853 2294 futurae
1881 2240 2007 2295 vitae

412 2324 767 2396 perspiciam.
795 2325 936 2379 Cum
956 2329 1146 2378 autem
1165 2325 1384 2379 venerit
1401 2325 1547 2396 quod
1570 2327 1874 2397 perfectum
1901 2335 2005 2394 est,

413 2430 479 2468 ac
506 2413 647 2468 facie
667 2413 738 2467 ad
769 2412 966 2468 faciem
995 2430 1346 2486 cognoscam,
1369 2419 1491 2468 tum
1519 2415 1745 2470 demum
1774 2434 2010 2472 evacua-

414 2501 570 2557 bitur
597 2503 747 2574 quod
775 2519 839 2557 ex
862 2507 1022 2574 parte
1053 2508 1139 2556 est
1165 2505 1219 2570 (I
1240 2503 1360 2557 Cor.
1384 2506 1525 2571 xm).
1559 2504 1680 2568 Quo
1708 2505 1857 2560 circa
1877 2523 2010 2577 gra-

403 2595 526 2658 tias
541 2607 649 2662 ago
665 2591 782 2646 Deo
793 2607 896 2662 per
913 2591 940 2646 J
947 2607 1104 2645 esum
1117 2591 1401 2645 Christum
1417 2591 1722 2647 Dominum
1733 2600 1986 2650 nostrum
1996 2637 2008 2650 .

2083 1795 2203 1865 ipse
2226 1795 2574 1865 praeteriens,
2605 1795 2788 1866 iisque
2817 1794 2986 1849 rebus
3033 1811 3156 1864 quae
3184 1793 3244 1846 in
3270 1808 3370 1863 spe
3397 1789 3574 1862 posite
3594 1805 3647 1842 ac
3754 1814 3762 1823 ·

2083 1884 2262 1937 ﬁrmae
2289 1888 2440 1947 sunt,
2489 1888 2546 1938 te
2597 1883 2878 1950 addicens,
2910 1881 3284 1953 tenebrasque
3327 1896 3452 1934 cum
3477 1877 3649 1932 mortis

2085 1971 2286 2026 umbra
2305 1972 2892 2044 relinquens.odioque
2909 1978 3027 2026 tum
3046 1971 3323 2026 mundum
3345 1974 3466 2022 tum
3479 1965 3649 2021 mundi

2085 2060 2396 2132 principem
2427 2061 2728 2126 insectans,
2744 2076 3083 2132 carnemque
3111 2057 3368 2112 interitui
3387 2055 3649 2110 obnoxiam

2085 2150 2305 2204 hostem
2335 2149 2439 2204 tibi
2473 2167 2598 2204 esse
2629 2151 2858 2216 ducens,
2889 2149 2961 2204 ad
3007 2149 3189 2204 lucem
3240 2144 3650 2202 inaccessibilem

2090 2255 2346 2293 accurres
2405 2241 2453 2306 (Ι
2506 2240 2646 2292 Tim.
2695 2243 2792 2308 v1),
2825 2255 3102 2310 cruceque
3150 2235 3403 2292 humeris
3438 2233 3648 2296 sublata,

2089 2327 2378 2382 Christum
2411 2328 2690 2382 irretortis
2719 2327 2892 2382 oculis
2942 2326 3214 2398 sequeris,
3251 2331 3318 2380 ut
3359 2324 3522 2379 etiam
3546 2338 3653 2376 cum

2094 2417 2215 2488 ipso
2235 2417 2584 2486 glorificeris,
2607 2417 2868 2489 vitaque,
2907 2432 3020 2470 non
3044 2417 3165 2486 jam
3197 2414 3418 2469 caduca;
3441 2417 3496 2467 et
3517 2410 3654 2464 falla-

2093 2505 2172 2560 cis
2199 2506 2376 2560 haares
2400 2505 2680 2560 efﬁciaris.

2165 2594 2439 2664 Josaphat
2467 2595 2659 2665 itaque
2689 2594 2758 2648 ad
2780 2611 2910 2648 eum
2931 2593 3040 2648 ait:
3067 2592 3224 2648 Istud
3252 2591 3454 2662 ipsum,
3485 2602 3658 2658 nempe

415 2679 638 2736 Etenim
669 2680 756 2734 lex
779 2680 1012 2750 spiritus
1040 2679 1167 2734 vitae
1213 2679 1270 2733 in
1301 2679 1525 2734 Christo
1551 2681 1580 2735 ,Ι
1585 2698 1704 2748 esu,
1737 2699 1770 2736 a
1798 2685 2010 2754 peccati
2093 2682 2284 2737 omnia
2300 2699 2402 2754 pro
2419 2683 2596 2737 nihilo
2615 2688 2836 2754 putare,
2859 2688 3030 2754 atque
3057 2697 3239 2753 usque
3269 2680 3406 2734 adeo
3426 2691 3656 2748 asperum

417 2774 476 2824 et
501 2769 698 2824 mortis
717 2770 842 2839 lege
865 2785 954 2823 me
983 2767 1259 2834 liberavit,
1281 2769 1584 2840 oculosque
1598 2788 1754 2826 meos
1767 2774 2007 2844 aperuit,
2096 2772 2219 2826 vitae
2246 2787 2425 2842 genus
2456 2771 2758 2843 suscipere,
2810 2770 3290 2842 quemadmodum
3317 2767 3560 2840 superius
3583 2763 3656 2816 di-

419 2863 486 2913 ut
511 2858 696 2913 carnis
721 2857 983 2912 affectum
1014 2863 1252 2912 mortem
1283 2875 1423 2924 esse,
1452 2858 1683 2930 spiritus
1717 2866 1908 2916 autem
1936 2862 2015 2916 af-
2093 2860 2488 2924 xisti,vetusne
2507 2860 2831 2916 institutum
2852 2866 2955 2926 est,
2977 2859 3048 2914 ab
3077 2858 3456 2930 apostolorum
3487 2851 3658 2908 doctri-

413 2947 631 3018 _fectum
650 2947 822 3002 vitam
847 2952 904 3001 et
915 2963 1129 3018 pacem,
1147 2947 1359 3018 liquido
1381 2963 1666 3002 cernerem
1682 2950 1848 3010 (Rom.
1871 2956 2008 3022 vul).
2027 3001 2068 3022 η
2095 2965 2170 3003 na
2189 2966 2445 3016 manans,
2479 2967 2552 3004 an
2589 2966 2786 3004 recens
2813 2949 3018 3004 mentis
3051 2953 3251 3003 vestrae
3277 2945 3500 3002 solertia
3525 2957 3657 2998 exco-

409 3001 1265 3107 Quemadmodumligiturlergo
1294 3037 1655 3108 praesentium
1677 3001 1866 3094 rerum
1887 3001 2068 3112 (3ηέ-Ο
2091 3037 2357 3108 gitatum;
2393 3001 2665 3110 tanquam
2695 3038 2908 3093 scilicet
2952 3037 3076 3101 hoc,
3109 3041 3174 3090 ut
3231 3035 3432 3090 melius
3459 3049 3518 3086 ac
3543 3046 3657 3102 pra-

418 3125 541 3182 nita
567 3125 836 3192 vanitate,
867 3125 1114 3197 perfecto
1134 3125 1262 3179 odio
1287 3141 1383 3181 eas
1401 3125 1591 3194 habui,
1607 3129 1803 3182 eodem
1819 3130 2008 3197 modo,
2093 3127 2356 3194 stantius,
2381 3127 2537 3182 vobis
2565 3127 2996 3200 amplexandum
3027 3124 3338 3180 duxeritis?

418 3219 486 3270 ut
504 3215 573 3270 de
599 3214 738 3286 ipsis
767 3215 1069 3280 existimes,
1089 3219 1147 3268 te
1166 3231 1388 3277 moneo.
1412 3220 1583 3287 atque
1611 3233 1744 3287 erga
1769 3234 1881 3284 eas,
1899 3235 2013 3274 non
2167 3217 2348 3272 Senex
2367 3222 2558 3272 autem
2570 3217 2650 3271 ait
2669 3235 2680 3270 :
2699 3217 2823 3271 Non
2834 3232 3028 3270 recens
3055 3214 3346 3269 inductam
3376 3212 3547 3282 legem
3568 3205 3657 3262 tibi

419 3319 581 3360 secus
609 3319 675 3358 ac
703 3303 934 3370 alienas,
965 3308 1024 3359 et
1065 3320 1234 3374 quam
1263 3303 1508 3374 primum
1539 3305 1871 3362 difiluxuras
1898 3308 2016 3362 atii-
2097 3305 2268 3360 affero
2288 3305 2453 3375 (absit
2471 3305 2666 3372 istud).
2685 3322 2878 3360 verum
2895 3303 3208 3376 antiquitus
3227 3299 3655 3357 nobistraditam.

419 3392 586 3448 ciaris
612 3411 625 3460 ;
653 3399 824 3464 atque
855 3393 986 3448 hinc
1015 3392 1223 3464 ereptis
1252 3393 1518 3449 omnibus
1545 3395 1922 3462 facultatibus,
1955 3397 2013 3451 in
2097 3393 2408 3450 Dixitenim
2423 3396 2694 3449 Dominus
2707 3395 2778 3448 ad
2797 3394 3027 3448 divitem
3045 3389 3474 3464 quemdam,qui
3485 3403 3542 3441 ex
3559 3386 3659 3456 ipso

419 3481 728 3538 immortali
754 3499 889 3548 aevo,
930 3482 999 3536 ad
1029 3481 1179 3552 quod
1205 3481 1310 3536 tibi
1339 3481 1461 3537 sine
1487 3483 1606 3537 ulla
1653 3501 1814 3538 mora
1851 3487 2016 3556 proﬁ-
2098 3483 2535 3555 percontabatur
2555 3483 2822 3556 quidnam
2841 3483 2946 3538 sibi
2958 3481 3275 3537 faciendum
3287 3475 3659 3534 essetutvitam

420 3570 552 3626 cisci
579 3587 806 3626 necesse
835 3575 937 3636 est,
961 3569 1292 3624 thesaurum
1312 3571 1408 3641 qui
1432 3571 1584 3625 furto
1605 3573 1894 3643 compilari
1924 3591 2018 3630 ne-
2100 3578 2367 3628 aeternam
2378 3578 2835 3644 consequeretur,
2843 3561 3662 3643 jactabatquesecunctaquaein

423 3665 612 3732 queat,
628 3664 687 3714 et
705 3665 899 3724 πται
918 3675 1053 3729 opes
1073 3674 1196 3729 quae
1213 3658 1497 3713 exhauriri
1518 3659 1673 3714 nullo
1703 3662 1871 3716 modo
1888 3679 2017 3734 pos-

423 3748 556 3812 sint,
587 3747 692 3802 tibi
715 3747 985 3802 recondas
1017 3748 1166 3814 (Luc.
1195 3759 1312 3812 xu;
1345 3749 1537 3802 Matth.
1577 3751 1675 3817 VI),
1709 3755 1772 3804 ut
1795 3767 1922 3805 cum
1953 3769 2018 3808 eo

423 3836 744 3902 accesseris,
777 3836 1214 3906 haudquaquam
1256 3835 1495 3906 penuria
1550 3837 1790 3903 labores,
1821 3856 2016 3896 verum

425 3923 624 3996 opibus
650 3923 1026 3989 circumﬂuas,
1041 3923 1520 3994 quemadmodum
1543 3925 1647 3980 tibi
1667 3927 2016 3998 aptissimam

421 4012 729 4084 imaginem
758 4011 1016 4083 superius
1043 4012 1326 4083 proposui.

2100 3661 2221 3732 lege
2247 3661 2454 3734 scripta
2484 3667 2646 3717 erant
2673 3678 2942 3716 servasse.
2964 3663 3156 3716 Unum
3184 3658 3292 3713 tibi
3325 3658 3494 3721 deest,
3524 3651 3658 3715 vade,

2099 3741 2276 3806 vende
2303 3751 2493 3806 omnia
2512 3768 2634 3822 quae
2663 3751 2854 3816 habes,
2889 3757 2946 3804 et
2973 3751 3048 3805 da
3073 3746 3433 3821 pauperibus,
3456 3749 3510 3798 et
3521 3739 3662 3796 habe-

2098 3838 2184 3894 bis
2212 3841 2544 3896 thesaurum
2591 3841 2648 3894 in
2679 3841 2838 3906 coelo,
2874 3844 2929 3894 et
2957 3839 3104 3904 veni,
3137 3855 3220 3902 ac,
3259 3835 3477 3891 sublata
3502 3845 3658 3892 cruce,

2098 3945 2190 3983 me
2235 3946 2490 4000 sequere.
2533 3930 2608 3984 At
2643 3929 2758 3994 ille,
2781 3929 2870 3984 his
2898 3927 3124 3994 auditis,
3158 3925 3428 3980 maestitia
3453 3921 3661 3976 affectus

2098 4023 2202 4072 est.
2238 4019 2373 4072 Erat
2403 4018 2554 4072 enim
2585 4017 2891 4072 admodum
2939 4017 3112 4071 dives.
3151 4015 3294 4071 Cum
3333 4013 3500 4084 igitur
3522 4010 3660 4064 Iesus

495 4104 626 4157 CAP.
646 4102 835 4157 XV.--
864 4101 1022 4156 Dixit
1041 4107 1231 4156 autem
1249 4102 1517 4174 Josaphat
1531 4104 1600 4158 ad
1617 4121 1808 4160 senem
1836 4127 1846 4160 :
1873 4108 2018 4172 Qua—
2099 4123 2227 4161 eum
2259 4123 2497 4162 maerore
2513 4107 2772 4161 affectum
2791 4105 3040 4170 vidisset,
3059 4104 3202 4158 dixit
3221 4121 3234 4156 :
3259 4103 3438 4168 Quam
3465 4094 3662 4152 difﬁcile

423 4209 556 4250 nam
576 4191 754 4263 igitur
770 4191 988 4246 ratione
1008 4191 1376 4262 pecuniarum
1396 4192 1689 4249 thesauros
1721 4195 1854 4250 illuc
1881 4213 2018 4268 prae-
2098 4194 2139 4249 ii
2165 4195 2261 4266 qui
2291 4196 2555 4268 pecunias
2581 4194 2793 4249 habent
2805 4193 3098 4249 intrabunt
3115 4193 3174 4246 in
3194 4206 3432 4262 regnum
3453 4187 3570 4252 Dei;
3590 4183 3662 4236 fa-

415 4276 648 4338 mittere
678 4297 898 4352 queam,
917 4285 982 4334 ut
1009 4295 1222 4346 corum,
1255 4297 1383 4336 cum
1411 4281 1542 4336 hinc
1567 4282 1877 4352 abcessero,
1898 4287 2018 4340 fru-
2037 4283 2261 4375 Dcilius
2283 4284 2436 4338 enim
2460 4288 2546 4339 est
2573 4283 2850 4338 camelum
2871 4299 2972 4354 per
2985 4281 3235 4336 foramen
3266 4296 3401 4334 acus
3427 4273 3656 4330 transire.

421 4375 578 4427 ctum
607 4369 678 4425 ab
700 4369 853 4425 omni
881 4369 1030 4424 furto
1059 4375 1116 4424 et
1143 4370 1376 4425 interitu
1406 4371 1654 4428 alienum
1689 4374 2013 4443 nanciscar;
2040 4365 2082 4375 ”
2103 4389 2271 4444 quam
2289 4373 2519 4428 divitem
2537 4373 2750 4426 intrare
2769 4372 2829 4426 in
2849 4387 3083 4442 regnum
3105 4369 3206 4424 Dei
3236 4371 3425 4437 (Marc.
3448 4382 3510 4430 x;
3539 4365 3653 4418 Luc.

424 4476 782 4534 quonamque
827 4459 966 4514 item
1020 4463 1182 4530 pacto
1238 4475 1428 4514 meum
1481 4461 1542 4514 in
1587 4479 1678 4517 res
1712 4469 2016 4534 praesentes
2097 4465 2266 4526 xvuI).
2292 4463 2411 4516 Hoc
2438 4461 2612 4533 igitur
2637 4461 2903 4515 mandato
2933 4459 3145 4522 audito,
3179 4457 3361 4512 sancti
3403 4468 3583 4508 omnes
3615 4447 3662 4502 id

421 4550 616 4622 odium
661 4550 1069 4612 demonstrare,
1100 4564 1304 4619 resque
1337 4549 1710 4628 sempiternas
1751 4555 2016 4625 consequi
2099 4550 2456 4612 studuerunt,
2473 4555 2536 4604 ut
2559 4549 2630 4604 ab
2658 4547 2982 4619 hujusmodi
3011 4563 3180 4618 opum
3210 4543 3534 4599 difﬁcultate
3559 4550 3662 4628 sese

422 4639 656 4712 possim,
679 4643 874 4710 aperte
903 4637 1041 4692 mihi
1068 4637 1236 4692 velim
1265 4637 1520 4709 explices.
1551 4640 1647 4694 Ait
1673 4641 1848 4709 igitur
1875 4643 2016 4698 Bar-

421 4728 570 4782 laam
595 4747 606 4780 :
635 4727 856 4782 Divitiae
872 4727 943 4782 ad
965 4727 1370 4798 sempiternam
1383 4727 1668 4798 regionem
1697 4747 1799 4801 per
1811 4747 2018 4803 paupe-

425 4832 552 4871 rum
572 4833 773 4872 manus
791 4816 1230 4888 praemittuntur.
1252 4816 1348 4872 Ait
1375 4817 1526 4871 enim
1553 4817 1783 4889 quidam
1799 4821 2018 4891 sapien-

422 4903 680 4977 tissimus
714 4905 1006 4976 propheta,
1039 4905 1240 4960 Daniel
1259 4905 1504 4974 nomine,
1533 4906 1603 4962 ad
1623 4924 1816 4978 regem
1833 4909 2016 4982 Baby-

422 4991 572 5047 lonis
603 5010 615 5046 :
649 4992 886 5063 Propter
909 4993 1030 5059 hoc,
1063 5010 1179 5059 rex,
1210 4994 1510 5049 consilium
1536 5011 1726 5051 meum
1772 4995 1876 5052 tibi
1903 4999 2020 5069 pla-

426 5085 570 5146 ceat,
597 5085 655 5134 et
679 5084 909 5152 peccata
925 5086 1025 5136 tua
1043 5083 1411 5156 eleemosynis
1430 5084 1662 5153 redime,
1685 5090 1854 5157 atque
1873 5086 2020 5157 injuo

425 5168 612 5224 stitias
639 5173 769 5223 tuas
785 5169 848 5223 in
876 5170 1328 5228 miserationibus
1349 5190 1662 5246 pauperum
1685 5177 1907 5244 (Daniel
1921 5179 2016 5241 Iv).

427 5257 575 5324 Quin
605 5258 778 5313 etiam
803 5257 1056 5312 Salvator
1078 5259 1165 5316 his
1193 5260 1374 5316 verbis
1401 5247 1582 5318 utitur
1613 5281 1625 5316 :
1659 5263 1849 5318 Facite
1863 5262 2018 5318 vobis

425 5347 639 5404 amicos
663 5347 732 5402 de
753 5363 1076 5402 mammona
1086 5349 1420 5421 iniquitatis,
1444 5357 1510 5406 ut
1533 5369 1658 5408 cum
1681 5352 2016 5419 defeceritis,

425 5437 707 5510 recipiant
751 5452 848 5508 vos
907 5436 966 5491 in
1009 5442 1218 5492 aeterna
1265 5439 1628 5496 tabernacula
1670 5442 1826 5512 (Luc.
1878 5442 2012 5514 xw).

423 5527 716 5617 Multaque
735 5527 806 5584 de
825 5527 1182 5600 eleemosyna
1203 5532 1260 5584 et
1279 5529 1574 5600 largitione
1590 5547 1725 5603 erga
1741 5547 2019 5605 pauperes

2099 4639 2507 4698 abstraherent.
2530 4655 2598 4692 ac
2614 4654 2715 4709 per
2732 4637 3098 4706 largitionem
3129 4651 3266 4705 erga
3285 4645 3570 4704 pauperes,
3595 4625 3662 4679 di-

2099 4727 2307 4800 spersis
2339 4727 2598 4782 omnibus
2626 4726 3004 4791 facultatibus,
3040 4722 3508 4795 sempiternisque
3549 4713 3663 4770 divi-

2097 4819 2194 4874 tiis
2219 4817 2328 4872 sibi
2355 4817 2493 4888 ipsis
2524 4815 2844 4881 reconditis,
2877 4831 3098 4870 crucem
3131 4811 3496 4873 sustulerunt,
3528 4803 3664 4860 Chri-

2099 4913 2362 4978 stumque
2391 4891 2570 4961 secuti
2599 4910 2759 4972 sunt;
2789 4905 2867 4958 sic
2887 4903 3157 4959 nimirum
3185 4906 3250 4955 ut
3278 4893 3668 4971 quidam,velut

2094 4998 2214 5068 jam
2245 5013 2279 5051 a
2307 5012 2398 5050 me
2413 4995 2625 5050 dictum
2654 4999 2756 5061 est,
2775 4991 3046 5064 martyrio
3061 4980 3663 5062 perfungerentur,qui-

2101 5087 2231 5140 dam
2256 5091 2443 5140 autem
2495 5083 2768 5155 religiosae
2819 5083 2948 5136 vitae
2995 5079 3390 5134 exercitatione
3411 5075 3666 5130 concerta-

2100 5180 2244 5240 rent,
2278 5179 2466 5245 atque,
2502 5177 2774 5244 quantum
2805 5170 2874 5224 ad
2903 5185 3032 5224 vere
3063 5169 3298 5238 hujusce
3327 5158 3663 5238 philosophiae

2098 5263 2377 5318 rationem
2402 5263 2622 5327 attinet,
2655 5259 2832 5315 nihilo
2861 5258 2972 5312 illis
2997 5257 3292 5311 inferiores
3319 5257 3520 5309 essent.
3537 5249 3664 5312 Quo-

2099 5352 2246 5407 circa
2272 5352 2414 5406 illud
2443 5351 2584 5408 scias
2613 5350 2799 5414 velim,
2833 5347 3002 5416 Regis
3031 5345 3209 5400 nostri
3229 5361 3293 5400 ac
3323 5343 3418 5398 Dei
3450 5336 3660 5394 manda-

2098 5446 2218 5496 tum
2246 5441 2350 5496 hoc
2377 5457 2518 5508 esse,
2535 5456 2636 5512 per
2655 5437 2804 5510 quod
2826 5435 3086 5490 homines
3111 5432 3568 5504 sempiternorum
3581 5424 3662 5478 bo-

2099 5547 2301 5587 norum
2315 5531 2616 5602 participes
2641 5526 2975 5584 redduntur.
