3954 6190
284 219 384 280 501

681 220 858 278 VITA
895 221 1336 281 SANCI‘ORUM
1369 223 1717 283 BARLAAM
1754 223 2100 286 EREMITE
2137 222 2227 283 ET
2262 214 2630 282 JOSAPHAT
2666 211 2892 274 INDLE
2928 210 3164 271 REGIS.

3458 208 3565 271 502

355 348 498 405 Cum
517 349 712 421 igitur,
745 349 934 422 inquit
967 349 1254 422 Josaphat,
1286 355 1403 405 tam
1435 352 1669 423 antiqua
1695 357 1753 408 et
1777 370 1878 408 ne-
1895 356 1947 416 Α
1965 355 2156 409 lumen
2183 351 2403 406 detecta
2431 347 2571 402 facie
2600 347 2956 401 contuentur:
2976 340 3046 396 ad
3063 337 3324 395 eumdem
3337 353 3559 412 quoque

283 440 529 494 cessaria
557 440 882 511 hujusmodi
909 439 1262 511 philosophia
1289 439 1380 505 sit,
1429 441 1560 511 quid
1587 458 1768 496 causae
1797 448 1882 497 est

281 530 650 600 quamobrem
671 531 945 585 hodierna
972 529 1063 584 die
1093 529 1258 601 pauci
1286 529 1402 585 sint
1419 531 1515 602 qui
1544 531 1688 586 hanc
1708 531 1879 587 vitam

281 617 578 673 imitentur
593 619 616 672 ?

355 709 665 779 Respondit
683 725 850 763 senex
874 727 885 762 :
909 709 1071 764 Multi
1093 709 1318 781 quidem
1349 727 1471 764 eam
1502 709 1876 778 imitatisunt,

283 801 340 850 et
352 797 664 852 etiamnum
685 799 998 854 imitantur.
1027 799 1108 853 At
1123 800 1300 854 multo
1313 801 1504 871 plures
1524 804 1876 866 cunctantur,

281 903 346 940 ac
372 904 558 942 moras
583 893 838 943 nectunt.
863 888 1031 943 Pauci
1052 890 1202 943 enim
1225 895 1375 954 sunt,
1403 894 1466 943 ut
1478 889 1559 943 ait
1584 890 1877 956 Dominus,

280 977 379 1047 qui
407 994 509 1048 per
535 983 748 1032 arctam
777 983 836 1032 et
863 983 1164 1049 angustam
1183 979 1330 1032 viam
1355 979 1636 1045 incedant;
1662 977 1756 1049 qui
1786 995 1882 1033 au-
1917 1029 1920 1032 .

277 1070 398 1120 tem
424 1083 527 1138 per
546 1066 770 1121 facilem
804 1073 861 1121 et
879 1068 1250 1139 1atam,quam
1278 1067 1505 1139 plurimi
1524 1069 1741 1130 (Matth.
1763 1081 1838 1121 v11
1863 1085 1876 1134 ;

279 1157 408 1210 Luc.
433 1155 615 1226 XXIII).
649 1158 793 1210 Nam
816 1157 910 1228 qui
927 1157 1478 1228 semelpecuniarum
1491 1157 1881 1227 cupiditate,et

276 1244 548 1299 vitiorum
580 1263 703 1316 quae
733 1263 798 1300 ex
826 1246 1210 1318 voluptatibus
1239 1247 1516 1311 oriuntur,
1552 1263 1878 1300 amorecor-

1966 444 2193 498 modum
2213 438 2420 496 Christi
2434 438 2628 492 lumen
2646 433 2904 489 omnibus
2919 431 3144 503 quidem
3168 429 3562 500 illucet,splen-

1964 533 2275 603 doremque
2306 544 2471 584 suum
2502 525 2664 581 nobis
2684 523 2895 577 affatim
2920 520 3170 592 impertit
3196 540 3210 588 ;
3231 525 3292 574 at
3309 534 3439 572 vero
3459 533 3560 588 pro

1965 639 2066 676 sua
2106 620 2345 692 quisque
2388 615 2694 688 cupiditate
2723 612 3008 681 animique
3051 608 3341 663 alacritate
3378 606 3563 678 ipsum

1966 710 2222 783 percipit.
2253 710 2397 763 Nam
2428 722 2532 760 nec
2560 703 2654 757 ille
2675 702 2907 774 justitim
2935 699 3016 753 sol
3045 699 3221 752 ullum
3252 714 3316 751 ex
3346 695 3434 749 his
3465 696 3560 766 qui

1965 801 2253 855 oculorum
2267 796 2443 852 aciem
2455 795 2514 848 in
2534 793 2720 864 ipsum
2735 789 3024 844 intendere
3043 787 3277 858 cupiunt
3290 784 3560 840 beneﬁcio

1966 907 2031 944 eo
2081 887 2282 961 pn'vat,
2333 901 2434 939 nec
2478 897 2704 937 rursum
2749 880 2838 933 his
2867 878 2978 931 vim
3018 876 3188 930 infert
3233 875 3331 944 qui
3360 878 3578 946 suapte.

1964 983 2164 1050 sponte
2183 975 2446 1030 tenebras
2466 972 2716 1042 eligunt;
2749 983 2941 1021 verum
2971 982 3085 1021 suae
3108 965 3340 1036 quisque
3371 962 3559 1017 liberae

1963 1066 2239 1121 voluntati
2280 1069 2337 1119 et
2365 1059 2642 1125 electioni,
2677 1056 2927 1126 quandiu
2957 1055 3016 1109 in
3048 1054 3153 1108 hac
3181 1053 3296 1107 vita
3333 1056 3434 1119 est,
3466 1067 3559 1105 re-

1961 1157 2388 1298 lmgiilirtiuautem
2410 1238 2682 1310 Josaphat
2702 1235 2968 1308 quidnam
2991 1230 3211 1287 arbitrii
3228 1228 3458 1284 libertas
3479 1232 3560 1283 at-

277 1335 448 1404 repti,
482 1351 749 1406 vanaque
777 1340 834 1389 et
861 1316 1016 1389 inani
1046 1335 1239 1406 gloriae
1275 1336 1482 1390 addicti
1510 1340 1662 1400 sunt,
1695 1336 1784 1390 vix
1809 1335 1880 1388 ab
1968 1351 2076 1404 que
2108 1331 2302 1386 electio
2326 1335 2474 1384 esset
2500 1331 2794 1399 quaereret,
2815 1321 3106 1394 respondit
3118 1336 3306 1374 senex:
3324 1316 3561 1372 Arbitrii

275 1423 414 1494 ipsis
442 1424 628 1478 divelli
662 1431 921 1495 possunt,
952 1430 1018 1478 ut
1046 1425 1141 1496 qui
1182 1425 1364 1479 alieno
1395 1425 1641 1489 domino,
1673 1425 1881 1495 quique
1964 1422 2194 1476 libertas
2224 1426 2308 1475 est
2335 1419 2535 1473 animae
2555 1417 2774 1470 ratione
2795 1414 3004 1468 utentis
3027 1407 3430 1496 voluntas,sine
3445 1406 3560 1496 ullo

277 1513 493 1579 omnia,
534 1494 730 1568 contra
763 1531 828 1568 ac
858 1515 1024 1575 Deus,
1059 1494 1320 1585 imperat,
1354 1519 1524 1584 atque
1560 1494 1712 1585 ipsos
1758 1494 1880 1568 tan-
1964 1511 2370 1583 impedimento
2398 1509 2468 1562 ad
2497 1507 2554 1560 id
2604 1505 2752 1576 quod
2787 1504 2924 1568 vult,
2966 1503 3072 1554 hoc
3097 1504 3182 1554 est
3210 1498 3324 1552 sive
3360 1495 3432 1550 ad
3453 1494 3562 1548 vir-

274 1617 448 1671 quam
478 1603 689 1657 catenis
711 1603 1046 1674 quibusdam
1067 1603 1282 1658 vinctos
1301 1608 1474 1669 tenet,
1499 1603 1650 1658 ultra
1665 1603 1879 1674 seipsos
1963 1606 2164 1664 tutem,
2196 1600 2312 1654 sive
2341 1599 2410 1652 ad
2441 1596 2659 1661 vitium,
2696 1593 2948 1657 incitata,
2982 1595 3152 1660 atque
3173 1601 3442 1674 asummo
3462 1585 3559 1674 illo

273 1689 629 1760 mancipat-it.
664 1672 904 1746 Animus
935 1692 1160 1764 quippe,
1192 1708 1319 1746 cum
1340 1692 1513 1750 semel
1541 1691 1738 1745 salutis
1751 1672 1938 1759 suzeB
1964 1696 2196 1763 parente
2229 1694 2284 1743 et
2331 1686 2636 1742 architecto
2664 1683 2746 1736 ita
2774 1682 2988 1735 effecta.
3028 1679 3293 1742 Rursum,
3323 1672 3559 1764 Arbitrii

271 1794 435 1849 spem
461 1777 745 1848 abjecerit,
782 1780 1026 1835 habenas
1053 1798 1184 1835 suas
1199 1780 1409 1835 aversis
1430 1797 1463 1834 a
1484 1780 1704 1834 ratione
1723 1779 1875 1850 cupi-

271 1867 548 1921 ditatibus
577 1869 928 1938 permittens,
953 1887 1180 1941 quaqua
1190 1887 1412 1924 versum
1433 1869 1720 1924 fertur.Ac
1743 1885 1874 1940 pro-

270 1955 408 2009 inde
420 1943 700 2026 Propheta
710 1959 1066 2024 otl‘usamzﬁ
1083 1958 1466 2029 Qhujusmodi
1478 1959 1684 2012 animis
1695 1975 1877 2012 amen-

269 2044 415 2098 tiam
434 2044 1121 2117 deplorans,caliginisque
1133 2048 1283 2119 ipsos
1297 2047 1548 2118 urgentis
1563 2048 1870 2101 crassitiem

268 2132 589 2202 lugens,his
615 2135 795 2189 verbis
833 2136 1123 2191 utebatur:
1149 2137 1277 2190 Filii
1310 2137 1622 2202 hominum,
1664 2153 1873 2208 usque-

270 2238 388 2291 quo
409 2223 564 2292 gravi
593 2225 758 2279 corde
779 2225 804 2277 7
825 2230 889 2279 ut
908 2225 1043 2296 quid
1064 2225 1299 2296 diligitis
1319 2226 1710 2290 vanitatem,et
1727 2243 1873 2296 quae-

269 2309 403 2364 ritis
414 2312 768 2367 mendacium
787 2315 812 2367 ’I
839 2314 1324 2378 Quemadmodum
1342 2315 1512 2368 etiam
1534 2315 1760 2386 quidam
1781 2332 1872 2369 sa-

267 2399 528 2468 pientum
560 2403 958 2472 magistrorum
985 2409 1327 2469 nostrorum,
1361 2403 1442 2457 vir
1457 2420 1644 2458 rerum
1661 2404 1872 2458 divina-

266 2505 401 2541 rum
415 2489 802 2559 peritissimus,
824 2492 1080 2546 eamdem
1092 2509 1218 2546 cum
1231 2493 1512 2563 Propheta
1530 2493 1870 2548 cantilenam

263 2594 567 2640 canens,ac
591 2581 844 2650 quaedam
874 2598 909 2634 a
936 2581 1120 2652 seipso
1150 2582 1482 2652 adjungens,
1499 2586 1770 2653 tanquam
1803 2599 1868 2637 ex

265 2667 389 2719 alta
404 2667 643 2737 quadam
661 2673 719 2722 et
737 2669 1048 2724 editissima
1059 2670 1286 2741 specula
1305 2669 1564 2724 omnibus
1581 2671 1864 2726 inclamat:

266 2755 400 2809 Filii
425 2755 737 2820 hominum,
765 2775 1056 2829 usquequo
1084 2759 1242 2829 gravi
1265 2759 1471 2813 corde?
1497 2765 1562 2814 ut
1585 2760 1719 2830 quid
1747 2760 1867 2813 dili-

264 2844 406 2913 gitis
420 2845 739 2910 vanitatem,
769 2852 826 2900 et
841 2847 1093 2916 quaeritis
1114 2847 1464 2902 mendacium
1497 2850 1664 2916 (Psal.
1687 2851 1864 2916 XLIV);

269 2947 543 3001 magnum
557 2934 825 2988 nimirum
848 2936 1058 3007 aliquid
1089 2937 1233 2991 hanc
1252 2938 1443 3005 vitam,
1459 2944 1516 2992 et
1533 2939 1779 3005 delicias,
1811 2945 1867 2994 et

1957 1779 2189 1833 libertas
2221 1783 2307 1832 est
2341 1772 2736 1830 intellectualis
2765 1771 2967 1824 animae
3008 1784 3109 1839 pro
3146 1782 3248 1820 suo
3279 1763 3556 1818 arbitratu

1958 1868 2209 1939 agitatio.
2229 1865 2436 1921 Electio
2468 1869 2657 1918 autem
2689 1866 2774 1915 est
2802 1875 2995 1914 earum
3026 1871 3216 1911 rerum
3248 1870 3370 1924 quae
3390 1853 3449 1906 in
3469 1867 3557 1906 ar-

1958 1957 2126 2012 bitrio
2156 1963 2347 2010 nostro
2377 1954 2498 2009 sitae
2516 1957 2666 2016 sunt,
2695 1967 2824 2004 cum
2854 1947 3086 2002 consilio
3125 1945 3426 2014 conjuncta
3453 1957 3554 2012 ap-

1957 2046 2173 2118 petitio.
2201 2044 2490 2116 Siquidem
2519 2058 2639 2096 rem
2658 2055 2780 2094 eam
2803 2055 2926 2110 quae
2950 2036 3089 2090 inito
3109 2031 3342 2089 consilio
3356 2029 3556 2084 melior

1950 2135 2202 2207 judicata
2233 2140 2334 2200 est,
2367 2133 2638 2203 eligentes
2669 2128 3003 2201 appetimus.
3035 2123 3345 2180 Consilium
3361 2125 3447 2174 est
3463 2119 3554 2172 in-

1954 2225 2279 2296 vestigatrix
2330 2221 2604 2294 appetitio
2653 2220 2721 2274 de
2771 2216 2940 2271 rebus
2982 2212 3264 2286 gerendis,
3310 2224 3552 2282 quarum

1954 2331 2126 2386 penes
2147 2331 2249 2368 nos
2278 2317 2527 2384 potestas
2548 2315 2652 2364 est.
2683 2306 2970 2362 Deliberat
2988 2303 3137 2358 enim
3164 2300 3443 2372 quispiam
3461 2313 3552 2351 ex-

1954 2403 2217 2474 pediatne
2258 2400 2471 2470 aliquid
2499 2415 2685 2470 agere,
2727 2409 2919 2449 necne.
2959 2391 3194 2455 Deinde,
3227 2387 3375 2460 quod
3405 2402 3549 2457 prse-

1953 2491 2196 2546 stantius
2227 2496 2330 2556 est,
2359 2489 2596 2561 judicet,
2629 2503 2694 2540 ac
2717 2483 2993 2557 judicium
3017 2479 3273 2534 efficitur.
3299 2477 3424 2531 Mox
3444 2490 3548 2528 au-

1951 2587 2067 2635 tem
2113 2579 2374 2644 afficitur,
2410 2584 2579 2649 atque
2621 2575 2679 2630 id
2709 2573 2858 2645 quod
2887 2589 2950 2627 ex
2977 2568 3209 2624 consilio
3231 2565 3550 2638 judicatum

1952 2675 2055 2736 est,
2089 2673 2261 2734 amat,
2295 2685 2359 2722 ac
2389 2665 2669 2722 sententia
2696 2663 2919 2718 dicitur.
2937 2658 3143 2716 Namsi
3163 2657 3241 2711 ita
3257 2653 3472 2727 judicet
3485 2656 3549 2706 ut

1952 2763 2142 2812 tamen
2161 2774 2294 2828 erga
2314 2757 2371 2810 id
2391 2757 2537 2828 quod
2553 2755 2865 2825 judicatum
2885 2756 2988 2811 est,
3003 2747 3234 2803 minime
3245 2743 3546 2807 afﬁciatur,

1951 2847 2056 2902 hoc
2083 2852 2186 2912 est,
2241 2847 2297 2900 id
2329 2845 2562 2898 minime
2592 2848 2762 2907 amet,
2799 2839 3079 2894 sententia
3109 2835 3545 2904 haudquaquam

1951 2937 2284 3008 appellatur.
2329 2936 2470 2989 Tum
2492 2937 2620 3004 post
2649 2931 3006 2986 affectionem
3045 2927 3112 2980 fit
3140 2922 3357 2978 electio.
3400 2921 3546 2974 Nam

267 3019 528 3090 exiguam
547 3023 940 3094 gloriolam(et
959 3027 1283 3080 mendacem
1304 3027 1733 3099 prosperitatem
1746 3045 1867 3083 esse
1885 3015 1928 3074 C
1950 3026 2146 3080 electio
2171 3024 2311 3079 nihil
2340 3023 2494 3077 aliud
2515 3027 2602 3076 est
2631 3036 2802 3092 quam
2835 3035 2864 3072 e
2902 3015 3120 3071 duabus
3147 3012 3316 3068 rebus
3346 3024 3568 3099 propo:
3609 3026 3612 3029 ·

265 3109 653 3166 existimantes
681 3115 868 3182 (Naz.,
904 3131 1024 3168 ora.
1056 3117 1118 3169 de
1147 3119 1262 3169 suis
1306 3132 1410 3170 ser.
1443 3122 1492 3170 et
1535 3119 1609 3171 ad
1646 3120 1866 3173 Julium

266 3197 614 3268 Easdem)?
639 3201 773 3265 Quae
804 3203 1028 3274 quidem
1052 3221 1165 3258 non
1191 3205 1374 3276 magis
1402 3222 1596 3260 eorum
1617 3212 1750 3261 sunt
1769 3208 1867 3278 qui

266 3285 534 3342 fruuntur
548 3307 715 3360 quam
734 3291 830 3362 qui
858 3309 922 3346 ea
953 3293 1011 3347 in
1042 3311 1139 3364 spe
1161 3293 1514 3362 habuerunt;
1539 3312 1641 3350 nec
1668 3313 1865 3351 rursus

268 3375 470 3431 horum
494 3380 674 3449 magis
704 3397 872 3452 quam
907 3399 1102 3436 eorum
1126 3382 1220 3454 qui
1251 3400 1319 3438 ea
1356 3384 1583 3455 quidem
1613 3402 1864 3456 unquam

266 3473 677 3536 exspectarunt,
687 3474 745 3523 et
764 3487 886 3540 quae
909 3488 1022 3525 non
1039 3489 1199 3526 secus
1219 3489 1284 3526 ac
1295 3473 1479 3543 pulvis
1499 3490 1536 3527 a
1552 3473 1776 3528 turbine
1793 3476 1863 3530 ad

265 3553 739 3626 aliosatquealios
758 3559 994 3614 subinde
1024 3563 1353 3632 perflantur,
1378 3579 1442 3616 ac
1471 3563 1711 3617 vicissim
1736 3565 1862 3634 jac-

266 3646 476 3710 tantur,
503 3651 604 3700 aut
623 3646 763 3702 fumi
780 3648 962 3703 instar
985 3649 1260 3717 deﬂuunt,
1284 3651 1508 3706 acvelut
1519 3652 1863 3709 insomnium

265 3729 521 3787 homines
549 3734 925 3804 ludiﬁcantur,
948 3743 1006 3793 et
1031 3745 1096 3792 ut
1109 3739 1308 3794 umbra
1327 3741 1558 3796 retineri
1577 3749 1865 3813 nequeunt

263 3835 327 3873 ac
354 3820 598 3894 denique
627 3823 708 3878 ita
739 3832 940 3880 natura
969 3834 1294 3900 comparata
1323 3836 1472 3896 sunt,
1507 3836 1570 3885 ut
1597 3842 1700 3886 nec
1731 3848 1858 3886 cum

263 3908 484 3974 absunt,
512 3929 580 3967 ea
596 3929 656 3967 se
677 3913 968 3970 habituros
987 3933 1109 3972 esse
1140 3917 1394 3973 homines
1415 3919 1734 3991 desperent,
1757 3937 1860 3975 nec

261 4014 386 4052 cum
416 4001 642 4065 adsunt,
687 4004 1098 4074 possidentibus
1123 4013 1276 4061 certa
1296 4013 1352 4062 et
1371 4007 1595 4063 stabilia
1615 4010 1746 4064 sint.

335 4087 474 4141 Cum
516 4089 693 4160 igitur
715 4092 785 4146 ad
822 4092 972 4148 hunc
999 4095 1227 4149 modum
1267 4096 1522 4151 Salvator
1544 4097 1852 4169 praecipiat,

260 4177 550 4247 prophetae
575 4185 634 4233 et
661 4182 899 4251 apostoli
912 4200 964 4253 pl
983 4183 1236 4249 aedicent,
1265 4201 1330 4239 ac
1344 4186 1523 4240 sancti
1546 4203 1741 4241 omnes
1755 4187 1856 4241 viri

260 4269 384 4318 tum
414 4282 473 4319 re
497 4266 637 4338 ipsa,
661 4275 780 4323 tum
807 4287 1065 4326 sermone
1094 4273 1164 4327 ad
1184 4273 1407 4328 virtutis
1435 4274 1582 4328 viam
1600 4274 1671 4328 ab
1701 4277 1856 4330 omni

1950 3114 2070 3169 sitis
2098 3115 2332 3168 alteram
2362 3129 2477 3185 prae
2523 3091 2702 3165 altera
2730 3106 2993 3179 amplecti
3021 3110 3079 3159 et
3105 3103 3329 3174 eligere.
3359 3091 3572 3168 Atque‘

1947 3203 2089 3258 illud
2105 3204 2190 3258 vel
2220 3219 2285 3257 ex
2309 3202 2432 3273 ipsa
2456 3198 2800 3272 etymologia
2826 3195 3185 3268 perspicuum
3214 3185 3544 3255 est,electio-

1949 3309 2078 3347 nem
2107 3308 2228 3346 esse
2256 3289 2548 3346 consilium
2578 3305 2705 3343 cum
2735 3283 3136 3357 dijudicatione
3156 3280 3536 3350 conjunctum.

1947 3378 2257 3452 ΙΙροαιρετὸν
2300 3380 2450 3434 enim
2492 3383 2576 3433 est
2619 3377 2859 3431 alterum
2903 3389 3016 3445 prae
3057 3371 3234 3425 altero
3275 3368 3536 3423 electum.

1945 3471 2124 3525 Nemo
2156 3485 2322 3541 porro
2353 3468 2662 3540 quidquam
2691 3463 2940 3519 adhibito
2965 3459 3180 3532 judicio
3211 3456 3372 3512 alteri
3395 3471 3539 3527 prte-

1945 3560 2070 3625 fert,
2095 3558 2203 3613 nisi
2228 3558 2385 3629 prius
2406 3555 2705 3611 consilium
2730 3552 2954 3618 inierit;
2982 3565 3085 3604 nec
3113 3563 3337 3603 rursum
3358 3543 3536 3614 eligit,

1944 3647 2050 3704 nisi
2070 3648 2226 3720 prius
2243 3647 2530 3718 judicarit.
2551 3646 2695 3700 Nam
2719 3643 2983 3715 quoniam
3003 3657 3115 3694 non
3137 3634 3404 3693 eaomnia
3414 3649 3541 3706 quae

1947 3739 2109 3794 nobis
2121 3743 2274 3792 recta
2303 3743 2357 3792 et
2378 3737 2647 3808 praeclara
2673 3751 2795 3790 esse
2811 3733 3073 3788 videntur
3096 3731 3155 3784 in
3179 3744 3320 3800 opus
3339 3724 3542 3801 perdu-

1943 3845 2069 3883 cere
2117 3827 2429 3893 studemus,
2474 3830 2597 3880 tum
2636 3824 2877 3895 denique
2907 3821 3103 3876 electio
3130 3823 3188 3873 et
3216 3813 3538 3887 eligendum

1942 3918 2183 3972 efﬁcitur
2217 3917 2273 3970 id
2313 3913 2461 3987 quod
2503 3931 2568 3970 ex
2616 3913 2849 3968 consilio
2882 3907 3232 3983 propositum
3264 3909 3368 3972 est,
3408 3917 3535 3958 cum

1941 4007 2345 4078 appetitionem
2367 4005 2629 4060 comitem
2661 4001 2938 4059 asciverit.

2013 4097 2090 4150 Ex
2118 4113 2228 4167 quo
2247 4095 2618 4162 concluditur,
2646 4093 2972 4148 electionem
2994 4105 3114 4144 esse
3135 4083 3538 4159 appetitionem

1939 4201 2065 4238 cum
2091 4183 2492 4238 deliberatione
2512 4183 2870 4252 conjunctam
2891 4194 3087 4234 earum
3117 4190 3306 4230 rerum
3334 4189 3459 4244 qua:
3477 4171 3535 4224 in

1938 4279 2132 4328 nostra
2147 4278 2424 4345 potestate
2437 4272 2558 4326 sitae
2581 4271 2713 4325 sint.
2738 4267 2959 4324 Etenim
2981 4267 3038 4321 id
3052 4264 3200 4336 quod
3219 4280 3284 4317 ex
3303 4260 3535 4316 consilio

261 4369 451 4409 errore
498 4357 739 4412 maxime
781 4359 1091 4416 immunem
1129 4379 1232 4416 nos
1275 4362 1587 4434 impellant,
1634 4363 2302 4434 etiamsiDpraepositum
2333 4367 2436 4427 est,
2469 4361 2743 4432 eligentes
2766 4357 3104 4430 appetimus.
3127 4354 3308 4410 Omne
3326 4350 3532 4422 quippe

259 4444 423 4511 pauci
439 4445 583 4500 hanc
610 4452 858 4515 teneant,
873 4455 1070 4504 contra
1099 4456 1290 4506 autem
1310 4453 1471 4507 multi
1490 4453 1664 4507 latam
1685 4459 1855 4526 atque

258 4529 318 4584 in
345 4533 574 4588 exitium
604 4536 900 4593 ducentem
928 4539 1033 4593 sibi
1062 4540 1327 4612 deligant,
1361 4558 1474 4596 non
1509 4547 1702 4598 tamen
1731 4561 1856 4615 pro-

258 4624 452 4688 pterea
469 4623 669 4680 divinae
697 4627 867 4698 hujus
888 4628 1253 4700 philosophiae
1273 4630 1595 4687 institutum
1621 4633 1853 4688 minoris

257 4709 649 4768 aestimandum
672 4720 774 4769 est.
800 4717 874 4771 Ut
883 4717 1034 4772 enim
1054 4719 1290 4785 sol,cum
1308 4720 1664 4776 illuminandi
1685 4738 1855 4779 causa

256 4799 513 4855 exoriens
544 4803 735 4858 radios
774 4822 905 4860 suos
932 4807 1233 4864 affluenter
1269 4809 1510 4877 emittat,
1544 4827 1853 4884 omnesque

255 4886 328 4940 ad
353 4887 736 4961 excipiendum
758 4894 950 4950 lumen
973 4897 1314 4964 cohortetur,
1338 4898 1384 4953 si
1403 4898 1630 4970 quidam
1649 4901 1852 4956 clausis

255 4977 431 5031 oculis
457 4980 816 5051 splendorem
834 4985 1010 5056 ipsius
1026 4986 1233 5040 intueri
1253 4987 1451 5054 nolint,
1467 5005 1580 5044 non
1602 4996 1854 5063 propter-

255 5079 326 5152 ea
365 5070 853 5139 reprehensionem
884 5080 1152 5143 meretur,
1185 5081 1285 5130 aut
1314 5093 1349 5131 a
1377 5077 1609 5150 reliquis
1638 5080 1848 5152 negligi

253 5151 439 5223 debet,
464 5175 568 5213 nec
585 5161 899 5231 splendoris
927 5163 1102 5235 ipsius
1128 5164 1309 5235 gloria
1335 5165 1404 5220 ob
1423 5167 1647 5222 illorum
1667 5151 1850 5225 stulti-

251 5243 394 5298 tiam
415 5245 473 5300 in
491 5255 816 5322 contemptu
845 5259 1102 5308 versatur
1124 5254 1290 5325 ;quin
1307 5256 1489 5326 potius
1518 5257 1599 5312 illi
1621 5259 1846 5330 quidem

250 5330 465 5402 seipsos
508 5335 720 5392 lumine
748 5338 1027 5407 orbantes,
1085 5347 1353 5413 tanquam
1400 5344 1548 5411 caeci,
1603 5347 1846 5417 parietes

247 5421 502 5491 palpant,
533 5431 704 5496 atque
733 5427 791 5482 in
820 5430 1026 5484 multas
1053 5469 1066 5483 .
1094 5430 1281 5486 crobes
1311 5433 1620 5504 praecipites
1649 5443 1840 5504 ruunt,

248 5509 558 5584 multisque
586 5516 763 5588 spinis
779 5535 973 5574 eorum
993 5519 1137 5576 oculi
1157 5527 1486 5594 panguntur
1507 5541 1521 5592 ;
1545 5523 1630 5580 sol
1651 5531 1848 5582 contra

247 5599 609 5669 splendorem
637 5623 800 5663 suum
825 5609 1092 5679 retinens,
1125 5627 1220 5668 eos
1257 5611 1506 5670 illustrat
1532 5615 1627 5687 qui
1668 5616 1845 5689 ipsius

1937 4453 2229 4508 consilium
2254 4451 2488 4508 actionis
2507 4468 2676 4506 causa
2687 4455 2743 4505 et
2758 4455 2988 4522 prOpter
3006 4447 3282 4503 actionem
3304 4439 3534 4514 suscipi-

1936 4549 2050 4598 tur.
2086 4545 2174 4598 Ita
2190 4543 2487 4598 consilium
2510 4541 2735 4614 quidem
2754 4539 3081 4595 electionem
3103 4533 3400 4598 antecedit,
3425 4531 3534 4586 ele-

1937 4633 2048 4687 ctio
2072 4638 2262 4687 autem
2290 4649 2516 4688 omnem
2545 4632 2844 4687 actionem.
2894 4629 3166 4694 Quocirca
3210 4641 3323 4679 non
3364 4622 3530 4678 modo

1936 4722 2201 4789 actiones,
2247 4722 2345 4777 sed
2376 4739 2443 4777 ea
2484 4722 2655 4776 etiam
2686 4737 2808 4792 quae
2837 4719 3026 4774 animo
3067 4718 3358 4788 agitantur
3385 4714 3530 4785 (quia

1937 4813 2164 4884 quidem
2181 4812 2480 4867 electiones
2495 4810 2927 4879 exhibent),tum
2941 4812 3321 4874 coronas,tum
3335 4820 3530 4878 poenas

1936 4907 2250 4957 accersunt.
2271 4902 2492 4957 Etenim
2510 4901 2706 4955 electio
2723 4899 2782 4954 in
2792 4898 2879 4953 his
2899 4897 3068 4953 rebus
3083 4914 3206 4970 quae
3215 4896 3274 4951 in
3293 4894 3530 4950 arbitrio

1934 4997 2126 5046 nostro
2147 4992 2266 5046 sita;
2286 4997 2420 5046 sunt
2436 5006 2682 5055 versans,
2698 4995 2819 5044 tum
2840 4987 3077 5061 peccati,
3096 4993 3216 5043 tum
3238 4985 3378 5057 justi
3393 5001 3529 5057 ope-

1933 5081 2010 5136 ris
2042 5082 2198 5152 origo
2221 5087 2326 5137 est.
2357 5082 2502 5136 Nam
2541 5095 2780 5151 quarum
2802 5095 2994 5134 rerum
3022 5078 3318 5134 facultates
3354 5092 3529 5148 penes

1930 5189 2033 5227 nos
2053 5177 2204 5238 sunt,
2235 5172 2437 5225 harum
2463 5170 2633 5225 etiam
2649 5169 2897 5225 actiones
2915 5168 3272 5225 facultatibus
3290 5183 3526 5222 consen-

1929 5268 2108 5316 taneae
2131 5277 2302 5333 penes
2334 5277 2436 5315 nos
2462 5265 2612 5316 sunt.
2655 5259 3030 5326 Quamobrem
3057 5277 3185 5316 cum
3231 5260 3527 5316 facultates

1927 5351 2122 5406 virtuti
2153 5356 2540 5406 consentaneae
2571 5349 2628 5404 in
2645 5355 2840 5406 nostra
2868 5357 3146 5422 potestate
3175 5351 3307 5417 sint,
3339 5351 3398 5406 in
3429 5367 3525 5404 no-

1929 5445 2048 5496 stra
2059 5456 2281 5511 quoque
2305 5445 2582 5511 potestate
2593 5446 2653 5506 ς
2663 5445 2782 5506 I38
2796 5440 3028 5496 virtutes
3048 5441 3161 5495 sint
3175 5457 3400 5494 necesse
3413 5445 3521 5492 est.

1929 5529 2161 5600 Proprie
2178 5529 2331 5584 enim
2350 5529 2409 5584 in
2429 5529 2664 5585 arbitrio
2690 5536 2883 5586 nostro
2904 5530 3217 5586 consistunt
3245 5546 3312 5583 ea
3331 5526 3521 5582 omnia

1929 5636 2053 5693 qua:
2082 5619 2330 5676 animam
2355 5620 2660 5695 attingunt,
2694 5624 2752 5676 et
2778 5620 2847 5674 de
2882 5619 3084 5691 quibus
3123 5617 3514 5676 deliberamus.
