3954 6190
375 234 502 296 ·503

1424 238 1522 296 DE
1555 238 1746 298 VITIS
1781 241 2080 303 PATRUM
2114 246 2332 304 LIBER
2365 245 2656 308 PRIMUS.

3575 244 3680 304 504

395 359 486 414 Ad
515 359 666 416 hunc
693 358 868 429 igitur
891 356 1122 412 modum
1149 356 1327 416 libere
1346 362 1794 420 consultantibus
1807 365 2048 430 homi-A
2077 369 2357 426 idolorum
2385 369 2542 424 cultu
2560 369 2896 426 constrictus
2917 373 3227 428 teneretur.
3259 369 3606 424 Eratautem
3628 367 3680 422 ei

397 449 583 517 nibus,
615 465 681 503 ac
701 448 877 502 libera
889 447 1024 500 item
1041 448 1328 504 voluntate
1342 450 1695 520 eligentibus,
1717 461 1994 525 quatenus

399 538 676 610 quispiam
735 537 908 606 eligit,
955 535 1227 590 hactenus
1271 555 1494 610 quoque
1523 541 1768 597 divinam
1810 544 1993 600 lucem

395 627 648 700 percipit,
681 630 850 696 atque
865 625 925 679 in
947 625 1316 698 philosophiae
1339 629 1540 684 studiis
1559 647 1888 702 progressus
1915 633 1994 688 fa-

397 715 489 769 cit.
523 713 689 767 Varia
712 713 860 767 enim
887 711 1224 769 electionum
1242 721 1376 770 sunt
1398 733 1626 787 genera.
1646 719 1716 774 Et
1729 722 1995 792 quemad-

395 802 628 858 modum
656 802 888 872 quidam
917 819 1195 875 aquarum
1232 804 1413 861 fontes
1443 824 1474 861 e
1501 812 1670 864 terrae
1688 809 1994 866 visceribus

393 892 782 957 scaturientes,
825 893 1034 962 partim
1080 909 1112 947 e
1163 895 1458 966 superﬁcie
1500 901 1665 952 terrae
1712 899 1990 968 oriuntur,

391 980 600 1054 partim
617 981 910 1052 aliquanto
931 981 1281 1053 profundius,
1296 985 1504 1056 partim
1523 987 1986 1059 profundissime;

391 1075 562 1142 atque
599 1071 804 1126 harum
854 1087 1132 1142 aquarum
1159 1073 1283 1127 aliae
1321 1091 1351 1128 e
1378 1075 1695 1147 propinquo
1725 1084 1992 1134 emanant

388 1165 675 1231 gustuque
703 1159 894 1214 dulces
926 1167 1076 1226 sunt,
1116 1162 1239 1216 aliae
1265 1180 1332 1217 ex
1360 1163 1474 1218 imo
1515 1171 1720 1220 exeunt
1738 1183 1804 1221 ac
1830 1168 1989 1223 salsae

389 1253 490 1304 aut
519 1247 839 1319 sulphurea:
867 1254 1018 1313 sunt,
1049 1255 1220 1321 atque
1247 1251 1384 1306 item
1412 1253 1538 1306 aliae
1555 1253 1835 1310 uberrime
1864 1273 1989 1327 pro-

389 1337 593 1403 ﬂuunt,
631 1337 754 1391 alia:
781 1338 1055 1408 paulatim
1074 1339 1324 1406 stillant;
1357 1341 1553 1395 eodem
1593 1343 1759 1398 modo
1787 1344 1846 1398 in
1873 1345 1986 1399 ele-

2077 458 2286 530 probus
2307 458 2535 530 quidam
2558 459 2927 522 consiliarius,
2954 475 3020 514 ac
3039 464 3162 514 tum
3181 474 3319 528 erga
3347 458 3534 512 Deum
3565 455 3680 527 pie-

2074 553 2212 616 tate,
2249 554 2372 602 tum
2401 547 2620 602 caeteris
2648 547 2950 603 virtutibus
2977 548 3393 612 ornatissimus,
3418 545 3522 618 qui
3549 561 3680 600 cum

2075 637 2224 707 regis
2255 653 2445 691 errore
2477 641 2798 706 angeretur,
2831 653 3073 708 eumque
3105 637 3450 708 permoleste
3480 634 3678 700 ferret,

2075 731 2246 798 atque
2267 726 2453 797 ipsum
2474 725 2582 780 hoc
2610 727 2838 780 nomine
2865 742 3171 797 coarguere
3192 725 3252 780 in
3281 725 3477 782 animo
3507 723 3680 778 habe-

2075 819 2181 881 ret,
2213 820 2407 870 tamen
2433 815 2538 869 hac
2566 815 2636 870 de
2663 831 2832 870 causa
2851 831 2975 870 sese
2999 813 3365 887 reprimebat,
3399 813 3560 885 quod
3586 828 3681 866 ve-

2075 909 2317 968 reretur,
2345 909 2405 959 et
2438 904 2546 959 sibi
2575 909 2632 959 et
2656 904 2823 959 sociis
2840 905 2959 960 suis
2999 905 3303 976 perniciem
3337 907 3680 968 accerseret,

2076 1009 2316 1064 eamque
2343 993 2648 1048 utilitatem
2674 1009 2798 1064 quae
2817 1009 2883 1048 ex
2897 993 3018 1065 ipso
3045 993 3117 1048 ad
3145 993 3288 1047 alios
3300 989 3687 1066 promanabat

2073 1087 2413 1153 amputaret.
2434 1082 2795 1138 Occasionem
2838 1088 3028 1138 autem
3060 1081 3434 1137 nihilominus
3463 1096 3686 1152 quaere-

2069 1169 2188 1237 bat,
2203 1187 2314 1242 qua
2327 1171 2618 1226 commode
2629 1171 2814 1242 ipsum
2824 1171 2896 1225 ad
2912 1171 3124 1226 bonum
3135 1169 3682 1242 pertraheret.Dixit

2071 1259 2245 1331 igitur
2270 1265 2433 1315 nocte
2461 1261 2704 1332 quadam
2733 1261 2805 1314 ad
2835 1277 2966 1315 eum
2993 1277 3124 1316 rex:
3157 1260 3469 1324 Adesdum,
3503 1275 3678 1330 egre-

2071 1347 2388 1416 diamur,ac
2397 1349 2679 1404 civitatem
2697 1349 3124 1414 circumeamus,
3141 1366 3278 1405 num
3300 1349 3448 1405 forte
3459 1348 3686 1420 aliquid

393 1425 674 1482 ctionibus
705 1443 928 1498 quoque
959 1428 1163 1498 cogita,
1199 1429 1339 1484 alias
1367 1430 1575 1485 celeres
1623 1449 1689 1486 ac
1715 1449 1985 1504 perquam
2071 1438 2222 1508 quod
2251 1438 2310 1492 in
2340 1455 2462 1493 rem
2489 1438 2742 1493 futurum
2753 1439 2830 1492 sit
2854 1438 3278 1510 perspiciamus.
3313 1439 3459 1493 Cum
3481 1443 3688 1492 autem

389 1515 627 1584 fePVidas
665 1533 805 1582 esse:
847 1517 988 1571 alias
1033 1533 1232 1588 εεεηεε
1273 1523 1328 1573 et
1357 1518 1608 1590 [τίείάεεν
1649 1539 1714 1576 ac
1760 1539 1985 1578 rursum
2067 1533 2150 1588 illi
2167 1551 2270 1605 per
2291 1533 2490 1590 urbem
2517 1533 2968 1599 obambularent,
2999 1533 3139 1590 lucis
3177 1534 3544 1605 splendorem
3570 1549 3681 1605 per

388 1607 527 1662 alias
555 1607 624 1661 ad
641 1607 906 1661 virtutem
929 1607 1158 1662 omnino
1178 1625 1505 1680 propensus,
1529 1609 1670 1664 alias
1697 1611 1767 1665 ad
1786 1612 1986 1666 vitium
2069 1622 2322 1678 foramen
2371 1624 2654 1694 quoddam
2699 1623 3016 1678 radiantem
3061 1629 3335 1679 cernunt;
3378 1623 3492 1690 cui,
3545 1639 3686 1677 cum

387 1695 646 1789 (ξωιξίδυδ
669 1695 878 1750 Viribus
910 1696 1226 1789 ίξιοίίηειΐδεο
1261 1698 1443 1789 Igilii"
1465 1700 1660 1770 quales
1684 1717 1878 1755 83mm
1909 1701 1987 1754 δί’·
2001 1727 2050 1789 Β
2069 1713 2262 1767 oculos
2279 1712 2636 1782 adjecissent,
2651 1711 3082 1768 subterraneum
3095 1712 3378 1784 quoddam
3409 1717 3471 1766 et
3486 1729 3689 1767 caver-

382 1783 652 1840 fectiones
680 1791 832 1853 sunt.
865 1785 1010 1841 tales
1039 1802 1265 1858 quoque
1293 1787 1366 1842 ad
1413 1789 1696 1859 agendum
1733 1789 1977 1862 ίωρθῐιιε
2001 1783 2264 1855 _nosum
2294 1801 2642 1856 domicilium
2663 1801 3080 1872 conspicantur,
3112 1803 3170 1854 in
3196 1817 3306 1872 quo
3336 1799 3693 1872 praesidebat

381 1879 804 1946 consequuntur
809 1915 822 1928 -
2060 1889 2144 1943 vir
2174 1889 2401 1961 quidam
2424 1895 2675 1944 extrema
2703 1889 2895 1960 inopia
2923 1889 3204 1956 laborans,
3229 1905 3294 1943 ac
3311 1888 3516 1943 vilibus
3549 1888 3682 1960 qui-

455 1971 589 2026 CAP.
621 1971 769 2026 XVI.
803 2001 864 2012 —
895 1971 1048 2028 Dixit
1081 1977 1274 2028 autem
1319 1975 1391 2030 ad
1432 1991 1624 2030 senem
1668 1977 1974 2048 Josaphat:
2058 1977 2298 2033 busdam
2343 1983 2402 2032 et
2437 1978 2635 2033 laceris
2668 1979 2867 2050 pannis
2909 1978 3160 2034 indutus.
3195 1977 3434 2033 Astabat
3464 1983 3680 2032 autem

383 2062 602 2118 Suntne
623 2061 796 2116 etiam
826 2062 922 2116 alii
951 2065 1226 2128 nonnulli,
1253 2065 1350 2136 qui
1381 2066 1578 2120 eadem
1598 2083 1721 2138 quae
1751 2073 1814 2122 tu
1844 2084 1982 2138 prae-
2062 2067 2410 2138 ipsiusuxor,
2438 2067 2632 2122 vinum
2649 2067 2756 2139 ipsi
2767 2075 3109 2139 temperans.
3133 2067 3390 2139 Cumque
3420 2067 3545 2138 ipse
3574 2083 3682 2138 po-

381 2150 587 2219 dicent,
623 2167 695 2206 an
725 2167 856 2206 vero
899 2158 963 2206 tu
1011 2152 1282 2208 hodierno
1311 2153 1405 2208 die
1435 2155 1588 2210 solus
1638 2173 1698 2209 es
1726 2156 1822 2227 qui
1866 2161 1982 2212 haec
2063 2157 2252 2212 culum
2284 2155 2544 2212 manibus
2565 2155 2890 2228 accepisset,
2916 2156 3011 2210 illa
3031 2173 3206 2210 suave
3233 2156 3518 2227 quoddam
3551 2172 3683 2210 car—

381 2240 563 2304 doces,
589 2258 654 2296 ac
668 2246 1001 2313 presentem
1032 2242 1205 2296 vitam
1235 2259 1412 2315 usque
1443 2245 1582 2300 adeo
1612 2247 1980 2302 aversandam
2063 2262 2193 2300 men
2223 2261 2450 2312 canens,
2465 2245 2932 2316 voluptatemipsi
2947 2243 3236 2312 afferebat,
3265 2245 3480 2300 saltans
3497 2244 3680 2300 uimi-

381 2329 552 2396 atque
579 2324 707 2382 odio
735 2325 1124 2381 insectandam
1144 2343 1267 2382 esse
1297 2345 1494 2384 mones
1517 2330 1542 2382 ?
2061 2351 2210 2401 rum,
2250 2350 2316 2388 ac
2345 2335 2612 2390 maritum
2650 2334 2913 2388 laudibus
2956 2334 3253 2389 deliniens.
3309 2335 3426 2390 Rex
3489 2335 3682 2404 igitur

452 2425 554 2478 Ille
583 2429 774 2479 autem
804 2425 875 2479 ad
896 2425 1046 2480 hunc
1069 2427 1302 2481 modum
1324 2427 1649 2499 respondit:
1684 2430 1750 2484 In
1763 2431 1869 2486 hac
1885 2449 1980 2487 ve-
2061 2422 2465 2494 aliquantisper
2477 2423 2593 2478 haec
2611 2422 2975 2494 perspiciens.
3009 2421 3324 2478 mirabatur
3339 2423 3490 2494 quod
3519 2439 3662 2478 cum

380 2517 500 2569 stra
520 2513 903 2568 infelicissima
922 2515 1152 2586 regione
1169 2517 1452 2571 neminem
1475 2518 1622 2572 novi.
1642 2519 1786 2574 Nam
1806 2522 1981 2591 patris
2063 2517 2225 2566 tanta
2246 2517 2496 2583 egestate
2509 2518 2922 2583 Premel‘enturs
2947 2517 3009 2566 ut
3022 2528 3124 2566 nec
3137 2511 3338 2566 domus
3358 2528 3463 2566 nec
3489 2513 3670 2566 Vestis

381 2601 740 2675 tuityrannis
756 2602 1070 2658 innumeris
1089 2605 1286 2659 mortis
1305 2604 1608 2675 generibus
1625 2624 1720 2662 eos
1742 2609 1982 2664 mulcta-
2063 2601 2201 2673 ipsis
2214 2606 2556 2672 suppeteret.
2572 2606 2764 2656 tamen
2781 2617 2958 2672 usque
2985 2601 3127 2655 adeo
3149 2601 3338 2656 laetam
3349 2607 3408 2656 et
3419 2601 3674 2656 hilarem

380 2691 480 2758 vit,
507 2691 777 2762 deditque
810 2708 1041 2763 operam
1081 2709 1154 2747 ne
1187 2710 1418 2764 prorsus
1464 2695 1614 2750 inter
1654 2714 1750 2752 vos
1782 2698 1982 2755 divina,-
2062 2689 2234 2744 vitam
2259 2690 2540 2746 ducerent.
2563 2693 2747 2760 Atque
2769 2689 2840 2744 ad
2855 2689 3189 2762 primarium
3215 2706 3380 2744 suum
3401 2690 3672 2744 consilia-

383 2780 717 2854 cognitionis
737 2781 1060 2852 praedicatio
1080 2782 1391 2838 audiretur.
1415 2785 1582 2856 Apud
1611 2786 1857 2858 reliquas
1887 2805 1985 2843 au-
2064 2779 2215 2834 rium
2262 2779 2350 2834 his
2384 2777 2567 2834 verbis
2605 2779 2819 2834 utitur:
2861 2779 2907 2833 Ο
2951 2795 3072 2832 rem
3114 2779 3336 2844 miram,
3368 2795 3401 2833 o
3443 2779 3673 2834 amice!

383 2876 500 2928 tem
526 2871 784 2926 nationes
811 2871 930 2925 hac
951 2876 1255 2926 cantantur
1278 2889 1344 2928 ac
1365 2872 1742 2942 celebrantur,
1767 2875 1838 2930 ab
1857 2877 1984 2932 aliis
2067 2868 2217 2940 quod
2245 2867 2474 2930 scilicet,
2494 2884 2598 2923 nec
2621 2867 2780 2934 mihi,
2799 2883 2903 2923 nec
2923 2867 3044 2933 tibi,
3076 2867 3194 2922 vita
3221 2873 3435 2926 nostra.
3461 2884 3678 2940 quam-

385 2960 612 3034 quidem
633 2960 948 3014 rectissima
976 2961 1216 3027 ratione,
1239 2961 1310 3016 ab
1338 2961 1464 3017 aliis
1493 2969 1684 3019 autem
1702 2981 1980 3036 perverse,
2007 3012 2048 3036 η
2067 2957 2150 3011 vis
2181 2957 2392 3028 alioqui
2415 2962 2574 3016 tanta
2599 2957 2783 3027 gloria
2809 2962 2866 3015 et
2892 2956 3108 3012 deliciis
3129 2957 3484 3029 etvoluptate
3505 2958 3683 3012 undi-

387 3050 595 3125 quippe
615 3066 746 3106 cum
767 3049 1088 3105 animarum
1107 3057 1432 3108 nostrarum
1461 3053 1641 3108 hostis
1670 3070 1811 3110 eosa
1833 3061 1988 3111 recta

2080 3063 2181 3118 que
2235 3047 2532 3113 collucens,
2585 3062 2764 3118 usque
2800 3047 2940 3102 adeo
2985 3063 3237 3118 unquam
3268 3046 3567 3118 placuerit,
3611 3053 3684 3102 ut

385 3142 480 3198 via
507 3147 857 3196 transversos
902 3139 1102 3211 egerit,
1129 3145 1300 3212 atque
1345 3141 1406 3196 in
1435 3142 1648 3198 alienas
1695 3144 1989 3216 opiniones
2070 3135 2196 3190 vilis
2224 3136 2344 3192 haec
2367 3141 2426 3190 et
2451 3152 2770 3192 aerumnosa
2806 3136 2922 3191 vita
2947 3136 3212 3192 vecordes
3255 3135 3394 3191 istos
3421 3135 3690 3191 oblectat

389 3231 659 3298 diviserit,
686 3246 893 3302 eosque
911 3229 1033 3285 loca
1061 3230 1318 3302 quaedam
1340 3231 1542 3288 divinae
1572 3233 1875 3306 Scriptum
1889 3235 1988 3289 ali-

2080 3229 2132 3280 et
2158 3225 2452 3291 exhilarat,
2468 3229 2532 3280 ut
2547 3242 2690 3296 quae,
2711 3225 2940 3282 tametsi
2968 3225 3180 3296 alioqui
3203 3241 3408 3297 aspera
3426 3230 3489 3280 et
3514 3241 3689 3280 aver-

387 3327 479 3378 ter
503 3337 674 3393 quam
699 3336 1004 3391 germanus
1043 3335 1244 3375 sensus
1290 3320 1454 3385 ferat,
1494 3321 1857 3394 interpretari
1885 3324 1989 3379 do-
2078 3315 2276 3381 88min.
2309 3314 2486 3370 faunis
2499 3315 2635 3386 ipsis
2663 3312 2947 3370 acblanda
2964 3315 3241 3370 videatur.
3273 3315 3688 3386 Opportunam

391 3410 593 3468 cuerit.
628 3410 906 3465 Caeterum
924 3425 1038 3464 una
1062 3415 1149 3464 est
1179 3409 1401 3476 veritas,
1424 3427 1547 3482 quae
1578 3411 1648 3466 ab
1676 3412 1990 3469 illustribus
2071 3409 2262 3458 autem
2292 3404 2490 3458 horam
2521 3409 2722 3460 nactus
2769 3404 3028 3476 princeps
3057 3404 3150 3458 ille
3179 3404 3554 3468 consiliarius.
3591 3405 3685 3459 in-

391 3498 662 3574 apostolis
683 3503 740 3554 et
768 3497 970 3553 divinis
994 3497 1250 3570 patribus
1269 3498 1572 3571 pmdicata
1599 3505 1702 3568 est,
1731 3506 1789 3558 et
1815 3502 1874 3557 in
1902 3519 1991 3557 ca-
2071 3493 2226 3564 quit:
2255 3493 2342 3548 Tu
2369 3509 2518 3558 vero.
2551 3509 2584 3548 ο
2607 3509 2724 3559 rex.
2757 3493 3072 3564 cuiusmodi
3102 3493 3333 3549 tandem
3364 3493 3578 3548 horum
3602 3495 3692 3548 vi-

391 3589 620 3648 tholica.
645 3594 816 3660 atque
831 3587 901 3642 ab
918 3587 1346 3644 extremisorbis
1377 3589 1584 3646 finibus
1608 3591 1677 3645 ad
1709 3595 1990 3647 extremos
2069 3587 2189 3638 tum
2220 3599 2342 3638 esse
2369 3582 2694 3638 existimas?
2723 3581 3010 3649 omnium,
3041 3582 3228 3654 inquit
3255 3583 3369 3648 ille,
3399 3598 3544 3653 quas
3579 3600 3692 3638 un-

391 3695 573 3752 usque
599 3679 742 3734 ﬁnes
770 3677 976 3732 dillusa
1005 3677 1251 3734 Ecclesia
1284 3679 1402 3734 sole
1431 3680 1780 3752 splendidius
1816 3682 1988 3738 lucet.
2072 3689 2243 3744 quam
2273 3671 2528 3737 Viderim,
2563 3671 3014 3728 insuavissima!!!
3051 3677 3110 3726 et
3139 3671 3540 3738 miserrimam,
3577 3689 3683 3727 ex-

395 3771 578 3836 Quam
609 3767 836 3841 quidem
860 3784 968 3839 ego
987 3773 1054 3824 ut
1067 3767 1173 3822 tibi
1193 3767 1562 3840 praedicarem
1589 3785 1656 3825 ac
1684 3771 1987 3840 traderem,
2073 3761 2495 3832 secrationeque
2524 3760 2757 3831 dignam
2799 3766 2857 3816 et
2878 3760 3266 3816 aversandam.
3297 3761 3458 3815 Tunc
3483 3761 3574 3814 ait
3602 3762 3684 3816 ad

395 3859 469 3915 ad
495 3863 552 3914 te
579 3858 786 3913 missus
812 3873 967 3916 sum.

469 3966 623 4023 Dixit
641 3971 832 4020 autem
845 3965 917 4020 ad
950 3980 1076 4020 eum
1098 3964 1399 4038 Josaphat:
1433 3964 1660 4022 Nihilne
1672 3967 1875 4023 horum
1900 3985 1996 4041 pa-

393 4063 484 4114 ter
511 4073 671 4112 meus
694 4071 947 4127 unquam
974 4055 1171 4109 didicit
1187 4055 1213 4108 ’τ

2075 3867 2204 3906 eum
2236 3855 2429 3916 9⁸19
2450 3849 2750 3922 primarius
2778 3850 2872 3904 ille
2900 3849 3282 3906 consiliarius:
3306 3850 3392 3904 Ad
3411 3851 3694 3906 eumdem

2075 3940 2158 3994 ita
2178 3939 2408 3996 modum
2435 3939 2574 3994 mihi
2601 3939 2786 4006 crede,
2819 3956 2853 3994 ο
2882 3956 2998 4004 rex,
3032 3955 3096 3993 ac
3125 3939 3305 3994 multo
3324 3939 3498 3994 etiam
3521 3956 3692 3995 acer-

2075 4028 2200 4083 bior
2226 4029 2343 4084 vita
2369 4034 2562 4084 nostra
2601 4028 2671 4082 iis
2703 4044 2826 4084 esse
2871 4028 3111 4093 videtur,
3142 4027 3240 4099 qui
3270 4029 3692 4100 sempiternam

2077 4117 2232 4172 illam
2256 4117 2516 4188 gloriam,
2547 4134 2614 4172 ac
2641 4116 2790 4172 bona
2815 4117 2913 4172 illa
2941 4134 3064 4189 qua:
3092 4134 3318 4172 omnem
3341 4119 3552 4172 mentis
3586 4137 3690 4174 ca-

471 4164 962 4236 Responditsenex
993 4180 1004 4216 :
1029 4161 1327 4234 Perspicue
1340 4159 1587 4234 quidem,
1613 4168 1781 4235 atque
1801 4170 1866 4219 ut
1895 4182 1998 4236 par
2077 4159 2232 4172 ⁸⁵⁵⁸⁸⁸⁵³
2256 4159 2516 4188 °“"
2547 4159 2614 4172 ““’
2644 4159 2790 4172 “’“’““’
2815 4159 2913 4172 ”“’
2942 4159 3064 4189 “¹““”
3093 4159 3318 4172 “’“”⁸“““
3341 4159 3552 4172 "mm"
3586 4159 3689 4174 “'—

471 4258 521 4279 λι
580 4253 716 4279 ,ει-ε,
773 4253 960 4279 κακὼ
1015 4251 1264 4279 ηυιιηεκ
1306 4252 1451 4279 ηε*
1481 4253 1736 4279 “unum
1787 4253 1991 4279 ιδῃ-μω
2079 4213 2236 4279 ptum
2288 4212 2580 4279 superant,
2611 4207 3064 4278 contemplantur
3110 4211 3281 4277 atque
3309 4216 3690 4278 cognoscunt.

399 4258 541 4321 erat,
580 4253 722 4308 nihil
771 4253 980 4308 didicit.
1015 4251 1265 4308 Occlusis
1304 4252 1454 4308 enim
1480 4253 1757 4320 sensibus,
1787 4253 1996 4310 bonum
2079 4251 2236 4350 th"
2288 4251 2393 4279 "1'
2399 4251 2580 4306 ””““ἶ’
2613 4251 3051 4278 “’“”““’““”¹’“’“““’
3110 4251 3281 4277 ’“’“¹““’
3310 4251 3690 4307 "°"“'."‘""'

406 4344 468 4367 ,Α
502 4343 774 4367 ,__,____._
809 4343 1066 4367 una,“
1113 4347 1278 4367 ηιμ-η
1308 4342 1362 4367 ,__
1384 4343 1592 4367 _“,___
1617 4341 1788 4367 ηιμ,
1825 4343 1992 4367 μεμε
2155 4313 2262 4367 que
2291 4311 2429 4352 auro
2458 4295 2753 4351 rutilantes
2783 4295 2950 4360 aedes,
2982 4311 3048 4349 ac
3075 4295 3342 4366 praedam
3361 4295 3483 4350 haec
3510 4297 3690 4351 indu-

401 4344 472 4400 de
501 4343 782 4399 industria
809 4343 1088 4415 repudiat,
1112 4347 1281 4414 atque
1308 4342 1368 4398 in
1384 4343 1597 4398 malum
1617 4341 1796 4398 libera
1823 4343 1996 4398 animi
2013 4341 2274 4441 υἱὲὲῖιὲ
2291 4341 2752 4443 ⁷ξῷξθίὲ””“”ῗ
2784 4341 2959 4394 ’”“””’.
2982 4341 3048 4395 ’ζ’
3076 4341 3342 4396 rum"?
3361 4341 3482 4350 '""
3511 4341 3662 4395 "2""

401 4433 721 4456 :_j-_-i:-_.-
746 4431 1055 4456 __-_-_..-i
2277 4424 2291 4452 ν
2537 4401 2647 4456 que
2683 4389 2808 4440 vita:
2853 4384 3084 4449 delicias,
3117 4401 3188 4438 ns
3217 4400 3316 4455 qui
3361 4385 3694 4440 celestmm

399 4433 724 4492 inductione
745 4431 1077 4505 propendet.
2017 4423 2058 4434 '

474 4543 550 4598 At
581 4542 798 4606 vellem,
833 4539 1021 4612 inquit
1049 4537 1340 4610 Josaphat,
1383 4538 1478 4594 ille
1501 4556 1723 4613 quoque
1751 4541 1856 4596 hac
1902 4542 1998 4596 do-

399 4631 582 4689 ctrina
599 4631 966 4687 imbueretur.

479 4739 791 4812 Respondit
818 4754 1020 4794 senex:
1045 4737 1177 4792 Haec
1191 4735 1340 4808 apud
1365 4735 1624 4792 homines
1643 4742 1778 4792 sunt
1793 4737 2000 4810 impos-

405 4826 622 4896 sibilia;
652 4828 801 4901 apud
827 4829 1008 4884 Deum
1035 4831 1225 4882 autem
1261 4825 1404 4880 nihil
1442 4831 1530 4882 est
1557 4827 1706 4898 quod
1733 4827 1857 4882 ﬁeri
1886 4844 1999 4882 non

403 4915 584 4990 possit
599 4917 811 4984 (Matth.
840 4920 975 4989 xxx).
1010 4915 1222 4989 Ecquid
1237 4914 1388 4972 enim
1443 4915 1553 4970 scis
1579 4914 1905 4972 futurumne
1925 4917 2001 4972 sit

407 5009 476 5061 ut
499 5004 649 5078 patri
668 5009 768 5061 tuo
783 5007 1024 5063 salutem
1049 5008 1269 5073 alleras,
1291 5011 1461 5078 atque
1489 5005 1819 5080 admirando
1833 5007 1998 5062 modo

405 5093 586 5168 patris
609 5093 696 5148 tui
710 5099 872 5166 pater
883 5095 1114 5151 tandem
1125 5096 1362 5152 voceris?
1376 5096 1428 5151 N
1429 5100 1684 5151 arratum
1699 5095 1851 5151 enim
1863 5096 2001 5151 mihi

410 5188 500 5239 est
525 5198 717 5254 regem
745 5184 1045 5254 quemdam
1068 5185 1364 5252 exstitisse,
1388 5185 1484 5258 qui
1513 5185 1776 5258 praeclare
1804 5185 2000 5240 admo-

409 5274 547 5331 dum
565 5272 780 5344 regiam
800 5290 964 5329 suam
975 5273 1305 5345 dignitatem
1321 5274 2002 5343 administrabat,leniter—

413 5378 524 5436 que
549 5377 615 5416 ac
643 5361 860 5433 placide
887 5362 1161 5433 populum
1183 5365 1277 5435 qui
1305 5363 1482 5438 ipsius
1501 5364 1701 5420 ditioni
1711 5369 1882 5436 atque
1901 5363 2004 5418 im-

411 5452 569 5527 perio
599 5450 828 5508 suberat
853 5450 1151 5518 tractabat,
1181 5453 1241 5510 in
1269 5455 1373 5510 hac
1389 5459 1592 5520 autem
1619 5471 1736 5511 una
1758 5471 1818 5510 re
1847 5453 2001 5510 labea-

409 5543 596 5612 batur,
620 5542 770 5618 quod
781 5540 980 5600 divinae
995 5541 1328 5614 cognitionis
1347 5543 1561 5602 lumine
1577 5549 1814 5615 careret,
1833 5550 2003 5617 atque

2078 4473 2570 4530 tabernaculorum
2593 4489 2706 4528 non
2743 4489 2916 4528 manu
2950 4473 3246 4537 factorum,
3278 4473 3566 4544 vestisque
3598 4475 3694 4530 di-

2078 4563 2287 4620 vinitus
2311 4568 2602 4627 contextae,
2617 4562 3074 4618 acdiadematum
3090 4561 3470 4634 corruptionis
3491 4564 3694 4618 omnis

2081 4653 2416 4724 expertium,
2464 4667 2588 4724 qua
2615 4667 2806 4706 rerum
2833 4651 3085 4706 omnium
3113 4651 3454 4706 architectus
3481 4666 3550 4706 ac
3577 4651 3694 4708 Do-

2079 4743 2268 4798 minus
2277 4740 2710 4812 diligentibusse
2724 4740 3076 4813 praeparavit,
3095 4739 3434 4796 stercoribus
3445 4745 3507 4794 et
3517 4756 3695 4796 coeno

2079 4831 2366 4886 fetidiores
2383 4830 2644 4886 videntur
2673 4832 2722 4899 (Ι
2746 4830 2868 4886 Cor.
2901 4834 2986 4898 ιι).
3017 4828 3506 4894 Quemadmodum
3525 4829 3694 4885 enim

2080 4919 2173 4974 isti
2196 4918 2408 4990 judicio
2428 4925 2620 4974 nostro
2647 4934 2713 4974 ac
2738 4917 3020 4972 sententia
3037 4917 3340 4988 desipiunt,
3369 4917 3450 4972 ita
3483 4917 3691 4985 etiam,

2081 5024 2146 5064 ac
2170 5009 2348 5064 multo
2364 5007 2560 5078 magis,
2594 5023 2697 5062 nos
2721 5007 2817 5078 qui
2835 5007 2893 5062 in
2909 5006 3118 5062 mundo
3139 5005 3488 5072 oberramus,
3508 5012 3697 5080 atque

2081 5097 2143 5152 in
2162 5097 2413 5153 mendaci
2439 5097 2544 5152 hac
2569 5095 2772 5167 gloria,
2804 5095 3104 5166 stultisque
3134 5095 3347 5150 deliciis
3366 5094 3534 5150 nobis
3564 5097 3696 5168 pla—

2081 5203 2291 5253 cemus,
2311 5186 2369 5240 in
2399 5201 2596 5240 eorum
2614 5185 2790 5240 oculis
2811 5185 2907 5256 qui
2922 5184 3198 5240 bonorum
3223 5183 3453 5239 illorum
3483 5185 3698 5241 dulce-

2083 5276 2273 5331 dinem
2303 5275 2676 5346 degustarunt
2701 5274 2854 5329 luctu
2887 5279 2947 5328 et
2969 5273 3234 5345 lacrymis
3271 5273 3430 5344 digni
3457 5290 3690 5330 sumus.

2157 5364 2250 5418 His
2278 5369 2470 5418 autem
2495 5362 2677 5418 verbis
2705 5362 2998 5433 perculsus
3025 5377 3142 5426 rex,
3174 5361 3392 5432 inquit:
3427 5360 3690 5425 Quinam

2083 5453 2258 5524 igitur
2275 5452 2358 5508 illi
2375 5457 2508 5508 sunt
2517 5451 2612 5526 qui
2631 5451 3078 5525 prestantiorem
3097 5449 3258 5506 nobis
3287 5449 3458 5506 vitam
3475 5453 3697 5522 agunt?

2086 5543 2314 5612 Omnes,
2332 5542 2638 5616 inquitille,
2670 5540 2768 5614 qui
2792 5540 3138 5612 sempiterna
3154 5539 3378 5598 caducis
3398 5543 3458 5596 et
3466 5539 3700 5613 ing-ili-
