3954 6190
233 277 331 335 505

638 276 808 332 VITA
846 276 1278 336 SANCTORUM
1317 274 1663 332 BARLAAM
1700 274 2038 334 EREMITE
2075 274 2164 331 ET
2200 273 2566 330 JOSAPHAT
2602 273 2825 330 INDLE
2861 273 3096 329 REGIS.

3393 271 3496 331 506

233 402 328 458 bus
345 401 734 474 praetulerunt.
759 401 1009 472 Cumque
1035 420 1130 456 rex
1150 419 1377 458 rursum
1401 420 1657 475 quaenam
1678 404 1888 463 sem-A
1905 403 2128 457 cuidam
2163 402 2374 472 juveni,
2405 419 2572 472 quem
2609 401 2848 472 copiosis
2895 407 3062 472 atque
3102 399 3494 454 illustrissimis

233 494 448 564 piterna
476 492 570 545 illa
601 494 786 546 essent
816 491 1194 562 quaesivisset;
1228 494 1515 564 respondit
1543 493 1638 547 ille
1671 511 1681 546 :
1717 492 1822 546 Re-

231 599 400 652 gnum
428 581 498 636 ab
541 581 696 634 omni
725 579 1074 634 successione
1119 581 1384 645 alienum,
1416 599 1480 636 ac
1510 583 1621 637 vita
1651 582 1818 636 morti

232 672 462 726 minime
492 669 748 736 obnoxia,
780 674 837 724 et
855 686 989 741 opes
1022 676 1326 740 egestatem
1350 689 1462 726 non
1480 677 1814 737 metuentes,

229 760 420 814 laetitia
439 760 574 814 item
595 766 651 814 et
669 758 964 812 oblectatio
984 758 1052 812 ab
1083 759 1234 812 omni
1258 761 1525 815 maestitia
1555 766 1610 815 et
1629 761 1819 814 dolore

231 851 499 917 seiuncta,
532 865 749 921 paxque
775 853 1065 920 perpetua,
1097 854 1155 904 et
1175 848 1244 903 ab
1272 851 1425 903 omni
1450 849 1744 904 inimicitia
1764 855 1821 902 et

229 934 586 988 contentione
611 932 804 987 libera.
839 933 939 986 His
974 932 1152 1000 bonis,
1183 933 1383 1004 quibus
1412 933 1678 988 divinitus
1707 933 1816 989 frui

228 1023 542 1093 contigerit,
556 1022 704 1076 beati
725 1022 805 1076 illi
821 1038 886 1076 ac
906 1038 1052 1093 saepe
1073 1021 1220 1076 beati
1245 1040 1258 1089 ;
1290 1023 1461 1076 vitam
1485 1023 1634 1077 enim
1665 1022 1818 1076 omni

229 1113 417 1167 labore
449 1119 507 1168 et
536 1111 801 1167 maestitia
840 1128 1072 1166 vacuam
1102 1112 1161 1166 in
1186 1128 1350 1167 omne
1379 1129 1557 1166 aevum
1591 1113 1812 1178 ducent,

230 1201 488 1256 omnibus
519 1201 677 1272 regni
709 1200 805 1255 Dei
834 1200 1282 1272 jucunditatibus
1312 1206 1369 1256 et
1395 1201 1818 1256 oblectamentis

227 1292 344 1345 sine
367 1291 482 1345 ullo
513 1289 702 1344 labore
726 1290 996 1357 fruentes,
1030 1306 1093 1344 ac
1117 1306 1244 1344 cum
1274 1289 1494 1345 Christo
1532 1290 1588 1344 in
1618 1307 1818 1362 perpe-

225 1386 384 1434 tuum
443 1384 763 1448 regnantes.
813 1379 1065 1448 Cumque
1115 1395 1208 1432 rex
1243 1378 1509 1432 dixisset:
1546 1379 1816 1443 Quisnam

219 1469 450 1522 tandem
475 1468 592 1522 haec
613 1468 880 1538 consequi
900 1467 1347 1539 promerebitur?
1372 1468 1661 1540 respondit
1681 1468 1773 1522 ille
1798 1487 1809 1522 :

220 1557 430 1613 Omnes
456 1556 551 1628 qui
581 1557 752 1611 vitam
782 1557 914 1611 illuc
933 1558 1225 1611 ducentem
1247 1557 1625 1629 arripuerint;
1659 1557 1817 1612 aditu

219 1646 369 1701 enim
392 1663 556 1700 nemo
580 1645 927 1717 prohibetur,
947 1647 1042 1717 qui
1058 1647 1223 1700 modo
1246 1647 1502 1700 voluerit.
1523 1648 1667 1702 Tum
1686 1663 1809 1700 rex:

1905 491 2230 563 parentibus
2259 497 2456 545 natum
2484 508 2605 545 esse
2636 491 2902 554 intellexi,
2935 490 3173 545 similem
3205 495 3260 543 te
3284 489 3494 560 prebe-

1901 581 2003 636 bis.
2029 582 2131 636 Cui
2154 598 2279 635 cum
2297 587 2458 652 pater
2477 580 2676 634 nobilis
2704 581 2994 650 cujusdam
3022 586 3190 650 atque
3210 580 3267 633 in
3297 579 3494 650 primis

1901 671 2109 742 copiosi
2140 671 2242 724 viri
2274 670 2444 724 filiam
2493 670 2701 738 insigni
2747 669 3164 740 pulchritudine
3201 668 3494 739 praeditam

1899 761 2305 831 despondisset,
2355 776 2419 814 ac
2463 759 2532 813 de
2586 759 2905 827 hujusmodi
2959 757 3312 812 matrimonio
3364 774 3492 810 cum

1901 851 2016 904 ﬁlio
2045 867 2359 904 sermonem
2387 848 2782 911 conseruisset,
2815 847 3059 918 quidque
3088 848 3144 901 in
3173 848 3362 900 animo
3387 847 3490 899 ha-

1898 938 2057 995 beret
2095 939 2460 1010 exposuisset,
2501 939 2617 992 haec
2647 941 2710 991 ut
2744 937 2838 990 ille
2867 936 3095 999 audivit,
3131 937 3288 1007 quasi
3328 935 3490 989 abso-

1899 1046 2034 1083 num
2065 1029 2330 1100 quiddam
2359 1045 2424 1082 ac
2453 1032 2874 1099 praeposterum,
2907 1026 3228 1094 huiusmodi
3253 1041 3369 1079 rem
3403 1041 3492 1078 ex-

1900 1119 2133 1183 cutiens,
2169 1118 2360 1172 relicto
2386 1123 2544 1188 patre
2565 1115 2828 1188 profugit.
2863 1115 3115 1186 Cumque
3139 1114 3246 1168 iter
3262 1113 3487 1177 faceret,

1899 1209 2050 1278 apud
2095 1225 2286 1262 senem
2334 1207 2634 1278 quemdam
2673 1219 2997 1277 pauperem,
3043 1209 3107 1256 ut
3149 1219 3184 1256 a
3212 1202 3324 1256 diei
3353 1206 3492 1256 aestu

1899 1314 2023 1351 sese
2052 1302 2350 1362 recrearet,
2379 1296 2624 1350 divertit.

1970 1387 2110 1441 Filia
2135 1403 2300 1457 porro
2347 1385 2496 1440 senis
2527 1385 2676 1438 illius
2706 1401 2828 1455 quae
2866 1382 3032 1437 unica
3055 1381 3133 1435 illi
3164 1380 3316 1450 virgo
3348 1383 3489 1443 erat,

1898 1493 1999 1547 pro
2026 1475 2237 1530 foribus
2266 1475 2482 1536 sedens.
2510 1473 2767 1527 manibus
2791 1471 3147 1542 operabatur,
3179 1485 3275 1523 ore
3301 1474 3492 1521 autem

1898 1565 2078 1618 Deum
2108 1564 2226 1618 sine
2268 1564 2383 1618 ulla
2426 1561 2842 1618 intermissione
2881 1558 3162 1623 laudabat,
3198 1575 3263 1611 ex
3292 1555 3490 1610 intimo

1897 1658 2121 1723 pectore
2146 1653 2359 1722 gratias
2381 1651 2486 1722 ipsi
2507 1668 2698 1721 agens.
2734 1649 2914 1720 Ipsius
2943 1654 3130 1702 autem
3160 1645 3384 1700 laudem
3401 1645 3492 1713 ju-

218 1735 282 1790 Et
307 1751 590 1805 quaenam,
617 1734 817 1804 inquit,
838 1740 922 1788 est
943 1735 1029 1789 via
1059 1751 1170 1805 qua
1191 1734 1322 1788 illuc
1337 1734 1486 1788 itur?
1507 1735 1816 1806 Respondit
1836 1724 1881 1784 Β
1900 1742 2054 1796 venis
2082 1742 2335 1806 audiens,
2361 1742 2441 1795 ait
2472 1759 2482 1794 ε
2519 1739 2833 1805 Quodnam,
2864 1755 2894 1791 ο
2926 1737 3130 1808 puella,
3156 1741 3317 1788 tuum
3333 1732 3492 1786 insti-

215 1823 303 1878 ille
341 1823 592 1895 praeclari
639 1823 813 1877 animi
851 1823 934 1877 vir
966 1842 977 1876 :
1027 1824 1374 1894 Cognoscere
1413 1824 1592 1878 solum
1623 1841 1815 1879 verum

215 1912 418 1975 Deum,
445 1919 500 1966 et
517 1913 545 1966 J
550 1929 708 1967 esum
727 1912 1012 1966 Christum
1031 1912 1383 1983 unigenitum
1415 1914 1591 1984 ipsius
1615 1914 1813 1981 ﬁlium,

216 2006 268 2054 et
295 2005 564 2054 sanctum
605 2017 670 2054 ac
694 2000 971 2055 vivificum
1002 2001 1272 2071 Spiritum
1305 2003 1478 2072 (Joan.
1512 2006 1666 2070 xvn).

1897 1834 2084 1884 tutum
2112 1829 2230 1884 est?
2264 1831 2332 1884 Et
2361 1846 2531 1900 quam
2560 1829 2629 1882 ob
2659 1843 2903 1892 causam,
2949 1843 3075 1880 cum
3101 1825 3159 1878 in
3187 1829 3345 1878 tanta
3369 1821 3489 1874 vili-

1897 1923 2015 1973 tate
2039 1924 2097 1972 et
2121 1919 2308 1990 inopia
2343 1917 2598 1982 verseris,
2642 1924 2909 1987 tanquam
2941 1915 3010 1969 ob
3039 1912 3289 1984 ingentia
3317 1910 3490 1964 bene-

1899 2009 2026 2062 ficia
2052 2014 2294 2079 accepta.
2337 2008 2537 2061 horum
2579 2013 2864 2060 auctorem
2911 2003 3076 2058 laude
3113 2001 3331 2056 afﬁcis?
3361 2001 3488 2070 Ipsa

285 2089 405 2144 Rex
423 2090 616 2160 igitur,
641 2089 797 2160 regia
809 2107 943 2143 sane
957 2091 1255 2161 prudentia
1273 2091 1588 2162 praedictus,
1603 2091 1672 2144 ad
1685 2107 1813 2146 eum
1897 2103 2086 2152 autem
2117 2097 2187 2150 ad
2218 2113 2346 2150 eum
2374 2095 2696 2166 respondit:
2731 2097 2818 2148 An
2843 2093 3020 2148 nescis
3050 2091 3199 2162 quod
3228 2087 3492 2160 quemad-

215 2177 427 2249 inquit:
454 2179 524 2233 Et
543 2179 813 2250 quidnam
826 2179 1093 2234 hactenus
1112 2186 1166 2234 te
1189 2179 1492 2251 prohibuit,
1518 2180 1815 2251 quominus
1897 2188 2127 2240 modum
2149 2186 2409 2255 exiguum
2445 2186 2811 2256 pharmacum
2841 2201 2871 2237 e
2902 2180 3121 2251 magnis
3159 2180 3489 2250 plerumque

218 2267 352 2321 mihi
393 2268 513 2322 haec
543 2269 886 2339 exponeres?
912 2270 1107 2340 Neque
1131 2269 1281 2323 enim
1315 2269 1430 2323 haec
1460 2270 1815 2324 cunctatione
1899 2280 2084 2343 230
2114 2274 2322 2329 morbis
2350 2273 2634 2328 hominem
2672 2273 2858 2343 eripit,
2891 2271 3089 2325 eodem
3121 2268 3285 2322 modo
3317 2267 3489 2320 etiam

219 2373 276 2409 ac
319 2357 596 2411 dilatione
644 2358 782 2411 mihi
812 2358 981 2428 digna
1018 2375 1140 2412 esse
1187 2358 1465 2425 videntur,
1498 2359 1544 2413 si
1589 2360 1815 2429 quidem
1897 2364 1966 2418 ob
1990 2381 2190 2436 parvas
2209 2381 2298 2417 res
2324 2364 2437 2418 Deo
2461 2363 2675 2433 gratias
2697 2378 2883 2431 agere,
2914 2357 3167 2429 ingentia
3186 2356 3334 2411 bona
3363 2372 3491 2409 con-

219 2463 342 2499 vera
373 2453 531 2500 sunt.
571 2447 730 2510 Quod
760 2447 808 2501 si
838 2447 1007 2501 dubia
1040 2452 1190 2509 sunt,
1232 2447 1425 2502 sedulo
1458 2453 1514 2501 et
1560 2455 1816 2503 accurate
1898 2453 2080 2508 ciliat?
2110 2454 2224 2523 Ego
2265 2453 2437 2522 igitur
2485 2451 2746 2523 pauperis
2785 2449 2936 2503 senis
2986 2447 3120 2512 ﬁlia,
3177 2445 3246 2500 ob
3294 2444 3495 2514 exigua

216 2535 670 2606 investigandum
693 2543 798 2604 est,
833 2537 1195 2608 quoadusque
1221 2537 1437 2590 eacitra
1459 2537 1629 2591 ullam
1645 2537 1819 2591 ambi-
1900 2543 2014 2597 haec
2035 2543 2248 2613 gratias
2270 2558 2374 2612 ago
2413 2558 2475 2594 ac
2507 2540 2806 2594 Dominum
2829 2536 3090 2592 laudibus
3119 2533 3319 2598 aflicio,
3355 2531 3492 2587 illud

216 2625 493 2694 guitatem
524 2642 589 2678 ac
618 2625 1024 2679 dubitationem
1070 2625 1438 2679 inveniamus.
1473 2626 1598 2680 Non
1647 2627 1819 2695 negli-
1899 2631 2168 2684 nimirum
2203 2632 2553 2702 exploratum
2580 2629 2813 2691 habens,
2849 2627 2996 2698 quod
3037 2625 3131 2696 qui
3161 2625 3277 2678 haec
3315 2622 3489 2686 dedit,

214 2714 408 2783 gentia
440 2720 499 2767 et
537 2715 794 2768 socordia
837 2715 1044 2768 factum
1089 2720 1193 2780 est,
1233 2714 1313 2768 ait
1340 2715 1453 2781 ille,
1486 2721 1549 2769 ut
1574 2714 1675 2768 tibi
1702 2716 1817 2770 haec
1899 2721 2124 2789 majora.
2148 2736 2369 2790 quoque
2399 2719 2533 2773 dare
2559 2724 2760 2790 potest.
2793 2719 2976 2787 Atque
3006 2715 3122 2769 haec
3151 2713 3379 2784 quidem
3424 2710 3494 2764 de

217 2820 497 2874 exponere
523 2810 838 2871 cunctarer,
881 2820 1007 2857 cum
1052 2819 1181 2858 vera
1210 2803 1326 2858 sint
1372 2810 1540 2874 atque
1567 2803 1636 2856 ab
1663 2804 1816 2858 omni
1898 2809 2064 2862 rebus
2091 2809 2334 2864 externis
2363 2825 2427 2862 ac
2457 2808 2684 2861 minime
2707 2806 2930 2871 nostris,
2963 2822 3026 2859 ex
3057 2803 3258 2874 quibus
3283 2817 3385 2855 nec
3408 2798 3494 2852 his

215 2891 569 2946 dubitatione
590 2899 807 2947 remota
831 2912 841 2956 ;
866 2910 1057 2947 verum
1081 2893 1228 2964 quod
1246 2894 1603 2947 excellentem
1623 2893 1815 2962 gloria:
1899 2897 1994 2969 qui
2023 2898 2202 2952 multa
2228 2897 2515 2969 possident
2542 2897 2755 2951 fructus
2797 2896 2964 2956 ullus,
2998 2894 3112 2946 imo
3142 2891 3313 2946 etiam
3346 2906 3493 2960 saepe

215 2985 319 3035 tua:
349 2981 807 3052 magnitudinem
839 2999 1078 3049 vererer,
1114 2988 1282 3054 atque
1315 2983 1449 3036 illud
1481 2989 1811 3050 metuerem;
1839 3043 1876 3056 Α
1897 2987 2166 3041 damnum
2196 2987 2394 3052 oritur,
2427 3002 2529 3041 nec
2566 2986 2651 3039 his
2700 2984 2793 3056 qui
2824 2983 3089 3055 pauciora
3135 2982 3490 3050 acceperunt,

214 3085 281 3122 ne
310 3069 418 3123 tibi
458 3070 647 3140 gravis
676 3087 741 3125 ac
777 3072 1045 3125 molestus
1076 3088 1272 3126 essem.
1307 3071 1576 3136 Quocirca
1603 3071 1650 3125 si
1676 3071 1816 3126 mihi
1835 3043 1877 3104 Ο
1897 3074 2312 3129 incommodum
2333 3075 2511 3128 ullum
2542 3091 2606 3128 ac
2631 3073 3030 3128 detrimentum
3057 3068 3261 3133 existit,
3287 3065 3494 3136 quippe

216 3157 425 3212 famulo
443 3166 544 3213 tuo
566 3160 671 3214 hoc
699 3159 964 3231 imperas,
998 3166 1059 3214 ut
1077 3167 1132 3214 te
1153 3161 1222 3214 de
1251 3160 1339 3214 his
1359 3159 1524 3214 rebus
1547 3160 1604 3214 in
1635 3166 1816 3232 poste-
1896 3181 2023 3218 cum
2053 3164 2278 3234 utrique
2304 3163 2560 3217 eamdem
2588 3162 2735 3216 viam
2784 3161 3006 3222 obeant,
3049 3163 3216 3228 atque
3245 3155 3316 3210 ad
3338 3169 3492 3208 eum-

215 3263 337 3301 mm
354 3247 752 3313 ευδωοηθιιῑης
770 3249 1004 3319 imperio
1023 3255 1120 3303 tuo
1138 3249 1430 3320 obsequar.
1448 3250 1614 3313 Sane.
1633 3249 1818 3320 inquit
1895 3253 2026 3308 dem
2055 3254 2224 3307 ﬁnem
2251 3252 2614 3306 contendant.
2648 3252 2720 3304 At
2747 3250 2805 3304 in
2829 3249 2896 3302 iis
2925 3265 3048 3319 qua:
3082 3245 3261 3316 magis
3298 3259 3492 3297 neces-

218 3352 327 3400 rex,
363 3353 485 3391 non
517 3337 763 3391 interdiu
791 3337 998 3403 solum,
1043 3338 1142 3391 sed
1187 3337 1358 3391 etiam
1401 3337 1650 3408 qualibet
1678 3338 1817 3392 hora
1899 3343 2048 3397 saria
2084 3341 2425 3412 majorisque
2474 3340 2742 3394 momenti
2770 3343 2919 3400 sunt,
2965 3336 3157 3390 multis
3205 3331 3492 3387 maximis-

217 3425 351 3478 mihi
385 3426 594 3478 harum
616 3442 804 3480 rerum
833 3425 1164 3480 memoriam
1197 3443 1417 3480 renova.
1453 3427 1645 3497 Neque
1667 3426 1815 3480 enim
1899 3448 2026 3501 que,
2053 3436 2221 3500 atque
2265 3429 2403 3484 adeo
2433 3428 2742 3484 innumeris
2781 3425 3066 3481 beneﬁciis
3086 3441 3121 3478 a
3146 3424 3261 3477 Deo
3291 3422 3493 3474 affecta

215 3515 1055 3585 negligenteracperfunctorie,
1093 3531 1281 3568 verum
1304 3531 1525 3569 summo
1553 3515 1816 3570 studioac
1897 3536 2059 3586 sum;
2086 3519 2293 3572 etenim
2333 3518 2403 3572 ad
2447 3517 2549 3572 Dei
2580 3515 2884 3586 imaginem
2925 3513 3168 3576 condita,
3204 3510 3490 3582 ipsiusque

213 3602 435 3657 fervore
467 3603 553 3656 his
579 3603 745 3658 rebus
764 3604 1013 3658 animum
1039 3603 1330 3658 intendere
1346 3610 1583 3675 oportet.
1617 3605 1816 3658 Audivi
1899 3608 2216 3679 cognitione
2238 3607 2544 3672 imbuta,et
2574 3605 2788 3660 ratione
2809 3609 3011 3676 praeter
3029 3601 3220 3656 omnia
3240 3599 3494 3653 animan-

213 3692 414 3760 igitur,
439 3692 523 3746 ait
550 3693 829 3759 Barlaam,
863 3693 1009 3747 hunc
1030 3710 1219 3763 regem
1249 3693 1508 3764 deinceps
1527 3694 1615 3765 pie
1635 3711 1700 3748 ac
1725 3711 1815 3748 re-
1899 3699 1980 3751 tia
2006 3704 2292 3762 exornata,
2315 3703 2373 3750 et
2400 3714 2467 3750 ex
2496 3701 2696 3760 morte,
2729 3712 2828 3765 per
2857 3693 3066 3748 viscera
3096 3687 3493 3744 misericordiae

211 3779 413 3850 ligiose
438 3781 958 3848 vitaminstituisse,
980 3782 1385 3853 praesentisque
1397 3783 1521 3836 vitae
1541 3783 1816 3838 curriculo
1898 3787 2001 3841 Dei
2033 3786 2211 3840 nostri
2249 3786 2318 3839 ad
2351 3785 2522 3839 vitam
2563 3789 2820 3838 revocata
2844 3799 2990 3846 sum,
3021 3798 3084 3835 ac
3114 3776 3496 3851 percipiendo-

211 3871 434 3940 placide
455 3887 522 3925 ac
542 3871 841 3942 tranquille
857 3872 1126 3936 contecto,
1152 3871 1553 3942 sempiternam
1580 3871 1818 3926 beatitu-
1900 3893 2023 3930 rum
2045 3876 2221 3946 ipsius
2245 3879 2720 3929 sacramentorum
2741 3877 3075 3944 potestatem
3095 3868 3300 3939 accepi.
3322 3865 3493 3921 Deni-

211 3959 404 4013 dinem
440 3966 799 4015 consecutum
838 3977 977 4014 esse.
1009 3959 1382 4024 Quamobrem
1413 3960 1460 4013 si
1494 3961 1618 4030 quis
1647 3961 1817 4015 etiam
1899 3981 2007 4034 que
2049 3964 2294 4035 paradisi
2324 3969 2485 4034 porta
2513 3963 2787 4034 patefacta
2817 3966 2920 4027 est,
2970 3960 3211 4014 liberum
3242 3956 3399 4019 mihi,
3445 3955 3494 4008 si

209 4056 440 4118 patrem
488 4055 651 4102 tuum
691 4049 759 4102 de
801 4049 886 4103 his
929 4049 1096 4103 rebus
1134 4049 1463 4119 tempestive
1493 4049 1810 4116 admoneat,
1900 4053 2123 4123 quidem
2153 4053 2396 4116 voluero,
2433 4053 2648 4106 aditum
2689 4051 2959 4122 praebens.
3005 4051 3084 4103 De
3110 4053 3196 4101 tot
3221 4047 3395 4117 igitur
3423 4060 3488 4097 ac

209 4137 473 4191 fortassis
503 4137 781 4208 intelliget
809 4145 977 4209 atque
1004 4139 1352 4209 exploratum
1380 4137 1608 4191 habebit
1637 4155 1816 4208 quan-
1897 4141 2070 4195 tantis
2088 4140 2391 4206 beneﬁciis,
2423 4157 2664 4211 quorum
2696 4156 2968 4210 pauperes
2998 4153 3156 4208 aeque
3199 4152 3262 4189 ac
3290 4133 3493 4188 divites

208 4227 277 4281 tis
339 4227 516 4281 malis
557 4227 858 4298 implicitus
893 4233 1172 4292 teneatur,
1233 4232 1401 4298 atque
1459 4226 1529 4280 ab
1574 4227 1644 4280 iis
1695 4245 1816 4282 esse
1899 4230 2197 4300 participes
2244 4235 2393 4294 sunt,
2434 4229 2633 4298 dignas
2660 4229 2774 4282 Deo
2801 4227 3014 4298 gratias
3062 4241 3230 4295 agere
3260 4238 3489 4293 prorsus

207 4323 495 4381 avertens,
532 4317 680 4386 quod
735 4316 942 4370 bonum
969 4323 1072 4381 est,
1127 4317 1495 4386 amplectetur
1525 4318 1605 4382 (ΙΙ
1640 4319 1814 4386 Palu).

1901 4335 2135 4389 nequeo.
2177 4319 2337 4382 Quod
2377 4317 2424 4370 si
2453 4317 2710 4385 exiguam
2754 4316 2898 4368 hanc
2927 4330 3150 4384 quoque
3185 4312 3406 4365 laudem
3437 4308 3489 4361 ei

211 4405 358 4459 Nam
381 4406 444 4460 in
490 4405 788 4476 praesentia
817 4405 1042 4476 quidem
1072 4422 1247 4460 caecus
1277 4411 1380 4470 est,
1405 4411 1462 4459 et
1490 4421 1660 4459 manu
1690 4412 1814 4460 ten-
1837 4399 1994 4477 uni
2018 4424 2106 4460 mc
2134 4412 2219 4460 tot
2243 4404 2570 4459 muneribus
2600 4403 2906 4458 cumulavit
2949 4401 3182 4456 minime
3210 4398 3484 4463 obtulero,

209 4503 357 4560 tans,
397 4500 465 4548 ut
495 4495 591 4565 qui
619 4511 750 4549 vero
773 4495 984 4549 lumine
1015 4511 1138 4560 sese
1159 4493 1389 4560 orbarit,
1424 4501 1593 4565 atque
1618 4495 1690 4550 ad
1719 4495 1817 4549 im-

208 4584 444 4654 pietatis
475 4583 740 4638 tenebras
762 4584 1147 4653 transfugerit.

277 4673 435 4726 Dicit
485 4677 679 4726 autem
714 4672 785 4726 ad
833 4689 964 4727 eum
1012 4673 1321 4744 Josaphat:
1357 4673 1436 4726 De
1481 4679 1638 4743 patre
1667 4689 1813 4740 meo,

208 4761 357 4832 quod
392 4761 673 4816 Dominus
697 4761 949 4831 jusserit,
983 4762 1100 4816 ﬁat.
1135 4763 1278 4816 Nam
1309 4761 1431 4832 ipsi,
1467 4762 1615 4816 velut
1645 4763 1815 4816 etiam

207 4851 305 4904 abs
354 4857 418 4905 te
459 4850 674 4905 dictum
702 4857 806 4916 est,
849 4867 916 4904 ea
961 4851 1153 4905 omnia
1196 4851 1482 4922 possibilia
1511 4857 1660 4916 sunt,
1693 4868 1816 4921 quae

206 4938 360 5010 apud
398 4937 660 4992 homines
690 4937 1055 5008 impossiban
1083 4955 1205 4993 esse
1231 4938 1508 4993 videntur.
1543 4939 1656 5010 Ego
1686 4956 1814 4994 vero

205 5044 308 5098 per
341 5026 589 5082 eximios
625 5043 688 5080 ac
717 5027 1033 5097 singulares
1061 5031 1188 5082 tuos
1207 5043 1514 5093 sermones,
1554 5027 1815 5082 vanitatis

206 5116 589 5186 praesentium
638 5132 828 5170 rerum
858 5121 1146 5187 pertzesus,
1189 5115 1260 5170 ab
1299 5116 1384 5170 his
1427 5115 1653 5186 quidem
1692 5133 1816 5171 om-

205 5206 346 5261 nino
377 5206 642 5260 animum
671 5203 945 5259 abducere
985 5204 1269 5271 constitui,
1303 5220 1367 5259 ac
1394 5211 1599 5272 tecum,
1651 5205 1815 5276 quid-

203 5297 344 5368 quid
378 5295 526 5350 mihi
553 5295 677 5350 Viue
702 5300 977 5366 superest,
1008 5296 1322 5361 traducere,
1345 5312 1416 5350 ne
1445 5313 1545 5366 per
1572 5296 1728 5350 ﬂuxa
1760 5302 1818 5350 et

201 5385 449 5457 fragilia
472 5384 945 5455 sempiternorum
992 5385 1264 5440 bonorum
1299 5389 1356 5438 et
1393 5384 1545 5439 omni
1582 5384 1815 5440 interitu

201 5476 536 5531 alienorum
567 5472 752 5530 fructu
780 5473 1053 5529 excidam.

275 5562 606 5635 Respondit
640 5579 809 5620 senex
840 5581 855 5620 :
890 5563 949 5618 Si
981 5563 1092 5619 hoc
1132 5561 1347 5630 feceris,
1385 5563 1818 5636 prudentissimo

1899 4512 2066 4566 quam
2095 4494 2324 4548 tandem
2353 4494 2766 4548 excusationem
2794 4492 3055 4547 habitura
3082 4490 3242 4546 sum?

1969 4583 2194 4638 Juvenis
2218 4589 2406 4637 autem
2435 4582 2722 4652 ingentem
2751 4583 2895 4636 hanc
2923 4579 3282 4652 prudentiam
3313 4575 3489 4631 admi-

1897 4689 2048 4735 rans,
2081 4673 2257 4726 accito
2293 4671 2470 4743 ipsius
2513 4679 2671 4743 patre
2713 4689 2722 4724 :
2759 4673 2840 4726 Da
2871 4671 3030 4733 mihi,
3072 4667 3272 4739 inquit,
3318 4665 3492 4720 ﬁliam

1897 4767 2052 4817 tuam
2070 4761 2368 4833 (siquidem
2381 4762 2556 4833 ipsius
2567 4760 2922 4832 prudentiam
2938 4776 3002 4812 ac
3012 4758 3281 4829 pietatem
3297 4770 3492 4809 amore

1897 4849 2270 4922 complector).
2299 4851 2483 4905 Senex
2525 4855 2715 4903 autem
2747 4848 2827 4902 ait
2859 4867 2872 4902 :
2921 4849 3047 4902 Non
3085 4847 3217 4900 licet
3245 4844 3365 4910 tibi,
3398 4843 3495 4915 qui

1896 4939 2159 4994 divitibus
2188 4945 2245 4993 et
2271 4939 2508 5010 copiosis
2536 4936 2860 5009 parentibus
2887 4941 3045 4990 ortus
3068 4952 3146 5000 es,
3179 4935 3323 4989 hanc
3351 4950 3491 5005 pau-

1898 5029 2048 5100 peris
2066 5028 2170 5082 viri
2184 5029 2356 5082 ﬁliam
2371 5028 2641 5098 accipere.
2673 5027 2915 5080 Rursum
2937 5031 3127 5079 autem
3139 5023 3362 5093 juvenis
3380 5022 3461 5076 ait
3481 5040 3495 5076 :

1899 5118 2062 5172 Certe
2084 5119 2228 5170 hanc
2255 5115 2544 5186 accipiam,
2578 5115 2683 5169 nisi
2701 5120 2761 5169 tu
2789 5114 3104 5186 prohibeas.
3135 5112 3353 5168 Etenim
3379 5111 3495 5166 ﬁlia

1899 5207 2154 5277 quaedam
2196 5205 2398 5258 nobilis
2417 5221 2481 5257 ac
2507 5204 2660 5258 dives
2699 5204 2836 5257 mihi
2858 5203 3135 5275 deeponsa
3158 5203 3343 5258 fuerat
3366 5220 3378 5268 ;
3406 5218 3498 5255 ve-

1899 5312 2024 5349 rum
2052 5312 2119 5348 ea
2141 5293 2436 5364 repudiata
2463 5298 2631 5364 atque
2652 5292 2889 5363 abjecta,
2923 5293 2980 5346 in
3001 5293 3190 5363 fugam
3223 5308 3311 5346 me
3341 5290 3490 5344 dedi.

1899 5385 2110 5439 Contra
2137 5382 2263 5436 ﬁliae
2290 5388 2421 5445 tuae,
2451 5381 2519 5436 ob
2548 5381 2722 5452 ipsius
2752 5398 2886 5452 erga
2913 5383 3091 5436 Deum
3133 5381 3399 5452 pietatem
3431 5394 3498 5431 ac

1900 5471 2258 5546 prudentiam
2294 5487 2486 5526 amore
2529 5477 2838 5544 correptus,
2875 5469 3231 5526 matrimonio
3261 5484 3388 5522 cum
3429 5481 3498 5519 ea

1895 5560 2058 5635 jungi
2077 5565 2307 5635 paratus
2329 5577 2473 5617 sum.
2499 5562 2680 5619 Senex
2700 5567 2892 5618 autem
2920 5561 2990 5616 ad
3010 5560 3196 5632 ipsum
3215 5557 3295 5612 ait
3317 5575 3328 5610 :
3355 5555 3490 5610 Eam
