3876 6190
451 300 555 362 507

1465 308 1561 364 DE
1596 309 1786 366 WTIS
1823 309 2119 367 PATRUM
2156 307 2373 366 LIBER
2408 303 2699 362 PRIMUS.

3568 302 3658 361 sos

449 430 555 486 tibi
583 431 717 488 dare
745 448 982 505 nequeo,
1014 438 1079 489 ut
1105 432 1166 488 in
1194 439 1488 506 paternam
1517 428 1746 490 domum
1776 435 2040 501 abducas,
2061 437 2110 495 A
2128 434 2260 488 lista
2289 436 2347 487 et
2383 432 2677 501 theologus
2705 431 2882 487 (Joan.
2920 429 2979 496 Il,
3028 443 3192 483 nemo
3219 433 3384 495 esl
3421 431 3547 488 vidit
3568 451 3660 489 un-

452 526 621 593 atque
651 538 685 575 a
711 523 849 575 meis
873 523 1023 577 ulnis
1051 522 1364 591 abstrahas,
1396 524 1560 579 unica
1583 525 1733 579 enim
1765 525 1903 578 mihi
1935 530 2039 579 est.

450 612 528 665 At
556 627 676 681 ego,
709 610 893 681 inquit
916 612 1156 681 juvenis,
1189 613 1337 684 apud
1369 629 1462 667 vos
1491 613 1745 678 manebo,
1770 619 2044 668 vestram-

453 716 561 769 que
600 700 722 753 vita:
751 699 1030 754 rationem
1063 701 1393 773 suscipiam;
1423 717 1487 756 ac
1513 708 1727 773 postea,
1760 703 2046 759 luculenta

449 792 600 840 veste
629 787 864 858 abjecta,
896 789 1046 844 senis
1068 789 1219 844 illius
1243 796 1422 845 vestes
1452 792 1630 862 petiit,
1661 792 1843 863 iisque
1868 808 1928 847 se
1958 792 2044 846 in-

449 874 592 928 duit.
626 876 879 948 Cumque
907 877 1001 931 ille
1026 878 1210 949 ipsum
1241 879 1338 933 diu
1368 880 1723 951 multumque
1749 886 2042 947 tentasset,

448 963 728 1035 variisque
756 966 937 1020 modis
956 966 1130 1038 ipsius
1160 968 1412 1021 animum
1434 969 1794 1040 explorasset,
1826 976 1890 1024 ut
1919 986 2046 1024 eum

450 1054 656 1108 mentis
678 1055 955 1125 gravitate
984 1056 1281 1126 praeditum
1311 1074 1434 1112 esse
1463 1059 1736 1129 cognovit,
1758 1076 1861 1112 nec
1876 1058 2046 1114 stulto

451 1141 696 1211 quodam
726 1160 917 1198 amore
963 1144 1251 1199 obsessum
1281 1146 1455 1200 ﬁliam
1483 1163 1644 1201 suam
1674 1146 1731 1201 in
1762 1148 2048 1201 matrimo-

448 1230 608 1286 nium
637 1237 1057 1302 petere,verum
1086 1235 1311 1306 pietatis
1339 1236 1523 1290 studio
1552 1220 1854 1308 pauperem
1872 1237 2041 1290 vitam

447 1321 774 1391 amplexari,
799 1340 1034 1394 eamque
1052 1325 1245 1394 gloriae
1272 1341 1387 1379 suae
1407 1342 1471 1379 ac
1500 1325 1777 1380 nobilitati
1805 1326 2043 1380 antefer-

448 1425 531 1476 re,
564 1417 791 1482 arrepta
818 1412 995 1483 ipsius
1024 1430 1195 1468 manu
1224 1414 1281 1467 in
1316 1415 1574 1468 conclave
1603 1431 1767 1469 suum
1796 1430 1927 1468 eum
1957 1414 2044 1468 in-

451 1498 718 1566 troduxit,
758 1506 816 1554 et
862 1501 1119 1571 ingentes
1164 1519 1296 1573 opes
1335 1502 1448 1556 illic
1495 1502 1827 1564 reconditas,
1877 1508 2046 1573 atque

452 1586 917 1643 innumerabilem
960 1591 1326 1662 pecuniarum
1376 1592 1604 1654 molem,
1667 1598 2047 1663 quantamque

446 1677 670 1745 juvenis
710 1678 802 1732 ille
833 1696 1120 1751 nunquam
1162 1680 1395 1745 viderat,
1429 1680 1535 1752 ipsi
1569 1680 2043 1735 commonstravit.

2126 540 2316 595 quam.
2345 521 2679 592 Unigenitus
2708 519 2901 581 Filius,
2927 517 3023 589 qui
3044 522 3129 572 est
3146 518 3203 573 in
3220 518 3341 573 sinu
3362 520 3547 588 Patris,
3563 523 3663 595 ipse

2125 612 2424 667 enarravit.
2474 611 2609 681 Ejus
2636 624 2803 680 porro
2832 607 2928 679 qui
2953 607 3237 661 oculorum
3256 608 3496 666 obtutum
3526 614 3661 686 fugit.

2126 708 2295 772 atque
2309 701 2615 755 immensus
2635 697 2981 767 est,gloriam
2997 700 3054 749 et
3074 697 3558 770 majestatem,quia
3568 708 3667 759 tan-

2126 791 2253 845 dem
2284 805 2476 844 eorum
2511 788 2608 859 qui
2636 793 2847 840 eterra
2885 785 3129 839 concreti
3172 792 3317 850 sunt,
3354 792 3671 861 comprehen.

2128 896 2249 933 sam
2274 877 2481 932 habere
2513 882 2700 948 queat,
2731 874 2839 929 nisi
2869 873 2976 945 ipsi
3003 873 3275 929 arbitratu
3303 892 3398 930 suo
3416 893 3529 932 eam
3549 888 3675 950 pate-

2130 968 2341 1034 fecerit,
2391 963 2868 1038 quemadmodum
2913 963 3127 1018 scilicet
3165 965 3442 1036 prophetis
3486 968 3589 1023 suis
3631 976 3679 1026 et

2130 1057 2398 1129 apostolis
2430 1054 2723 1127 patefecit?
2752 1054 2867 1107 Nos
2897 1058 3085 1106 autem
3112 1058 3233 1106 tum
3261 1069 3323 1107 ex
3351 1070 3529 1109 eorum
3555 1074 3676 1129 prae-

2129 1147 2428 1211 dicatione,
2452 1150 2573 1198 tum
2604 1160 2669 1197 ex
2686 1143 2809 1214 ipsa
2828 1158 3019 1196 rerum
3045 1146 3265 1208 natura,
3291 1150 3541 1213 quantam
3554 1162 3683 1201 asse-

2124 1236 2222 1307 qui
2253 1234 2413 1289 nobis
2442 1234 2628 1299 datur,
2664 1248 2788 1286 eam
2816 1231 3106 1285 discimus.
3129 1229 3223 1284 Ait
3242 1231 3384 1285 enim
3405 1233 3674 1305 Scriptura:

2126 1325 2263 1379 Coeli
2301 1326 2569 1378 enarrant
2589 1321 2825 1392 gloriam
2854 1320 2975 1385 Dei,
3021 1324 3079 1374 et
3107 1336 3275 1390 opera
3304 1336 3552 1376 manuum
3577 1325 3678 1394 ejus

2127 1412 2427 1467 annuntiat
2464 1412 2883 1465 firmamentum
2934 1412 3092 1469 (Psal.
3136 1413 3305 1477 xvm).
3347 1411 3423 1464 Ac
3469 1427 3675 1467 rursus:

2129 1502 2434 1557 Invisibilia
2464 1500 2639 1570 ipsius
2670 1516 2704 1553 a
2728 1498 2991 1553 creatura
3019 1497 3233 1564 mundi,
3265 1514 3363 1568 per
3389 1513 3450 1552 ea
3484 1516 3594 1571 quae
3615 1500 3681 1554 fa-

2128 1598 2219 1645 cta
2249 1596 2399 1655 sunt,
2430 1589 2713 1643 intellecta
2739 1586 3178 1658 conspiciuntur,
3216 1586 3540 1658 sempiterna
3572 1606 3682 1660 quo-

2131 1697 2239 1752 que
2260 1679 2433 1750 ipsius
2462 1677 2712 1750 potentia
2740 1682 2797 1731 et
2824 1675 3084 1729 divinitas
3114 1677 3277 1734 (Rom.
3307 1677 3365 1744 ι).

451 1764 657 1836 Aitque
687 1768 759 1821 ad
791 1785 917 1822 eum
951 1787 962 1822 :
997 1768 1120 1835 Fili,
1152 1770 1269 1823 haec
1297 1770 1488 1823 omnia
1514 1769 1615 1823 tibi
1645 1770 1790 1823 dono
1810 1770 1900 1835 do,
1919 1786 2112 1850 pro-B
2206 1766 2689 1833 Quemadmodum
2720 1765 2868 1819 enim
2900 1763 3179 1836 quispiam
3208 1764 3431 1850 domum
3457 1765 3682 1836 praeclare

452 1859 648 1924 pterea
673 1858 823 1926 quod
853 1874 1106 1911 mearum
1137 1874 1305 1928 apum
1349 1859 1525 1912 haeres
1555 1875 1677 1912 esse
1711 1858 1769 1912 in
1798 1858 2050 1912 animum

451 1942 742 1998 induxisti.
762 1946 886 2009 Qua
906 1947 1231 2001 haereditate
1260 1953 1540 2017 percepta,
1565 1947 1659 2000 ille
1684 1953 2053 2001 omnesterrae

452 2030 653 2085 divites
687 2037 744 2086 et
774 2035 954 2087 claros
980 2035 1235 2089 homines
1260 2036 1558 2106 superavit.

525 2121 656 2175 CAP.
679 2123 851 2177 XVII.
885 2154 946 2164 -—
977 2125 1130 2179 Dixit
1151 2131 1338 2179 autem
1361 2126 1632 2197 Josaphat
1660 2125 1731 2179 ad
1761 2126 2049 2183 Barlaam:

452 2210 597 2280 Apte
624 2227 760 2264 sane
788 2212 905 2267 haec
948 2213 1119 2267 etiam
1150 2214 1399 2268 narratio
1441 2231 1629 2268 rerum
1659 2231 1912 2268 mearum
1947 2223 2056 2269 sta-

453 2302 574 2352 tum
606 2300 884 2370 exprimit,
917 2319 981 2356 ac
1004 2302 1237 2373 proinde
1268 2303 1337 2356 de
1368 2320 1456 2357 me
1483 2320 1705 2374 quoque
1735 2304 1850 2357 haec
1870 2304 1968 2357 abs
1997 2309 2055 2357 te

452 2386 598 2442 dicta
629 2405 751 2443 esse
777 2390 1052 2446 existimo.
1075 2392 1282 2447 Verum
1316 2393 1596 2463 quodnam
1622 2392 1848 2445 tandem
1877 2398 1964 2446 est
1992 2392 2056 2446 il-

452 2476 551 2530 lud
571 2479 1014 2549 experimentum
1042 2496 1144 2550 per
1160 2481 1307 2551 quod
1337 2480 1512 2534 animi
1544 2481 1653 2534 mei
1681 2480 2052 2534 constantiam

455 2566 797 2636 exploratam
828 2568 1040 2622 habere
1061 2569 1219 2639 cupis
1236 2570 1261 2621 ?

526 2655 835 2726 Respondit
862 2674 1066 2710 senex:
1100 2657 1371 2728 Equidem
1394 2656 1512 2728 ipse
1541 2658 1711 2712 etiam
1742 2657 2053 2728 periculum

455 2742 577 2806 feci,
603 2748 661 2796 et
688 2744 935 2798 intellexi
964 2750 1175 2816 quanta
1199 2746 1257 2799 in
1271 2751 1327 2799 te
1347 2747 1551 2800 mentis
1572 2747 1871 2816 prudentia
1885 2752 2054 2816 atque

456 2832 790 2897 constantia,
834 2850 1115 2904 quamque
1157 2840 1341 2888 rectus
1370 2840 1429 2888 et
1458 2835 1677 2904 integer
1704 2834 1804 2889 tibi
1833 2834 2052 2888 animus

459 2919 535 2973 sit
551 2937 776 2987 ;,verum
797 2922 1033 2976 actionis
1063 2928 1172 2977 tuae
1198 2923 1325 2976 finis
1348 2924 1462 2977 hmo
1477 2923 1850 2978 confirmabit.
1872 2924 2053 2993 Hujus

455 3011 538 3064 rei
589 3011 775 3081 gratia
822 3013 985 3066 flecto
1045 3030 1233 3083 genua
1283 3030 1408 3067 mea
1455 3014 1522 3067 ad
1578 3015 1753 3068 Deum
1799 3018 2052 3067 nostrum

2135 1872 2198 1909 ac
2229 1869 2447 1908 summa
2468 1857 2586 1905 arte
2602 1856 2998 1915 constructam,
3021 1854 3122 1902 aut
3139 1849 3417 1903 vasculum
3437 1850 3685 1920 eleganter

2135 1943 2528 1998 concinnatum
2566 1938 2925 2011 perspiciens,
2974 1937 3340 1992 architectum
3367 1943 3462 1992 aut
3497 1938 3683 1993 fabrum

2136 2033 2327 2087 statim
2357 2031 2427 2085 ob
2470 2029 2721 2083 animum
2750 2027 2856 2081 sibi
2908 2026 3171 2098 proponit
3219 2027 3298 2081 sic
3334 2027 3496 2081 etiam
3518 2044 3607 2097 ego
3631 2044 3685 2082 ex

2137 2121 2312 2175 nihilo
2351 2119 2586 2182 eﬁictus,
2620 2123 2788 2188 atque
2825 2116 2883 2170 in
2920 2120 3105 2170 ortum
3154 2115 3470 2187 productus,
3500 2115 3686 2170 etiamsi

2137 2212 2389 2265 fictorem
2428 2225 2491 2261 ac
2521 2207 2913 2278 productorem
2943 2220 3132 2258 meum
3164 2221 3388 2259 cernere
3426 2221 3684 2275 nequeam,

2137 2306 2328 2354 tamen
2346 2314 2413 2351 ex
2436 2295 2723 2367 aptissima
2746 2293 3096 2364 maximeque
3111 2292 3439 2347 admiranda
3455 2292 3555 2347 mei
3570 2298 3688 2347 stru-

2139 2394 2229 2443 ctu
2238 2403 2300 2441 ra
2324 2386 2394 2441 ad
2410 2385 2695 2456 sapientue
2715 2383 2892 2455 ipsius
2912 2382 3287 2453 cognitionem
3307 2382 3446 2447 veni,
3465 2399 3566 2436 non
3581 2398 3691 2453 qua-

2139 2482 2304 2531 tenus
2320 2481 2424 2537 est,
2439 2474 2537 2528 sed
2553 2478 2828 2544 quatenus
2849 2470 3167 2541 intelligere
3184 2487 3325 2542 queo
3344 2490 3355 2525 :
3380 2487 3566 2542 nempe
3580 2470 3690 2541 quia

2137 2581 2251 2619 non
2270 2580 2401 2617 casu
2424 2579 2489 2615 ac
2504 2561 2736 2615 fortuito
2755 2560 3057 2631 productus
3075 2576 3224 2623 sum,
3238 2575 3475 2614 necame
3493 2559 3600 2630 ipso
3617 2575 3689 2612 ex-

2138 2653 2275 2715 stiti,
2294 2668 2486 2706 verum
2515 2651 2634 2721 ipse
2660 2649 2936 2704 arbitratu
2956 2664 3057 2702 suo
3080 2664 3171 2701 me
3188 2648 3426 2702 affinxit:
3455 2647 3528 2701 sic
3544 2646 3687 2700 nimi-

2137 2759 2261 2796 rum
2311 2746 2373 2795 ut
2398 2757 2488 2793 me
2528 2755 2716 2793 rerum
2745 2737 2997 2791 omnium
3028 2737 3382 2791 conditarum
3422 2735 3690 2807 principem

2135 2830 2509 2893 constituerit,
2525 2827 2859 2898 quibusdam
2882 2831 3070 2879 autem
3091 2825 3411 2879 inferiorem
3431 2824 3619 2886 fecerit,
3638 2839 3691 2876 ac

2134 2920 2437 2974 contritum
2477 2918 2647 2971 etiam
2669 2914 2855 2969 divino
2892 2930 2993 2968 suo
3026 2914 3269 2985 imperio
3286 2929 3374 2967 me
3402 2930 3461 2967 ex
3488 2913 3581 2966 hac
3600 2911 3693 2965 vita

2137 3010 2395 3072 educens,
2427 3007 2497 3060 ad
2526 3006 2761 3059 alteram
2790 3003 2962 3056 vitam
2979 3002 3105 3056 ﬁnis
3122 3009 3406 3073 expertam
3427 3018 3487 3055 ac
3514 2999 3691 3070 sempi-

454 3100 664 3169 (Ephes.
716 3104 823 3167 III),
880 3101 975 3171 qui
1026 3101 1084 3155 in
1128 3103 1405 3157 Trinitate
1432 3102 1767 3168 celebratur,
1800 3103 1870 3155 ad
1899 3119 2048 3167 eum,
2072 3103 2115 3162 C
2135 3104 2353 3152 ternam
2384 3093 2704 3150 transferat.
2735 3090 2948 3156 Quibus
2968 3090 3233 3146 omnibus
3260 3092 3318 3146 in
3344 3090 3503 3146 rebus
3535 3088 3692 3161 provi-

454 3187 706 3258 inquam,
757 3189 852 3259 qui
895 3190 1100 3256 omnia,
1153 3197 1266 3245 tam
1296 3208 1418 3262 quae
1449 3196 1677 3263 aspectu
1729 3191 2053 3246 sentiuntur

455 3292 622 3347 quam
644 3294 768 3347 quae
788 3279 1077 3332 oculorum
1099 3295 1329 3333 sensum
1349 3279 1574 3350 fugiunt
1592 3279 1931 3351 procreavit;
1957 3279 2052 3350 qui

450 3381 579 3419 vere
607 3382 672 3419 ac
700 3368 1041 3438 sempiterne
1085 3373 1188 3431 est,
1226 3385 1329 3423 nec
1357 3368 1588 3439 gloriosi
1619 3374 1803 3422 status
1841 3367 1924 3422 sui
1954 3372 2052 3421 aut

453 3454 788 3526 principium
811 3473 1058 3527 unquam
1079 3455 1296 3518 habuit,
1322 3463 1420 3511 aut
1437 3458 1602 3511 finem
1620 3457 1914 3511 habiturus
1934 3462 2046 3510 est:

452 3543 523 3596 ad
543 3542 723 3609 illum,
748 3543 999 3613 inquam,
1019 3545 1382 3599 metuendum
1406 3551 1575 3615 atque
1596 3545 1843 3599 omnium
1864 3561 2051 3599 rerum

452 3637 878 3702 prmpotentem,
911 3633 1234 3704 bonumque
1274 3638 1331 3687 et
1370 3634 1440 3687 ad
1475 3633 1889 3687 miserationem
1920 3649 2051 3704 pro-

454 3736 710 3791 pensum,
743 3726 807 3775 ut
835 3721 1019 3775 cordis
1066 3721 1150 3774 tui
1180 3722 1371 3775 oculos
1398 3722 1697 3787 illuminet,
1717 3722 1922 3792 detque
1949 3721 2053 3775 tibi

453 3807 713 3877 spiritum
747 3808 1036 3879 sapientiae
1056 3816 1114 3863 et
1133 3809 1487 3863 revelationis
1514 3810 1582 3862 ad
1613 3810 1790 3880 ipsius
1811 3809 2054 3879 agnitio-

454 3911 605 3958 nem,
638 3899 703 3949 ut
740 3913 1040 3966 cognoscas
1072 3913 1194 3967 qua:
1223 3898 1297 3952 sit
1324 3915 1450 3968 spes
1493 3898 1792 3952 vocationis
1830 3904 1963 3963 tuae,
1997 3903 2056 3952 et

455 4000 578 4054 quae
605 3983 810 4039 divitia
836 3985 1029 4056 gloriae
1078 3986 1418 4040 haereditatis
1444 3986 1619 4058 ipsius
1647 3987 1703 4040 in
1741 3987 1968 4046 sanctis,
1997 3992 2055 4040 et

455 4088 578 4143 qua:
606 4073 1030 4144 supereminens
1048 4074 1146 4128 illa
1170 4074 1497 4144 magnitudo
1515 4075 1777 4146 potentiae
1796 4076 1973 4146 ipsius
1992 4075 2051 4129 in

454 4177 557 4215 nos
576 4162 671 4232 qui
700 4162 1059 4227 credidimus,
1090 4168 1152 4217 ut
1174 4165 1303 4235 jam
1319 4180 1430 4217 non
1460 4164 1538 4218 sis
1568 4165 1768 4234 hospes
1798 4170 1856 4218 et
1883 4164 2052 4218 adve-

394 4250 399 4259 ’
454 4266 546 4316 na,
569 4251 667 4305 sed
687 4251 819 4306 civis
835 4258 1154 4306 sanctorum
1172 4258 1229 4306 et
1257 4252 1594 4309 domesticus
1623 4253 1725 4307 Dei
1758 4254 1965 4322 (Ephcs.
1990 4259 2047 4317 I),

2133 3186 2335 3240 dentim
2377 3184 2552 3256 ipsius
2602 3182 2808 3236 viribus
2848 3180 3120 3235 obluctari
3165 3196 3409 3252 nequeo,
3448 3196 3543 3234 nec
3573 3176 3691 3231 mihi

2134 3274 2461 3346 quidquam,
2492 3272 2579 3325 vel
2607 3276 2878 3341 quantum
2910 3269 2982 3322 ad
3012 3275 3312 3335 staturam,
3342 3269 3425 3322 vel
3453 3272 3692 3339 quantum

2134 3364 2203 3418 ad
2229 3364 2423 3417 formae
2446 3363 2685 3432 figuram
2719 3359 2942 3424 attinet,
2974 3358 3220 3428 adjicere
3249 3364 3349 3412 aut
3372 3356 3685 3418 subtrahere,

2134 3470 2236 3507 nec
2268 3467 2334 3506 ea
2364 3468 2485 3522 quae
2521 3450 2579 3503 in
2627 3465 2717 3502 me
2755 3452 3034 3502 vetustate
3077 3447 3329 3501 confecta
3370 3451 3513 3511 sunt,
3556 3459 3695 3498 reno-

2137 3558 2288 3605 vare,
2321 3557 2424 3594 nec
2455 3556 2577 3609 qua:
2605 3536 2934 3591 labefactata
2958 3543 3015 3590 et
3041 3542 3310 3608 corrupta
3337 3540 3479 3600 sunt,
3502 3534 3556 3588 in
3578 3532 3696 3586 inte-

2134 3647 2297 3702 grum
2325 3629 2641 3683 restituere.
2679 3627 2873 3696 Neque
2899 3624 3048 3678 enim
3081 3625 3410 3679 mortalium
3442 3624 3579 3678 ullus
3605 3636 3696 3675 un-

2136 3735 2301 3790 quam
2315 3717 2437 3780 fuit,
2461 3716 2556 3787 qui
2582 3717 2781 3769 horum
2804 3713 3110 3785 quidquam
3130 3713 3355 3768 efﬁcere
3384 3717 3574 3784 posset,
3603 3724 3696 3764 non

2135 3824 2253 3874 rex,
2274 3822 2385 3859 non
2409 3805 2651 3875 sapiens,
2676 3819 2789 3857 non
2805 3801 2975 3867 dives,
2991 3818 3102 3856 non
3124 3808 3344 3873 potens,
3366 3818 3475 3856 non
3492 3798 3697 3869 denique

2136 3896 2281 3950 alius
2327 3894 2603 3965 quispiam
2641 3892 2891 3945 humana
2927 3890 3115 3945 studia
3163 3897 3503 3947 consectans.
3528 3887 3699 3943 Nullus

2136 3984 2305 4048 enim,
2332 3981 2640 4054 inquitille,
2658 3996 2873 4051 regum,
2890 3984 2989 4033 aut
3003 3995 3201 4034 eorum
3217 3980 3313 4051 qui
3325 3980 3381 4034 in
3392 3976 3699 4034 sublimitate

2134 4078 2285 4138 sunt,
2307 4071 2459 4125 aliud
2479 4070 2678 4124 habuit
2697 4068 3007 4123 nativitatis
3033 4067 3281 4131 initium.
3304 4069 3459 4124 Unus
3477 4066 3611 4122 enim
3630 4068 3700 4117 est

2134 4161 2382 4216 omnium
2406 4159 2670 4213 introitus
2686 4158 2755 4212 ad
2771 4158 2961 4223 vitam,
2987 4164 3042 4211 et
3061 4157 3213 4212 idem
3236 4158 3418 4213 exitus
3435 4157 3572 4224 (Sep.
3598 4158 3695 4213 vul-

2206 4248 2584 4314 Quamobrem
2614 4264 2679 4301 ex
2705 4246 2772 4301 iis
2802 4262 2926 4317 quae
2954 4246 3024 4300 ad
3062 4262 3154 4300 me
3186 4247 3486 4318 pertinent,
3516 4243 3581 4298 ad
3605 4256 3703 4295 ma-

454 4340 928 4408 superaedificatus
943 4358 1115 4412 super
1134 4341 1562 4397 fundamentum
1585 4341 1966 4413 apostolorum
1997 4346 2055 4395 et
2074 4372 2120 4431 D
2136 4336 2690 4431 gniﬁcentiaasummi
2710 4335 2888 4431 illius-
2876 4334 3163 4389 architecti
3176 4335 3566 4431 cognitionem,
3575 4329 3701 4384 velut

454 4429 875 4499 prophetarum,
924 4429 1045 4501 ipso
1096 4447 1317 4484 summo
1369 4430 1629 4501 angulari
1680 4430 1863 4502 lapide
1917 4422 2397 4498 Iesu-porrecta
2423 4441 2595 4478 manu
2623 4424 2815 4478 ducor.
2849 4424 3129 4478 Preterea
3154 4428 3347 4478 autem
3387 4422 3699 4494 aptissimam

454 4517 698 4585 Christo,
735 4518 794 4572 in
839 4535 949 4589 quo
980 4519 1163 4572 omnis
1186 4519 1482 4573 aedificatio
1511 4525 1832 4574 constructa
1859 4518 2057 4573 crescit

453 4604 512 4659 in
540 4608 814 4678 templum
843 4612 1097 4661 sanctum
1139 4607 1197 4660 in
1226 4607 1465 4661 Domino
1487 4609 1695 4676 (Ephes.
1728 4614 1808 4673 II}.

523 4695 796 4766 Josaphat
822 4701 1011 4751 autem
1034 4695 1250 4767 ingenti
1280 4696 1453 4759 animi
1474 4695 1902 4767 compunctione
1923 4695 2055 4749 affe-

454 4788 595 4843 ctus,
641 4785 815 4839 dixit:
849 4786 980 4839 Haec
1009 4785 1220 4839 scilicet
1255 4784 1447 4839 omnia
1492 4784 1611 4856 ipse
1653 4800 1875 4854 quoque
1910 4783 2054 4837 scire

453 4872 716 4940 gestiens,
748 4873 847 4927 abs
870 4879 927 4927 te
958 4880 1106 4945 peto,
1138 4880 1202 4928 ut
1223 4880 1279 4928 et
1305 4874 1506 4928 divinae
1523 4872 1715 4943 gloria:
1733 4871 1973 4937 divitias,
1997 4875 2056 4925 et

454 4957 630 5028 ipsius
652 4962 913 5030 potentiae
942 4963 1327 5018 excellentiam
1358 4962 1495 5016 mihi
1524 4962 1791 5016 declares.

524 5047 674 5102 Dixit
702 5056 891 5104 autem
923 5052 994 5105 ad
1031 5052 1217 5123 ipsum
1256 5052 1515 5106 Barlaam
1548 5069 1560 5104 :
1602 5052 1781 5105 Deum
1819 5049 2049 5120 supplex

453 5152 590 5207 rogo
618 5145 682 5191 ut
708 5138 828 5192 haec
855 5147 910 5193 te
939 5140 1155 5203 doceat,
1189 5146 1358 5211 atque
1388 5139 1712 5209 hujusmodi
1743 5155 1932 5193 rerum
1963 5154 2050 5192 co-

452 5224 761 5296 gnitionem
792 5226 979 5282 animo
1014 5233 1113 5283 tuo
1148 5229 1379 5284 inserat.
1408 5228 1874 5299 Quandoquidem
1900 5229 2050 5299 apud

453 5314 709 5368 homines
728 5314 905 5385 ipsius
916 5317 1096 5386 gloria
1113 5333 1177 5371 ac
1197 5318 1445 5387 potentia
1461 5319 1614 5371 nullo
1627 5318 1791 5371 modo
1812 5332 2052 5370 comme-

453 5403 664 5458 morari
683 5409 885 5474 potest,
913 5405 1163 5475 quamvis
1183 5406 1355 5460 etiam
1383 5423 1576 5461 omnes
1596 5405 1846 5460 Omnium
1869 5405 2046 5458 homi-

451 5510 606 5557 num,
625 5499 742 5547 tam
759 5493 856 5565 qui
871 5509 1021 5548 nunc
1033 5500 1166 5548 sunt
1184 5510 1352 5564 quam
1365 5495 1463 5565 qui
1483 5495 1784 5566 aliquando
1794 5493 2039 5558 fuerunt,
2072 5490 2083 5496 ’

449 5583 656 5653 linguae
687 5582 745 5638 in
766 5598 939 5637 unum
960 5588 1176 5637 coeant.
1202 5583 1380 5637 Deum
1402 5584 1572 5650 enim,
1598 5583 1785 5655 inquit
1806 5597 2044 5654 evange-

2136 4532 2325 4571 rerum
2344 4514 2594 4569 omnium
2606 4513 2956 4567 conditarum
2979 4517 3321 4567 structuram
3339 4517 3503 4583 atque
3513 4520 3702 4565 conser-

2136 4604 2416 4658 vationem
2448 4600 2809 4663 consideravi,
2861 4617 3064 4672 nempe
3097 4601 3247 4671 quod
3281 4605 3477 4672 suapte
3503 4595 3699 4669 quidem

2135 4698 2340 4746 natura
2364 4695 2563 4747 cuncta
2590 4688 2889 4744 mutationi
2918 4694 3088 4759 atque
3114 4688 3461 4743 conversioni
3482 4684 3702 4754 subjecta

2135 4786 2285 4845 sunt,
2312 4779 2578 4834 nimirum
2608 4795 2674 4832 ea
2707 4794 2831 4850 quae
2860 4784 3047 4832 mente
3073 4778 3315 4849 praedita
3341 4782 3487 4839 sunt,
3512 4773 3700 4830 ratione

2133 4868 2454 4933 voluntatis,
2499 4883 2940 4938 progressusque
2985 4866 3042 4921 in
3071 4865 3218 4920 bono
3267 4872 3368 4921 aut
3411 4879 3640 4919 recessus
3674 4875 3701 4911 a

2138 4965 2309 5025 bono;
2343 4975 2409 5012 ea
2423 4962 2609 5011 autem
2632 4974 2755 5028 quae
2773 4957 2831 5011 in
2851 4972 3075 5011 sensum
3093 4956 3323 5020 cadunt,
3344 4955 3553 5009 ratione
3568 4954 3701 5005 ortus

2132 5054 2190 5102 et
2207 5048 2492 5112 interitus,
2516 5046 2976 5116 accretionisque,
3003 5050 3060 5099 et
3085 5044 3513 5107 imminutionis,
3533 5045 3585 5095 et
3601 5052 3703 5093 mu-

2130 5137 2362 5192 tationis
2390 5137 2512 5206 ejus
2539 5152 2664 5206 qua:
2684 5136 2741 5190 in
2768 5134 3039 5206 qualitate
3067 5134 3251 5205 posita
3278 5139 3384 5197 est,
3408 5148 3472 5186 ac
3489 5129 3701 5197 denique

2130 5226 2324 5280 localis
2342 5232 2546 5280 motus.
2581 5226 2661 5279 Ac
2687 5240 2789 5295 per
2816 5240 2884 5278 ea
2914 5223 3101 5277 tacitis
3136 5221 3469 5293 quibusdam
3498 5216 3700 5272 vocibus

2132 5315 2438 5386 praedicant
2474 5329 2534 5368 se
2561 5331 2596 5368 a
2624 5314 2739 5367 Deo
2755 5318 3006 5367 creatore
3022 5328 3087 5366 ac
3112 5310 3443 5366 mutationis
3466 5306 3633 5363 omnis
3654 5307 3702 5356 et

2127 5403 2505 5458 conversionis
2528 5407 2752 5475 experte
2775 5407 3066 5473 procreata
3094 5417 3233 5467 esse,
3268 5405 3439 5471 atque
3453 5389 3698 5452 contineri

2128 5498 2186 5547 et
2213 5492 2547 5560 conservari,
2580 5506 2912 5562 semperque
2938 5489 3261 5561 gubernari.
3293 5490 3545 5553 Quonam
3568 5480 3698 5536 enim

2127 5581 2337 5653 alioqui
2366 5581 2532 5636 modo
2569 5586 2785 5636 naturae
2817 5579 2966 5634 inter
2993 5595 3054 5634 se
3093 5582 3409 5650 pugnantes
3448 5575 3517 5630 ad
3552 5568 3697 5632 unius
