  <div class='ocr_page' id='page_1' title='image "/cluster/home/n/w/nwhite01/storage/ocr_20150623/73/hvd.32044054758776/260.png"; bbox 0 0 3876 6190; ppageno 0'>
   <div class='ocr_carea' id='block_1_1' title="bbox 199 307 3418 403">
    <p class='ocr_par' dir='ltr' id='par_1_1' title="bbox 199 307 3418 403">
     <span class='ocr_line' id='line_1_1' title="bbox 199 307 3418 403; baseline 0.006 -38"><span class='ocrx_word' id='word_1_1' title='bbox 199 307 285 367; x_wconf 78' lang='lat'>509</span> <span class='ocrx_word' id='word_1_2' title='bbox 549 308 714 364; x_wconf 87' lang='lat' dir='ltr'><strong>VITA</strong></span> <span class='ocrx_word' id='word_1_3' title='bbox 752 309 1196 371; x_wconf 85' lang='lat' dir='ltr'>SANCTORUM</span> <span class='ocrx_word' id='word_1_4' title='bbox 1231 317 1579 374; x_wconf 84' lang='lat' dir='ltr'>BARLAAM</span> <span class='ocrx_word' id='word_1_5' title='bbox 1615 318 1954 377; x_wconf 66' lang='lat' dir='ltr'>EREMITIE</span> <span class='ocrx_word' id='word_1_6' title='bbox 1991 320 2082 377; x_wconf 79' lang='lat' dir='ltr'>EI‘</span> <span class='ocrx_word' id='word_1_7' title='bbox 2117 320 2484 403; x_wconf 57' lang='lat' dir='ltr'>JOSAPQAT</span> <span class='ocrx_word' id='word_1_8' title='bbox 2520 323 2746 379; x_wconf 73' lang='lat' dir='ltr'><strong>INDIE</strong></span> <span class='ocrx_word' id='word_1_9' title='bbox 2783 324 3017 382; x_wconf 87' lang='lat' dir='ltr'>REGIS.</span> <span class='ocrx_word' id='word_1_10' title='bbox 3312 324 3418 385; x_wconf 83' lang='grc'>510</span> 
     </span>
    </p>
   </div>
   <div class='ocr_carea' id='block_1_2' title="bbox 196 434 3414 525">
    <p class='ocr_par' dir='ltr' id='par_1_2' title="bbox 196 434 3414 525">
     <span class='ocr_line' id='line_1_2' title="bbox 196 434 3414 525; baseline 0.007 -39"><span class='ocrx_word' id='word_1_11' title='bbox 196 434 361 488; x_wconf 89' lang='lat' dir='ltr'>mundi</span> <span class='ocrx_word' id='word_1_12' title='bbox 387 439 635 489; x_wconf 88' lang='lat' dir='ltr'>ornatum</span> <span class='ocrx_word' id='word_1_13' title='bbox 665 436 925 492; x_wconf 87' lang='lat' dir='ltr'>omnibus</span> <span class='ocrx_word' id='word_1_14' title='bbox 954 441 1204 497; x_wconf 82' lang='lat' dir='ltr'>numeris</span> <span class='ocrx_word' id='word_1_15' title='bbox 1246 443 1645 501; x_wconf 85' lang='lat' dir='ltr'>absolvendum</span> <span class='ocrx_word' id='word_1_16' title='bbox 1674 446 1732 501; x_wconf 90' lang='lat' dir='ltr'>in</span> <span class='ocrx_word' id='word_1_17' title='bbox 1749 448 1797 508; x_wconf 82' lang='grc' dir='ltr'>Α</span> <span class='ocrx_word' id='word_1_18' title='bbox 1816 452 1942 518; x_wconf 90' lang='lat' dir='ltr'>pter</span> <span class='ocrx_word' id='word_1_19' title='bbox 1956 448 2365 519; x_wconf 59' lang='lat' dir='ltr'>penitentiam.</span> <span class='ocrx_word' id='word_1_20' title='bbox 2384 448 2679 504; x_wconf 87' lang='lat' dir='ltr'>Neminem</span> <span class='ocrx_word' id='word_1_21' title='bbox 2697 450 2844 504; x_wconf 89' lang='lat' dir='ltr'>enim</span> <span class='ocrx_word' id='word_1_22' title='bbox 2869 452 3017 506; x_wconf 87' lang='lat' dir='ltr'>exiis</span> <span class='ocrx_word' id='word_1_23' title='bbox 3031 453 3126 524; x_wconf 87' lang='lat' dir='ltr'>qui</span> <span class='ocrx_word' id='word_1_24' title='bbox 3142 452 3212 507; x_wconf 88' lang='lat' dir='ltr'>ad</span> <span class='ocrx_word' id='word_1_25' title='bbox 3230 452 3414 525; x_wconf 90' lang='lat' dir='ltr'>ipsum</span> 
     </span>
    </p>
   </div>
   <div class='ocr_carea' id='block_1_3' title="bbox 195 523 3417 606">
    <p class='ocr_par' dir='ltr' id='par_1_3' title="bbox 195 523 3417 606">
     <span class='ocr_line' id='line_1_3' title="bbox 195 523 3417 606; baseline 0.007 -31"><span class='ocrx_word' id='word_1_26' title='bbox 195 540 339 577; x_wconf 86' lang='lat' dir='ltr'>unum</span> <span class='ocrx_word' id='word_1_27' title='bbox 356 523 704 584; x_wconf 83' lang='lat' dir='ltr'>coiissent,ac</span> <span class='ocrx_word' id='word_1_28' title='bbox 723 525 1106 584; x_wconf 87' lang='lat' dir='ltr'>dissolutionis</span> <span class='ocrx_word' id='word_1_29' title='bbox 1130 537 1383 603; x_wconf 81' lang='lat' dir='ltr'>expertes</span> <span class='ocrx_word' id='word_1_30' title='bbox 1404 536 1731 606; x_wconf 88' lang='lat' dir='ltr'>permansis-</span> <span class='ocrx_word' id='word_1_31' title='bbox 1820 542 2138 605; x_wconf 86' lang='lat' dir='ltr'>accurrunt,</span> <span class='ocrx_word' id='word_1_32' title='bbox 2172 543 2510 604; x_wconf 83' lang='lat' dir='ltr'>exsecratur,</span> <span class='ocrx_word' id='word_1_33' title='bbox 2543 554 2645 592; x_wconf 91' lang='lat' dir='ltr'>nec</span> <span class='ocrx_word' id='word_1_34' title='bbox 2691 546 2982 595; x_wconf 82' lang='lat' dir='ltr'>aversatur</span> <span class='ocrx_word' id='word_1_35' title='bbox 3010 542 3161 596; x_wconf 88' lang='lat' dir='ltr'>solus</span> <span class='ocrx_word' id='word_1_36' title='bbox 3192 542 3287 596; x_wconf 91' lang='lat' dir='ltr'>ille</span> <span class='ocrx_word' id='word_1_37' title='bbox 3314 542 3417 597; x_wconf 86' lang='lat' dir='ltr'>bo-</span> 
     </span>
    </p>
   </div>
   <div class='ocr_carea' id='block_1_4' title="bbox 193 612 3415 700">
    <p class='ocr_par' dir='ltr' id='par_1_4' title="bbox 193 612 3415 700">
     <span class='ocr_line' id='line_1_4' title="bbox 193 612 3415 700; baseline 0.006 -35"><span class='ocrx_word' id='word_1_38' title='bbox 193 617 308 677; x_wconf 87' lang='lat' dir='ltr'>sent,</span> <span class='ocrx_word' id='word_1_39' title='bbox 333 612 434 665; x_wconf 90' lang='lat' dir='ltr'>nisi</span> <span class='ocrx_word' id='word_1_40' title='bbox 452 612 532 666; x_wconf 90' lang='lat' dir='ltr'>vis</span> <span class='ocrx_word' id='word_1_41' title='bbox 546 614 796 682; x_wconf 81' lang='lat' dir='ltr'>quaedam</span> <span class='ocrx_word' id='word_1_42' title='bbox 817 618 1171 689; x_wconf 89' lang='lat' dir='ltr'>omnipotens</span> <span class='ocrx_word' id='word_1_43' title='bbox 1194 622 1309 677; x_wconf 60' lang='lat' dir='ltr'>hac</span> <span class='ocrx_word' id='word_1_44' title='bbox 1328 628 1384 676; x_wconf 89' lang='lat' dir='ltr'>et</span> <span class='ocrx_word' id='word_1_45' title='bbox 1402 625 1731 695; x_wconf 88' lang='lat' dir='ltr'>c0pulasset,</span> <span class='ocrx_word' id='word_1_46' title='bbox 1818 643 1943 693; x_wconf 90' lang='lat' dir='ltr'>nus,</span> <span class='ocrx_word' id='word_1_47' title='bbox 1969 632 2139 698; x_wconf 89' lang='lat' dir='ltr'>atque</span> <span class='ocrx_word' id='word_1_48' title='bbox 2156 627 2474 681; x_wconf 89' lang='lat' dir='ltr'>animorum</span> <span class='ocrx_word' id='word_1_49' title='bbox 2498 643 2695 682; x_wconf 89' lang='lat' dir='ltr'>amans</span> <span class='ocrx_word' id='word_1_50' title='bbox 2715 628 2986 684; x_wconf 86' lang='lat' dir='ltr'>Dominus</span> <span class='ocrx_word' id='word_1_51' title='bbox 3010 629 3159 700; x_wconf 84' lang='lat' dir='ltr'>(Sap.</span> <span class='ocrx_word' id='word_1_52' title='bbox 3176 640 3274 694; x_wconf 82' lang='lat' dir='ltr'>xi).</span> <span class='ocrx_word' id='word_1_53' title='bbox 3307 631 3415 685; x_wconf 90' lang='lat' dir='ltr'>Be-</span> 
     </span>
    </p>
   </div>
   <div class='ocr_carea' id='block_1_5' title="bbox 191 701 3414 788">
    <p class='ocr_par' dir='ltr' id='par_1_5' title="bbox 191 701 3414 788">
     <span class='ocr_line' id='line_1_5' title="bbox 191 701 3414 788; baseline 0.007 -37"><span class='ocrx_word' id='word_1_54' title='bbox 191 708 237 753; x_wconf 84' lang='lat' dir='ltr'>et</span> <span class='ocrx_word' id='word_1_55' title='bbox 254 716 493 771; x_wconf 87' lang='lat' dir='ltr'>sempera</span> <span class='ocrx_word' id='word_1_56' title='bbox 505 701 867 758; x_wconf 86' lang='lat' dir='ltr'>dissolutione</span> <span class='ocrx_word' id='word_1_57' title='bbox 888 706 1073 761; x_wconf 87' lang='lat' dir='ltr'>aliena</span> <span class='ocrx_word' id='word_1_58' title='bbox 1091 717 1462 767; x_wconf 81' lang='lat' dir='ltr'>conservaret.</span> <span class='ocrx_word' id='word_1_59' title='bbox 1478 712 1734 776; x_wconf 84' lang='lat' dir='ltr'>Quonam</span> <span class='ocrx_word' id='word_1_60' title='bbox 1817 716 2103 770; x_wconf 90' lang='lat' dir='ltr'>nedictum</span> <span class='ocrx_word' id='word_1_61' title='bbox 2124 716 2199 770; x_wconf 85' lang='lat' dir='ltr'>sit</span> <span class='ocrx_word' id='word_1_62' title='bbox 2218 732 2422 771; x_wconf 89' lang='lat' dir='ltr'>nomen</span> <span class='ocrx_word' id='word_1_63' title='bbox 2440 715 2633 786; x_wconf 79' lang='lat' dir='ltr'>gloriae</span> <span class='ocrx_word' id='word_1_64' title='bbox 2652 717 2827 788; x_wconf 89' lang='lat' dir='ltr'>ipsius</span> <span class='ocrx_word' id='word_1_65' title='bbox 2838 724 3113 785; x_wconf 88' lang='lat' dir='ltr'>sanctum,</span> <span class='ocrx_word' id='word_1_66' title='bbox 3139 725 3197 774; x_wconf 92' lang='lat' dir='ltr'>et</span> <span class='ocrx_word' id='word_1_67' title='bbox 3215 720 3414 774; x_wconf 89' lang='lat' dir='ltr'>lauda-</span> 
     </span>
    </p>
   </div>
   <div class='ocr_carea' id='block_1_6' title="bbox 187 788 3409 878">
    <p class='ocr_par' dir='ltr' id='par_1_6' title="bbox 187 788 3409 878">
     <span class='ocr_line' id='line_1_6' title="bbox 187 788 3409 878; baseline 0.007 -38"><span class='ocrx_word' id='word_1_68' title='bbox 187 788 308 842; x_wconf 86' lang='lat' dir='ltr'>enim</span> <span class='ocrx_word' id='word_1_69' title='bbox 334 794 505 858; x_wconf 81' lang='lat' dir='ltr'>pacto.</span> <span class='ocrx_word' id='word_1_70' title='bbox 538 790 643 844; x_wconf 90' lang='lat' dir='ltr'>nisi</span> <span class='ocrx_word' id='word_1_71' title='bbox 672 792 931 848; x_wconf 86' lang='lat' dir='ltr'>voluntas</span> <span class='ocrx_word' id='word_1_72' title='bbox 953 795 1128 867; x_wconf 89' lang='lat' dir='ltr'>ipsius</span> <span class='ocrx_word' id='word_1_73' title='bbox 1156 797 1238 852; x_wconf 90' lang='lat' dir='ltr'>ita</span> <span class='ocrx_word' id='word_1_74' title='bbox 1264 800 1504 867; x_wconf 87' lang='lat' dir='ltr'>tulisset,</span> <span class='ocrx_word' id='word_1_75' title='bbox 1521 802 1734 874; x_wconf 89' lang='lat' dir='ltr'>aliquid</span> <span class='ocrx_word' id='word_1_76' title='bbox 1814 803 1944 871; x_wconf 90' lang='lat' dir='ltr'>bile,</span> <span class='ocrx_word' id='word_1_77' title='bbox 1967 810 2023 859; x_wconf 85' lang='lat' dir='ltr'>et</span> <span class='ocrx_word' id='word_1_78' title='bbox 2048 805 2581 876; x_wconf 88' lang='lat' dir='ltr'>superexaltatatum</span> <span class='ocrx_word' id='word_1_79' title='bbox 2603 805 2662 859; x_wconf 91' lang='lat' dir='ltr'>in</span> <span class='ocrx_word' id='word_1_80' title='bbox 2683 807 2904 861; x_wconf 70' lang='lat' dir='ltr'>saecula.</span> <span class='ocrx_word' id='word_1_81' title='bbox 2928 808 3141 878; x_wconf 88' lang='lat' dir='ltr'>Amen(</span> <span class='ocrx_word' id='word_1_82' title='bbox 3149 811 3287 863; x_wconf 86' lang='lat' dir='ltr'>Dan.</span> <span class='ocrx_word' id='word_1_83' title='bbox 3305 812 3409 876; x_wconf 87' lang='lat' dir='ltr'>m).</span> 
     </span>
    </p>
   </div>
   <div class='ocr_carea' id='block_1_7' title="bbox 186 877 3410 968">
    <p class='ocr_par' dir='ltr' id='par_1_7' title="bbox 186 877 3410 968">
     <span class='ocr_line' id='line_1_7' title="bbox 186 877 3410 968; baseline 0.007 -40"><span class='ocrx_word' id='word_1_84' title='bbox 186 877 445 931; x_wconf 85' lang='lat' dir='ltr'>mansisset</span> <span class='ocrx_word' id='word_1_85' title='bbox 462 878 488 930; x_wconf 65' lang='grc' dir='ltr'><em>ἲ</em></span> <span class='ocrx_word' id='word_1_86' title='bbox 515 884 613 933; x_wconf 88' lang='lat' dir='ltr'>aut</span> <span class='ocrx_word' id='word_1_87' title='bbox 632 896 877 951; x_wconf 87' lang='lat' dir='ltr'>quonam</span> <span class='ocrx_word' id='word_1_88' title='bbox 915 889 1099 955; x_wconf 89' lang='lat' dir='ltr'>pacto,</span> <span class='ocrx_word' id='word_1_89' title='bbox 1123 890 1189 940; x_wconf 91' lang='lat' dir='ltr'>ut</span> <span class='ocrx_word' id='word_1_90' title='bbox 1225 888 1527 960; x_wconf 73' lang='lat' dir='ltr'>Scripturze</span> <span class='ocrx_word' id='word_1_91' title='bbox 1550 891 1733 947; x_wconf 88' lang='lat' dir='ltr'>verbis</span> <span class='ocrx_word' id='word_1_92' title='bbox 1887 894 2019 948; x_wconf 73' lang='lat' dir='ltr'>CAP.</span> <span class='ocrx_word' id='word_1_93' title='bbox 2052 895 2253 949; x_wconf 83' lang='lat' dir='ltr'><strong>XVIII.</strong></span> <span class='ocrx_word' id='word_1_94' title='bbox 2292 921 2346 931; x_wconf 90' lang='lat'>-—</span> <span class='ocrx_word' id='word_1_95' title='bbox 2372 893 2525 949; x_wconf 88' lang='lat' dir='ltr'>Dixit</span> <span class='ocrx_word' id='word_1_96' title='bbox 2551 898 2741 948; x_wconf 88' lang='lat' dir='ltr'>autem</span> <span class='ocrx_word' id='word_1_97' title='bbox 2776 896 2846 949; x_wconf 88' lang='lat' dir='ltr'>ad</span> <span class='ocrx_word' id='word_1_98' title='bbox 2867 912 2994 950; x_wconf 91' lang='lat' dir='ltr'>eum</span> <span class='ocrx_word' id='word_1_99' title='bbox 3013 897 3283 968; x_wconf 88' lang='lat' dir='ltr'>Josaphat</span> <span class='ocrx_word' id='word_1_100' title='bbox 3306 915 3317 949; x_wconf 91' lang='lat'>:</span> <span class='ocrx_word' id='word_1_101' title='bbox 3351 897 3410 952; x_wconf 90' lang='lat' dir='ltr'>Si</span> 
     </span>
    </p>
   </div>
   <div class='ocr_carea' id='block_1_8' title="bbox 184 967 3412 1057">
    <p class='ocr_par' dir='ltr' id='par_1_8' title="bbox 184 967 3412 1057">
     <span class='ocr_line' id='line_1_8' title="bbox 184 967 3412 1057; baseline 0.007 -38"><span class='ocrx_word' id='word_1_102' title='bbox 184 972 301 1030; x_wconf 85' lang='lat' dir='ltr'>utar,</span> <span class='ocrx_word' id='word_1_103' title='bbox 328 967 466 1036; x_wconf 90' lang='lat' dir='ltr'>quod</span> <span class='ocrx_word' id='word_1_104' title='bbox 512 967 581 1022; x_wconf 90' lang='lat' dir='ltr'>ab</span> <span class='ocrx_word' id='word_1_105' title='bbox 615 986 680 1023; x_wconf 92' lang='lat' dir='ltr'>eo</span> <span class='ocrx_word' id='word_1_106' title='bbox 718 971 951 1027; x_wconf 87' lang='lat' dir='ltr'>minime</span> <span class='ocrx_word' id='word_1_107' title='bbox 981 979 1236 1030; x_wconf 88' lang='lat' dir='ltr'>vocatum</span> <span class='ocrx_word' id='word_1_108' title='bbox 1277 983 1379 1042; x_wconf 86' lang='lat' dir='ltr'>est,</span> <span class='ocrx_word' id='word_1_109' title='bbox 1415 981 1731 1035; x_wconf 89' lang='lat' dir='ltr'>conservari</span> <span class='ocrx_word' id='word_1_110' title='bbox 1814 982 2082 1038; x_wconf 91' lang='lat' dir='ltr'>diuturno</span> <span class='ocrx_word' id='word_1_111' title='bbox 2116 988 2369 1055; x_wconf 89' lang='lat' dir='ltr'>tempore</span> <span class='ocrx_word' id='word_1_112' title='bbox 2397 988 2584 1038; x_wconf 88' lang='lat' dir='ltr'>tecum</span> <span class='ocrx_word' id='word_1_113' title='bbox 2617 988 2958 1054; x_wconf 77' lang='lat' dir='ltr'>reputasses,</span> <span class='ocrx_word' id='word_1_114' title='bbox 2987 985 3073 1039; x_wconf 90' lang='lat' dir='ltr'>vir</span> <span class='ocrx_word' id='word_1_115' title='bbox 3118 986 3412 1057; x_wconf 87' lang='lat' dir='ltr'>sapientis-</span> 
     </span>
    </p>
   </div>
   <div class='ocr_carea' id='block_1_9' title="bbox 184 1053 1715 1144">
    <p class='ocr_par' dir='ltr' id='par_1_9' title="bbox 184 1053 459 1123">
     <span class='ocr_line' id='line_1_9' title="bbox 184 1053 459 1123; baseline 0.004 -16"><span class='ocrx_word' id='word_1_116' title='bbox 184 1053 417 1123; x_wconf 87' lang='lat' dir='ltr'>potuisset</span> <span class='ocrx_word' id='word_1_117' title='bbox 434 1054 459 1107; x_wconf 75' lang='lat'><strong><em>7</em></strong></span> 
     </span>
    </p>
   </div>
   <div class='ocr_carea' id='block_1_10' title="bbox 1879 1053 3410 1144">
    <p class='ocr_par' dir='ltr' id='par_1_10' title="bbox 1879 1053 3410 1144">
     <span class='ocr_line' id='line_1_10' title="bbox 1879 1053 3410 1144; baseline 0.002 -19"><span class='ocrx_word' id='word_1_118' title='bbox 1879 1088 1969 1137; x_wconf 89' lang='lat' dir='ltr'>ne,</span> <span class='ocrx_word' id='word_1_119' title='bbox 1994 1053 2422 1144; x_wconf 35' lang='lat' dir='ltr'>quonam&#39;pacto</span> <span class='ocrx_word' id='word_1_120' title='bbox 2441 1072 2854 1144; x_wconf 89' lang='lat' dir='ltr'>propositarum</span> <span class='ocrx_word' id='word_1_121' title='bbox 2876 1074 3246 1144; x_wconf 71' lang='lat' dir='ltr'>quaestionum</span> <span class='ocrx_word' id='word_1_122' title='bbox 3265 1075 3410 1128; x_wconf 90' lang='lat' dir='ltr'>solu-</span> 
     </span>
    </p>
   </div>
   <div class='ocr_carea' id='block_1_11' title="bbox 236 1142 3409 1233">
    <p class='ocr_par' dir='ltr' id='par_1_11' title="bbox 236 1142 3409 1233">
     <span class='ocr_line' id='line_1_11' title="bbox 236 1142 3409 1233; baseline 0.007 -38"><span class='ocrx_word' id='word_1_123' title='bbox 236 1142 359 1196; x_wconf 85' lang='lat' dir='ltr'>Nam</span> <span class='ocrx_word' id='word_1_124' title='bbox 388 1159 511 1198; x_wconf 90' lang='lat' dir='ltr'>cum</span> <span class='ocrx_word' id='word_1_125' title='bbox 554 1145 711 1200; x_wconf 85' lang='lat' dir='ltr'>navis</span> <span class='ocrx_word' id='word_1_126' title='bbox 756 1154 972 1204; x_wconf 88' lang='lat' dir='ltr'>remoto</span> <span class='ocrx_word' id='word_1_127' title='bbox 1015 1151 1393 1222; x_wconf 83' lang='lat' dir='ltr'>gubernatore</span> <span class='ocrx_word' id='word_1_128' title='bbox 1425 1158 1730 1215; x_wconf 83' lang='lat' dir='ltr'>consistere</span> <span class='ocrx_word' id='word_1_129' title='bbox 1810 1142 2953 1233; x_wconf 75' lang='lat' dir='ltr'>tionemmihiperspicuamredderesmeo</span> <span class='ocrx_word' id='word_1_130' title='bbox 2967 1161 3409 1233; x_wconf 89' lang='lat' dir='ltr'>quidemjudicio</span> 
     </span>
    </p>
   </div>
   <div class='ocr_carea' id='block_1_12' title="bbox 181 1236 3408 1323">
    <p class='ocr_par' dir='ltr' id='par_1_12' title="bbox 181 1236 3408 1323">
     <span class='ocr_line' id='line_1_12' title="bbox 181 1236 3408 1323; baseline 0.007 -40"><span class='ocrx_word' id='word_1_131' title='bbox 181 1237 401 1301; x_wconf 84' lang='lat' dir='ltr'>nequeat,</span> <span class='ocrx_word' id='word_1_132' title='bbox 434 1249 627 1288; x_wconf 82' lang='lat' dir='ltr'>verum</span> <span class='ocrx_word' id='word_1_133' title='bbox 647 1236 837 1291; x_wconf 87' lang='lat' dir='ltr'>statim</span> <span class='ocrx_word' id='word_1_134' title='bbox 866 1255 1092 1311; x_wconf 90' lang='lat' dir='ltr'>pessum</span> <span class='ocrx_word' id='word_1_135' title='bbox 1116 1248 1237 1310; x_wconf 86' lang='lat' dir='ltr'>eat;</span> <span class='ocrx_word' id='word_1_136' title='bbox 1276 1260 1378 1299; x_wconf 90' lang='lat' dir='ltr'>nec</span> <span class='ocrx_word' id='word_1_137' title='bbox 1399 1247 1532 1314; x_wconf 90' lang='lat' dir='ltr'>ulla,</span> <span class='ocrx_word' id='word_1_138' title='bbox 1553 1265 1727 1319; x_wconf 86' lang='lat' dir='ltr'>quan-</span> <span class='ocrx_word' id='word_1_139' title='bbox 1808 1248 1867 1303; x_wconf 91' lang='lat' dir='ltr'>id</span> <span class='ocrx_word' id='word_1_140' title='bbox 1888 1249 2089 1303; x_wconf 92' lang='lat' dir='ltr'>melius</span> <span class='ocrx_word' id='word_1_141' title='bbox 2108 1255 2375 1321; x_wconf 70' lang='lat' dir='ltr'>praestare</span> <span class='ocrx_word' id='word_1_142' title='bbox 2396 1267 2507 1305; x_wconf 91' lang='lat' dir='ltr'>non</span> <span class='ocrx_word' id='word_1_143' title='bbox 2530 1251 2826 1323; x_wconf 87' lang='lat' dir='ltr'>potuisses,</span> <span class='ocrx_word' id='word_1_144' title='bbox 2844 1268 3012 1322; x_wconf 91' lang='lat' dir='ltr'>quam</span> <span class='ocrx_word' id='word_1_145' title='bbox 3034 1267 3101 1305; x_wconf 87' lang='lat' dir='ltr'>ea</span> <span class='ocrx_word' id='word_1_146' title='bbox 3121 1251 3408 1322; x_wconf 69' lang='lat' dir='ltr'>mihi,quie</span> 
     </span>
    </p>
   </div>
   <div class='ocr_carea' id='block_1_13' title="bbox 177 1319 3409 1411">
    <p class='ocr_par' dir='ltr' id='par_1_13' title="bbox 177 1319 3409 1411">
     <span class='ocr_line' id='line_1_13' title="bbox 177 1319 3409 1411; baseline 0.007 -40"><span class='ocrx_word' id='word_1_147' title='bbox 177 1319 400 1374; x_wconf 85' lang='lat' dir='ltr'>tumlibet</span> <span class='ocrx_word' id='word_1_148' title='bbox 418 1321 633 1392; x_wconf 84' lang='lat' dir='ltr'>exigua,</span> <span class='ocrx_word' id='word_1_149' title='bbox 658 1324 859 1381; x_wconf 88' lang='lat' dir='ltr'>domus</span> <span class='ocrx_word' id='word_1_150' title='bbox 880 1333 1031 1384; x_wconf 89' lang='lat' dir='ltr'>stare</span> <span class='ocrx_word' id='word_1_151' title='bbox 1068 1333 1262 1403; x_wconf 87' lang='lat' dir='ltr'>possit,</span> <span class='ocrx_word' id='word_1_152' title='bbox 1288 1335 1397 1389; x_wconf 89' lang='lat' dir='ltr'>nisi</span> <span class='ocrx_word' id='word_1_153' title='bbox 1428 1337 1504 1391; x_wconf 91' lang='lat' dir='ltr'>sit</span> <span class='ocrx_word' id='word_1_154' title='bbox 1524 1337 1727 1409; x_wconf 89' lang='lat' dir='ltr'>aliquis</span> <span class='ocrx_word' id='word_1_155' title='bbox 1810 1353 1961 1393; x_wconf 91' lang='lat' dir='ltr'>nunc</span> <span class='ocrx_word' id='word_1_156' title='bbox 1979 1340 2286 1410; x_wconf 80' lang='lat' dir='ltr'>exposuisti</span> <span class='ocrx_word' id='word_1_157' title='bbox 2305 1356 2752 1394; x_wconf 87' lang='lat' dir='ltr'>commemorans</span> <span class='ocrx_word' id='word_1_158' title='bbox 2775 1358 2786 1392; x_wconf 90' lang='lat'><strong>:</strong></span> <span class='ocrx_word' id='word_1_159' title='bbox 2812 1340 3017 1411; x_wconf 89' lang='lat' dir='ltr'>quippe</span> <span class='ocrx_word' id='word_1_160' title='bbox 3039 1339 3134 1411; x_wconf 92' lang='lat' dir='ltr'>qui</span> <span class='ocrx_word' id='word_1_161' title='bbox 3155 1339 3409 1394; x_wconf 89' lang='lat' dir='ltr'>omnium</span> 
     </span>
    </p>
   </div>
   <div class='ocr_carea' id='block_1_14' title="bbox 179 1408 3407 1498">
    <p class='ocr_par' dir='ltr' id='par_1_14' title="bbox 179 1408 3407 1498">
     <span class='ocr_line' id='line_1_14' title="bbox 179 1408 3407 1498; baseline 0.007 -38"><span class='ocrx_word' id='word_1_162' title='bbox 179 1408 251 1477; x_wconf 86' lang='lat' dir='ltr'>qui</span> <span class='ocrx_word' id='word_1_163' title='bbox 268 1409 428 1478; x_wconf 90' lang='lat' dir='ltr'>ipsius</span> <span class='ocrx_word' id='word_1_164' title='bbox 449 1427 641 1466; x_wconf 89' lang='lat' dir='ltr'>curam</span> <span class='ocrx_word' id='word_1_165' title='bbox 660 1421 841 1483; x_wconf 85' lang='lat' dir='ltr'>gerat,</span> <span class='ocrx_word' id='word_1_166' title='bbox 866 1433 1108 1488; x_wconf 89' lang='lat' dir='ltr'>quonam</span> <span class='ocrx_word' id='word_1_167' title='bbox 1132 1422 1359 1478; x_wconf 85' lang='lat' dir='ltr'>tandem</span> <span class='ocrx_word' id='word_1_168' title='bbox 1375 1431 1536 1495; x_wconf 89' lang='lat' dir='ltr'>pacto</span> <span class='ocrx_word' id='word_1_169' title='bbox 1558 1408 1724 1482; x_wconf 90' lang='lat' dir='ltr'>mun-</span> <span class='ocrx_word' id='word_1_170' title='bbox 1810 1408 2258 1498; x_wconf 48' lang='lat' dir='ltr'>quidem—rerum</span> <span class='ocrx_word' id='word_1_171' title='bbox 2306 1430 2622 1483; x_wconf 79' lang='lat' dir='ltr'>eﬂectorem</span> <span class='ocrx_word' id='word_1_172' title='bbox 2664 1434 2722 1482; x_wconf 91' lang='lat' dir='ltr'>et</span> <span class='ocrx_word' id='word_1_173' title='bbox 2749 1434 3199 1483; x_wconf 83' lang='lat' dir='ltr'>conservatorem</span> <span class='ocrx_word' id='word_1_174' title='bbox 3228 1428 3407 1483; x_wconf 90' lang='lat' dir='ltr'>Deum</span> 
     </span>
    </p>
   </div>
   <div class='ocr_carea' id='block_1_15' title="bbox 178 1496 3404 1589">
    <p class='ocr_par' dir='ltr' id='par_1_15' title="bbox 178 1496 3404 1589">
     <span class='ocr_line' id='line_1_15' title="bbox 178 1496 3404 1589; baseline 0.007 -40"><span class='ocrx_word' id='word_1_175' title='bbox 178 1496 270 1561; x_wconf 82' lang='lat' dir='ltr'>dus,</span> <span class='ocrx_word' id='word_1_176' title='bbox 289 1513 418 1569; x_wconf 82' lang='lat' dir='ltr'>Opus</span> <span class='ocrx_word' id='word_1_177' title='bbox 430 1515 608 1571; x_wconf 89' lang='lat' dir='ltr'>usque</span> <span class='ocrx_word' id='word_1_178' title='bbox 622 1503 760 1558; x_wconf 89' lang='lat' dir='ltr'>adeo</span> <span class='ocrx_word' id='word_1_179' title='bbox 788 1504 1004 1577; x_wconf 90' lang='lat' dir='ltr'>ingens,</span> <span class='ocrx_word' id='word_1_180' title='bbox 1022 1514 1190 1580; x_wconf 87' lang='lat' dir='ltr'>atque</span> <span class='ocrx_word' id='word_1_181' title='bbox 1207 1511 1286 1566; x_wconf 89' lang='lat' dir='ltr'>ita</span> <span class='ocrx_word' id='word_1_182' title='bbox 1311 1514 1640 1583; x_wconf 71' lang='lat' dir='ltr'>przeclarum</span> <span class='ocrx_word' id='word_1_183' title='bbox 1670 1522 1728 1571; x_wconf 90' lang='lat' dir='ltr'>et</span> <span class='ocrx_word' id='word_1_184' title='bbox 1808 1496 1931 1570; x_wconf 77' lang='lat' dir='ltr'>esse</span> <span class='ocrx_word' id='word_1_185' title='bbox 1963 1515 2238 1582; x_wconf 88' lang='lat' dir='ltr'>docueris,</span> <span class='ocrx_word' id='word_1_186' title='bbox 2260 1518 2683 1589; x_wconf 87' lang='lat' dir='ltr'>majestatisque</span> <span class='ocrx_word' id='word_1_187' title='bbox 2717 1517 2890 1588; x_wconf 89' lang='lat' dir='ltr'>ipsius</span> <span class='ocrx_word' id='word_1_188' title='bbox 2921 1518 3160 1587; x_wconf 85' lang='lat' dir='ltr'>gloriam</span> <span class='ocrx_word' id='word_1_189' title='bbox 3180 1533 3404 1571; x_wconf 90' lang='lat' dir='ltr'>omnem</span> 
     </span>
    </p>
   </div>
   <div class='ocr_carea' id='block_1_16' title="bbox 177 1585 3407 1677">
    <p class='ocr_par' dir='ltr' id='par_1_16' title="bbox 177 1585 3407 1677">
     <span class='ocr_line' id='line_1_16' title="bbox 177 1585 3407 1677; baseline 0.007 -39"><span class='ocrx_word' id='word_1_190' title='bbox 177 1585 681 1656; x_wconf 84' lang='lat' dir='ltr'>admirandum,sine</span> <span class='ocrx_word' id='word_1_191' title='bbox 696 1593 904 1649; x_wconf 84' lang='lat' dir='ltr'>eximia</span> <span class='ocrx_word' id='word_1_192' title='bbox 915 1596 1103 1668; x_wconf 91' lang='lat' dir='ltr'>aliqua</span> <span class='ocrx_word' id='word_1_193' title='bbox 1119 1603 1175 1653; x_wconf 91' lang='lat' dir='ltr'>et</span> <span class='ocrx_word' id='word_1_194' title='bbox 1205 1599 1419 1672; x_wconf 89' lang='lat' dir='ltr'>ingenti</span> <span class='ocrx_word' id='word_1_195' title='bbox 1435 1608 1603 1675; x_wconf 87' lang='lat' dir='ltr'>atque</span> <span class='ocrx_word' id='word_1_196' title='bbox 1632 1605 1727 1659; x_wconf 88' lang='lat' dir='ltr'>ad-</span> <span class='ocrx_word' id='word_1_197' title='bbox 1808 1605 2013 1658; x_wconf 90' lang='lat' dir='ltr'>mentis</span> <span class='ocrx_word' id='word_1_198' title='bbox 2034 1606 2291 1661; x_wconf 72' lang='lat' dir='ltr'>humanae</span> <span class='ocrx_word' id='word_1_199' title='bbox 2310 1612 2535 1677; x_wconf 86' lang='lat' dir='ltr'>captum</span> <span class='ocrx_word' id='word_1_200' title='bbox 2569 1607 2854 1672; x_wconf 88' lang='lat' dir='ltr'>excedere,</span> <span class='ocrx_word' id='word_1_201' title='bbox 2880 1606 3205 1661; x_wconf 88' lang='lat' dir='ltr'>clarissimis</span> <span class='ocrx_word' id='word_1_202' title='bbox 3231 1606 3407 1660; x_wconf 90' lang='lat' dir='ltr'>ratio-</span> 
     </span>
    </p>
   </div>
   <div class='ocr_carea' id='block_1_17' title="bbox 176 1674 3406 1766">
    <p class='ocr_par' dir='ltr' id='par_1_17' title="bbox 176 1674 3406 1766">
     <span class='ocr_line' id='line_1_17' title="bbox 176 1674 3406 1766; baseline 0.007 -40"><span class='ocrx_word' id='word_1_203' title='bbox 176 1674 1340 1761; x_wconf 87' lang='lat' dir='ltr'>mirandagubernationesapientissimaque</span> <span class='ocrx_word' id='word_1_204' title='bbox 1352 1674 1719 1762; x_wconf 85' lang='lat' dir='ltr'>providentia,</span> <span class='ocrx_word' id='word_1_205' title='bbox 1744 1763 1772 1766; x_wconf 29' lang='grc' dir='ltr'>Ἀ</span> <span class='ocrx_word' id='word_1_206' title='bbox 1807 1693 1972 1748; x_wconf 90' lang='lat' dir='ltr'>nibus</span> <span class='ocrx_word' id='word_1_207' title='bbox 2000 1695 2428 1761; x_wconf 89' lang='lat' dir='ltr'>demonstraris;</span> <span class='ocrx_word' id='word_1_208' title='bbox 2459 1712 2641 1766; x_wconf 88' lang='lat' dir='ltr'>neque</span> <span class='ocrx_word' id='word_1_209' title='bbox 2664 1696 2777 1749; x_wconf 90' lang='lat' dir='ltr'>ulla</span> <span class='ocrx_word' id='word_1_210' title='bbox 2809 1695 2921 1749; x_wconf 90' lang='lat' dir='ltr'>alia</span> <span class='ocrx_word' id='word_1_211' title='bbox 2964 1695 3182 1750; x_wconf 88' lang='lat' dir='ltr'>ratione</span> <span class='ocrx_word' id='word_1_212' title='bbox 3213 1711 3406 1766; x_wconf 91' lang='lat' dir='ltr'>quem-</span> 
     </span>
    </p>
   </div>
   <div class='ocr_carea' id='block_1_18' title="bbox 173 1763 3404 1856">
    <p class='ocr_par' dir='ltr' id='par_1_18' title="bbox 173 1763 3404 1856">
     <span class='ocr_line' id='line_1_18' title="bbox 173 1763 3404 1856; baseline 0.006 -40"><span class='ocrx_word' id='word_1_213' title='bbox 173 1767 262 1816; x_wconf 79' lang='lat' dir='ltr'>tam</span> <span class='ocrx_word' id='word_1_214' title='bbox 277 1765 527 1821; x_wconf 86' lang='lat' dir='ltr'>diuturno</span> <span class='ocrx_word' id='word_1_215' title='bbox 544 1771 812 1841; x_wconf 86' lang='lat' dir='ltr'>temporis</span> <span class='ocrx_word' id='word_1_216' title='bbox 823 1774 1002 1843; x_wconf 88' lang='lat' dir='ltr'>spatio</span> <span class='ocrx_word' id='word_1_217' title='bbox 1014 1778 1357 1833; x_wconf 86' lang='lat' dir='ltr'>constitisset</span> <span class='ocrx_word' id='word_1_218' title='bbox 1376 1780 1400 1833; x_wconf 84' lang='lat'><strong>?</strong></span> <span class='ocrx_word' id='word_1_219' title='bbox 1421 1781 1557 1836; x_wconf 87' lang='lat' dir='ltr'>Ecce</span> <span class='ocrx_word' id='word_1_220' title='bbox 1573 1783 1723 1837; x_wconf 88' lang='lat' dir='ltr'>enim</span> <span class='ocrx_word' id='word_1_221' title='bbox 1742 1763 1790 1824; x_wconf 81' lang='grc' dir='ltr'>Β</span> <span class='ocrx_word' id='word_1_222' title='bbox 1809 1798 1977 1852; x_wconf 89' lang='lat' dir='ltr'>quam</span> <span class='ocrx_word' id='word_1_223' title='bbox 2009 1799 2131 1837; x_wconf 87' lang='lat' dir='ltr'>eam</span> <span class='ocrx_word' id='word_1_224' title='bbox 2181 1784 2446 1855; x_wconf 86' lang='lat' dir='ltr'>consequi</span> <span class='ocrx_word' id='word_1_225' title='bbox 2477 1763 2658 1856; x_wconf 74' lang='lat' dir='ltr'>posse,</span> <span class='ocrx_word' id='word_1_226' title='bbox 2689 1784 2796 1838; x_wconf 90' lang='lat' dir='ltr'>nisi</span> <span class='ocrx_word' id='word_1_227' title='bbox 2835 1785 2925 1839; x_wconf 90' lang='lat' dir='ltr'>cui</span> <span class='ocrx_word' id='word_1_228' title='bbox 2962 1785 3082 1856; x_wconf 90' lang='lat' dir='ltr'>ipse</span> <span class='ocrx_word' id='word_1_229' title='bbox 3127 1782 3404 1838; x_wconf 84' lang='lat' dir='ltr'>arbitratu</span> 
     </span>
    </p>
   </div>
   <div class='ocr_carea' id='block_1_19' title="bbox 174 1856 3403 1944">
    <p class='ocr_par' dir='ltr' id='par_1_19' title="bbox 174 1856 3403 1944">
     <span class='ocr_line' id='line_1_19' title="bbox 174 1856 3403 1944; baseline 0.006 -39"><span class='ocrx_word' id='word_1_230' title='bbox 174 1859 400 1944; x_wconf 86' lang='lat' dir='ltr'>quantum</span> <span class='ocrx_word' id='word_1_231' title='bbox 422 1856 547 1925; x_wconf 87' lang='lat' dir='ltr'>jam</span> <span class='ocrx_word' id='word_1_232' title='bbox 577 1861 849 1930; x_wconf 86' lang='lat' dir='ltr'>temporis</span> <span class='ocrx_word' id='word_1_233' title='bbox 869 1863 1045 1929; x_wconf 87' lang='lat' dir='ltr'>ﬂuxit,</span> <span class='ocrx_word' id='word_1_234' title='bbox 1061 1882 1127 1919; x_wconf 89' lang='lat' dir='ltr'>ex</span> <span class='ocrx_word' id='word_1_235' title='bbox 1148 1884 1257 1937; x_wconf 90' lang='lat' dir='ltr'>quo</span> <span class='ocrx_word' id='word_1_236' title='bbox 1279 1869 1477 1924; x_wconf 78' lang='lat' dir='ltr'>ccelum</span> <span class='ocrx_word' id='word_1_237' title='bbox 1503 1876 1605 1938; x_wconf 89' lang='lat' dir='ltr'>est,</span> <span class='ocrx_word' id='word_1_238' title='bbox 1622 1858 1725 1927; x_wconf 81' lang='lat' dir='ltr'>nec</span> <span class='ocrx_word' id='word_1_239' title='bbox 1805 1886 1907 1925; x_wconf 88' lang='lat' dir='ltr'>suo</span> <span class='ocrx_word' id='word_1_240' title='bbox 1930 1886 2053 1925; x_wconf 89' lang='lat' dir='ltr'>eam</span> <span class='ocrx_word' id='word_1_241' title='bbox 2077 1872 2395 1943; x_wconf 79' lang='lat' dir='ltr'>patefaciat.</span> <span class='ocrx_word' id='word_1_242' title='bbox 2414 1874 2536 1938; x_wconf 89' lang='lat' dir='ltr'>Quo</span> <span class='ocrx_word' id='word_1_243' title='bbox 2559 1874 2785 1944; x_wconf 87' lang='lat' dir='ltr'>quidem</span> <span class='ocrx_word' id='word_1_244' title='bbox 2812 1874 3039 1928; x_wconf 91' lang='lat' dir='ltr'>nomine</span> <span class='ocrx_word' id='word_1_245' title='bbox 3065 1871 3403 1943; x_wconf 88' lang='lat' dir='ltr'>eloquentis-</span> 
     </span>
    </p>
   </div>
   <div class='ocr_carea' id='block_1_20' title="bbox 173 1943 3397 2033">
    <p class='ocr_par' dir='ltr' id='par_1_20' title="bbox 173 1943 3397 2033">
     <span class='ocr_line' id='line_1_20' title="bbox 173 1943 3397 2033; baseline 0.006 -39"><span class='ocrx_word' id='word_1_246' title='bbox 173 1945 325 1996; x_wconf 80' lang='lat' dir='ltr'>tamen</span> <span class='ocrx_word' id='word_1_247' title='bbox 352 1943 749 2002; x_wconf 85' lang='lat' dir='ltr'>obscuritatem</span> <span class='ocrx_word' id='word_1_248' title='bbox 775 1953 1066 2020; x_wconf 85' lang='lat' dir='ltr'>contraxit,</span> <span class='ocrx_word' id='word_1_249' title='bbox 1099 1972 1201 2009; x_wconf 92' lang='lat' dir='ltr'>nec</span> <span class='ocrx_word' id='word_1_250' title='bbox 1230 1961 1393 2013; x_wconf 77' lang='lat' dir='ltr'>terrae</span> <span class='ocrx_word' id='word_1_251' title='bbox 1415 1959 1496 2013; x_wconf 87' lang='lat' dir='ltr'>vis</span> <span class='ocrx_word' id='word_1_252' title='bbox 1524 1961 1722 2016; x_wconf 86' lang='lat' dir='ltr'>tandiu</span> <span class='ocrx_word' id='word_1_253' title='bbox 1805 1958 2005 2013; x_wconf 85' lang='lat' dir='ltr'>simam</span> <span class='ocrx_word' id='word_1_254' title='bbox 2018 1965 2173 2015; x_wconf 90' lang='lat' dir='ltr'>tuam</span> <span class='ocrx_word' id='word_1_255' title='bbox 2188 1962 2519 2033; x_wconf 85' lang='lat' dir='ltr'>sapientiam</span> <span class='ocrx_word' id='word_1_256' title='bbox 2534 1963 2802 2033; x_wconf 82' lang='lat' dir='ltr'>majorem</span> <span class='ocrx_word' id='word_1_257' title='bbox 2818 1962 2875 2017; x_wconf 91' lang='lat' dir='ltr'>in</span> <span class='ocrx_word' id='word_1_258' title='bbox 2889 1962 3118 2016; x_wconf 90' lang='lat' dir='ltr'>modum</span> <span class='ocrx_word' id='word_1_259' title='bbox 3131 1960 3397 2015; x_wconf 88' lang='lat' dir='ltr'>admiror.</span> 
     </span>
    </p>
   </div>
   <div class='ocr_carea' id='block_1_21' title="bbox 175 2033 3400 2121">
    <p class='ocr_par' dir='ltr' id='par_1_21' title="bbox 175 2033 3400 2121">
     <span class='ocr_line' id='line_1_21' title="bbox 175 2033 3400 2121; baseline 0.006 -38"><span class='ocrx_word' id='word_1_260' title='bbox 175 2045 336 2098; x_wconf 86' lang='lat' dir='ltr'>parens</span> <span class='ocrx_word' id='word_1_261' title='bbox 358 2033 625 2104; x_wconf 77' lang='lat' dir='ltr'>elanguit,</span> <span class='ocrx_word' id='word_1_262' title='bbox 652 2053 756 2090; x_wconf 84' lang='lat' dir='ltr'>nec</span> <span class='ocrx_word' id='word_1_263' title='bbox 775 2037 974 2106; x_wconf 86' lang='lat' dir='ltr'>fontes,</span> <span class='ocrx_word' id='word_1_264' title='bbox 1004 2058 1070 2096; x_wconf 83' lang='lat' dir='ltr'>ex</span> <span class='ocrx_word' id='word_1_265' title='bbox 1101 2060 1211 2115; x_wconf 92' lang='lat' dir='ltr'>quo</span> <span class='ocrx_word' id='word_1_266' title='bbox 1241 2046 1348 2100; x_wconf 87' lang='lat' dir='ltr'>orti</span> <span class='ocrx_word' id='word_1_267' title='bbox 1375 2053 1526 2114; x_wconf 90' lang='lat' dir='ltr'>sunt,</span> <span class='ocrx_word' id='word_1_268' title='bbox 1545 2056 1724 2105; x_wconf 85' lang='lat' dir='ltr'>scatu-</span> <span class='ocrx_word' id='word_1_269' title='bbox 1877 2047 1984 2101; x_wconf 91' lang='lat' dir='ltr'>Sed</span> <span class='ocrx_word' id='word_1_270' title='bbox 2015 2047 2150 2103; x_wconf 90' lang='lat' dir='ltr'>illud</span> <span class='ocrx_word' id='word_1_271' title='bbox 2181 2048 2347 2103; x_wconf 89' lang='lat' dir='ltr'>velim</span> <span class='ocrx_word' id='word_1_272' title='bbox 2376 2049 2514 2104; x_wconf 89' lang='lat' dir='ltr'>mihi</span> <span class='ocrx_word' id='word_1_273' title='bbox 2562 2049 2731 2115; x_wconf 81' lang='lat' dir='ltr'>dicas,</span> <span class='ocrx_word' id='word_1_274' title='bbox 2766 2050 2856 2104; x_wconf 87' lang='lat' dir='ltr'>vir</span> <span class='ocrx_word' id='word_1_275' title='bbox 2884 2049 3225 2115; x_wconf 87' lang='lat' dir='ltr'>beatissime,</span> <span class='ocrx_word' id='word_1_276' title='bbox 3259 2064 3400 2121; x_wconf 90' lang='lat' dir='ltr'>qua-</span> 
     </span>
    </p>
   </div>
   <div class='ocr_carea' id='block_1_22' title="bbox 170 2117 3394 2210">
    <p class='ocr_par' dir='ltr' id='par_1_22' title="bbox 170 2117 3394 2210">
     <span class='ocr_line' id='line_1_22' title="bbox 170 2117 3394 2210; baseline 0.007 -40"><span class='ocrx_word' id='word_1_277' title='bbox 170 2117 256 2171; x_wconf 85' lang='lat' dir='ltr'>rire</span> <span class='ocrx_word' id='word_1_278' title='bbox 272 2119 615 2189; x_wconf 87' lang='lat' dir='ltr'>destiterunt,</span> <span class='ocrx_word' id='word_1_279' title='bbox 641 2141 743 2179; x_wconf 90' lang='lat' dir='ltr'>nec</span> <span class='ocrx_word' id='word_1_280' title='bbox 764 2144 918 2182; x_wconf 90' lang='lat' dir='ltr'>mare</span> <span class='ocrx_word' id='word_1_281' title='bbox 936 2134 1020 2184; x_wconf 87' lang='lat' dir='ltr'>tot</span> <span class='ocrx_word' id='word_1_282' title='bbox 1046 2132 1245 2188; x_wconf 88' lang='lat' dir='ltr'>ﬂuvios</span> <span class='ocrx_word' id='word_1_283' title='bbox 1266 2136 1549 2207; x_wconf 85' lang='lat' dir='ltr'>excipiens</span> <span class='ocrx_word' id='word_1_284' title='bbox 1570 2156 1722 2194; x_wconf 85' lang='lat' dir='ltr'>men-</span> <span class='ocrx_word' id='word_1_285' title='bbox 1804 2150 1934 2189; x_wconf 85' lang='lat' dir='ltr'>nam</span> <span class='ocrx_word' id='word_1_286' title='bbox 1966 2154 2084 2208; x_wconf 78' lang='lat' dir='ltr'>ipse</span> <span class='ocrx_word' id='word_1_287' title='bbox 2112 2143 2275 2192; x_wconf 68' lang='lat' dir='ltr'>aetate</span> <span class='ocrx_word' id='word_1_288' title='bbox 2306 2138 2402 2205; x_wconf 89' lang='lat' dir='ltr'>sis,</span> <span class='ocrx_word' id='word_1_289' title='bbox 2437 2144 2495 2193; x_wconf 91' lang='lat' dir='ltr'>et</span> <span class='ocrx_word' id='word_1_290' title='bbox 2522 2139 2727 2210; x_wconf 89' lang='lat' dir='ltr'>quibus</span> <span class='ocrx_word' id='word_1_291' title='bbox 2755 2139 2813 2193; x_wconf 91' lang='lat' dir='ltr'>in</span> <span class='ocrx_word' id='word_1_292' title='bbox 2848 2140 2983 2193; x_wconf 90' lang='lat' dir='ltr'>locis</span> <span class='ocrx_word' id='word_1_293' title='bbox 3012 2136 3394 2204; x_wconf 90' lang='lat' dir='ltr'>commoreris,</span> 
     </span>
    </p>
   </div>
   <div class='ocr_carea' id='block_1_23' title="bbox 169 2215 3399 2299">
    <p class='ocr_par' dir='ltr' id='par_1_23' title="bbox 169 2215 3399 2299">
     <span class='ocr_line' id='line_1_23' title="bbox 169 2215 3399 2299; baseline 0.006 -40"><span class='ocrx_word' id='word_1_294' title='bbox 169 2221 319 2262; x_wconf 88' lang='lat' dir='ltr'>suram</span> <span class='ocrx_word' id='word_1_295' title='bbox 343 2227 495 2265; x_wconf 89' lang='lat' dir='ltr'>suam</span> <span class='ocrx_word' id='word_1_296' title='bbox 529 2215 785 2281; x_wconf 89' lang='lat' dir='ltr'>excessit,</span> <span class='ocrx_word' id='word_1_297' title='bbox 820 2233 922 2272; x_wconf 90' lang='lat' dir='ltr'>nec</span> <span class='ocrx_word' id='word_1_298' title='bbox 951 2220 1084 2274; x_wconf 90' lang='lat' dir='ltr'>solis</span> <span class='ocrx_word' id='word_1_299' title='bbox 1112 2238 1176 2276; x_wconf 92' lang='lat' dir='ltr'>ac</span> <span class='ocrx_word' id='word_1_300' title='bbox 1211 2223 1357 2279; x_wconf 58' lang='lat' dir='ltr'>luna</span> <span class='ocrx_word' id='word_1_301' title='bbox 1387 2243 1583 2281; x_wconf 90' lang='lat' dir='ltr'>cursus</span> <span class='ocrx_word' id='word_1_302' title='bbox 1610 2228 1719 2283; x_wconf 91' lang='lat' dir='ltr'>im-</span> <span class='ocrx_word' id='word_1_303' title='bbox 1801 2240 2052 2295; x_wconf 79' lang='lat' dir='ltr'>quosque</span> <span class='ocrx_word' id='word_1_304' title='bbox 2073 2226 2438 2298; x_wconf 83' lang='lat' dir='ltr'>philosophiae</span> <span class='ocrx_word' id='word_1_305' title='bbox 2458 2228 2639 2282; x_wconf 89' lang='lat' dir='ltr'>socios</span> <span class='ocrx_word' id='word_1_306' title='bbox 2662 2228 2886 2293; x_wconf 87' lang='lat' dir='ltr'>habeas,</span> <span class='ocrx_word' id='word_1_307' title='bbox 2909 2227 3186 2299; x_wconf 85' lang='lat' dir='ltr'>siquidem</span> <span class='ocrx_word' id='word_1_308' title='bbox 3207 2226 3399 2280; x_wconf 87' lang='lat' dir='ltr'>anima</span> 
     </span>
    </p>
   </div>
   <div class='ocr_carea' id='block_1_24' title="bbox 168 2298 3394 2388">
    <p class='ocr_par' dir='ltr' id='par_1_24' title="bbox 168 2298 3394 2388">
     <span class='ocr_line' id='line_1_24' title="bbox 168 2298 3394 2388; baseline 0.006 -39"><span class='ocrx_word' id='word_1_309' title='bbox 168 2298 485 2354; x_wconf 87' lang='lat' dir='ltr'>mutationem</span> <span class='ocrx_word' id='word_1_310' title='bbox 514 2302 695 2357; x_wconf 89' lang='lat' dir='ltr'>ullam</span> <span class='ocrx_word' id='word_1_311' title='bbox 726 2304 1037 2375; x_wconf 86' lang='lat' dir='ltr'>subierunt,</span> <span class='ocrx_word' id='word_1_312' title='bbox 1070 2326 1173 2364; x_wconf 90' lang='lat' dir='ltr'>nec</span> <span class='ocrx_word' id='word_1_313' title='bbox 1196 2312 1305 2366; x_wconf 89' lang='lat' dir='ltr'>diei</span> <span class='ocrx_word' id='word_1_314' title='bbox 1333 2330 1397 2368; x_wconf 89' lang='lat' dir='ltr'>ac</span> <span class='ocrx_word' id='word_1_315' title='bbox 1424 2316 1603 2370; x_wconf 91' lang='lat' dir='ltr'>noctis</span> <span class='ocrx_word' id='word_1_316' title='bbox 1624 2333 1717 2371; x_wconf 86' lang='lat' dir='ltr'>or-</span> <span class='ocrx_word' id='word_1_317' title='bbox 1798 2329 1926 2367; x_wconf 88' lang='lat' dir='ltr'>mea</span> <span class='ocrx_word' id='word_1_318' title='bbox 1961 2319 2072 2370; x_wconf 64' lang='lat' dir='ltr'>tua;</span> <span class='ocrx_word' id='word_1_319' title='bbox 2120 2316 2433 2371; x_wconf 87' lang='lat' dir='ltr'>arctissime</span> <span class='ocrx_word' id='word_1_320' title='bbox 2479 2318 2675 2384; x_wconf 71' lang='lat' dir='ltr'>haeret,</span> <span class='ocrx_word' id='word_1_321' title='bbox 2717 2323 2885 2388; x_wconf 88' lang='lat' dir='ltr'>atque</span> <span class='ocrx_word' id='word_1_322' title='bbox 2927 2333 3029 2388; x_wconf 89' lang='lat' dir='ltr'>per</span> <span class='ocrx_word' id='word_1_323' title='bbox 3076 2332 3242 2370; x_wconf 89' lang='lat' dir='ltr'>omne</span> <span class='ocrx_word' id='word_1_324' title='bbox 3272 2314 3394 2369; x_wconf 68' lang='lat' dir='ltr'>vitae</span> 
     </span>
    </p>
   </div>
   <div class='ocr_carea' id='block_1_25' title="bbox 168 2382 3392 2477">
    <p class='ocr_par' dir='ltr' id='par_1_25' title="bbox 168 2382 3392 2477">
     <span class='ocr_line' id='line_1_25' title="bbox 168 2382 3392 2477; baseline 0.007 -40"><span class='ocrx_word' id='word_1_325' title='bbox 168 2382 289 2438; x_wconf 85' lang='lat' dir='ltr'>dines</span> <span class='ocrx_word' id='word_1_326' title='bbox 314 2387 508 2443; x_wconf 88' lang='lat' dir='ltr'>inversi</span> <span class='ocrx_word' id='word_1_327' title='bbox 542 2396 696 2446; x_wconf 89' lang='lat' dir='ltr'>sunt.</span> <span class='ocrx_word' id='word_1_328' title='bbox 718 2394 792 2447; x_wconf 87' lang='lat' dir='ltr'>Ex</span> <span class='ocrx_word' id='word_1_329' title='bbox 814 2395 900 2449; x_wconf 91' lang='lat' dir='ltr'>his</span> <span class='ocrx_word' id='word_1_330' title='bbox 919 2396 1188 2453; x_wconf 88' lang='lat' dir='ltr'>nimirum</span> <span class='ocrx_word' id='word_1_331' title='bbox 1219 2402 1478 2458; x_wconf 90' lang='lat' dir='ltr'>omnibus</span> <span class='ocrx_word' id='word_1_332' title='bbox 1506 2405 1605 2459; x_wconf 91' lang='lat' dir='ltr'>Dei</span> <span class='ocrx_word' id='word_1_333' title='bbox 1619 2423 1715 2477; x_wconf 89' lang='lat' dir='ltr'>po-</span> <span class='ocrx_word' id='word_1_334' title='bbox 1796 2405 2019 2474; x_wconf 87' lang='lat' dir='ltr'>tempus</span> <span class='ocrx_word' id='word_1_335' title='bbox 2038 2420 2109 2458; x_wconf 90' lang='lat' dir='ltr'>ne</span> <span class='ocrx_word' id='word_1_336' title='bbox 2129 2404 2302 2459; x_wconf 91' lang='lat' dir='ltr'>latum</span> <span class='ocrx_word' id='word_1_337' title='bbox 2325 2404 2553 2476; x_wconf 83' lang='lat' dir='ltr'>quidem</span> <span class='ocrx_word' id='word_1_338' title='bbox 2578 2422 2822 2476; x_wconf 90' lang='lat' dir='ltr'>unguem</span> <span class='ocrx_word' id='word_1_339' title='bbox 2845 2422 2880 2459; x_wconf 91' lang='lat' dir='ltr'>a</span> <span class='ocrx_word' id='word_1_340' title='bbox 2906 2410 2963 2459; x_wconf 90' lang='lat' dir='ltr'>te</span> <span class='ocrx_word' id='word_1_341' title='bbox 2992 2404 3275 2460; x_wconf 88' lang='lat' dir='ltr'>discedere</span> <span class='ocrx_word' id='word_1_342' title='bbox 3294 2420 3392 2459; x_wconf 91' lang='lat' dir='ltr'>cu-</span> 
     </span>
    </p>
   </div>
   <div class='ocr_carea' id='block_1_26' title="bbox 167 2474 1906 2562">
    <p class='ocr_par' dir='ltr' id='par_1_26' title="bbox 167 2474 1906 2562">
     <span class='ocr_line' id='line_1_26' title="bbox 167 2474 1906 2562; baseline 0.018 -38"><span class='ocrx_word' id='word_1_343' title='bbox 167 2474 304 2527; x_wconf 82' lang='lat' dir='ltr'>tentia</span> <span class='ocrx_word' id='word_1_344' title='bbox 328 2481 379 2529; x_wconf 89' lang='lat' dir='ltr'>et</span> <span class='ocrx_word' id='word_1_345' title='bbox 398 2479 838 2550; x_wconf 86' lang='lat' dir='ltr'>magniﬁcentia,</span> <span class='ocrx_word' id='word_1_346' title='bbox 863 2502 986 2556; x_wconf 64' lang='lat' dir='ltr'>qum</span> <span class='ocrx_word' id='word_1_347' title='bbox 1004 2503 1227 2543; x_wconf 89' lang='lat' dir='ltr'>omnem</span> <span class='ocrx_word' id='word_1_348' title='bbox 1259 2492 1528 2548; x_wconf 89' lang='lat' dir='ltr'>orationis</span> <span class='ocrx_word' id='word_1_349' title='bbox 1546 2474 1715 2550; x_wconf 73' lang='lat' dir='ltr'>facul-</span> <span class='ocrx_word' id='word_1_350' title='bbox 1795 2491 1906 2562; x_wconf 81' lang='lat' dir='ltr'>Pio-</span> 
     </span>
    </p>
   </div>
   <div class='ocr_carea' id='block_1_27' title="bbox 166 2565 3396 2656">
    <p class='ocr_par' dir='ltr' id='par_1_27' title="bbox 166 2565 3396 2656">
     <span class='ocr_line' id='line_1_27' title="bbox 166 2565 3396 2656; baseline 0.006 -40"><span class='ocrx_word' id='word_1_351' title='bbox 166 2565 298 2616; x_wconf 79' lang='lat' dir='ltr'>tatem</span> <span class='ocrx_word' id='word_1_352' title='bbox 315 2569 739 2636; x_wconf 86' lang='lat' dir='ltr'>superat,nobis</span> <span class='ocrx_word' id='word_1_353' title='bbox 759 2572 1097 2643; x_wconf 82' lang='lat' dir='ltr'>declaratur,</span> <span class='ocrx_word' id='word_1_354' title='bbox 1113 2579 1511 2650; x_wconf 82' lang='lat' dir='ltr'>prophetarum</span> <span class='ocrx_word' id='word_1_355' title='bbox 1542 2588 1711 2656; x_wconf 91' lang='lat' dir='ltr'>atque</span> <span class='ocrx_word' id='word_1_356' title='bbox 1864 2581 1961 2635; x_wconf 92' lang='lat' dir='ltr'>Ait</span> <span class='ocrx_word' id='word_1_357' title='bbox 1989 2586 2178 2637; x_wconf 90' lang='lat' dir='ltr'>autem</span> <span class='ocrx_word' id='word_1_358' title='bbox 2230 2600 2398 2637; x_wconf 86' lang='lat' dir='ltr'>senex</span> <span class='ocrx_word' id='word_1_359' title='bbox 2431 2601 2445 2639; x_wconf 89' lang='lat'>:</span> <span class='ocrx_word' id='word_1_360' title='bbox 2476 2584 2687 2648; x_wconf 85' lang='lat' dir='ltr'>Annos,</span> <span class='ocrx_word' id='word_1_361' title='bbox 2741 2584 2798 2638; x_wconf 90' lang='lat' dir='ltr'>ni</span> <span class='ocrx_word' id='word_1_362' title='bbox 2854 2582 3035 2648; x_wconf 88' lang='lat' dir='ltr'>fallor,</span> <span class='ocrx_word' id='word_1_363' title='bbox 3068 2581 3315 2653; x_wconf 91' lang='lat' dir='ltr'>quinque</span> <span class='ocrx_word' id='word_1_364' title='bbox 3337 2587 3396 2636; x_wconf 91' lang='lat' dir='ltr'>et</span> 
     </span>
    </p>
   </div>
   <div class='ocr_carea' id='block_1_28' title="bbox 160 2654 3391 2745">
    <p class='ocr_par' dir='ltr' id='par_1_28' title="bbox 160 2654 3391 2745">
     <span class='ocr_line' id='line_1_28' title="bbox 160 2654 3391 2745; baseline 0.005 -38"><span class='ocrx_word' id='word_1_365' title='bbox 160 2654 483 2720; x_wconf 81' lang='lat' dir='ltr'>apostolorum</span> <span class='ocrx_word' id='word_1_366' title='bbox 528 2659 859 2716; x_wconf 73' lang='lat' dir='ltr'>testimonio</span> <span class='ocrx_word' id='word_1_367' title='bbox 897 2666 1246 2722; x_wconf 84' lang='lat' dir='ltr'>conﬁrmata.</span> <span class='ocrx_word' id='word_1_368' title='bbox 1281 2670 1489 2725; x_wconf 89' lang='lat' dir='ltr'>Verum</span> <span class='ocrx_word' id='word_1_369' title='bbox 1534 2654 1711 2745; x_wconf 82' lang='lat' dir='ltr'>ipsius</span> <span class='ocrx_word' id='word_1_370' title='bbox 1794 2670 2169 2742; x_wconf 79' lang='lat' dir='ltr'>quadraginta</span> <span class='ocrx_word' id='word_1_371' title='bbox 2196 2677 2362 2727; x_wconf 89' lang='lat' dir='ltr'>natus</span> <span class='ocrx_word' id='word_1_372' title='bbox 2376 2689 2521 2737; x_wconf 90' lang='lat' dir='ltr'>sum,</span> <span class='ocrx_word' id='word_1_373' title='bbox 2547 2678 2715 2744; x_wconf 85' lang='lat' dir='ltr'>atque</span> <span class='ocrx_word' id='word_1_374' title='bbox 2746 2673 2804 2727; x_wconf 92' lang='lat' dir='ltr'>in</span> <span class='ocrx_word' id='word_1_375' title='bbox 2833 2677 2999 2728; x_wconf 71' lang='lat' dir='ltr'>terra:</span> <span class='ocrx_word' id='word_1_376' title='bbox 3020 2673 3273 2726; x_wconf 90' lang='lat' dir='ltr'>Sennaar</span> <span class='ocrx_word' id='word_1_377' title='bbox 3291 2671 3391 2725; x_wconf 89' lang='lat' dir='ltr'>de-</span> 
     </span>
    </p>
   </div>
   <div class='ocr_carea' id='block_1_29' title="bbox 157 2739 3388 2833">
    <p class='ocr_par' dir='ltr' id='par_1_29' title="bbox 157 2739 3388 2833">
     <span class='ocr_line' id='line_1_29' title="bbox 157 2739 3388 2833; baseline 0.004 -31"><span class='ocrx_word' id='word_1_378' title='bbox 157 2739 343 2833; x_wconf 69' lang='lat' dir='ltr'>gloriam</span> <span class='ocrx_word' id='word_1_379' title='bbox 384 2760 556 2800; x_wconf 87' lang='lat' dir='ltr'>nemo</span> <span class='ocrx_word' id='word_1_380' title='bbox 599 2764 850 2820; x_wconf 89' lang='lat' dir='ltr'>unquam</span> <span class='ocrx_word' id='word_1_381' title='bbox 895 2770 995 2823; x_wconf 92' lang='lat' dir='ltr'>pro</span> <span class='ocrx_word' id='word_1_382' title='bbox 1025 2755 1299 2826; x_wconf 87' lang='lat' dir='ltr'>dignitate</span> <span class='ocrx_word' id='word_1_383' title='bbox 1328 2739 1574 2829; x_wconf 72' lang='lat' dir='ltr'>cogitare</span> <span class='ocrx_word' id='word_1_384' title='bbox 1611 2769 1712 2818; x_wconf 81' lang='lat' dir='ltr'>aut</span> <span class='ocrx_word' id='word_1_385' title='bbox 1791 2760 1956 2813; x_wconf 85' lang='lat' dir='ltr'>sertis</span> <span class='ocrx_word' id='word_1_386' title='bbox 1999 2739 2171 2814; x_wconf 71' lang='lat' dir='ltr'>vitam</span> <span class='ocrx_word' id='word_1_387' title='bbox 2201 2762 2362 2833; x_wconf 85' lang='lat' dir='ltr'>dego.</span> <span class='ocrx_word' id='word_1_388' title='bbox 2398 2739 2821 2817; x_wconf 78' lang='lat' dir='ltr'>Commilitones</span> <span class='ocrx_word' id='word_1_389' title='bbox 2848 2779 3015 2833; x_wconf 91' lang='lat' dir='ltr'>porro</span> <span class='ocrx_word' id='word_1_390' title='bbox 3045 2778 3139 2815; x_wconf 92' lang='lat' dir='ltr'>eos</span> <span class='ocrx_word' id='word_1_391' title='bbox 3189 2760 3388 2825; x_wconf 89' lang='lat' dir='ltr'>habeo,</span> 
     </span>
    </p>
   </div>
   <div class='ocr_carea' id='block_1_30' title="bbox 159 2828 3391 2919">
    <p class='ocr_par' dir='ltr' id='par_1_30' title="bbox 159 2828 3391 2919">
     <span class='ocr_line' id='line_1_30' title="bbox 159 2828 3391 2919; baseline 0.007 -39"><span class='ocrx_word' id='word_1_392' title='bbox 159 2828 420 2919; x_wconf 68' lang='lat' dir='ltr'>tollandare</span> <span class='ocrx_word' id='word_1_393' title='bbox 460 2837 697 2905; x_wconf 85' lang='lat' dir='ltr'>poterit.</span> <span class='ocrx_word' id='word_1_394' title='bbox 726 2838 1011 2910; x_wconf 91' lang='lat' dir='ltr'>Siquidem</span> <span class='ocrx_word' id='word_1_395' title='bbox 1042 2843 1199 2899; x_wconf 91' lang='lat' dir='ltr'>divus</span> <span class='ocrx_word' id='word_1_396' title='bbox 1242 2828 1561 2917; x_wconf 81' lang='lat' dir='ltr'>Apostolus,</span> <span class='ocrx_word' id='word_1_397' title='bbox 1590 2851 1702 2917; x_wconf 87' lang='lat' dir='ltr'>ille,</span> <span class='ocrx_word' id='word_1_398' title='bbox 1792 2847 1885 2917; x_wconf 91' lang='lat' dir='ltr'>qui</span> <span class='ocrx_word' id='word_1_399' title='bbox 1916 2848 1986 2901; x_wconf 90' lang='lat' dir='ltr'>ad</span> <span class='ocrx_word' id='word_1_400' title='bbox 2017 2850 2246 2919; x_wconf 89' lang='lat' dir='ltr'>superni</span> <span class='ocrx_word' id='word_1_401' title='bbox 2276 2828 2494 2904; x_wconf 75' lang='lat' dir='ltr'>itineris</span> <span class='ocrx_word' id='word_1_402' title='bbox 2534 2866 2756 2905; x_wconf 87' lang='lat' dir='ltr'>cursum</span> <span class='ocrx_word' id='word_1_403' title='bbox 2790 2828 3012 2904; x_wconf 75' lang='lat' dir='ltr'>mecum</span> <span class='ocrx_word' id='word_1_404' title='bbox 3038 2849 3300 2903; x_wconf 88' lang='lat' dir='ltr'>laborant</span> <span class='ocrx_word' id='word_1_405' title='bbox 3326 2863 3391 2902; x_wconf 90' lang='lat' dir='ltr'>ac</span> 
     </span>
    </p>
   </div>
   <div class='ocr_carea' id='block_1_31' title="bbox 156 2916 2027 3005">
    <p class='ocr_par' dir='ltr' id='par_1_31' title="bbox 156 2916 2027 3005">
     <span class='ocr_line' id='line_1_31' title="bbox 156 2916 2027 3005; baseline 0.011 -29"><span class='ocrx_word' id='word_1_406' title='bbox 156 2916 356 2987; x_wconf 78' lang='lat' dir='ltr'>inquam,</span> <span class='ocrx_word' id='word_1_407' title='bbox 379 2923 472 2993; x_wconf 90' lang='lat' dir='ltr'>qui</span> <span class='ocrx_word' id='word_1_408' title='bbox 497 2923 797 2981; x_wconf 86' lang='lat' dir='ltr'>Christum</span> <span class='ocrx_word' id='word_1_409' title='bbox 827 2929 885 2983; x_wconf 92' lang='lat' dir='ltr'>in</span> <span class='ocrx_word' id='word_1_410' title='bbox 916 2916 1434 3005; x_wconf 80' lang='lat' dir='ltr'>seipsoloquentem</span> <span class='ocrx_word' id='word_1_411' title='bbox 1466 2916 1711 2995; x_wconf 88' lang='lat' dir='ltr'>habebat</span> <span class='ocrx_word' id='word_1_412' title='bbox 1791 2916 2027 2992; x_wconf 42' lang='lat' dir='ltr'>(gertant.</span> 
     </span>
    </p>
   </div>
   <div class='ocr_carea' id='block_1_32' title="bbox 159 3005 3389 3101">
    <p class='ocr_par' dir='ltr' id='par_1_32' title="bbox 159 3005 3389 3101">
     <span class='ocr_line' id='line_1_32' title="bbox 159 3005 3389 3101; baseline 0.003 -32"><span class='ocrx_word' id='word_1_413' title='bbox 159 3005 218 3101; x_wconf 56' lang='grc'>((1</span> <span class='ocrx_word' id='word_1_414' title='bbox 227 3007 335 3101; x_wconf 56' lang='grc' dir='ltr'>ρον.</span> <span class='ocrx_word' id='word_1_415' title='bbox 360 3015 451 3080; x_wconf 83' lang='lat' dir='ltr'>xl),</span> <span class='ocrx_word' id='word_1_416' title='bbox 478 3029 618 3067; x_wconf 85' lang='lat' dir='ltr'>cum</span> <span class='ocrx_word' id='word_1_417' title='bbox 646 3031 713 3069; x_wconf 88' lang='lat' dir='ltr'>ea</span> <span class='ocrx_word' id='word_1_418' title='bbox 742 3018 1077 3083; x_wconf 87' lang='lat' dir='ltr'>omnia,tam</span> <span class='ocrx_word' id='word_1_419' title='bbox 1110 3039 1232 3093; x_wconf 64' lang='lat' dir='ltr'>qua:</span> <span class='ocrx_word' id='word_1_420' title='bbox 1260 3023 1548 3082; x_wconf 90' lang='lat' dir='ltr'>intellectu</span> <span class='ocrx_word' id='word_1_421' title='bbox 1577 3046 1708 3101; x_wconf 92' lang='lat' dir='ltr'>per-</span> <span class='ocrx_word' id='word_1_422' title='bbox 1864 3026 2006 3090; x_wconf 89' lang='lat' dir='ltr'>Quid</span> <span class='ocrx_word' id='word_1_423' title='bbox 2022 3027 2105 3080; x_wconf 88' lang='lat' dir='ltr'>ais</span> <span class='ocrx_word' id='word_1_424' title='bbox 2123 3027 2147 3080; x_wconf 69' lang='grc' dir='ltr'>’ἶ</span> <span class='ocrx_word' id='word_1_425' title='bbox 2168 3027 2351 3098; x_wconf 89' lang='lat' dir='ltr'>inquit</span> <span class='ocrx_word' id='word_1_426' title='bbox 2377 3028 2666 3100; x_wconf 82' lang='lat' dir='ltr'>Josaphat.</span> <span class='ocrx_word' id='word_1_427' title='bbox 2698 3028 2835 3083; x_wconf 88' lang='lat' dir='ltr'>Mihi</span> <span class='ocrx_word' id='word_1_428' title='bbox 2858 3028 3009 3082; x_wconf 91' lang='lat' dir='ltr'>enim</span> <span class='ocrx_word' id='word_1_429' title='bbox 3031 3026 3389 3099; x_wconf 85' lang='lat' dir='ltr'>septuaginta</span> 
     </span>
    </p>
   </div>
   <div class='ocr_carea' id='block_1_33' title="bbox 158 3092 3383 3188">
    <p class='ocr_par' dir='ltr' id='par_1_33' title="bbox 158 3092 3383 3188">
     <span class='ocr_line' id='line_1_33' title="bbox 158 3092 3383 3188; baseline 0.005 -38"><span class='ocrx_word' id='word_1_430' title='bbox 158 3092 407 3165; x_wconf 84' lang='lat' dir='ltr'>cipiuntur,</span> <span class='ocrx_word' id='word_1_431' title='bbox 442 3118 620 3172; x_wconf 89' lang='lat' dir='ltr'>quam</span> <span class='ocrx_word' id='word_1_432' title='bbox 657 3121 780 3175; x_wconf 79' lang='lat' dir='ltr'>quae</span> <span class='ocrx_word' id='word_1_433' title='bbox 823 3108 1081 3164; x_wconf 90' lang='lat' dir='ltr'>sensibus</span> <span class='ocrx_word' id='word_1_434' title='bbox 1121 3092 1372 3183; x_wconf 82' lang='lat' dir='ltr'>subjecta</span> <span class='ocrx_word' id='word_1_435' title='bbox 1402 3122 1550 3183; x_wconf 91' lang='lat' dir='ltr'>sunt,</span> <span class='ocrx_word' id='word_1_436' title='bbox 1577 3092 1710 3174; x_wconf 70' lang='lat' dir='ltr'>cum</span> <span class='ocrx_word' id='word_1_437' title='bbox 1736 3118 1971 3180; x_wconf 83' lang='lat' dir='ltr'>Caunos</span> <span class='ocrx_word' id='word_1_438' title='bbox 2012 3116 2276 3171; x_wconf 83' lang='lat' dir='ltr'>excedere</span> <span class='ocrx_word' id='word_1_439' title='bbox 2293 3117 2517 3171; x_wconf 85' lang='lat' dir='ltr'>videris.</span> <span class='ocrx_word' id='word_1_440' title='bbox 2542 3117 2686 3182; x_wconf 87' lang='lat' dir='ltr'>Quid</span> <span class='ocrx_word' id='word_1_441' title='bbox 2706 3117 2879 3188; x_wconf 88' lang='lat' dir='ltr'>igitur</span> <span class='ocrx_word' id='word_1_442' title='bbox 2899 3122 3002 3183; x_wconf 84' lang='lat' dir='ltr'>est,</span> <span class='ocrx_word' id='word_1_443' title='bbox 3022 3114 3383 3188; x_wconf 88' lang='lat' dir='ltr'>quamobrem</span> 
     </span>
    </p>
   </div>
   <div class='ocr_carea' id='block_1_34' title="bbox 158 3184 3385 3277">
    <p class='ocr_par' dir='ltr' id='par_1_34' title="bbox 158 3184 3385 3277">
     <span class='ocr_line' id='line_1_34' title="bbox 158 3184 3385 3277; baseline 0.006 -41"><span class='ocrx_word' id='word_1_444' title='bbox 158 3184 306 3239; x_wconf 87' lang='lat' dir='ltr'>animo</span> <span class='ocrx_word' id='word_1_445' title='bbox 330 3205 425 3243; x_wconf 87' lang='lat' dir='ltr'>suo</span> <span class='ocrx_word' id='word_1_446' title='bbox 448 3191 887 3260; x_wconf 87' lang='lat' dir='ltr'>considerasset,</span> <span class='ocrx_word' id='word_1_447' title='bbox 920 3198 1094 3253; x_wconf 87' lang='lat' dir='ltr'>dixit:</span> <span class='ocrx_word' id='word_1_448' title='bbox 1131 3200 1209 3255; x_wconf 89' lang='lat' dir='ltr'>Ex</span> <span class='ocrx_word' id='word_1_449' title='bbox 1236 3208 1396 3273; x_wconf 88' lang='lat' dir='ltr'>parte</span> <span class='ocrx_word' id='word_1_450' title='bbox 1425 3209 1707 3276; x_wconf 86' lang='lat' dir='ltr'>cognosci-</span> <span class='ocrx_word' id='word_1_451' title='bbox 1786 3210 1843 3259; x_wconf 90' lang='lat' dir='ltr'>te</span> <span class='ocrx_word' id='word_1_452' title='bbox 1864 3205 2238 3275; x_wconf 83' lang='lat' dir='ltr'>quadraginta</span> <span class='ocrx_word' id='word_1_453' title='bbox 2263 3205 2509 3277; x_wconf 88' lang='lat' dir='ltr'>quinque</span> <span class='ocrx_word' id='word_1_454' title='bbox 2530 3184 2755 3260; x_wconf 74' lang='lat' dir='ltr'>tantum</span> <span class='ocrx_word' id='word_1_455' title='bbox 2772 3222 2949 3260; x_wconf 91' lang='lat' dir='ltr'>annos</span> <span class='ocrx_word' id='word_1_456' title='bbox 2966 3184 3173 3259; x_wconf 84' lang='lat' dir='ltr'>habere</span> <span class='ocrx_word' id='word_1_457' title='bbox 3193 3202 3385 3257; x_wconf 85' lang='lat' dir='ltr'>dicas?</span> 
     </span>
    </p>
   </div>
   <div class='ocr_carea' id='block_1_35' title="bbox 158 3282 3208 3365">
    <p class='ocr_par' dir='ltr' id='par_1_35' title="bbox 158 3282 3208 3365">
     <span class='ocr_line' id='line_1_35' title="bbox 158 3282 3208 3365; baseline 0.007 -40"><span class='ocrx_word' id='word_1_458' title='bbox 158 3287 270 3339; x_wconf 86' lang='lat' dir='ltr'>mus,</span> <span class='ocrx_word' id='word_1_459' title='bbox 297 3282 347 3331; x_wconf 88' lang='lat' dir='ltr'>et</span> <span class='ocrx_word' id='word_1_460' title='bbox 372 3295 436 3333; x_wconf 86' lang='lat' dir='ltr'>ex</span> <span class='ocrx_word' id='word_1_461' title='bbox 463 3286 636 3352; x_wconf 88' lang='lat' dir='ltr'>parte</span> <span class='ocrx_word' id='word_1_462' title='bbox 658 3285 1059 3355; x_wconf 86' lang='lat' dir='ltr'>prophetamus</span> <span class='ocrx_word' id='word_1_463' title='bbox 1084 3307 1095 3341; x_wconf 88' lang='lat'><strong><em>:</em></strong></span> <span class='ocrx_word' id='word_1_464' title='bbox 1131 3307 1256 3345; x_wconf 91' lang='lat' dir='ltr'>cum</span> <span class='ocrx_word' id='word_1_465' title='bbox 1289 3299 1476 3348; x_wconf 90' lang='lat' dir='ltr'>autem</span> <span class='ocrx_word' id='word_1_466' title='bbox 1493 3299 1707 3354; x_wconf 85' lang='lat' dir='ltr'>venerit</span> <span class='ocrx_word' id='word_1_467' title='bbox 1786 3310 1968 3364; x_wconf 91' lang='lat' dir='ltr'>neque</span> <span class='ocrx_word' id='word_1_468' title='bbox 1989 3296 2138 3347; x_wconf 91' lang='lat' dir='ltr'>enim</span> <span class='ocrx_word' id='word_1_469' title='bbox 2166 3294 2270 3348; x_wconf 88' lang='lat' dir='ltr'>hac</span> <span class='ocrx_word' id='word_1_470' title='bbox 2299 3294 2357 3349; x_wconf 92' lang='lat' dir='ltr'>in</span> <span class='ocrx_word' id='word_1_471' title='bbox 2388 3312 2448 3349; x_wconf 92' lang='lat' dir='ltr'>re</span> <span class='ocrx_word' id='word_1_472' title='bbox 2477 3295 2615 3348; x_wconf 91' lang='lat' dir='ltr'>mihi</span> <span class='ocrx_word' id='word_1_473' title='bbox 2641 3311 2773 3349; x_wconf 81' lang='lat' dir='ltr'>vera</span> <span class='ocrx_word' id='word_1_474' title='bbox 2801 3294 2955 3365; x_wconf 89' lang='lat' dir='ltr'>loqui</span> <span class='ocrx_word' id='word_1_475' title='bbox 2984 3292 3208 3348; x_wconf 88' lang='lat' dir='ltr'>videris.</span> 
     </span>
    </p>
   </div>
   <div class='ocr_carea' id='block_1_36' title="bbox 156 3363 3381 3454">
    <p class='ocr_par' dir='ltr' id='par_1_36' title="bbox 156 3363 3381 3454">
     <span class='ocr_line' id='line_1_36' title="bbox 156 3363 3381 3454; baseline 0.004 -33"><span class='ocrx_word' id='word_1_476' title='bbox 156 3363 266 3454; x_wconf 63' lang='lat' dir='ltr'>quod</span> <span class='ocrx_word' id='word_1_477' title='bbox 311 3369 621 3437; x_wconf 84' lang='lat' dir='ltr'>perfectum</span> <span class='ocrx_word' id='word_1_478' title='bbox 663 3377 763 3437; x_wconf 87' lang='lat' dir='ltr'>est,</span> <span class='ocrx_word' id='word_1_479' title='bbox 795 3376 1156 3432; x_wconf 87' lang='lat' dir='ltr'>evacuabitur</span> <span class='ocrx_word' id='word_1_480' title='bbox 1177 3382 1322 3450; x_wconf 91' lang='lat' dir='ltr'>quod</span> <span class='ocrx_word' id='word_1_481' title='bbox 1347 3399 1411 3436; x_wconf 83' lang='lat' dir='ltr'>ex</span> <span class='ocrx_word' id='word_1_482' title='bbox 1432 3390 1591 3454; x_wconf 89' lang='lat' dir='ltr'>parte</span> <span class='ocrx_word' id='word_1_483' title='bbox 1620 3392 1706 3442; x_wconf 85' lang='lat' dir='ltr'>est</span> <span class='ocrx_word' id='word_1_484' title='bbox 1852 3363 2003 3436; x_wconf 78' lang='lat' dir='ltr'>Dixit</span> <span class='ocrx_word' id='word_1_485' title='bbox 2030 3389 2219 3437; x_wconf 87' lang='lat' dir='ltr'>autem</span> <span class='ocrx_word' id='word_1_486' title='bbox 2244 3384 2311 3437; x_wconf 86' lang='lat' dir='ltr'>ad</span> <span class='ocrx_word' id='word_1_487' title='bbox 2343 3400 2472 3438; x_wconf 92' lang='lat' dir='ltr'>eum</span> <span class='ocrx_word' id='word_1_488' title='bbox 2502 3384 2762 3438; x_wconf 88' lang='lat' dir='ltr'>Barlaam</span> <span class='ocrx_word' id='word_1_489' title='bbox 2791 3402 2803 3437; x_wconf 93' lang='lat'><strong>:</strong></span> <span class='ocrx_word' id='word_1_490' title='bbox 2839 3363 2897 3438; x_wconf 81' lang='lat' dir='ltr'>Si</span> <span class='ocrx_word' id='word_1_491' title='bbox 2920 3399 3097 3436; x_wconf 90' lang='lat' dir='ltr'>annos</span> <span class='ocrx_word' id='word_1_492' title='bbox 3128 3398 3282 3436; x_wconf 87' lang='lat' dir='ltr'>meos</span> <span class='ocrx_word' id='word_1_493' title='bbox 3311 3380 3381 3435; x_wconf 90' lang='lat' dir='ltr'>ab</span> 
     </span>
    </p>
   </div>
   <div class='ocr_carea' id='block_1_37' title="bbox 156 3450 3379 3544">
    <p class='ocr_par' dir='ltr' id='par_1_37' title="bbox 156 3450 3379 3544">
     <span class='ocr_line' id='line_1_37' title="bbox 156 3450 3379 3544; baseline 0.006 -40"><span class='ocrx_word' id='word_1_494' title='bbox 156 3450 301 3544; x_wconf 58' lang='lat' dir='ltr'>imor.</span> <span class='ocrx_word' id='word_1_495' title='bbox 329 3461 463 3528; x_wconf 84' lang='lat' dir='ltr'>xm).</span> <span class='ocrx_word' id='word_1_496' title='bbox 496 3461 589 3513; x_wconf 85' lang='lat' dir='ltr'>Ac</span> <span class='ocrx_word' id='word_1_497' title='bbox 642 3467 939 3534; x_wconf 87' lang='lat' dir='ltr'>propterea</span> <span class='ocrx_word' id='word_1_498' title='bbox 984 3482 1050 3519; x_wconf 85' lang='lat' dir='ltr'>ex</span> <span class='ocrx_word' id='word_1_499' title='bbox 1077 3466 1369 3525; x_wconf 90' lang='lat' dir='ltr'>immensis</span> <span class='ocrx_word' id='word_1_500' title='bbox 1412 3450 1703 3544; x_wconf 68' lang='lat' dir='ltr'>sapientiae</span> <span class='ocrx_word' id='word_1_501' title='bbox 1785 3470 1907 3541; x_wconf 91' lang='lat' dir='ltr'>ipso</span> <span class='ocrx_word' id='word_1_502' title='bbox 1926 3470 2052 3526; x_wconf 70' lang='lat' dir='ltr'>\itae</span> <span class='ocrx_word' id='word_1_503' title='bbox 2072 3478 2198 3526; x_wconf 90' lang='lat' dir='ltr'>ortu</span> <span class='ocrx_word' id='word_1_504' title='bbox 2220 3489 2382 3527; x_wconf 91' lang='lat' dir='ltr'>nosse</span> <span class='ocrx_word' id='word_1_505' title='bbox 2396 3472 2617 3544; x_wconf 67' lang='lat' dir='ltr'>quaeris,</span> <span class='ocrx_word' id='word_1_506' title='bbox 2643 3476 2794 3526; x_wconf 89' lang='lat' dir='ltr'>recte</span> <span class='ocrx_word' id='word_1_507' title='bbox 2807 3488 2945 3526; x_wconf 91' lang='lat' dir='ltr'>sane</span> <span class='ocrx_word' id='word_1_508' title='bbox 2969 3488 3063 3525; x_wconf 93' lang='lat' dir='ltr'>eos</span> <span class='ocrx_word' id='word_1_509' title='bbox 3083 3471 3379 3542; x_wconf 90' lang='lat' dir='ltr'>plusquam</span> 
     </span>
    </p>
   </div>
   <div class='ocr_carea' id='block_1_38' title="bbox 154 3535 3379 3635">
    <p class='ocr_par' dir='ltr' id='par_1_38' title="bbox 154 3535 3379 3635">
     <span class='ocr_line' id='line_1_38' title="bbox 154 3535 3379 3635; baseline 0.002 -29"><span class='ocrx_word' id='word_1_510' title='bbox 154 3535 285 3635; x_wconf 61' lang='grc' dir='ltr'>ίΡείξιε</span> <span class='ocrx_word' id='word_1_511' title='bbox 298 3546 1191 3626; x_wconf 87' lang='lat' dir='ltr'>opibusadmirationeacstupore</span> <span class='ocrx_word' id='word_1_512' title='bbox 1213 3535 1497 3629; x_wconf 78' lang='lat' dir='ltr'>perculsus</span> <span class='ocrx_word' id='word_1_513' title='bbox 1511 3569 1702 3635; x_wconf 81' lang='lat' dir='ltr'>aperte</span> <span class='ocrx_word' id='word_1_514' title='bbox 1786 3535 2144 3630; x_wconf 67' lang='lat' dir='ltr'>septuaginta</span> <span class='ocrx_word' id='word_1_515' title='bbox 2176 3577 2296 3615; x_wconf 90' lang='lat' dir='ltr'>esse</span> <span class='ocrx_word' id='word_1_516' title='bbox 2346 3535 2648 3632; x_wconf 73' lang='lat' dir='ltr'>conjecisti.</span> <span class='ocrx_word' id='word_1_517' title='bbox 2684 3562 2757 3616; x_wconf 87' lang='lat' dir='ltr'>At</span> <span class='ocrx_word' id='word_1_518' title='bbox 2796 3561 2936 3615; x_wconf 90' lang='lat' dir='ltr'>mihi</span> <span class='ocrx_word' id='word_1_519' title='bbox 2971 3535 3199 3632; x_wconf 87' lang='lat' dir='ltr'>quidem</span> <span class='ocrx_word' id='word_1_520' title='bbox 3224 3535 3379 3613; x_wconf 77' lang='lat' dir='ltr'>nullo</span> 
     </span>
    </p>
   </div>
   <div class='ocr_carea' id='block_1_39' title="bbox 153 3628 3381 3720">
    <p class='ocr_par' dir='ltr' id='par_1_39' title="bbox 153 3628 3381 3720">
     <span class='ocr_line' id='line_1_39' title="bbox 153 3628 3381 3720; baseline 0.014 -45"><span class='ocrx_word' id='word_1_521' title='bbox 153 3628 476 3690; x_wconf 74' lang='lat' dir='ltr'>exclamavit:</span> <span class='ocrx_word' id='word_1_522' title='bbox 530 3637 585 3691; x_wconf 89' lang='grc' dir='ltr'>Ο</span> <span class='ocrx_word' id='word_1_523' title='bbox 623 3639 863 3695; x_wconf 81' lang='lat' dir='ltr'>altitudo</span> <span class='ocrx_word' id='word_1_524' title='bbox 918 3628 1241 3699; x_wconf 79' lang='lat' dir='ltr'>divitiarum</span> <span class='ocrx_word' id='word_1_525' title='bbox 1301 3628 1590 3720; x_wconf 64' lang='lat' dir='ltr'>sapientiae</span> <span class='ocrx_word' id='word_1_526' title='bbox 1645 3660 1703 3708; x_wconf 90' lang='lat' dir='ltr'>et</span> <span class='ocrx_word' id='word_1_527' title='bbox 1783 3648 2013 3703; x_wconf 88' lang='lat' dir='ltr'>omnino</span> <span class='ocrx_word' id='word_1_528' title='bbox 2030 3650 2193 3703; x_wconf 90' lang='lat' dir='ltr'>modo</span> <span class='ocrx_word' id='word_1_529' title='bbox 2214 3650 2362 3704; x_wconf 80' lang='lat' dir='ltr'>inter</span> <span class='ocrx_word' id='word_1_530' title='bbox 2390 3650 2514 3705; x_wconf 76' lang='lat' dir='ltr'>vitae</span> <span class='ocrx_word' id='word_1_531' title='bbox 2539 3667 2716 3704; x_wconf 77' lang='lat' dir='ltr'>annos</span> <span class='ocrx_word' id='word_1_532' title='bbox 2736 3656 3053 3715; x_wconf 63' lang='lat' dir='ltr'>censentur,</span> <span class='ocrx_word' id='word_1_533' title='bbox 3080 3648 3175 3720; x_wconf 78' lang='lat' dir='ltr'>qui</span> <span class='ocrx_word' id='word_1_534' title='bbox 3198 3648 3255 3702; x_wconf 74' lang='lat' dir='ltr'>in</span> <span class='ocrx_word' id='word_1_535' title='bbox 3279 3648 3381 3702; x_wconf 75' lang='lat' dir='ltr'>hu-</span> 
     </span>
    </p>
   </div>
   <div class='ocr_carea' id='block_1_40' title="bbox 151 3716 3378 3813">
    <p class='ocr_par' dir='ltr' id='par_1_40' title="bbox 151 3716 3378 3813">
     <span class='ocr_line' id='line_1_40' title="bbox 151 3716 3378 3813; baseline 0.011 -45"><span class='ocrx_word' id='word_1_536' title='bbox 151 3716 346 3812; x_wconf 61' lang='lat' dir='ltr'>scientiaz</span> <span class='ocrx_word' id='word_1_537' title='bbox 372 3724 471 3779; x_wconf 91' lang='lat' dir='ltr'>Dei</span> <span class='ocrx_word' id='word_1_538' title='bbox 497 3727 511 3779; x_wconf 75' lang='grc' dir='ltr'>Ξ</span> <span class='ocrx_word' id='word_1_539' title='bbox 553 3743 723 3797; x_wconf 88' lang='lat' dir='ltr'>quam</span> <span class='ocrx_word' id='word_1_540' title='bbox 754 3727 1344 3802; x_wconf 89' lang='lat' dir='ltr'>incomprehensibilia</span> <span class='ocrx_word' id='word_1_541' title='bbox 1368 3716 1521 3794; x_wconf 65' lang='lat' dir='ltr'>sunt</span> <span class='ocrx_word' id='word_1_542' title='bbox 1543 3742 1700 3813; x_wconf 88' lang='lat' dir='ltr'>judi-</span> <span class='ocrx_word' id='word_1_543' title='bbox 1776 3737 1872 3807; x_wconf 85' lang='lat' dir='ltr'>jus</span> <span class='ocrx_word' id='word_1_544' title='bbox 1902 3738 2097 3792; x_wconf 85' lang='lat' dir='ltr'>mundi</span> <span class='ocrx_word' id='word_1_545' title='bbox 2126 3738 2372 3793; x_wconf 78' lang='lat' dir='ltr'>vanitate</span> <span class='ocrx_word' id='word_1_546' title='bbox 2401 3740 2718 3811; x_wconf 70' lang='lat' dir='ltr'>consumpti</span> <span class='ocrx_word' id='word_1_547' title='bbox 2748 3745 2897 3794; x_wconf 66' lang='lat' dir='ltr'>sunt.</span> <span class='ocrx_word' id='word_1_548' title='bbox 2918 3740 3062 3794; x_wconf 77' lang='lat' dir='ltr'>Nam</span> <span class='ocrx_word' id='word_1_549' title='bbox 3090 3755 3378 3810; x_wconf 50' lang='lat' dir='ltr'>cumvpec‘</span> 
     </span>
    </p>
   </div>
   <div class='ocr_carea' id='block_1_41' title="bbox 150 3802 3379 3899">
    <p class='ocr_par' dir='ltr' id='par_1_41' title="bbox 150 3802 3379 3899">
     <span class='ocr_line' id='line_1_41' title="bbox 150 3802 3379 3899; baseline 0.006 -36"><span class='ocrx_word' id='word_1_550' title='bbox 150 3802 343 3877; x_wconf 75' lang='lat' dir='ltr'>Ciaejus,</span> <span class='ocrx_word' id='word_1_551' title='bbox 373 3819 428 3866; x_wconf 90' lang='lat' dir='ltr'>et</span> <span class='ocrx_word' id='word_1_552' title='bbox 454 3814 881 3887; x_wconf 81' lang='lat' dir='ltr'>investigabiles</span> <span class='ocrx_word' id='word_1_553' title='bbox 908 3819 1007 3874; x_wconf 79' lang='lat' dir='ltr'>viae</span> <span class='ocrx_word' id='word_1_554' title='bbox 1034 3822 1156 3891; x_wconf 89' lang='lat' dir='ltr'>ejus</span> <span class='ocrx_word' id='word_1_555' title='bbox 1189 3826 1360 3891; x_wconf 82' lang='lat' dir='ltr'>(Rom.</span> <span class='ocrx_word' id='word_1_556' title='bbox 1388 3831 1464 3897; x_wconf 88' lang='lat' dir='ltr'>xI)</span> <span class='ocrx_word' id='word_1_557' title='bbox 1492 3829 1504 3881; x_wconf 86' lang='lat'><strong>!</strong></span> <span class='ocrx_word' id='word_1_558' title='bbox 1543 3802 1563 3813; x_wconf 42' lang='grc'>⁷</span> <span class='ocrx_word' id='word_1_559' title='bbox 1780 3825 1920 3880; x_wconf 84' lang='lat' dir='ltr'>catis</span> <span class='ocrx_word' id='word_1_560' title='bbox 1937 3826 1991 3880; x_wconf 91' lang='lat' dir='ltr'>in</span> <span class='ocrx_word' id='word_1_561' title='bbox 2013 3827 2335 3882; x_wconf 85' lang='lat' dir='ltr'>servitutem</span> <span class='ocrx_word' id='word_1_562' title='bbox 2359 3828 2631 3893; x_wconf 87' lang='lat' dir='ltr'>addictus,</span> <span class='ocrx_word' id='word_1_563' title='bbox 2657 3829 3379 3899; x_wconf 84' lang='lat' dir='ltr'>carniviverem.quantum</span> 
     </span>
    </p>
   </div>
   <div class='ocr_carea' id='block_1_42' title="bbox 199 3901 3375 3987">
    <p class='ocr_par' dir='ltr' id='par_1_42' title="bbox 199 3901 3375 3987">
     <span class='ocr_line' id='line_1_42' title="bbox 199 3901 3375 3987; baseline 0.004 -28"><span class='ocrx_word' id='word_1_564' title='bbox 199 3901 354 3964; x_wconf 62' lang='grc' dir='ltr'>τες</span> <span class='ocrx_word' id='word_1_565' title='bbox 382 3902 545 3965; x_wconf 87' lang='lat' dir='ltr'>Quod</span> <span class='ocrx_word' id='word_1_566' title='bbox 593 3904 640 3957; x_wconf 91' lang='lat' dir='ltr'>si</span> <span class='ocrx_word' id='word_1_567' title='bbox 681 3906 777 3961; x_wconf 91' lang='lat' dir='ltr'>ille</span> <span class='ocrx_word' id='word_1_568' title='bbox 807 3908 903 3978; x_wconf 91' lang='lat' dir='ltr'>qui</span> <span class='ocrx_word' id='word_1_569' title='bbox 931 3909 1000 3962; x_wconf 90' lang='lat' dir='ltr'>ad</span> <span class='ocrx_word' id='word_1_570' title='bbox 1029 3912 1258 3966; x_wconf 88' lang='lat' dir='ltr'>tertium</span> <span class='ocrx_word' id='word_1_571' title='bbox 1288 3931 1466 3987; x_wconf 88' lang='lat' dir='ltr'>usque</span> <span class='ocrx_word' id='word_1_572' title='bbox 1495 3920 1697 3975; x_wconf 69' lang='lat' dir='ltr'>coelum</span> <span class='ocrx_word' id='word_1_573' title='bbox 1779 3914 1850 3968; x_wconf 91' lang='lat' dir='ltr'>ad</span> <span class='ocrx_word' id='word_1_574' title='bbox 1903 3914 2226 3970; x_wconf 89' lang='lat' dir='ltr'>interiorem</span> <span class='ocrx_word' id='word_1_575' title='bbox 2278 3916 2562 3971; x_wconf 88' lang='lat' dir='ltr'>hominem</span> <span class='ocrx_word' id='word_1_576' title='bbox 2611 3918 2833 3984; x_wconf 87' lang='lat' dir='ltr'>attinet,</span> <span class='ocrx_word' id='word_1_577' title='bbox 2886 3923 3143 3972; x_wconf 90' lang='lat' dir='ltr'>mortuus</span> <span class='ocrx_word' id='word_1_578' title='bbox 3198 3933 3375 3973; x_wconf 89' lang='lat' dir='ltr'>eram.</span> 
     </span>
    </p>
   </div>
   <div class='ocr_carea' id='block_1_43' title="bbox 148 3995 3375 4078">
    <p class='ocr_par' dir='ltr' id='par_1_43' title="bbox 148 3995 3375 4078">
     <span class='ocr_line' id='line_1_43' title="bbox 148 3995 3375 4078; baseline 0.005 -37"><span class='ocrx_word' id='word_1_579' title='bbox 148 3995 445 4078; x_wconf 54' lang='lat' dir='ltr'>infrenant,</span> <span class='ocrx_word' id='word_1_580' title='bbox 461 3998 640 4063; x_wconf 87' lang='lat' dir='ltr'>atque</span> <span class='ocrx_word' id='word_1_581' title='bbox 661 4010 866 4050; x_wconf 87' lang='lat' dir='ltr'>arcana</span> <span class='ocrx_word' id='word_1_582' title='bbox 880 3997 1047 4053; x_wconf 88' lang='lat' dir='ltr'>verba</span> <span class='ocrx_word' id='word_1_583' title='bbox 1068 4001 1409 4069; x_wconf 77' lang='lat' dir='ltr'>audieratUl</span> <span class='ocrx_word' id='word_1_584' title='bbox 1423 4007 1542 4060; x_wconf 81' lang='lat' dir='ltr'>Cor.</span> <span class='ocrx_word' id='word_1_585' title='bbox 1569 4011 1693 4078; x_wconf 80' lang='lat' dir='ltr'>xu).</span> <span class='ocrx_word' id='word_1_586' title='bbox 1779 4003 2154 4066; x_wconf 74' lang='lat' dir='ltr'>QuamObl‘em</span> <span class='ocrx_word' id='word_1_587' title='bbox 2179 4006 2374 4060; x_wconf 75' lang='lat' dir='ltr'>mOI‘tiS</span> <span class='ocrx_word' id='word_1_588' title='bbox 2394 4024 2590 4072; x_wconf 71' lang='lat' dir='ltr'>annos.</span> <span class='ocrx_word' id='word_1_589' title='bbox 2616 4007 2740 4061; x_wconf 65' lang='lat' dir='ltr'>Vitia</span> <span class='ocrx_word' id='word_1_590' title='bbox 2762 4024 2939 4061; x_wconf 80' lang='lat' dir='ltr'>annos</span> <span class='ocrx_word' id='word_1_591' title='bbox 2961 4023 3248 4077; x_wconf 87' lang='lat' dir='ltr'>nunquam</span> <span class='ocrx_word' id='word_1_592' title='bbox 3275 4022 3375 4076; x_wconf 89' lang='lat' dir='ltr'>ap-</span> 
     </span>
    </p>
   </div>
   <div class='ocr_carea' id='block_1_44' title="bbox 146 4065 3371 4164">
    <p class='ocr_par' dir='ltr' id='par_1_44' title="bbox 146 4065 3371 4164">
     <span class='ocr_line' id='line_1_44' title="bbox 146 4065 3371 4164; baseline 0.009 -44"><span class='ocrx_word' id='word_1_593' title='bbox 146 4065 417 4139; x_wconf 80' lang='lat' dir='ltr'>hujusmodi</span> <span class='ocrx_word' id='word_1_594' title='bbox 436 4097 607 4135; x_wconf 67' lang='lat' dir='ltr'>voces</span> <span class='ocrx_word' id='word_1_595' title='bbox 629 4082 814 4137; x_wconf 78' lang='lat' dir='ltr'>emisit</span> <span class='ocrx_word' id='word_1_596' title='bbox 837 4104 848 4151; x_wconf 82' lang='grc'>;</span> <span class='ocrx_word' id='word_1_597' title='bbox 875 4086 1067 4157; x_wconf 70' lang='lat' dir='ltr'>ecquis</span> <span class='ocrx_word' id='word_1_598' title='bbox 1085 4090 1192 4142; x_wconf 77' lang='lat' dir='ltr'>mei</span> <span class='ocrx_word' id='word_1_599' title='bbox 1214 4090 1481 4147; x_wconf 84' lang='lat' dir='ltr'>similium</span> <span class='ocrx_word' id='word_1_600' title='bbox 1502 4094 1556 4149; x_wconf 81' lang='lat' dir='ltr'>in</span> <span class='ocrx_word' id='word_1_601' title='bbox 1576 4100 1697 4150; x_wconf 77' lang='lat' dir='ltr'>tan-</span> <span class='ocrx_word' id='word_1_602' title='bbox 1778 4092 2053 4163; x_wconf 90' lang='lat' dir='ltr'>pellarim.</span> <span class='ocrx_word' id='word_1_603' title='bbox 2074 4094 2149 4147; x_wconf 86' lang='lat' dir='ltr'>Ex</span> <span class='ocrx_word' id='word_1_604' title='bbox 2172 4110 2282 4164; x_wconf 92' lang='lat' dir='ltr'>quo</span> <span class='ocrx_word' id='word_1_605' title='bbox 2300 4101 2486 4149; x_wconf 89' lang='lat' dir='ltr'>autem</span> <span class='ocrx_word' id='word_1_606' title='bbox 2508 4095 2752 4151; x_wconf 91' lang='lat' dir='ltr'>mundus</span> <span class='ocrx_word' id='word_1_607' title='bbox 2777 4096 2914 4150; x_wconf 89' lang='lat' dir='ltr'>mihi</span> <span class='ocrx_word' id='word_1_608' title='bbox 2943 4096 3237 4150; x_wconf 85' lang='lat' dir='ltr'>cruciﬁxus</span> <span class='ocrx_word' id='word_1_609' title='bbox 3268 4100 3371 4160; x_wconf 88' lang='lat' dir='ltr'>est,</span> 
     </span>
    </p>
   </div>
   <div class='ocr_carea' id='block_1_45' title="bbox 144 4159 3368 4256">
    <p class='ocr_par' dir='ltr' id='par_1_45' title="bbox 144 4159 3368 4256">
     <span class='ocr_line' id='line_1_45' title="bbox 144 4159 3368 4256; baseline 0.005 -34"><span class='ocrx_word' id='word_1_610' title='bbox 144 4159 288 4256; x_wconf 51' lang='grc' dir='ltr'>ίίξξυιξι</span> <span class='ocrx_word' id='word_1_611' title='bbox 307 4169 702 4236; x_wconf 81' lang='lat' dir='ltr'>mysteriorum</span> <span class='ocrx_word' id='word_1_612' title='bbox 731 4171 991 4244; x_wconf 89' lang='lat' dir='ltr'>abyssum</span> <span class='ocrx_word' id='word_1_613' title='bbox 1010 4177 1198 4231; x_wconf 90' lang='lat' dir='ltr'>oculos</span> <span class='ocrx_word' id='word_1_614' title='bbox 1211 4179 1695 4254; x_wconf 85' lang='lat' dir='ltr'>advertere,atque</span> <span class='ocrx_word' id='word_1_615' title='bbox 1777 4159 1834 4234; x_wconf 76' lang='lat' dir='ltr'>et</span> <span class='ocrx_word' id='word_1_616' title='bbox 1859 4198 1960 4250; x_wconf 87' lang='lat' dir='ltr'>ego</span> <span class='ocrx_word' id='word_1_617' title='bbox 1982 4159 2353 4251; x_wconf 44' lang='lat' dir='ltr'>mundo—(Gal.</span> <span class='ocrx_word' id='word_1_618' title='bbox 2375 4190 2463 4253; x_wconf 71' lang='lat' dir='ltr'>vn),</span> <span class='ocrx_word' id='word_1_619' title='bbox 2498 4191 2666 4256; x_wconf 90' lang='lat' dir='ltr'>atque</span> <span class='ocrx_word' id='word_1_620' title='bbox 2714 4192 2881 4240; x_wconf 86' lang='lat' dir='ltr'>exuto</span> <span class='ocrx_word' id='word_1_621' title='bbox 2921 4185 3092 4240; x_wconf 89' lang='lat' dir='ltr'>veteri</span> <span class='ocrx_word' id='word_1_622' title='bbox 3121 4186 3368 4249; x_wconf 91' lang='lat' dir='ltr'>homine,</span> 
     </span>
    </p>
   </div>
   <div class='ocr_carea' id='block_1_46' title="bbox 142 4243 3372 4343">
    <p class='ocr_par' dir='ltr' id='par_1_46' title="bbox 142 4243 3372 4343">
     <span class='ocr_line' id='line_1_46' title="bbox 142 4243 3372 4343; baseline 0.006 -38"><span class='ocrx_word' id='word_1_623' title='bbox 142 4243 311 4343; x_wconf 52' lang='grc' dir='ltr'>ξιίειυίᾶ</span> <span class='ocrx_word' id='word_1_624' title='bbox 338 4271 439 4324; x_wconf 89' lang='lat' dir='ltr'>pro</span> <span class='ocrx_word' id='word_1_625' title='bbox 460 4257 763 4327; x_wconf 83' lang='lat' dir='ltr'>dignitate,</span> <span class='ocrx_word' id='word_1_626' title='bbox 785 4277 899 4316; x_wconf 90' lang='lat' dir='ltr'>non</span> <span class='ocrx_word' id='word_1_627' title='bbox 922 4263 1104 4318; x_wconf 86' lang='lat' dir='ltr'>dicam</span> <span class='ocrx_word' id='word_1_628' title='bbox 1132 4265 1334 4333; x_wconf 89' lang='lat' dir='ltr'>dicere,</span> <span class='ocrx_word' id='word_1_629' title='bbox 1354 4270 1451 4324; x_wconf 88' lang='lat' dir='ltr'>sed</span> <span class='ocrx_word' id='word_1_630' title='bbox 1474 4288 1544 4326; x_wconf 92' lang='lat' dir='ltr'>ne</span> <span class='ocrx_word' id='word_1_631' title='bbox 1567 4274 1693 4343; x_wconf 89' lang='lat' dir='ltr'>qui-</span> <span class='ocrx_word' id='word_1_632' title='bbox 1776 4269 1869 4340; x_wconf 90' lang='lat' dir='ltr'>qui</span> <span class='ocrx_word' id='word_1_633' title='bbox 1899 4271 2208 4325; x_wconf 87' lang='lat' dir='ltr'>secundum</span> <span class='ocrx_word' id='word_1_634' title='bbox 2256 4273 2463 4327; x_wconf 88' lang='lat' dir='ltr'>erroris</span> <span class='ocrx_word' id='word_1_635' title='bbox 2507 4274 2787 4328; x_wconf 88' lang='lat' dir='ltr'>desideria</span> <span class='ocrx_word' id='word_1_636' title='bbox 2831 4273 3228 4343; x_wconf 89' lang='lat' dir='ltr'>corrumpitur,</span> <span class='ocrx_word' id='word_1_637' title='bbox 3260 4288 3372 4327; x_wconf 92' lang='lat' dir='ltr'>non</span> 
     </span>
    </p>
   </div>
   <div class='ocr_carea' id='block_1_47' title="bbox 142 4331 3369 4433">
    <p class='ocr_par' dir='ltr' id='par_1_47' title="bbox 142 4331 3369 4433">
     <span class='ocr_line' id='line_1_47' title="bbox 142 4331 3369 4433; baseline 0.005 -37"><span class='ocrx_word' id='word_1_638' title='bbox 142 4331 237 4388; x_wconf 67' lang='grc' dir='ltr'>ἀίδω</span> <span class='ocrx_word' id='word_1_639' title='bbox 252 4342 484 4410; x_wconf 80' lang='lat' dir='ltr'>cogitare</span> <span class='ocrx_word' id='word_1_640' title='bbox 497 4348 730 4416; x_wconf 89' lang='lat' dir='ltr'>poterit,</span> <span class='ocrx_word' id='word_1_641' title='bbox 746 4349 855 4404; x_wconf 92' lang='lat' dir='ltr'>nisi</span> <span class='ocrx_word' id='word_1_642' title='bbox 869 4350 985 4422; x_wconf 89' lang='lat' dir='ltr'>ipse</span> <span class='ocrx_word' id='word_1_643' title='bbox 1002 4354 1289 4424; x_wconf 69' lang='lat' dir='ltr'>sapientiae</span> <span class='ocrx_word' id='word_1_644' title='bbox 1301 4357 1693 4415; x_wconf 86' lang='lat' dir='ltr'>subministra-</span> <span class='ocrx_word' id='word_1_645' title='bbox 1769 4358 1888 4428; x_wconf 89' lang='lat' dir='ltr'>jam</span> <span class='ocrx_word' id='word_1_646' title='bbox 1904 4360 2058 4413; x_wconf 87' lang='lat' dir='ltr'>carni</span> <span class='ocrx_word' id='word_1_647' title='bbox 2080 4359 2219 4426; x_wconf 87' lang='lat' dir='ltr'>vivo,</span> <span class='ocrx_word' id='word_1_648' title='bbox 2242 4362 2336 4415; x_wconf 90' lang='lat' dir='ltr'>sed</span> <span class='ocrx_word' id='word_1_649' title='bbox 2352 4362 2488 4417; x_wconf 90' lang='lat' dir='ltr'>vivit</span> <span class='ocrx_word' id='word_1_650' title='bbox 2508 4362 2565 4416; x_wconf 94' lang='lat' dir='ltr'>in</span> <span class='ocrx_word' id='word_1_651' title='bbox 2588 4380 2677 4416; x_wconf 92' lang='lat' dir='ltr'>me</span> <span class='ocrx_word' id='word_1_652' title='bbox 2700 4362 2985 4429; x_wconf 83' lang='lat' dir='ltr'>Christus;</span> <span class='ocrx_word' id='word_1_653' title='bbox 3011 4361 3159 4433; x_wconf 89' lang='lat' dir='ltr'>quod</span> <span class='ocrx_word' id='word_1_654' title='bbox 3180 4366 3369 4415; x_wconf 90' lang='lat' dir='ltr'>autem</span> 
     </span>
    </p>
   </div>
   <div class='ocr_carea' id='block_1_48' title="bbox 140 4424 3369 4523">
    <p class='ocr_par' dir='ltr' id='par_1_48' title="bbox 140 4424 3369 4523">
     <span class='ocr_line' id='line_1_48' title="bbox 140 4424 3369 4523; baseline 0.006 -38"><span class='ocrx_word' id='word_1_655' title='bbox 140 4424 377 4521; x_wconf 40' lang='lat' dir='ltr'>for-atque</span> <span class='ocrx_word' id='word_1_656' title='bbox 398 4432 791 4505; x_wconf 88' lang='lat' dir='ltr'>insipientium</span> <span class='ocrx_word' id='word_1_657' title='bbox 825 4446 1104 4495; x_wconf 88' lang='lat' dir='ltr'>corrector</span> <span class='ocrx_word' id='word_1_658' title='bbox 1123 4443 1374 4499; x_wconf 85' lang='lat' dir='ltr'>dederit?</span> <span class='ocrx_word' id='word_1_659' title='bbox 1394 4447 1613 4502; x_wconf 91' lang='lat' dir='ltr'>Etenim</span> <span class='ocrx_word' id='word_1_660' title='bbox 1634 4448 1691 4503; x_wconf 91' lang='lat' dir='ltr'>in</span> <span class='ocrx_word' id='word_1_661' title='bbox 1710 4424 1916 4512; x_wconf 70' lang='lat' dir='ltr'>Dvivo,</span> <span class='ocrx_word' id='word_1_662' title='bbox 1936 4447 1993 4501; x_wconf 94' lang='lat' dir='ltr'>in</span> <span class='ocrx_word' id='word_1_663' title='bbox 2026 4447 2136 4503; x_wconf 86' lang='lat' dir='ltr'>fide</span> <span class='ocrx_word' id='word_1_664' title='bbox 2156 4424 2278 4503; x_wconf 85' lang='lat' dir='ltr'>vivo</span> <span class='ocrx_word' id='word_1_665' title='bbox 2300 4451 2425 4504; x_wconf 92' lang='lat' dir='ltr'>Filii</span> <span class='ocrx_word' id='word_1_666' title='bbox 2446 4451 2565 4516; x_wconf 92' lang='lat' dir='ltr'>Dei,</span> <span class='ocrx_word' id='word_1_667' title='bbox 2590 4452 2686 4523; x_wconf 92' lang='lat' dir='ltr'>qui</span> <span class='ocrx_word' id='word_1_668' title='bbox 2719 4452 2909 4507; x_wconf 81' lang='lat' dir='ltr'>dilexit</span> <span class='ocrx_word' id='word_1_669' title='bbox 2933 4424 3047 4518; x_wconf 58' lang='lat' dir='ltr'>me;</span> <span class='ocrx_word' id='word_1_670' title='bbox 3065 4456 3122 4505; x_wconf 87' lang='lat' dir='ltr'>et</span> <span class='ocrx_word' id='word_1_671' title='bbox 3148 4466 3249 4522; x_wconf 90' lang='lat' dir='ltr'>pro</span> <span class='ocrx_word' id='word_1_672' title='bbox 3279 4467 3369 4504; x_wconf 90' lang='lat' dir='ltr'>me</span> 
     </span>
    </p>
   </div>
   <div class='ocr_carea' id='block_1_49' title="bbox 141 4511 3371 4613">
    <p class='ocr_par' dir='ltr' id='par_1_49' title="bbox 141 4511 3371 4613">
     <span class='ocr_line' id='line_1_49' title="bbox 141 4511 3371 4613; baseline 0.005 -36"><span class='ocrx_word' id='word_1_673' title='bbox 141 4511 277 4613; x_wconf 57' lang='grc' dir='ltr'>ίΡείιξε</span> <span class='ocrx_word' id='word_1_674' title='bbox 290 4534 451 4575; x_wconf 85' lang='lat' dir='ltr'>manu</span> <span class='ocrx_word' id='word_1_675' title='bbox 482 4528 546 4576; x_wconf 88' lang='lat' dir='ltr'>et</span> <span class='ocrx_word' id='word_1_676' title='bbox 576 4539 677 4577; x_wconf 90' lang='lat' dir='ltr'>nos</span> <span class='ocrx_word' id='word_1_677' title='bbox 695 4530 752 4578; x_wconf 91' lang='lat' dir='ltr'>et</span> <span class='ocrx_word' id='word_1_678' title='bbox 771 4543 1057 4583; x_wconf 86' lang='lat' dir='ltr'>sermones</span> <span class='ocrx_word' id='word_1_679' title='bbox 1078 4534 1254 4586; x_wconf 90' lang='lat' dir='ltr'>nostri</span> <span class='ocrx_word' id='word_1_680' title='bbox 1273 4540 1488 4599; x_wconf 90' lang='lat' dir='ltr'>sunt,et</span> <span class='ocrx_word' id='word_1_681' title='bbox 1512 4538 1693 4593; x_wconf 89' lang='lat' dir='ltr'>omnis</span> <span class='ocrx_word' id='word_1_682' title='bbox 1775 4536 2023 4607; x_wconf 89' lang='lat' dir='ltr'>seipsum</span> <span class='ocrx_word' id='word_1_683' title='bbox 2056 4538 2289 4593; x_wconf 90' lang='lat' dir='ltr'>tradidit</span> <span class='ocrx_word' id='word_1_684' title='bbox 2312 4541 2516 4610; x_wconf 83' lang='lat' dir='ltr'>(Ephes.</span> <span class='ocrx_word' id='word_1_685' title='bbox 2641 4561 2652 4595; x_wconf 93' lang='lat'><strong>:</strong></span> <span class='ocrx_word' id='word_1_686' title='bbox 2668 4542 2769 4596; x_wconf 91' lang='lat' dir='ltr'>hos</span> <span class='ocrx_word' id='word_1_687' title='bbox 2789 4543 2917 4597; x_wconf 63' lang='lat' dir='ltr'>vitm</span> <span class='ocrx_word' id='word_1_688' title='bbox 2947 4511 3123 4595; x_wconf 82' lang='lat' dir='ltr'>annos</span> <span class='ocrx_word' id='word_1_689' title='bbox 3148 4511 3207 4594; x_wconf 70' lang='lat' dir='ltr'>et</span> <span class='ocrx_word' id='word_1_690' title='bbox 3223 4540 3371 4593; x_wconf 87' lang='lat' dir='ltr'>salu-</span> 
     </span>
    </p>
   </div>
   <div class='ocr_carea' id='block_1_50' title="bbox 139 4601 3371 4703">
    <p class='ocr_par' dir='ltr' id='par_1_50' title="bbox 139 4601 3371 4703">
     <span class='ocr_line' id='line_1_50' title="bbox 139 4601 3371 4703; baseline 0.008 -47"><span class='ocrx_word' id='word_1_691' title='bbox 139 4601 389 4666; x_wconf 81' lang='lat' dir='ltr'>pmdentia</span> <span class='ocrx_word' id='word_1_692' title='bbox 412 4625 479 4663; x_wconf 89' lang='lat' dir='ltr'>ac</span> <span class='ocrx_word' id='word_1_693' title='bbox 497 4612 744 4667; x_wconf 74' lang='lat' dir='ltr'>solertiae</span> <span class='ocrx_word' id='word_1_694' title='bbox 765 4615 1013 4671; x_wconf 88' lang='lat' dir='ltr'>scientia.</span> <span class='ocrx_word' id='word_1_695' title='bbox 1029 4620 1212 4690; x_wconf 91' lang='lat' dir='ltr'>Atque</span> <span class='ocrx_word' id='word_1_696' title='bbox 1232 4621 1408 4693; x_wconf 90' lang='lat' dir='ltr'>ipsius</span> <span class='ocrx_word' id='word_1_697' title='bbox 1424 4623 1692 4682; x_wconf 85' lang='lat' dir='ltr'>beneficio</span> <span class='ocrx_word' id='word_1_698' title='bbox 1774 4625 1848 4679; x_wconf 90' lang='lat' dir='ltr'>tis</span> <span class='ocrx_word' id='word_1_699' title='bbox 1860 4601 1990 4681; x_wconf 70' lang='lat' dir='ltr'>dies</span> <span class='ocrx_word' id='word_1_700' title='bbox 2019 4627 2230 4699; x_wconf 84' lang='lat' dir='ltr'>Optimo</span> <span class='ocrx_word' id='word_1_701' title='bbox 2255 4601 2387 4700; x_wconf 74' lang='lat' dir='ltr'>jure</span> <span class='ocrx_word' id='word_1_702' title='bbox 2411 4601 2740 4686; x_wconf 73' lang='lat' dir='ltr'>vocaverim.</span> <span class='ocrx_word' id='word_1_703' title='bbox 2775 4632 2925 4697; x_wconf 89' lang='lat' dir='ltr'>Quos</span> <span class='ocrx_word' id='word_1_704' title='bbox 2953 4631 3178 4703; x_wconf 90' lang='lat' dir='ltr'>quidem</span> <span class='ocrx_word' id='word_1_705' title='bbox 3211 4628 3371 4701; x_wconf 91' lang='lat' dir='ltr'>quin-</span> 
     </span>
    </p>
   </div>
   <div class='ocr_carea' id='block_1_51' title="bbox 140 4700 3368 4789">
    <p class='ocr_par' dir='ltr' id='par_1_51' title="bbox 140 4700 3368 4789">
     <span class='ocr_line' id='line_1_51' title="bbox 140 4700 3368 4789; baseline 0.007 -40"><span class='ocrx_word' id='word_1_706' title='bbox 140 4700 285 4745; x_wconf 70' lang='lat' dir='ltr'>‘emm</span> <span class='ocrx_word' id='word_1_707' title='bbox 305 4711 498 4753; x_wconf 87' lang='lat' dir='ltr'>earum</span> <span class='ocrx_word' id='word_1_708' title='bbox 519 4716 711 4756; x_wconf 88' lang='lat' dir='ltr'>rerum</span> <span class='ocrx_word' id='word_1_709' title='bbox 731 4709 1379 4778; x_wconf 68' lang='lat' dir='ltr'>qumsuntcognitionem</span> <span class='ocrx_word' id='word_1_710' title='bbox 1395 4713 1685 4785; x_wconf 87' lang='lat' dir='ltr'>habemus,</span> <span class='ocrx_word' id='word_1_711' title='bbox 1775 4731 1883 4785; x_wconf 89' lang='lat' dir='ltr'>que</span> <span class='ocrx_word' id='word_1_712' title='bbox 1911 4721 1966 4770; x_wconf 85' lang='lat' dir='ltr'>et</span> <span class='ocrx_word' id='word_1_713' title='bbox 2014 4718 2387 4789; x_wconf 86' lang='lat' dir='ltr'>quadraginta</span> <span class='ocrx_word' id='word_1_714' title='bbox 2418 4736 2539 4774; x_wconf 88' lang='lat' dir='ltr'>esse</span> <span class='ocrx_word' id='word_1_715' title='bbox 2569 4737 2842 4786; x_wconf 89' lang='lat' dir='ltr'>asserens,</span> <span class='ocrx_word' id='word_1_716' title='bbox 2874 4725 3251 4774; x_wconf 87' lang='lat' dir='ltr'>consentanea</span> <span class='ocrx_word' id='word_1_717' title='bbox 3274 4735 3368 4772; x_wconf 90' lang='lat' dir='ltr'>ra-</span> 
     </span>
    </p>
   </div>
   <div class='ocr_carea' id='block_1_52' title="bbox 137 4780 3361 4873">
    <p class='ocr_par' dir='ltr' id='par_1_52' title="bbox 137 4780 3361 4873">
     <span class='ocr_line' id='line_1_52' title="bbox 137 4780 3361 4873; baseline 0.009 -40"><span class='ocrx_word' id='word_1_718' title='bbox 137 4780 394 4873; x_wconf 53' lang='lat' dir='ltr'>niundiqne</span> <span class='ocrx_word' id='word_1_719' title='bbox 412 4790 834 4847; x_wconf 87' lang='lat' dir='ltr'>concretionem</span> <span class='ocrx_word' id='word_1_720' title='bbox 860 4794 1243 4867; x_wconf 78' lang='lat' dir='ltr'>intelligimus,</span> <span class='ocrx_word' id='word_1_721' title='bbox 1283 4801 1689 4859; x_wconf 91' lang='lat' dir='ltr'>elementorum</span> <span class='ocrx_word' id='word_1_722' title='bbox 1772 4804 1945 4869; x_wconf 88' lang='lat' dir='ltr'>tione,</span> <span class='ocrx_word' id='word_1_723' title='bbox 1980 4822 2043 4861; x_wconf 89' lang='lat' dir='ltr'>ac</span> <span class='ocrx_word' id='word_1_724' title='bbox 2088 4824 2201 4862; x_wconf 91' lang='lat' dir='ltr'>non</span> <span class='ocrx_word' id='word_1_725' title='bbox 2240 4807 2499 4873; x_wconf 83' lang='lat' dir='ltr'>absurde,</span> <span class='ocrx_word' id='word_1_726' title='bbox 2528 4810 2729 4863; x_wconf 90' lang='lat' dir='ltr'>horum</span> <span class='ocrx_word' id='word_1_727' title='bbox 2768 4825 3067 4863; x_wconf 88' lang='lat' dir='ltr'>numerum</span> <span class='ocrx_word' id='word_1_728' title='bbox 3096 4808 3199 4863; x_wconf 89' lang='lat' dir='ltr'>tibi</span> <span class='ocrx_word' id='word_1_729' title='bbox 3228 4808 3361 4863; x_wconf 87' lang='lat' dir='ltr'>dixi.</span> 
     </span>
    </p>
   </div>
   <div class='ocr_carea' id='block_1_53' title="bbox 134 4864 3365 4968">
    <p class='ocr_par' dir='ltr' id='par_1_53' title="bbox 134 4864 3365 4968">
     <span class='ocr_line' id='line_1_53' title="bbox 134 4864 3365 4968; baseline 0.006 -35"><span class='ocrx_word' id='word_1_730' title='bbox 134 4864 261 4933; x_wconf 68' lang='grc' dir='ltr'>τίτθδ»</span> <span class='ocrx_word' id='word_1_731' title='bbox 284 4878 608 4946; x_wconf 86' lang='lat' dir='ltr'>temporum</span> <span class='ocrx_word' id='word_1_732' title='bbox 651 4878 877 4936; x_wconf 89' lang='lat' dir='ltr'>initium</span> <span class='ocrx_word' id='word_1_733' title='bbox 920 4889 977 4938; x_wconf 88' lang='lat' dir='ltr'>et</span> <span class='ocrx_word' id='word_1_734' title='bbox 1003 4886 1358 4942; x_wconf 88' lang='lat' dir='ltr'>medietatem</span> <span class='ocrx_word' id='word_1_735' title='bbox 1408 4895 1465 4945; x_wconf 91' lang='lat' dir='ltr'>et</span> <span class='ocrx_word' id='word_1_736' title='bbox 1492 4893 1683 4959; x_wconf 84' lang='lat' dir='ltr'>ﬁnem,</span> <span class='ocrx_word' id='word_1_737' title='bbox 1770 4893 1916 4957; x_wconf 88' lang='lat' dir='ltr'>Quin</span> <span class='ocrx_word' id='word_1_738' title='bbox 1946 4899 2009 4949; x_wconf 92' lang='lat' dir='ltr'>tu</span> <span class='ocrx_word' id='word_1_739' title='bbox 2042 4912 2264 4967; x_wconf 89' lang='lat' dir='ltr'>quoque</span> <span class='ocrx_word' id='word_1_740' title='bbox 2293 4914 2360 4951; x_wconf 89' lang='lat' dir='ltr'>ea</span> <span class='ocrx_word' id='word_1_741' title='bbox 2398 4914 2621 4968; x_wconf 89' lang='lat' dir='ltr'>semper</span> <span class='ocrx_word' id='word_1_742' title='bbox 2650 4903 2838 4951; x_wconf 90' lang='lat' dir='ltr'>mente</span> <span class='ocrx_word' id='word_1_743' title='bbox 2876 4914 2941 4951; x_wconf 91' lang='lat' dir='ltr'>ac</span> <span class='ocrx_word' id='word_1_744' title='bbox 2981 4897 3262 4952; x_wconf 86' lang='lat' dir='ltr'>sententia</span> <span class='ocrx_word' id='word_1_745' title='bbox 3287 4898 3365 4953; x_wconf 91' lang='lat' dir='ltr'>sis</span> 
     </span>
    </p>
   </div>
   <div class='ocr_carea' id='block_1_54' title="bbox 131 4957 3362 5058">
    <p class='ocr_par' dir='ltr' id='par_1_54' title="bbox 131 4957 3362 5058">
     <span class='ocr_line' id='line_1_54' title="bbox 131 4957 3362 5058; baseline 0.008 -43"><span class='ocrx_word' id='word_1_746' title='bbox 131 4957 333 5058; x_wconf 45' lang='lat' dir='ltr'>{faniam</span> <span class='ocrx_word' id='word_1_747' title='bbox 361 4965 499 5019; x_wconf 86' lang='lat' dir='ltr'>anni</span> <span class='ocrx_word' id='word_1_748' title='bbox 529 4966 957 5039; x_wconf 86' lang='lat' dir='ltr'>vicissitudines,</span> <span class='ocrx_word' id='word_1_749' title='bbox 979 4990 1043 5028; x_wconf 89' lang='lat' dir='ltr'>ac</span> <span class='ocrx_word' id='word_1_750' title='bbox 1069 4979 1468 5047; x_wconf 83' lang='lat' dir='ltr'>tempestatum</span> <span class='ocrx_word' id='word_1_751' title='bbox 1499 4987 1686 5036; x_wconf 88' lang='lat' dir='ltr'>muta-</span> <span class='ocrx_word' id='word_1_752' title='bbox 1768 4982 1951 5050; x_wconf 92' lang='lat' dir='ltr'>velim,</span> <span class='ocrx_word' id='word_1_753' title='bbox 1975 4984 2241 5039; x_wconf 88' lang='lat' dir='ltr'>nimirum</span> <span class='ocrx_word' id='word_1_754' title='bbox 2259 4990 2323 5040; x_wconf 88' lang='lat' dir='ltr'>ut</span> <span class='ocrx_word' id='word_1_755' title='bbox 2341 5003 2434 5041; x_wconf 90' lang='lat' dir='ltr'>eos</span> <span class='ocrx_word' id='word_1_756' title='bbox 2452 4986 2546 5058; x_wconf 90' lang='lat' dir='ltr'>qui</span> <span class='ocrx_word' id='word_1_757' title='bbox 2567 4992 2838 5057; x_wconf 89' lang='lat' dir='ltr'>quantum</span> <span class='ocrx_word' id='word_1_758' title='bbox 2853 4986 2923 5040; x_wconf 88' lang='lat' dir='ltr'>ad</span> <span class='ocrx_word' id='word_1_759' title='bbox 2944 5003 3107 5041; x_wconf 91' lang='lat' dir='ltr'>omne</span> <span class='ocrx_word' id='word_1_760' title='bbox 3124 4986 3362 5058; x_wconf 89' lang='lat' dir='ltr'>probum</span> 
     </span>
    </p>
   </div>
   <div class='ocr_carea' id='block_1_55' title="bbox 130 5042 3362 5147">
    <p class='ocr_par' dir='ltr' id='par_1_55' title="bbox 130 5042 3362 5147">
     <span class='ocr_line' id='line_1_55' title="bbox 130 5042 3362 5147; baseline 0.009 -45"><span class='ocrx_word' id='word_1_761' title='bbox 130 5042 306 5147; x_wconf 42' lang='lat' dir='ltr'>E9316:</span> <span class='ocrx_word' id='word_1_762' title='bbox 334 5050 608 5147; x_wconf 73' lang='lat' dir='ltr'>quoniam</span> <span class='ocrx_word' id='word_1_763' title='bbox 631 5054 819 5109; x_wconf 88' lang='lat' dir='ltr'>omnia</span> <span class='ocrx_word' id='word_1_764' title='bbox 846 5056 904 5110; x_wconf 92' lang='lat' dir='ltr'>in</span> <span class='ocrx_word' id='word_1_765' title='bbox 925 5059 1089 5113; x_wconf 91' lang='lat' dir='ltr'>modo</span> <span class='ocrx_word' id='word_1_766' title='bbox 1108 5065 1165 5114; x_wconf 93' lang='lat' dir='ltr'>et</span> <span class='ocrx_word' id='word_1_767' title='bbox 1194 5078 1456 5119; x_wconf 89' lang='lat' dir='ltr'>mensura</span> <span class='ocrx_word' id='word_1_768' title='bbox 1476 5067 1684 5122; x_wconf 90' lang='lat' dir='ltr'>consti-</span> <span class='ocrx_word' id='word_1_769' title='bbox 1768 5087 1908 5142; x_wconf 92' lang='lat' dir='ltr'>opus</span> <span class='ocrx_word' id='word_1_770' title='bbox 1936 5074 2144 5128; x_wconf 88' lang='lat' dir='ltr'>mortui</span> <span class='ocrx_word' id='word_1_771' title='bbox 2175 5079 2322 5140; x_wconf 89' lang='lat' dir='ltr'>sunt,</span> <span class='ocrx_word' id='word_1_772' title='bbox 2354 5075 2595 5146; x_wconf 90' lang='lat' dir='ltr'>peccatis</span> <span class='ocrx_word' id='word_1_773' title='bbox 2623 5080 2812 5130; x_wconf 86' lang='lat' dir='ltr'>autem</span> <span class='ocrx_word' id='word_1_774' title='bbox 2841 5075 3048 5142; x_wconf 91' lang='lat' dir='ltr'>vivunt,</span> <span class='ocrx_word' id='word_1_775' title='bbox 3074 5081 3243 5147; x_wconf 89' lang='lat' dir='ltr'>atque</span> <span class='ocrx_word' id='word_1_776' title='bbox 3272 5093 3362 5131; x_wconf 81' lang='lat' dir='ltr'>eo-</span> 
     </span>
    </p>
   </div>
   <div class='ocr_carea' id='block_1_56' title="bbox 128 5128 3357 5236">
    <p class='ocr_par' dir='ltr' id='par_1_56' title="bbox 128 5128 3357 5236">
     <span class='ocr_line' id='line_1_56' title="bbox 128 5128 3357 5236; baseline 0.008 -42"><span class='ocrx_word' id='word_1_777' title='bbox 570 5143 813 5236; x_wconf 80' lang='lat' dir='ltr'>multum</span> <span class='ocrx_word' id='word_1_778' title='bbox 845 5162 1037 5236; x_wconf 84' lang='lat' dir='ltr'>posse.</span> <span class='ocrx_word' id='word_1_779' title='bbox 1087 5149 1191 5234; x_wconf 89' lang='lat' dir='ltr'>ipsi</span> <span class='ocrx_word' id='word_1_780' title='bbox 1234 5168 1456 5224; x_wconf 89' lang='lat' dir='ltr'>semper</span> <span class='ocrx_word' id='word_1_781' title='bbox 1482 5160 1685 5226; x_wconf 67' lang='lat' dir='ltr'>praesto</span> <span class='ocrx_word' id='word_1_782' title='bbox 1766 5128 1893 5214; x_wconf 74' lang='lat' dir='ltr'>rum</span> <span class='ocrx_word' id='word_1_783' title='bbox 1924 5161 2018 5232; x_wconf 90' lang='lat' dir='ltr'>qui</span> <span class='ocrx_word' id='word_1_784' title='bbox 2050 5162 2205 5215; x_wconf 90' lang='lat' dir='ltr'>humi</span> <span class='ocrx_word' id='word_1_785' title='bbox 2230 5128 2505 5234; x_wconf 62' lang='lat' dir='ltr'>provoluti</span> <span class='ocrx_word' id='word_1_786' title='bbox 2526 5128 2924 5235; x_wconf 11' lang='lat' dir='ltr'>suntﬁprincipi</span> <span class='ocrx_word' id='word_1_787' title='bbox 2952 5128 3357 5236; x_wconf 63' lang='lat' dir='ltr'>obseqduntur,</span> 
     </span>
    </p>
   </div>
   <div class='ocr_carea' id='block_1_57' title="bbox 127 5222 3358 5324">
    <p class='ocr_par' dir='ltr' id='par_1_57' title="bbox 127 5222 3358 5324">
     <span class='ocr_line' id='line_1_57' title="bbox 127 5222 3358 5324; baseline 0.01 -47"><span class='ocrx_word' id='word_1_788' title='bbox 127 5222 218 5324; x_wconf 38' lang='lat' dir='ltr'>ft;</span> <span class='ocrx_word' id='word_1_789' title='bbox 245 5229 299 5277; x_wconf 87' lang='lat' dir='ltr'>et</span> <span class='ocrx_word' id='word_1_790' title='bbox 330 5224 548 5282; x_wconf 85' lang='lat' dir='ltr'>brachii</span> <span class='ocrx_word' id='word_1_791' title='bbox 574 5228 751 5301; x_wconf 89' lang='lat' dir='ltr'>ipsius</span> <span class='ocrx_word' id='word_1_792' title='bbox 779 5233 965 5289; x_wconf 91' lang='lat' dir='ltr'>robori</span> <span class='ocrx_word' id='word_1_793' title='bbox 995 5222 1126 5308; x_wconf 75' lang='lat' dir='ltr'>quis</span> <span class='ocrx_word' id='word_1_794' title='bbox 1161 5222 1424 5296; x_wconf 76' lang='lat' dir='ltr'>resistet?</span> <span class='ocrx_word' id='word_1_795' title='bbox 1464 5222 1683 5299; x_wconf 89' lang='lat' dir='ltr'>Etenim</span> <span class='ocrx_word' id='word_1_796' title='bbox 1766 5253 1825 5302; x_wconf 84' lang='lat' dir='ltr'>et</span> <span class='ocrx_word' id='word_1_797' title='bbox 1851 5249 1910 5303; x_wconf 92' lang='lat' dir='ltr'>in</span> <span class='ocrx_word' id='word_1_798' title='bbox 1939 5222 2330 5322; x_wconf 48' lang='lat' dir='ltr'>voluptatibus</span> <span class='ocrx_word' id='word_1_799' title='bbox 2361 5268 2424 5306; x_wconf 90' lang='lat' dir='ltr'>ac</span> <span class='ocrx_word' id='word_1_800' title='bbox 2453 5222 2730 5323; x_wconf 81' lang='lat' dir='ltr'>pestiferis</span> <span class='ocrx_word' id='word_1_801' title='bbox 2759 5222 3159 5324; x_wconf 75' lang='lat' dir='ltr'>cupiditatibus</span> <span class='ocrx_word' id='word_1_802' title='bbox 3186 5222 3358 5309; x_wconf 77' lang='lat' dir='ltr'>vitam</span> 
     </span>
    </p>
   </div>
   <div class='ocr_carea' id='block_1_58' title="bbox 125 5307 3358 5411">
    <p class='ocr_par' dir='ltr' id='par_1_58' title="bbox 125 5307 3358 5411">
     <span class='ocr_line' id='line_1_58' title="bbox 125 5307 3358 5411; baseline 0.011 -48"><span class='ocrx_word' id='word_1_803' title='bbox 125 5307 356 5411; x_wconf 43' lang='lat' dir='ltr'>tanquam</span> <span class='ocrx_word' id='word_1_804' title='bbox 377 5324 733 5374; x_wconf 85' lang='lat' dir='ltr'>momentum</span> <span class='ocrx_word' id='word_1_805' title='bbox 762 5327 1003 5390; x_wconf 65' lang='lat' dir='ltr'>staterae,</span> <span class='ocrx_word' id='word_1_806' title='bbox 1029 5326 1076 5380; x_wconf 91' lang='lat' dir='ltr'>si</span> <span class='ocrx_word' id='word_1_807' title='bbox 1101 5333 1188 5382; x_wconf 91' lang='lat' dir='ltr'>est</span> <span class='ocrx_word' id='word_1_808' title='bbox 1215 5334 1345 5384; x_wconf 90' lang='lat' dir='ltr'>ante</span> <span class='ocrx_word' id='word_1_809' title='bbox 1372 5347 1500 5386; x_wconf 90' lang='lat' dir='ltr'>eum</span> <span class='ocrx_word' id='word_1_810' title='bbox 1532 5333 1683 5388; x_wconf 90' lang='lat' dir='ltr'>orbis</span> <span class='ocrx_word' id='word_1_811' title='bbox 1765 5336 2087 5404; x_wconf 89' lang='lat' dir='ltr'>absumunt,</span> <span class='ocrx_word' id='word_1_812' title='bbox 2119 5340 2272 5394; x_wconf 91' lang='lat' dir='ltr'>nullo</span> <span class='ocrx_word' id='word_1_813' title='bbox 2312 5341 2478 5395; x_wconf 91' lang='lat' dir='ltr'>modo</span> <span class='ocrx_word' id='word_1_814' title='bbox 2500 5341 2679 5396; x_wconf 86' lang='lat' dir='ltr'>vivere</span> <span class='ocrx_word' id='word_1_815' title='bbox 2717 5342 3020 5411; x_wconf 84' lang='lat' dir='ltr'>existimes,</span> <span class='ocrx_word' id='word_1_816' title='bbox 3044 5361 3235 5399; x_wconf 88' lang='lat' dir='ltr'>verum</span> <span class='ocrx_word' id='word_1_817' title='bbox 3263 5361 3358 5399; x_wconf 90' lang='lat' dir='ltr'>eos</span> 
     </span>
    </p>
   </div>
   <div class='ocr_carea' id='block_1_59' title="bbox 124 5395 3356 5505">
    <p class='ocr_par' dir='ltr' id='par_1_59' title="bbox 124 5395 3356 5505">
     <span class='ocr_line' id='line_1_59' title="bbox 124 5395 3356 5505; baseline 0.001 -22"><span class='ocrx_word' id='word_1_818' title='bbox 124 5395 386 5505; x_wconf 44' lang='grc' dir='ltr'>ξῗῗθωξν</span> <span class='ocrx_word' id='word_1_819' title='bbox 430 5412 790 5505; x_wconf 19' lang='grc' dir='ltr'>θίὲίθηίίυδαξ</span> <span class='ocrx_word' id='word_1_820' title='bbox 829 5418 994 5505; x_wconf 74' lang='lat' dir='ltr'>gutta</span> <span class='ocrx_word' id='word_1_821' title='bbox 1040 5415 1182 5471; x_wconf 88' lang='lat' dir='ltr'>roris</span> <span class='ocrx_word' id='word_1_822' title='bbox 1231 5420 1516 5488; x_wconf 88' lang='lat' dir='ltr'>matutini,</span> <span class='ocrx_word' id='word_1_823' title='bbox 1560 5440 1682 5494; x_wconf 88' lang='lat' dir='ltr'>quae</span> <span class='ocrx_word' id='word_1_824' title='bbox 1766 5395 2218 5483; x_wconf 40' lang='lat' dir='ltr'>exstinctos‘esse</span> <span class='ocrx_word' id='word_1_825' title='bbox 2264 5429 2366 5484; x_wconf 91' lang='lat' dir='ltr'>tibi</span> <span class='ocrx_word' id='word_1_826' title='bbox 2405 5433 2762 5501; x_wconf 82' lang='lat' dir='ltr'>persuadeas,</span> <span class='ocrx_word' id='word_1_827' title='bbox 2803 5395 3041 5505; x_wconf 63' lang='lat' dir='ltr'>vitaque</span> <span class='ocrx_word' id='word_1_828' title='bbox 3086 5432 3356 5488; x_wconf 79' lang='lat' dir='ltr'>thnctioni</span> 
     </span>
    </p>
   </div>
   <div class='ocr_carea' id='block_1_60' title="bbox 122 5479 3350 5591">
    <p class='ocr_par' dir='ltr' id='par_1_60' title="bbox 122 5479 3350 5591">
     <span class='ocr_line' id='line_1_60' title="bbox 637 5479 3350 5505; baseline 0.003 -25"><span class='ocrx_word' id='word_1_829' title='bbox 637 5479 653 5480; x_wconf 22' lang='grc' dir='ltr'>γέ</span> <span class='ocrx_word' id='word_1_830' title='bbox 835 5479 861 5483; x_wconf 60' lang='lat'>,</span> <span class='ocrx_word' id='word_1_831' title='bbox 1506 5479 1516 5488; x_wconf 90' lang='lat'>,</span> <span class='ocrx_word' id='word_1_832' title='bbox 1574 5479 1595 5494; x_wconf 52' lang='grc' dir='ltr'><strong><em>ι</em></strong></span> <span class='ocrx_word' id='word_1_833' title='bbox 2102 5479 2213 5483; x_wconf 63' lang='grc' dir='ltr'>--η</span> <span class='ocrx_word' id='word_1_834' title='bbox 2405 5479 2762 5501; x_wconf 54' lang='grc' dir='ltr'><strong><em>τηηηηη</em></strong></span> <span class='ocrx_word' id='word_1_835' title='bbox 2815 5479 3041 5505; x_wconf 49' lang='lat' dir='ltr'>mw,&quot;</span> <span class='ocrx_word' id='word_1_836' title='bbox 3087 5479 3350 5488; x_wconf 72' lang='lat'>-....-..-.--</span> 
     </span>
     <span class='ocr_line' id='line_1_61' title="bbox 122 5479 3350 5591; baseline 0.009 -46"><span class='ocrx_word' id='word_1_837' title='bbox 122 5479 373 5587; x_wconf 68' lang='lat' dir='ltr'>descendit</span> <span class='ocrx_word' id='word_1_838' title='bbox 397 5511 460 5550; x_wconf 79' lang='lat' dir='ltr'>in</span> <span class='ocrx_word' id='word_1_839' title='bbox 489 5500 726 5554; x_wconf 75' lang='lat' dir='ltr'>terram.</span> <span class='ocrx_word' id='word_1_840' title='bbox 757 5500 866 5556; x_wconf 89' lang='lat' dir='ltr'>Sed</span> <span class='ocrx_word' id='word_1_841' title='bbox 902 5503 1201 5560; x_wconf 85' lang='lat' dir='ltr'>miseretur</span> <span class='ocrx_word' id='word_1_842' title='bbox 1245 5508 1515 5577; x_wconf 88' lang='lat' dir='ltr'>omnium,</span> <span class='ocrx_word' id='word_1_843' title='bbox 1550 5513 1684 5584; x_wconf 88' lang='lat' dir='ltr'>quia</span> <span class='ocrx_word' id='word_1_844' title='bbox 1764 5518 2193 5573; x_wconf 89' lang='lat' dir='ltr'>mortuos.Nam</span> <span class='ocrx_word' id='word_1_845' title='bbox 2230 5524 2521 5591; x_wconf 89' lang='lat' dir='ltr'>peccatum</span> <span class='ocrx_word' id='word_1_846' title='bbox 2540 5521 2874 5577; x_wconf 91' lang='lat' dir='ltr'>immortalis</span> <span class='ocrx_word' id='word_1_847' title='bbox 2897 5523 3097 5577; x_wconf 75' lang='lat' dir='ltr'>animae</span> <span class='ocrx_word' id='word_1_848' title='bbox 3114 5527 3350 5577; x_wconf 89' lang='lat' dir='ltr'>mortem</span> 
     </span>
    </p>
   </div>
   <div class='ocr_carea' id='block_1_61' title="bbox 120 5585 3357 5685">
    <p class='ocr_par' dir='ltr' id='par_1_61' title="bbox 120 5585 3357 5685">
     <span class='ocr_line' id='line_1_62' title="bbox 120 5585 3357 5685; baseline 0.007 -45"><span class='ocrx_word' id='word_1_849' title='bbox 120 5585 276 5635; x_wconf 76' lang='lat' dir='ltr'>Omnia</span> <span class='ocrx_word' id='word_1_850' title='bbox 302 5587 515 5654; x_wconf 83' lang='lat' dir='ltr'>potest,</span> <span class='ocrx_word' id='word_1_851' title='bbox 548 5591 605 5643; x_wconf 89' lang='lat' dir='ltr'>et</span> <span class='ocrx_word' id='word_1_852' title='bbox 631 5587 950 5649; x_wconf 86' lang='lat' dir='ltr'>dissimulat</span> <span class='ocrx_word' id='word_1_853' title='bbox 976 5600 1205 5667; x_wconf 86' lang='lat' dir='ltr'>peccata</span> <span class='ocrx_word' id='word_1_854' title='bbox 1235 5596 1526 5657; x_wconf 88' lang='lat' dir='ltr'>hominum</span> <span class='ocrx_word' id='word_1_855' title='bbox 1549 5618 1681 5675; x_wconf 86' lang='lat' dir='ltr'>pro-</span> <span class='ocrx_word' id='word_1_856' title='bbox 1765 5620 1888 5660; x_wconf 89' lang='lat' dir='ltr'>esse</span> <span class='ocrx_word' id='word_1_857' title='bbox 1915 5606 2137 5680; x_wconf 87' lang='lat' dir='ltr'>sapiens</span> <span class='ocrx_word' id='word_1_858' title='bbox 2158 5585 2388 5681; x_wconf 82' lang='lat' dir='ltr'>quidam</span> <span class='ocrx_word' id='word_1_859' title='bbox 2408 5626 2521 5667; x_wconf 91' lang='lat' dir='ltr'>non</span> <span class='ocrx_word' id='word_1_860' title='bbox 2541 5610 2824 5668; x_wconf 88' lang='lat' dir='ltr'>immerito</span> <span class='ocrx_word' id='word_1_861' title='bbox 2845 5610 3357 5685; x_wconf 86' lang='lat' dir='ltr'>pronuntiavit.At-</span> 
     </span>
    </p>
   </div>
  </div>
