3954 6190
510 277 612 336 511
1529 281 1624 339 DE
1659 284 1851 342 VITIS
1885 285 2183 347 PATRUM
2218 288 2434 349 LIBER
2469 288 2759 346 PRIMUS.
3134 333 3139 343 .
3608 287 3697 346 512

512 422 621 478 que
651 404 822 461 etiam
851 404 938 460 his
964 404 1149 460 verbis
1186 406 1488 480 Apostolus
1515 408 1696 464 utitur
1729 427 1740 463 :
1773 409 1916 464 Cum
1954 409 2304 478 serviAmis,
2320 418 2377 467 et
2390 411 2834 485 stirpibus.tu
2861 405 3126 472 solitudo,
3140 404 3347 463 cmlesti
3365 407 3696 478 rumpet-inse,

511 495 707 549 essetis
726 494 955 566 peccati,
981 493 1139 549 liberi
1160 496 1330 551 eratis
1344 497 1599 568 justitiaa.
1626 499 1804 562 Quem
1825 515 1957 569 ergo
1980 500 2101 554 tru-
2183 505 2240 556 et
2266 503 2534 558 creatoris
2557 501 2793 573 imperio
2814 514 3038 570 parens,
3052 495 3168 563 alit,
3194 493 3348 550 nobis
3376 496 3607 567 suppetit.
3634 498 3701 554 0b

512 588 663 639 ctum
694 583 968 637 habuistis
1008 583 1067 638 in
1105 585 1194 640 his
1226 586 1282 641 in
1312 586 1512 658 quibus
1553 604 1703 642 nunc
1730 587 2101 643 erubescitis?
2184 607 2305 662 quae
2333 608 2499 646 nemo
2539 596 2624 646 est
2651 590 2747 662 qui
2785 588 3079 644 adversum
3103 601 3203 639 nos
3231 601 3459 656 pugnam
3486 585 3619 640 ineat
3638 592 3704 642 at-

512 672 665 726 Finis
695 672 843 725 enim
873 672 1097 727 illorum
1128 691 1280 729 mors
1301 682 1404 730 est.
1426 677 1590 732 Nunc
1608 682 1795 732 autem
1818 677 2040 733 liberati
2068 694 2103 733 a
2184 697 2294 751 que
2322 681 2641 744 contendat,
2666 680 3051 749 majoremque
3068 678 3300 746 partem,
3327 678 3389 727 ut
3411 674 3704 731 avaritiam

509 765 753 831 peccato,
775 760 920 814 servi
949 767 1141 817 autem
1169 762 1303 817 facti
1333 765 1587 835 justitiaa,
1614 764 1833 820 habetis
1861 765 2102 821 fructum
2187 769 2516 840 praescribit,
2547 769 2796 841 arripere
2825 770 3077 838 quaerat;
3108 779 3299 818 verum
3324 761 3577 818 uberrime
3609 780 3704 819 om-

509 854 760 904 vestrum
785 850 844 904 in
870 852 1388 919 sanctiﬁcationem,
1424 858 1593 910 linem
1622 861 1812 911 autem
1837 857 2007 910 vitam
2032 872 2107 910 ω·
2189 857 2355 913 nibus
2382 856 2709 915 illaboratus
2728 856 2901 916 cibus.
2936 860 2995 911 et
3014 852 3396 924 extemporalis
3421 868 3592 907 mensa
3605 868 3707 924 pro-

509 941 753 995 ternam.
789 941 1084 1013 Stipendia
1128 943 1278 998 enim
1316 944 1546 1015 peccati,
1580 962 1766 1013 mors;
1798 946 1986 1016 gratia
2011 963 2109 1000 au-
2188 948 2436 1018 ponitur.
2468 948 2628 1012 Quod
2657 947 2704 1001 si
2735 944 2958 1017 quando
3000 942 3221 1015 piorum
3262 941 3504 1007 fratrum,
3532 940 3710 1012 quino-

510 1030 626 1080 tem
657 1028 779 1096 Dei,
813 1029 927 1084 vita
954 1036 1182 1099 aeterna,
1214 1033 1273 1087 in
1323 1033 1546 1088 Christo
1574 1035 1707 1089 Jesu
1737 1035 1974 1090 Domino
2002 1051 2106 1089 no-
2187 1036 2273 1091 bis
2300 1037 2465 1091 vicini
2487 1041 2639 1101 sunt,
2661 1034 2865 1106 aliquis
2894 1032 3055 1105 panis
3084 1030 3510 1086 benedictionem
3534 1030 3707 1097 afferat,

515 1119 632 1170 stro
662 1118 830 1183 (Rom.
861 1119 933 1181 vx)
953 1163 964 1175 .
1809 1156 1819 1170 .

2195 1127 2338 1180 hunc
2365 1131 2637 1196 tanquam
2667 1125 2738 1180 ad
2766 1139 2960 1179 eorum
3007 1121 3105 1192 qui
3136 1136 3263 1176 cum
3289 1119 3396 1175 ﬁde
3421 1118 3707 1184 obtulerunt,

582 1204 736 1259 Dixit
763 1212 954 1261 autem
985 1209 1057 1263 ad
1077 1226 1204 1264 eum
1221 1210 1517 1282 Josaphat:
1546 1211 2011 1282 Quandoquidem
2024 1210 2105 1265 vi-
2188 1215 2630 1270 benedictionem
2650 1231 2685 1268 a
2702 1213 2890 1267 divina
2911 1209 3257 1283 providentia
3283 1208 3503 1263 missum
3526 1207 3712 1279 suscipi-

512 1297 632 1347 tam
663 1310 786 1365 quae
807 1295 866 1349 in
895 1312 1061 1351 carne
1088 1298 1329 1365 ducitur,
1362 1300 1534 1355 vitam
1567 1316 1688 1355 esse
1723 1300 1955 1355 minime
1977 1316 2108 1355 cen-
2189 1322 2334 1361 mus.
2357 1305 2554 1359 Vestes
2583 1308 2776 1359 autem
2794 1301 2957 1357 nobis
2976 1316 3041 1355 ex
3063 1297 3276 1370 asperis
3302 1296 3485 1353 ciliciis
3500 1302 3552 1352 et
3565 1296 3713 1351 ovium

514 1397 621 1448 ses,
650 1399 753 1454 par
770 1383 1046 1454 estigitur
1074 1391 1137 1440 ut
1163 1403 1234 1440 ne
1262 1393 1499 1443 mortem
1531 1388 1757 1459 quidem
1777 1389 1922 1443 hanc
1942 1404 2108 1460 quem
2190 1393 2429 1466 pellibus
2458 1398 2611 1458 sunt,
2644 1395 2876 1448 vetusta;
2918 1404 3132 1450 omnes,
3164 1392 3334 1458 atque
3357 1402 3422 1440 ex
3446 1385 3593 1440 variis
3610 1400 3714 1455 pano

517 1485 712 1525 omnes
741 1472 986 1528 subeunt
1014 1481 1252 1530 mortem
1280 1493 1401 1531 esse
1429 1494 1677 1532 censeas.
2190 1483 2279 1538 nis
2303 1488 2568 1549 consutae,
2602 1478 2942 1536 imbecillam
2969 1482 3225 1532 nostram
3272 1490 3485 1530 carnem
3525 1479 3717 1528 atteren-

588 1560 898 1632 Respondit
914 1580 1081 1618 senex
1106 1583 1120 1620 :
1146 1565 1276 1620 Sine
1293 1566 1409 1621 ulla
1427 1565 1777 1622 dubitatione
1787 1566 1856 1620 de
1877 1566 1962 1622 his
1978 1583 2111 1638 quo-
2190 1577 2294 1627 tes.
2329 1571 2551 1626 Etenim
2577 1570 2773 1626 eadem
2790 1568 2951 1624 nobis
2979 1571 3066 1622 est
3076 1570 3197 1620 tum
3219 1563 3425 1621 aestatis
3443 1560 3717 1618 tumhiemis

516 1664 623 1718 que
653 1648 733 1702 ita
761 1666 980 1718 censeo,
1012 1653 1218 1725 quippe
1240 1655 1334 1726 qui
1362 1656 1763 1727 temporariam
1783 1656 1927 1710 hanc
1955 1673 2108 1711 mor-
2128 1725 2155 1727 _
2189 1661 2378 1718 vestis.
2410 1660 2593 1725 Quam
2622 1660 2794 1714 etiam
2822 1662 2889 1713 ut
2909 1654 3085 1712 semel
3112 1653 3416 1709 induimus.
3446 1666 3622 1706 exuere
3641 1666 3718 1721 po-

489 1742 633 1790 stem
656 1738 889 1794 minime
919 1725 1331 1813 pertimescam,
1356 1744 1469 1799 imo
1493 1762 1595 1799 nec
1624 1745 1853 1799 omnino
1871 1725 2173 1799 mortemB
2193 1755 2317 1805 stea
2344 1750 2506 1804 nobis
2535 1765 2647 1803 non
2700 1747 2849 1813 licet,
2895 1760 3184 1818 quousque
3215 1745 3485 1797 vetustate
3522 1738 3720 1794 contem

515 1841 641 1879 eam
671 1828 967 1900 appellem,
995 1830 1042 1884 si
1060 1831 1289 1902 quidem
1321 1850 1412 1887 me
1438 1850 1540 1904 per
1567 1833 1885 1890 divinorum
1911 1850 2112 1906 praece-
2193 1855 2422 1911 prorsus
2452 1838 2724 1893 deleatur.
2752 1836 2839 1891 Ad
2867 1835 3018 1889 hunc
3047 1831 3199 1888 enim
3229 1829 3449 1886 modum
3475 1834 3526 1884 et
3545 1825 3721 1897 frigoris

517 1921 744 1985 ptorum
793 1918 939 1971 viam
991 1919 1342 1975 incedentem
1389 1922 1710 1994 arripuerit,
1745 1923 1882 1995 quin
1928 1923 2112 1995 potius
2193 1933 2251 1982 et
2275 1934 2445 1983 aestus
2472 1926 2747 1981 molestiis
2802 1940 3004 1996 corpus
3042 1922 3398 1987 afﬂictantem
3437 1918 3614 1973 fum
3644 1916 3721 1969 ίαν

518 2004 822 2059 transitum
855 2022 889 2060 a
917 2014 1098 2062 morte
1124 2010 1197 2063 ad
1246 2011 1694 2081 praestantiorem
1725 2018 1783 2066 et
1814 2011 2110 2083 perfectio-
2193 2014 2552 2070 mortalitatis
2578 2019 2789 2069 vestem
2819 2010 2981 2066 nobis
3007 2023 3418 2081 comparamus.

519 2107 639 2146 rem
660 2093 832 2148 Vitam
863 2102 1031 2167 atque
1061 2098 1119 2152 in
1133 2104 1188 2161 2
1198 2105 1319 2164 S3
1334 2099 1554 2154 Christo
1584 2100 1967 2155 absconditam
1992 2103 2110 2163 (00-
2266 2105 2519 2175 Cumque
2531 2103 2622 2158 hic
2630 2103 2659 2158 J
2664 2102 2903 2173 osaphat
2913 2099 3264 2171 quaesivisset
3275 2097 3542 2152 undenam
3557 2097 3724 2147 vestem

522 2184 642 2235 loss.
673 2186 781 2252 In).
817 2184 991 2255 Cujus
1023 2186 1248 2257 quidem
1273 2190 1664 2260 consequenda
1692 2190 1994 2261 cupiditate
2016 2190 2114 2244 fla-
2192 2192 2348 2247 illam
2382 2210 2495 2264 qua
2524 2192 2753 2249 indutus
2786 2195 2910 2244 erat
2935 2188 3037 2244 sibi
3072 2189 3467 2258 comparasset,
3494 2180 3725 2252 respondit

516 2275 747 2338 grantes
776 2274 971 2344 optimi
995 2275 1118 2342 viri,
1148 2283 1480 2348 praesentem
1525 2278 1668 2333 hanc
1696 2279 1868 2333 vitam
1896 2295 2116 2350 permo-
2195 2297 2363 2337 senex
2394 2299 2406 2335 :
2431 2282 2479 2335 Α
2511 2280 2753 2352 quodam
2779 2278 3002 2350 piorum
3032 2276 3277 2331 fratrum
3306 2290 3447 2341 eam,
3468 2288 3579 2327 cum
3605 2270 3662 2325 ad
3682 2275 3725 2323 te

519 2357 659 2413 leste
700 2360 972 2417 ferebant.
1010 2364 1170 2419 Unde
1205 2365 1377 2420 etiam
1411 2367 1492 2421 ait
1515 2367 1818 2439 Apostolus
1850 2387 1861 2422 :
1898 2368 2114 2424 Scimus
2195 2370 2546 2441 profecturus
2567 2385 2768 2433 essem,
2792 2367 3060 2423 utendam
3073 2365 3264 2436 accepi
3288 2382 3301 2431 ;
3322 2377 3494 2433 neque
3512 2359 3725 2429 euimpar

521 2446 671 2501 enim
704 2451 965 2519 quoniam
996 2452 1046 2506 si
1072 2454 1357 2508 terrestris
1385 2455 1585 2509 domus
1614 2461 1807 2510 nostra
1823 2456 1992 2526 hujus
2020 2456 2116 2509 ha-
2196 2464 2316 2514 erat
2346 2465 2410 2513 ut
2436 2475 2564 2513 cum
2586 2474 2654 2513 ea
2681 2474 2849 2529 quam
2879 2457 3023 2510 ferre
3068 2455 3225 2509 soleo
3261 2457 3411 2508 veste
3444 2449 3723 2505 accederem.

522 2534 813 2592 bitationis
850 2539 1189 2608 dissolvitur,
1221 2543 1646 2598 aediﬁcationem
1695 2562 1760 2598 ex
1801 2545 1917 2598 Deo
1941 2543 2114 2597 habe-
2197 2548 2683 2612 Quemadmodum
2707 2547 2858 2601 enim
2873 2544 3152 2616 quispiam
3182 2540 3558 2597 charissimam
3573 2551 3727 2608 quem-

524 2640 672 2690 mus,
706 2626 934 2682 domum
966 2646 1076 2684 non
1122 2634 1519 2697 manutactam,
1553 2639 1820 2688 aeternam
1850 2632 1908 2686 in
1939 2632 2113 2688 caelis.
2197 2638 2327 2692 dam
2352 2642 2653 2708 cognatum
2677 2636 2736 2690 in
2764 2634 3007 2689 alienam
3027 2632 3314 2703 regionem
3330 2624 3729 2701 captivumabdu-

523 2713 667 2768 Nam
686 2721 743 2770 et
764 2716 818 2770 in
840 2717 944 2771 hoc
965 2718 1401 2789 ingemiscimus,
1420 2720 1822 2775 habitationem
1841 2726 2112 2787 nostram,
2197 2732 2369 2791 ctum,
2404 2726 2558 2779 illinc
2585 2724 2821 2778 educere
2853 2722 3099 2793 cupiens,
3134 2720 3352 2791 objecta
3379 2722 3519 2773 veste
3542 2731 3644 2779 sua,
3667 2717 3729 2766 at-

525 2819 648 2874 que:
676 2804 745 2858 de
776 2806 915 2861 caelo
947 2814 1049 2873 est,
1082 2809 1792 2880 superinduicupicntes,si
1823 2815 2013 2864 tamen
2028 2827 2112 2863 ve-
2197 2831 2306 2886 que
2334 2813 2580 2869 hostium
2612 2820 2870 2884 suscepta
2892 2826 3152 2883 persona,
3184 2810 3258 2863 ad
3287 2824 3474 2863 eorum
3494 2803 3729 2875 regionem

525 2887 644 2941 είίίί
675 2896 732 2943 et
758 2907 871 2944 ηοη
903 2892 1039 2947 “Udi
1067 2892 1419 2948 inveniamur
1445 2896 1524 2962 (ῘῘ
1552 2896 1671 2949 θον·
1700 2899 1773 2964 V)-
2197 2920 2319 2958 sese
2349 2902 2578 2958 confert.
2604 2902 2884 2972 variisque
2910 2899 3127 2955 artibus
3146 2898 3513 2970 propinquum
3531 2908 3668 2947 suum
3680 2905 3729 2944 ex

592 2976 736 3032 Nam
768 2984 825 3033 et
838 2980 931 3050 qui
954 2998 1151 3037 sumus
1177 2982 1233 3037 in
1261 2984 1365 3037 hoc
1391 2982 1772 3050 tabernaculo,
1796 2983 2114 3054 ingemisci-
2132 3042 2172 3064 η
2197 2989 3111 3064 acerbatyrannideinlibertatem
3135 2986 3376 3052 asserit;
3398 2982 3579 3040 eodem
3601 2978 3730 3033 modo

521 3081 648 3119 mus
663 3042 901 3138 gravati,
918 3086 983 3124 co
996 3071 1144 3141 quod
1172 3072 1436 3127 nolumus
1456 3042 1771 3144 exspoliari,
1796 3042 1892 3126 sed
1924 3088 2116 3143 super—
2131 3042 2174 3102 Ο
2332 3042 3210 3152 irebuscertior
3236 3042 3431 3136 factus,
3460 3070 3556 3125 hoc
3579 3065 3732 3122 habitu

521 3156 731 3222 vestiri,
765 3162 829 3211 ut
855 3157 1224 3214 absorbeatur
1252 3162 1400 3232 quod
1428 3162 1664 3215 mortale
1702 3166 1787 3216 est
1814 3178 1849 3214 a
1875 3160 2005 3214 vita.
2037 3162 2115 3215 Ac
2198 3174 2457 3240 suscepto
2485 3167 2627 3231 veni,
2670 3172 2735 3221 ut
2761 3166 2952 3220 divina
2978 3163 3377 3236 praedicatione
3411 3164 3586 3232 pectus
3607 3160 3732 3210 tuum

522 3259 743 3298 rursum
769 3263 781 3298 :
807 3246 1022 3311 Infelix,
1041 3248 1243 3320 inquit,
1268 3267 1370 3320 ego
1386 3250 1572 3315 homo,
1597 3250 1723 3321 quis
1746 3266 1835 3303 me
1855 3248 2117 3304 liberabit
2198 3274 2574 3323 consererem,
2589 3262 2807 3327 atquea
2823 3253 3128 3309 truculenti
3140 3241 3733 3324 principismundiseni-

522 3331 593 3386 de
617 3349 847 3405 corpore
887 3336 1083 3391 mortis
1132 3337 1298 3408 hujus
1338 3340 1511 3406 (Rom.
1534 3342 1630 3407 v11)
1654 3339 1678 3391 7
1706 3338 1776 3393 Et
1803 3338 1913 3391 alio
1944 3338 2063 3392 loco
2098 3354 2110 3390 :
2195 3352 2317 3401 tute
2338 3353 2394 3401 te
2433 3345 2795 3399 vindicarem.
2823 3345 2904 3399 Ac
2923 3359 3073 3398 nunc
3099 3358 3203 3413 per
3232 3341 3489 3415 virtutem
3512 3333 3727 3391 dianam.

524 3420 701 3493 Cupio
730 3423 974 3489 dissolvi,
1027 3431 1084 3480 et
1114 3443 1235 3481 esse
1279 3443 1408 3481 cum
1446 3427 1671 3482 Christo
1698 3428 1919 3496 (Philip.
1952 3429 2016 3495 l).
2048 3427 2117 3481 Et
2197 3441 2470 3505 quantum
2493 3433 2794 3505 quidemin
2811 3448 2903 3487 me
2920 3431 3046 3497 fuit,
3068 3429 3383 3485 ministerio
3413 3442 3527 3481 meo
3550 3421 3733 3495 perfun-

521 3511 796 3583 propheta
822 3513 997 3567 David
1023 3533 1034 3567 :
1069 3515 1309 3579 Quando
1336 3516 1576 3583 veniam,
1600 3521 1657 3571 et
1674 3514 1953 3587 apparebo
1983 3521 2114 3570 ante
2196 3529 2319 3579 ctus
2346 3539 2492 3577 sum,
2511 3522 2732 3577 Etenim
2760 3521 2938 3593 ipsius
2958 3518 3340 3591 cognitionem
3358 3516 3458 3571 tibi
3484 3509 3732 3569 annuntiar

522 3598 723 3654 faciem
735 3601 1014 3663 Dci(Psal.
1034 3604 1423 3672 xu)?Quando
1443 3611 1631 3659 autem
1645 3621 1748 3675 ego
1769 3621 1991 3676 quoque
2003 3621 2118 3658 om-
2197 3612 2272 3679 vi,
2300 3629 2365 3666 ac
2392 3612 2793 3683 prophetarum
2822 3615 2880 3664 et
2906 3609 3295 3681 apostolorum
3340 3601 3733 3679 medicationem

522 3687 678 3742 nium
698 3689 956 3745 inﬁrmus
975 3707 1299 3762 corpoream
1334 3698 1573 3746 mortem
1604 3693 1759 3746 nullo
1787 3692 1955 3746 modo
1984 3692 2118 3746 exti-
2198 3701 2447 3773 exposui,
2475 3716 2713 3771 vereque
2741 3716 2806 3754 ac
2831 3698 2953 3753 sine
2980 3698 3095 3752 ullo
3125 3712 3322 3751 errore
3341 3690 3735 3773 praesentiumre-

522 3792 788 3841 mescam,
806 3777 936 3831 hinc
953 3779 1115 3833 facile
1135 3779 1237 3834 tibi
1252 3779 1565 3851 intelligere
1584 3781 1730 3841 licet,
1763 3780 1911 3851 quod
1940 3781 2116 3851 patris
2198 3772 2326 3845 min
2356 3789 2661 3844 vanitatem
2691 3786 3091 3851 demonstravi,
3128 3784 3468 3857 quantisque
3506 3777 3649 3834 malis
3667 3772 3737 3829 hic

525 3863 611 3917 tui
643 3865 811 3919 minis
843 3868 1177 3938 contemptis
1192 3885 1256 3923 ac
1275 3886 1376 3939 pro
1395 3868 1568 3923 nihilo
1594 3868 1820 3934 habitis,
1839 3869 2116 3940 intrepide
2197 3877 2442 3932 mundus
2470 3881 2700 3942 scateat,
2734 3892 2829 3930 eos
2859 3875 2955 3946 qui
2982 3873 3089 3946 ipsi
3118 3872 3507 3944 obtemperant
3531 3868 3582 3921 in
3621 3863 3734 3917 frau-

524 3951 594 4005 ad
625 3958 681 4006 te
692 3954 1473 4021 accesserim,utsalutiferam
1487 3957 1797 4011 doctrinam
1816 3957 1916 4011 tibi
1946 3974 2115 4028 expo-
2197 3965 2325 4020 dem
2352 3966 2643 4032 inducens,
2669 3964 2951 4036 variisque
2996 3962 3179 4018 modis
3208 3961 3487 4016 irretiens.
3514 3953 3736 4021 Deinceps

526 4056 749 4109 nerem;
779 4044 1009 4098 tametsi
1061 4044 1269 4116 alioqui
1314 4046 1820 4117 compertissimum
1850 4045 2113 4101 haberem
2196 4054 2387 4126 igitur,
2417 4071 2483 4109 eo
2508 4054 2658 4108 unde
2684 4054 2795 4109 huc
2835 4052 2981 4119 veni,
3012 4051 3411 4106 revertendum
3441 4051 3538 4112 est,
3565 4060 3623 4098 ac
3642 4046 3735 4094 tum

523 4128 642 4185 fore
663 4135 729 4186 ut
754 4131 802 4186 si
824 4132 939 4187 haec
958 4133 1301 4200 rescisceret,
1321 4136 1594 4190 sexcentis
1625 4152 1732 4202 me,
1755 4136 1802 4189 si
1824 4136 1946 4189 fieri
1983 4152 2116 4207 pos-
2196 4144 2380 4198 alieno
2401 4142 2600 4198 habitu
2629 4142 2901 4214 deposito,
2935 4156 3126 4196 meum
3153 4139 3408 4194 induam.

524 4223 627 4285 set,
660 4220 933 4275 mortibus
975 4222 1242 4276 afﬁceret.
1278 4223 1487 4278 Verum
1516 4241 1618 4296 ego
1668 4223 1767 4279 Dei
1795 4239 2114 4278 sermonem

523 4308 783 4364 omnibus
804 4309 972 4365 rebus
991 4318 1355 4382 anteponens,
1374 4312 1605 4384 ipsoque
1624 4313 1733 4375 frui
1749 4311 1997 4383 cupiens,
2013 4328 2114 4366 nec

522 4399 924 4470 temporariam
961 4400 1106 4454 hanc
1152 4407 1391 4456 mortem
1440 4402 1823 4473 perhorresco,
1850 4418 1953 4456 nec
1992 4418 2114 4456 eam

520 4485 847 4558 hujusmodi
867 4488 1092 4543 nomine
1111 4490 1504 4561 appellandam
1534 4491 1697 4558 duco,
1720 4490 1946 4546 Domini
1965 4490 2115 4544 scili-

522 4582 613 4631 cet
638 4577 905 4631 mandato
949 4577 1343 4649 obtemperans
1382 4579 1617 4633 dicentis
1648 4596 1659 4632 :
1695 4579 1882 4634 Nolite
1911 4578 2112 4634 timere

521 4680 616 4719 eos
637 4666 734 4737 qui
756 4666 1247 4738 occiduntcorpus,
1262 4667 1515 4721 animum
1538 4673 1727 4722 autem
1747 4685 1859 4723 non
1882 4673 2116 4740 possunt

522 4753 771 4810 occidere
797 4774 810 4823 ;
837 4755 933 4809 sed
957 4756 1143 4827 potius
1165 4756 1361 4811 timete
1381 4773 1509 4810 eum
1532 4756 1629 4828 qui
1658 4762 1846 4828 potest
1864 4756 2115 4811 animam

523 4845 581 4894 et
607 4858 808 4917 corpus
836 4844 1072 4916 perdere
1100 4845 1157 4899 in
1186 4845 1503 4916 gehennam
1536 4847 1753 4911 (Matth.
1786 4848 1862 4915 x).

601 4929 746 4997 Haec,
796 4931 982 5004 inquit
1009 4934 1297 5006 Josaphat,
1340 4950 1484 4988 verm
1529 4940 1721 4989 vestrae
1750 4934 2115 5015 philosophiae

519 5018 787 5088 praeclara
816 5020 1452 5086 facinora,terrenorum
1470 5023 1760 5078 hominum
1785 5022 1880 5095 qui
1922 5040 1956 5078 a
1980 5040 2117 5095 pra:-

521 5106 667 5160 senti
688 5107 791 5162 hac
807 5108 920 5163 vita
939 5109 1028 5164 vix
1047 5111 1209 5165 avelli
1230 5117 1484 5183 possunt,
1502 5118 1765 5167 naturam
1793 5112 1959 5183 longe
1978 5112 2117 5167 mul-

522 5184 758 5266 tumque
777 5204 1061 5268 superant.
1083 5201 1162 5253 Ac
1181 5216 1276 5254 vos
1292 5200 1461 5268 beati,
1484 5201 1579 5272 qui
1596 5202 1701 5255 hac
1726 5201 2118 5255 strenuissima

526 5290 716 5338 mente
742 5285 960 5356 praediti
982 5288 1133 5341 estis.
1159 5288 1398 5352 Quinam
1420 5306 1586 5361 porro
1609 5290 1712 5345 tibi
1734 5307 1799 5344 ac
1814 5290 1979 5344 sociis
2004 5290 2116 5344 tuis

525 5372 584 5428 in
603 5374 679 5428 hu
678 5375 700 5446 j
711 5374 929 5429 usmodi
945 5375 1262 5430 solitudinis
1274 5378 1448 5432 victus
1459 5379 1727 5451 sit,atque
1737 5379 1872 5433 item
1886 5379 2118 5447 unde,et

522 5463 838 5536 cujusmodi
868 5462 1020 5519 vobis
1038 5471 1217 5520 vestes
1235 5473 1554 5538 suppetant,
1575 5485 1706 5523 vere
1725 5467 1864 5523 mihi
1880 5483 2110 5540 expone.

596 5553 856 5613 Barlaam
886 5558 1076 5609 autem
1105 5553 1271 5611 dixit:
1292 5556 1484 5612 Victus
1504 5557 1731 5631 quidem
1748 5557 1908 5614 nobis
1937 5574 2001 5612 ex
2020 5573 2114 5630 po-

2268 4231 2595 4287 Obsecravit
2612 4237 2803 4286 autem
2823 4246 3018 4286 senem
3039 4229 3333 4300 Josaphat,
3365 4231 3428 4281 ut
3452 4240 3511 4280 se
3531 4219 3623 4294 ipsi
3637 4230 3735 4273 cum

2196 4325 2464 4375 consueta
2481 4325 2635 4375 veste
2665 4320 3005 4374 ostenderet.
3031 4318 3172 4373 Cum
3202 4317 3396 4388 itaque
3423 4311 3653 4368 Barium
3669 4319 3736 4357 Ve-

2194 4414 2339 4464 stem
2350 4426 2474 4464 eam
2488 4425 2656 4481 quam
2667 4407 2901 4480 gerebat
2909 4407 3170 4472 exuisset,
3179 4393 3740 4467 horrendumJosaphﬁt

2195 4498 2573 4569 spectaculum
2593 4514 2717 4553 sese
2737 4496 2959 4552 obtulit.
2996 4495 3219 4552 Etenim
3255 4498 3382 4549 tota
3405 4488 3576 4548 carnis
3597 4482 3736 4569 ipsine

2197 4567 2439 4658 qualitas
2469 4584 2673 4660 [πιότης
2700 4588 2930 4655 fortasse
2958 4586 3272 4652 legendum,
3296 4584 3357 4636 id
3373 4586 3467 4644 est,
3488 4567 3738 4650 pinguedo]

2196 4674 2495 4746 absumpta
2524 4680 2664 4741 erat,
2708 4690 2774 4728 ac
2798 4674 2961 4746 pellis
2988 4690 3053 4728 ex
3080 4672 3214 4728 solis
3235 4676 3378 4726 aestu
3404 4673 3564 4739 atque
3581 4660 3739 4717 ardore

2195 4764 2405 4820 circum
2444 4780 2572 4819 ossa
2595 4770 2761 4818 tensa
2788 4768 2929 4830 erat,
2954 4778 3068 4817 non
3095 4777 3258 4815 secus
3285 4776 3353 4814 ac
3376 4757 3423 4813 si
3450 4754 3567 4828 quis
3578 4749 3740 4824 pellem

2196 4852 2494 4908 subtilibus
2539 4852 2770 4908 calamis
2825 4850 3176 4906 tetendisset.
3209 4850 3468 4903 Pannoso
3516 4854 3659 4914 porro
3688 4848 3737 4887 ³ο
3822 4894 3825 4897 γ

2196 4958 2469 5014 perquam
2500 4957 2698 5014 aspero
2727 4940 2907 4995 cilicio
2927 4956 2959 4995 e
2978 4938 3183 4995 lumbis
3198 4952 3380 5009 usque
3397 4934 3465 4990 ad
3476 4943 3641 5004 genus
3654 4922 3741 4980 cin-

2195 5029 2452 5101 gebatur,
2484 5031 2748 5100 idemque
2777 5028 3013 5101 pallium
3034 5026 3289 5089 humeris
3315 5021 3557 5108 gerebat.
3637 5102 3651 5108 _
3710 5096 3721 5108 .

2266 5120 2594 5174 Admiratus
2611 5119 2803 5190 itaque
2831 5116 3104 5188 Josaphat
3137 5111 3462 5185 hujusmodi
3487 5107 3601 5197 vite

2195 5208 2337 5263 tiam
2366 5213 2424 5262 et
2449 5208 2831 5280 asperitatem,
2850 5215 3020 5277 atque
3050 5221 3116 5259 ex
3130 5202 3346 5275 ingenti
3362 5206 3499 5256 etea

2196 5297 2499 5351 tolerantia
2513 5276 2750 5368 stupore
2766 5276 2997 5350 affectus
3016 5291 3313 5364 ingemuit,
3338 5285 3661 5368 ριότιιείδφξθ

2196 5382 2402 5453 crymis
2418 5382 2489 5436 ad
2511 5360 2704 5437 senem
2725 5381 2808 5436 ait
2839 5399 2850 5434 :
2882 5360 3160 5444 Quoniam
3187 5394 3254 5432 ea
3265 5360 3371 5431 tibi
3395 5375 3502 5429 huc
3526 5360 3739 5423 veniendi

2197 5486 2370 5526 causa
2394 5470 2516 5537 fuit,
2538 5476 2603 5526 ut
2631 5486 2720 5524 me
2749 5485 2815 5524 ex
2843 5467 3047 5523 acerba
3077 5464 3284 5522 diaboli
3314 5462 3571 5520 servitute
3596 5457 3740 5510 extm-

2195 5558 2662 5626 heres,beneﬁcio
2686 5563 2785 5619 tuo
2814 5563 3121 5621 extremam
3151 5559 3575 5625 mmmam
3589 5544 3735 5612 inpo-
