3954 6190
207 264 310 324 518

599 265 772 322 VITA
810 262 1252 321 SANCTORUM
1291 257 1637 321 BARLAAM
1674 252 2010 320 EREMITIE
2048 255 2137 316 ET
2175 258 2541 319 JOSAPHAT
2577 263 2802 322 INDUE
2841 265 3073 324 REGIS.

3385 274 3491 332 5l4

202 407 290 458 ne,
331 395 506 462 atque
546 390 795 445 animam
829 405 1015 445 meam
1059 390 1130 444 de
1173 391 1428 445 custodia
1466 390 1607 444 educ
1635 390 1800 458 (Psal.
1823 387 2202 452 Aantecellat,
2237 403 2364 442 cum
2393 389 2559 459 paulo
2585 395 2715 446 ante
2739 396 2803 447 tu
2833 409 2926 447 eos
2970 394 3028 448 in
3059 411 3265 465 magna
3290 395 3481 470 inopia

202 484 372 547 σιω),
388 495 455 534 ac
475 496 568 535 me
587 479 808 534 itineris
823 479 908 535 tui
927 479 1142 534 socium
1164 479 1385 546 adhibe,
1401 485 1465 534 ut
1485 479 1679 534 mundi
1701 479 1803 532 im-

199 576 436 641 postura
483 585 711 641 prorsus
757 569 1045 636 liberatus,
1077 573 1200 623 tum
1248 569 1490 640 denique
1536 567 1803 622 salutaris

198 657 468 730 baptismi
497 658 743 730 sigillum
774 659 1063 729 accipiam,
1096 658 1419 730 sociumque
1450 675 1540 712 me
1577 657 1678 711 tibi
1709 657 1805 710 ad-

197 747 474 803 miranda:
513 748 684 818 hujus
711 747 1075 819 philosophia
1104 753 1272 820 atque
1294 747 1508 802 eximiae
1535 746 1804 801 exercita-

197 837 373 892 tionis
403 836 702 909 przebeam.
1653 883 1656 886 .

268 926 428 980 Dixit
454 931 646 981 autem
675 926 746 980 ad
766 942 898 980 eum
918 925 1177 981 Barlaam
1207 944 1218 979 :
1254 927 1484 998 Capreae
1507 925 1806 980 hinnulum

199 1015 356 1069 dives
383 1015 665 1087 quispiam
694 1015 829 1069 olim
857 1015 1076 1069 alebat:
1099 1031 1227 1069 cum
1255 1021 1444 1069 autem
1465 1015 1585 1086 ipse
1607 1014 1807 1068 crevis-

198 1109 306 1170 set,
320 1104 569 1159 naturali
582 1105 785 1159 aﬂ’ectu
803 1109 1117 1175 pertractus
1134 1103 1468 1158 solitudines
1488 1102 1802 1175 expetebat.

206 1192 482 1264 Egressus
509 1193 685 1264 igitur
704 1193 947 1264 quodam
972 1193 1081 1259 die,
1100 1209 1430 1264 caprearum
1462 1209 1690 1264 gregem
1713 1208 1808 1263 pa-

200 1282 318 1336 stui
356 1299 582 1354 operam
613 1282 842 1336 dantem
879 1282 1109 1349 invenit,
1137 1288 1306 1353 atque
1336 1283 1405 1336 ad
1436 1299 1532 1336 eas
1557 1298 1681 1336 sese
1711 1281 1807 1334 ad-

195 1369 468 1440 jungens,
500 1387 602 1442 per
648 1387 814 1441 agros
851 1377 907 1426 et
951 1386 1180 1442 campos
1219 1370 1535 1442 oberrabat,
1569 1387 1633 1424 ac
1679 1385 1804 1423 sero

202 1459 436 1530 quidem
464 1459 696 1513 domum
727 1476 789 1513 se
817 1459 1127 1526 referebat;
1163 1475 1327 1514 mane
1349 1465 1538 1514 autem
1560 1459 1802 1512 famulo-

201 1565 335 1603 rum
365 1547 713 1619 negligentia
738 1549 892 1604 foras
919 1547 1330 1620 egrediebatur,
1361 1555 1529 1619 atque
1556 1565 1685 1601 cum
1713 1547 1806 1601 sil-

201 1636 486 1692 vestribus
501 1638 686 1708 capris
705 1655 765 1692 se
785 1637 1148 1708 aggregabat.
1175 1638 1350 1692 Porro
1371 1654 1497 1691 cum
1512 1637 1621 1691 illae
1635 1635 1806 1708 pabu-

1883 476 2066 530 vivere
2094 481 2263 547 atque
2290 483 2540 532 extrema
2561 487 2890 551 paupertate
2911 484 3222 539 conflictari
3250 486 3476 542 dixeris.

1885 565 2164 629 Quidnam
2185 566 2323 622 item
2362 568 2452 633 sit,
2486 570 2849 639 quamobrem
2880 589 3027 627 nunc
3057 590 3145 629 me
3174 592 3480 648 pauperem

1885 655 2148 725 appelles,
2183 673 2310 710 cum
2354 662 2545 712 autem
2575 660 2935 730 amplissimis
2979 664 3177 734 Opibus
3209 668 3478 736 praeditus

1885 742 2064 807 fuero,
2091 744 2323 800 minime
2353 746 2638 802 liberalem
2655 749 2772 803 fore
2792 751 2960 818 dicas,
2989 754 3083 824 qui
3107 771 3254 810 nunc
3275 757 3347 811 ad
3374 757 3481 811 lar-

1883 832 2149 903 giendum
2178 841 2471 906 promptus
2499 853 2562 891 ac
2601 855 2910 910 propensus
2941 859 3086 897 sum.

1957 922 2265 993 Respondit
2293 925 2549 980 Barlaam
2588 944 2600 979 ε
2633 928 2757 982 Non
2789 946 2883 984 eos
2924 938 3254 1002 paupertate
3285 937 3480 992 confli-

1886 1011 2026 1064 ctari
2046 1011 2177 1077 dixi,
2207 1013 2304 1067 sed
2326 1014 2671 1070 inexhaustis
2688 1019 2872 1088 potius
2895 1020 3094 1090 opibus
3110 1023 3480 1080 florere.Nam

1890 1099 2092 1170 opibus
2108 1117 2240 1172 opes
2254 1119 2476 1174 semper
2491 1105 2815 1176 adjungere,
2842 1125 2944 1163 nec
2969 1111 3330 1180 cupiditatem
3358 1119 3484 1168 tan-

1891 1204 2059 1258 quam
2077 1189 2235 1244 freno
2254 1207 2526 1259 coercere,
2551 1210 2744 1248 verum
2766 1196 2886 1250 sine
2908 1197 3020 1251 ulla
3042 1199 3301 1254 satietate
3323 1201 3485 1272 plura

1889 1284 2168 1349 appetere,
2228 1286 2489 1337 extremae
2537 1285 2884 1355 paupertatis
2925 1293 3320 1358 argumentum
3374 1296 3478 1346 est.

1887 1367 2216 1440 Contra,qui
2235 1371 2707 1442 sempiternarum
2723 1391 2911 1428 rerum
2924 1377 3229 1447 cupiditate
3246 1396 3486 1449 praesen-

1886 1456 1966 1509 tia
1977 1458 2166 1511 omnia
2186 1465 2568 1525 contemnunt,
2585 1477 2762 1533 eaque
2775 1480 2874 1534 pro
2893 1466 3229 1521 stercoribus
3246 1467 3478 1536 ducunt,

1887 1555 1950 1603 ut
1980 1550 2264 1606 Christum
2294 1553 2472 1607 solum
2504 1555 2790 1610 lucrentur
2822 1558 3045 1628 (Philip.
3077 1561 3184 1630 III),
3219 1563 3486 1634 omnique

1886 1637 2136 1694 ciborum
2167 1646 2224 1694 et
2262 1641 2721 1699 indumentorum
2765 1663 2966 1700 excusa
3010 1654 3180 1719 atque
3211 1649 3268 1703 in
3299 1651 3481 1705 Deum

203 1725 388 1780 latum
414 1727 638 1798 longius
666 1727 1084 1798 processissent,
1114 1726 1234 1797 ipse
1254 1743 1475 1798 quoque
1505 1741 1601 1780 eas
1631 1716 1865 1780 comi-B
1884 1729 2135 1798 projecta
2163 1745 2316 1796 cura,
2351 1733 2623 1801 majorem
2667 1751 2732 1788 ex
2780 1734 2972 1807 inopia
3009 1716 3355 1808 voluptatem
3388 1757 3482 1794 ca-

206 1818 363 1869 tatus
379 1821 481 1870 est.
500 1817 576 1869 At
595 1831 725 1870 vero
740 1815 926 1870 divitis
942 1815 1093 1870 illius
1113 1815 1216 1869 viri
1238 1815 1452 1882 famuli,
1475 1831 1536 1869 re
1559 1814 1802 1885 cognita,

204 1903 527 1959 conscensis
557 1904 717 1975 equis
748 1919 842 1959 eas
871 1921 905 1958 a
929 1911 1088 1975 tergo
1111 1904 1346 1959 insecuti
1375 1909 1525 1970 sunt,
1554 1919 1620 1957 ac
1646 1919 1806 1958 suam

207 1993 444 2064 quidem
453 2007 714 2065 capream
726 1993 906 2048 vivam
921 1993 1508 2064 captam,domumque
1521 1992 1808 2047 reductam

210 2083 452 2154 posthac
467 2083 549 2137 ita
567 2088 960 2148 tenuerunt,ut
973 2082 1114 2136 nulli
1133 2083 1204 2137 ad
1227 2099 1350 2137 eam
1366 2083 1551 2137 aditus
1568 2086 1804 2153 pateret;

210 2172 498 2243 reliquum
523 2177 712 2227 autem
726 2188 955 2243 gregem
977 2171 1182 2243 partim
1207 2171 1578 2237 trucidarunt,
1604 2171 1811 2242 partim

211 2261 366 2316 male
388 2261 718 2316 multarunt.
754 2261 960 2316 Eodem
985 2261 1152 2315 modo
1182 2277 1252 2314 ne
1281 2259 1439 2314 nobis
1463 2260 1682 2315 accidat
1701 2276 1815 2314 me-

209 2355 339 2417 tuo,
360 2350 408 2405 si
430 2350 566 2404 mihi
585 2357 641 2405 te
660 2350 923 2405 comitem
944 2350 1240 2420 adjungas.
1263 2349 1380 2402 Hoc
1402 2355 1504 2415 est,
1535 2365 1604 2403 ne
1631 2354 1688 2402 et
1714 2354 1813 2403 tuo

211 2439 584 2496 contubernio
613 2440 816 2511 priver,
849 2445 906 2493 et
935 2439 1191 2509 ingentes
1221 2437 1388 2492 sociis
1418 2438 1557 2491 meis
1583 2437 1814 2491 calami-

210 2533 384 2595 tates,
403 2545 468 2584 ac
479 2530 879 2601 sempiternam
896 2529 1042 2600 patri
1061 2534 1160 2582 tuo
1183 2526 1705 2582 condemnationem
1722 2542 1815 2581 ac-

210 2634 458 2674 cersam.
479 2618 614 2673 Vult
637 2619 827 2690 itaque
847 2624 904 2672 te
921 2617 1193 2672 Dominus
1223 2633 1372 2671 nunc
1398 2616 1624 2688 quidem
1644 2615 1816 2670 divini

212 2706 484 2779 baptismi
495 2707 679 2778 sigillo
693 2707 1213 2777 consignari,atque
1222 2706 1314 2760 hic
1327 2710 1648 2760 manentem
1663 2705 1816 2759 omni

214 2797 448 2868 pietatis
474 2797 668 2868 generi
697 2795 941 2862 studere,
976 2795 1376 2866 praeceptisque
1423 2795 1542 2849 suis
1589 2809 1817 2864 operam

215 2886 378 2940 dare.
410 2886 784 2957 Posteaquam
833 2890 1022 2940 autem
1067 2884 1218 2939 illius
1251 2883 1527 2938 bonorum
1566 2882 1817 2937 omnium

215 2975 440 3030 datoris
465 2991 698 3030 munere
727 2974 942 3030 occasio
972 2989 1093 3028 sese
1123 2973 1408 3039 obtulerit,
1440 2977 1562 3027 tum
1591 2972 1815 3026 demum

1888 1817 2053 1889 piunt
2081 1835 2246 1889 quam
2279 1824 2576 1892 quisquam
2605 1837 2797 1877 eorum
2828 1826 2923 1894 qui
2944 1826 3139 1880 mundi
3163 1843 3355 1882 amore
3387 1829 3484 1883 fla-

1887 1913 2071 1976 grant,
2107 1925 2172 1962 ex
2201 1926 2370 1979 opum
2402 1916 2459 1964 et
2488 1913 2852 1982 pecuniarum
2880 1913 3229 1970 abundantia
3258 1917 3444 1988 capiat
3469 1936 3484 1986 ;

1892 1996 2099 2068 quique
2127 1997 2502 2069 amplissimas
2533 2001 2804 2056 virtutum
2828 2002 3050 2059 divitias
3089 2004 3194 2058 sibi
3225 2021 3490 2076 aggesse-

1891 2091 2043 2150 runt,
2077 2093 2244 2157 atque
2273 2087 2677 2143 immortalium
2711 2089 2986 2146 bonorum
3025 2109 3123 2164 spe
3149 2109 3271 2148 sese
3302 2095 3484 2162 alunt,

1893 2173 1996 2228 hos
2027 2191 2129 2245 ego
2159 2175 2369 2246 Optimo
2393 2177 2523 2246 jure
2551 2183 2608 2232 te
2656 2185 2824 2250 atque
2855 2181 2994 2235 adeo
3038 2182 3231 2252 quovis
3265 2187 3490 2237 terreno

1894 2278 2026 2333 rege
2051 2263 2440 2335 locupletiores
2461 2266 2715 2322 dixerim.
2738 2269 2898 2332 Quod
2918 2271 2983 2335 si,
3000 2270 3113 2324 Deo
3133 2269 3234 2324 tibi
3250 2271 3491 2338 favente,

1895 2356 1958 2406 tu
1981 2368 2202 2423 quoque
2226 2353 2546 2424 spirituales
2566 2356 2888 2427 hujusmodi
2907 2359 3130 2413 divitias
3162 2359 3491 2431 arripueris,

1898 2457 1991 2495 eas
2011 2457 2230 2496 summo
2253 2443 2438 2497 studio
2461 2459 2526 2498 ac
2554 2445 2847 2516 diligentia
2875 2447 3140 2515 servabis,
3166 2465 3230 2503 ac
3250 2465 3496 2520 semper,

1899 2535 1956 2583 et
1977 2530 2203 2600 quidem
2225 2532 2446 2595 merito,
2471 2549 2678 2604 augere
2701 2536 2909 2607 cupies,
2941 2553 3044 2592 nec
3068 2538 3241 2592 ullam
3268 2539 3495 2593 omnino

1899 2633 2092 2672 earum
2125 2625 2342 2690 partem
2373 2621 2658 2676 effundere
2673 2624 2994 2680 sustinebis.
3018 2627 3163 2680 Nam
3184 2627 3243 2681 in
3270 2626 3376 2682 hoc
3404 2627 3497 2681 de-

1899 2722 2055 2760 mum
2086 2722 2232 2762 verae
2265 2709 2471 2765 divitiae
2501 2709 2622 2765 sitae
2671 2719 2824 2766 sunt.
2867 2713 3072 2768 Earum
3105 2721 3295 2770 autem
3326 2732 3498 2786 opum

1901 2811 2023 2866 quas
2061 2795 2120 2849 in
2164 2813 2390 2852 sensum
2432 2799 2657 2865 cadunt,
2705 2801 2882 2855 moles
2926 2802 3264 2859 detrimento
3309 2803 3496 2875 potius

1901 2900 2070 2954 quam
2113 2886 2405 2940 commodo
2436 2888 2644 2942 amicos
2687 2905 2817 2944 suos
2871 2892 3134 2946 aﬂ‘ecerit.
3169 2893 3354 2956 Quare
3383 2908 3496 2947 non

1900 2972 1999 3027 abs
2029 2990 2088 3029 re
2120 2989 2214 3029 eas
2254 2980 2562 3030 extremam
2603 2985 2992 3051 paupertatem
3024 2981 3317 3052 appellavi,
3363 2998 3500 3052 quas

217 3069 280 3119 et
308 3063 382 3119 ad
400 3080 502 3119 nos
519 3064 728 3124 venies.
751 3069 809 3118 et
829 3079 931 3134 per
949 3063 1231 3134 reliquum
1257 3078 1422 3117 omne
1441 3061 1675 3132 hujusce
1697 3060 1817 3114 vitae
1834 3074 1876 3135 ο
1905 3062 2215 3117 caelestium
2251 3063 2524 3120 bonorum
2561 3073 2859 3135 amatores,
2909 3068 3077 3124 rebus
3124 3069 3384 3124 omnibus
3416 3086 3502 3124 re-

214 3159 447 3225 tempus
462 3152 752 3208 nobiscum
781 3152 968 3222 deges.
987 3154 1067 3207 Ac
1095 3151 1320 3206 Domini
1343 3150 1690 3221 benignitate
1713 3149 1818 3204 fre-

215 3249 335 3310 tus,
368 3242 804 3314 haudquaquam
834 3240 1029 3296 dubito
1064 3240 1200 3312 quin
1240 3241 1300 3294 in
1347 3240 1537 3294 futura
1583 3239 1696 3294 vita
1739 3238 1820 3292 ita

218 3332 654 3402 conjungamur,
686 3336 751 3386 ut
778 3345 1069 3401 nunquam
1095 3328 1294 3384 develli
1324 3327 1621 3400 possimus.

294 3421 569 3492 Josaphat
587 3419 1050 3491 autemlacrymis
1067 3434 1294 3473 rursum
1310 3422 1584 3489 perfusus,
1604 3415 1675 3471 ad
1693 3433 1820 3472 eum

221 3509 339 3566 ait:
374 3509 435 3565 Si
455 3509 692 3564 Domino
721 3509 802 3564 ita
825 3509 1025 3580 placet,
1046 3507 1224 3579 ipsius
1243 3507 1503 3561 voluntas
1530 3507 1649 3561 ﬁat.
1677 3505 1824 3571 Quo-

220 3600 374 3655 circa
400 3615 530 3654 cum
568 3598 756 3653 divino
791 3596 1128 3670 baptismate
1166 3613 1257 3651 me
1294 3596 1619 3659 initiaveris,
1651 3612 1822 3668 pecu-

221 3689 462 3761 niasque
478 3704 516 3742 a
533 3704 623 3743 me
653 3694 710 3743 et
736 3693 937 3754 vestes,
951 3693 1070 3741 tam
1100 3686 1171 3741 ad
1199 3692 1364 3741 tuum
1386 3703 1556 3758 quam
1575 3687 1646 3740 ad
1668 3685 1827 3740 soda-

221 3777 362 3833 lium
392 3784 624 3832 tuorum
650 3776 858 3831 victum
888 3793 953 3830 ac
983 3775 1251 3830 vestitum
1279 3775 1577 3846 acceperis,
1612 3774 1673 3830 in
1700 3773 1828 3829 reli-

222 3867 401 3938 giosae
447 3865 858 3922 exercitationis
898 3865 1107 3933 locum,
1143 3863 1342 3919 divinae
1371 3863 1523 3935 pacis
1569 3862 1828 3934 praesidio

225 3962 444 4027 septus,
473 3955 708 4010 abscede
733 3973 746 4023 ;
778 3970 1015 4025 meaque
1045 3969 1215 4008 causa
1247 3952 1368 4006 sine
1391 3951 1509 4006 ulla
1540 3950 1829 4005 intermis-

222 4046 389 4100 sione
400 4045 580 4100 Deum
600 4060 754 4114 roga,
774 4049 837 4098 ut
858 4059 928 4098 ne
958 4059 1056 4114 spe
1077 4059 1204 4096 mea
1221 4041 1475 4106 frustrer,
1500 4056 1696 4095 verum
1719 4039 1830 4112 pri-

225 4151 322 4189 mo
351 4149 580 4206 quoque
608 4141 862 4204 tempore
889 4131 960 4187 ad
989 4138 1046 4186 te
1076 4131 1385 4203 pervenire,
1421 4135 1589 4202 atque
1626 4129 1686 4185 in
1715 4129 1829 4184 alta

226 4223 424 4296 quiete
452 4223 758 4278 utilitatem
784 4239 849 4276 ex
868 4227 927 4277 te
953 4220 1237 4294 percipere
1258 4219 1487 4291 possim.

299 4312 568 4368 Barlaam
589 4317 779 4367 autem
799 4311 905 4365 ait:
935 4310 1084 4375 Quin
1108 4309 1317 4364 Christi
1338 4308 1564 4380 quidem
1585 4306 1832 4379 sigillum

1901 3151 2071 3206 misso
2109 3152 2328 3218 nuntio,
2382 3153 2463 3208 ita
2498 3154 2739 3225 fugiunt,
2774 3162 2840 3210 ut
2868 3157 3147 3229 quispiam
3180 3163 3500 3229 serpentem

1898 3240 2061 3310 fugit.
2095 3241 2154 3296 Si
2179 3257 2309 3296 vero
2340 3259 2469 3297 eum
2492 3243 2727 3308 hostem,
2754 3261 2922 3316 quem
2951 3247 3062 3300 mei
3101 3247 3204 3317 piae
3230 3247 3497 3300 exercita-

1903 3328 2072 3384 tionis
2104 3330 2237 3386 socii
2279 3336 2336 3385 et
2372 3333 2778 3388 commilitones
2815 3335 2936 3404 jam
2979 3333 3403 3401 obtruncarunt,
3437 3351 3502 3388 ac

1905 3417 2140 3489 pedibus
2161 3420 2574 3490 proculcarunt,
2589 3421 2774 3475 vivum
2795 3437 2991 3477 rursus
3011 3423 3109 3478 abs
3128 3428 3184 3478 te
3205 3429 3498 3494 acceptum

1907 3507 1978 3561 ad
2005 3507 2156 3578 ipsos
2185 3508 2459 3574 detulero,
2503 3509 2886 3582 bellorumque
2916 3527 2981 3565 ac
3011 3510 3500 3584 perturbationum

1907 3612 2075 3651 causa
2092 3596 2230 3668 ipsis
2251 3598 2427 3664 fuero,
2444 3614 2673 3670 prorsus
2692 3599 2828 3671 ipsis
2845 3600 3112 3656 exitiosus
3129 3600 3362 3656 nuntius
3383 3617 3501 3657 ero.

1909 3685 2066 3750 Quod
2095 3686 2323 3758 quidem
2361 3687 2508 3742 absit
2534 3693 2600 3743 ut
2630 3687 2851 3743 faciam.

1981 3781 2170 3842 283
2197 3775 2353 3831 Idem
2371 3782 2561 3832 autem
2581 3777 2650 3831 de
2671 3777 3018 3833 indumentis
3032 3777 3204 3833 etiam
3223 3777 3505 3850 intelligas

1907 3863 2093 3918 velim.
2121 3864 2265 3919 Nam
2285 3881 2379 3920 eos
2403 3866 2498 3937 qui
2517 3867 2809 3922 vetustatis
2839 3866 3021 3921 labem
3047 3872 3104 3922 et
3131 3867 3508 3939 corruptelam

1908 3957 2200 4018 exuerunt,
2242 3961 2410 4026 atque
2440 3954 2832 4011 inobedientiae
2871 3963 3102 4022 vestem,
3133 3963 3410 4029 quantum
3449 3956 3509 4010 in

1909 4039 2047 4111 ipsis
2075 4039 2199 4104 fuit,
2239 4042 2638 4114 deposuerunt,
2677 4044 2964 4098 Christum
3011 4051 3204 4100 autem
3234 4050 3508 4116 tanquam

1911 4128 2307 4185 vestimentum
2324 4131 2605 4199 salutaris,
2625 4139 2683 4186 et
2699 4133 2934 4204 pallium
2949 4133 3157 4188 laetitiae
3171 4134 3507 4199 iuduerunt;

1915 4235 2157 4290 quonam
2176 4221 2406 4275 tandem
2425 4221 2591 4275 modo
2611 4237 2807 4276 rursus
2825 4221 3072 4292 pelliceis
3092 4221 3298 4276 tunicis
3317 4221 3513 4275 indue-

1914 4323 2052 4374 rem,
2077 4308 2322 4380 ipsisque
2337 4308 2664 4380 ignominiae
2684 4309 2952 4364 amictum
2968 4309 3344 4381 imponerem?
3362 4308 3512 4372 Quin

226 4402 495 4474 accipias,
513 4401 756 4456 nihilest
775 4400 920 4472 quod
932 4398 1896 4490 prohibeat.QuareteipsumjamD
1915 4396 2118 4468 potius,
2162 4414 2289 4452 cum
2330 4397 2548 4452 sodales
2582 4414 2754 4464 meos,
2799 4404 2864 4453 ut
2913 4398 3008 4470 qui
3039 4399 3130 4470 pia
3167 4403 3223 4453 et
3249 4397 3513 4468 religiosa

227 4491 468 4554 adorna,
500 4507 566 4545 ac
590 4490 704 4545 Deo
732 4491 964 4561 juvante
1002 4487 1333 4544 Christiana
1363 4487 1493 4542 ﬁdei
1523 4487 1696 4542 sacris
1722 4485 1832 4541 ini-

229 4579 486 4634 tiaberis.
511 4579 591 4633 De
618 4579 687 4633 iis
719 4585 908 4633 autem
936 4578 1210 4650 pecuniis,
1252 4593 1392 4648 quas
1433 4584 1490 4631 te
1518 4585 1642 4630 tum
1671 4575 1829 4642 mihi,

227 4675 355 4724 tum
376 4667 664 4724 sodalibus
685 4667 826 4722 meis
843 4668 1113 4722 daturum
1131 4666 1442 4737 dixisti,qui
1460 4665 1690 4720 tandem
1710 4663 1835 4719 ﬁeri

226 4765 425 4831 posset
446 4764 517 4812 ut
543 4764 607 4812 tu
635 4757 730 4829 qui
760 4771 975 4829 pauper
1004 4771 1082 4824 es,
1115 4753 1379 4810 divitibus
1418 4754 1834 4826 eleemosynam

225 4845 563 4919 impertias?
613 4845 902 4917 Siquidem
958 4844 1194 4900 divitum
1248 4849 1335 4898 est
1380 4843 1448 4898 de
1494 4841 1836 4915 pauperibus

226 4935 377 4990 bene
405 4934 630 5002 mereri,
663 4950 777 4990 non
816 4940 1006 4990 autem
1035 4939 1231 4990 contra
1250 4947 1563 5004 pauperum
1592 4931 1660 4986 de
1687 4931 1837 4986 locu-

224 5023 479 5097 pletibus
499 5029 558 5080 et
574 5023 833 5096 copiosis.
849 5024 996 5078 Nam
1015 5023 1292 5078 sodalium
1308 5021 1562 5076 omnium
1580 5037 1835 5076 meorum

224 5119 552 5185 postremus
578 5112 777 5185 opibus
797 5112 1027 5168 omnino
1046 5120 1102 5167 te
1130 5116 1382 5183 superat.
1403 5111 1613 5166 Verum
1636 5109 1835 5164 divinis

224 5200 694 5259 miserationibus
722 5201 918 5269 fretus,
952 5203 1057 5256 hoc
1087 5200 1225 5255 mihi
1255 5199 1585 5273 persuadeo,
1617 5204 1674 5254 te
1704 5214 1836 5270 pro-

223 5291 455 5365 pediem
488 5291 989 5363 locupletissimum
1011 5290 1149 5345 fore.
1168 5289 1329 5355 Quod
1357 5305 1486 5345 cum
1517 5287 1831 5359 contigerit,

222 5381 468 5436 minime
501 5380 573 5435 ad
601 5380 955 5453 largiendum
985 5387 1280 5452 promptus
1310 5395 1375 5433 ac
1422 5377 1678 5450 proclivis
1705 5377 1834 5431 eris.

221 5470 382 5527 Dixit
407 5478 600 5526 autem
624 5468 696 5525 ad
721 5485 850 5525 eum
881 5469 1178 5541 Josaphat:
1207 5468 1432 5540 Expone
1451 5466 1610 5534 mihi,
1627 5481 1836 5538 quaeso,

223 5573 482 5632 quonam
503 5563 666 5631 pacto
685 5555 969 5616 sodalium
994 5560 1225 5615 tuorum
1243 5561 1527 5614 extremus
1540 5551 1738 5629 opibus
1752 5568 1843 5612 me

1915 4486 2234 4541 solitudinis
2264 4487 2660 4541 exercitatione
2690 4487 2939 4542 contenti
2977 4487 3109 4554 sint;
3143 4502 3380 4557 eamque
3409 4501 3510 4557 pro

1915 4575 2218 4630 verissimis
2248 4576 2460 4631 deliciis
2501 4577 2726 4643 ducant,
2761 4576 2935 4632 nullis
2980 4576 3207 4631 omnino
3237 4574 3512 4647 ejusmodi

1918 4663 2084 4719 rebus
2114 4665 2366 4737 indigere
2395 4673 2745 4738 compertum
2775 4664 3032 4731 habeam,
3061 4665 3313 4736 pecuniis
3342 4669 3399 4718 et
3425 4679 3515 4718 ve-

1917 4753 2114 4822 stibus,
2157 4771 2295 4826 quas
2321 4761 2378 4810 te
2407 4755 2542 4827 ipsis
2577 4756 2842 4810 daturum
2872 4752 3113 4820 dicebas,
3148 4753 3206 4808 in
3235 4769 3515 4825 pauperes

1917 4843 2246 4911 distributis,
2278 4844 2364 4899 fac
2387 4845 2488 4899 tibi
2508 4843 2784 4915 ejusmodi
2814 4843 3147 4898 thesaurum
3177 4842 3237 4897 in
3260 4843 3515 4898 futurum

1917 4933 2206 4998 recondas,
2237 4933 2334 5004 qui
2362 4933 2517 4988 nullo
2545 4933 2712 4987 modo
2743 4931 2952 5004 surripi
2978 4932 3172 5004 possit,
3209 4932 3390 4988 Deum
3414 4933 3516 4988 sci-

1917 5021 2047 5075 licet
2082 5021 2141 5076 in
2186 5021 2307 5093 ipso
2336 5038 2437 5094 per
2466 5021 2693 5076 illorum
2723 5037 2916 5092 preces
2965 5021 3363 5093 opitulatorem
3411 5021 3512 5076 tibi

1917 5110 2247 5182 adjungens.
2266 5111 2355 5166 Sic
2375 5110 2525 5165 enim
2552 5111 2656 5164 hoc
2687 5109 3064 5181 consequeris,
3088 5115 3153 5164 ut
3182 5127 3314 5182 opes
3335 5109 3406 5164 ad
3423 5127 3518 5182 op-

1918 5199 2058 5253 tima
2089 5215 2322 5271 quaeque
2351 5199 2452 5254 tibi
2491 5199 2820 5270 adjumento
2857 5198 2989 5253 sint.
3023 5199 3104 5254 Ac
3132 5198 3352 5263 deinde,
3387 5215 3514 5254 cum

1922 5287 2163 5360 Spiritus
2190 5295 2537 5344 armaturam
2559 5287 2857 5360 acceperis,
2880 5293 2936 5342 et
2954 5287 3175 5342 lumbos
3202 5287 3260 5342 in
3286 5288 3518 5342 veritate

1923 5376 2278 5443 succinxeris,
2313 5393 2378 5432 ac
2399 5377 2633 5449 justitiae
2662 5377 2893 5432 loricam
2920 5376 3190 5444 indueris,
3223 5382 3280 5431 et
3319 5374 3516 5431 salutis

1922 5466 2143 5538 galeam
2177 5466 2345 5538 capiti
2370 5473 2468 5522 tuo
2497 5466 2849 5538 imposueris,
2876 5469 2934 5521 et
2954 5465 3123 5538 pedes
3153 5465 3213 5520 in
3233 5460 3518 5534 Evangelii

1924 5554 2078 5629 pacis
2118 5555 2588 5630 praeparationem
2618 5552 2900 5621 calcearis,
2935 5552 3176 5626 fideique
3203 5555 3425 5610 scutum
3453 5561 3519 5606 ac
