3954 6190
507 269 617 327 515
1551 268 1650 328 DE
1686 267 1875 324 vrrls
1914 265 2210 323 PATRUM
2246 264 2462 322 LIBER
2497 266 2787 324 PRIMUS.
3617 288 3702 345 διδ

513 397 759 470 Spiritus
812 396 1086 468 gladium,
1118 395 1267 468 quod
1301 406 1390 449 est
1422 392 1654 448 verbum
1685 393 1805 459 Dei,
1845 391 2105 446 manibus
2129 391 2364 450 Asionis
2390 393 2618 448 modum
2652 395 3126 465 comprehendere
3150 399 3370 455 minime
3389 405 3586 462 studeas
3610 413 3703 472 (ne-

509 487 816 559 sumpseris
844 487 1155 554 (Ephcs.v1),
1187 492 1356 556 atque
1386 483 1635 554 undique
1674 488 1730 536 te
1760 481 2106 553 praestantis-
2190 497 2297 550 que
2323 482 2473 535 enim
2503 483 2899 554 comprehendi
2918 491 3140 556 potest),
3155 503 3338 542 verum
3357 490 3550 563 integro
3573 501 3706 555 corde

510 577 667 630 simis
689 576 860 630 armis
891 575 1220 628 instruxeris
1249 591 1314 628 ac
1337 572 1657 636 muniveris,
1683 572 1763 625 ita
1792 571 2018 624 demum
2045 572 2106 623 fi-
2188 587 2253 624 ac
2281 571 2400 625 sine
2430 572 2546 625 ulla
2573 589 2985 643 supervacanea
3003 575 3416 648 investigatione
3443 583 3562 639 illud
3587 594 3704 653 tene,

509 665 662 718 denti
685 665 872 718 animo
887 664 956 718 ad
974 663 1180 717 bellum
1193 680 1318 717 cum
1337 662 1627 732 impietate
1641 659 2106 714 committendum
2189 659 2450 713 nimirum
2475 660 2697 714 Patrem
2720 669 2778 715 et
2796 662 2998 718 Filium
3020 670 3078 718 et
3099 665 3358 736 Spiritum
3378 680 3602 727 sanctum
3619 693 3708 730 om-

509 754 794 823 egredere,
823 760 888 807 ut
917 770 984 806 ea
1020 755 1077 806 in
1121 753 1314 822 fugam
1344 767 1520 816 versa,
1555 756 1722 820 atque
1768 748 1942 818 ipsius
1966 748 2107 801 duce
2189 747 2354 802 nibus
2375 749 2560 802 modis
2572 766 2746 804 unum
2768 756 3390 825 esse,exceptaingeniti
3409 763 3711 832 pr0prietate,

505 841 727 896 diabolo
749 842 806 896 in
831 848 1043 896 terram
1066 842 1242 906 alliso,
1265 857 1298 894 a
1318 841 1513 894 dextra
1535 838 1760 893 Domini
1785 854 1956 890 manu
1983 852 2107 906 quae
2189 843 2246 890 et
2273 837 2655 906 generatione,
2691 847 2748 892 et
2777 842 3126 910 processione
3152 862 3164 908 ;
3199 845 3433 916 illudque
3460 849 3594 913 item,
3615 854 3715 907 uni-

506 930 629 984 vita
673 931 1012 1003 principium
1056 932 1234 997 affert,
1268 929 1552 984 victricem
1600 943 1864 982 coronam
1910 942 2105 980 conse-
2187 925 2443 995 genitum
2473 927 2676 980 Filium
2721 945 2786 982 ac
2815 929 2917 983 Dei
2961 930 3224 996 Verbum,
3259 939 3314 986 et
3343 935 3522 1000 Deum,
3559 940 3717 996 salutis

514 1019 722 1089 quaris.
2061 1089 2065 1094 ἡ
2188 1020 2394 1068 nostrae
2427 1031 2596 1068 causa
2624 1016 2804 1070 Patris
2832 1017 3076 1083 decreto,
3101 1036 3164 1073 ac
3203 1020 3432 1090 Spiritus
3467 1027 3621 1079 sancti
3645 1028 3717 1081 ad-

585 1109 1108 1168 CAP.XIX.—Cum
1130 1109 1388 1162 Barlaam
1409 1105 1730 1176 hujusmodi
1751 1103 2017 1158 doctrinis
2040 1119 2104 1156 ac
2181 1101 2380 1170 juncta
2405 1120 2593 1174 opera,
2641 1105 2700 1158 in
2733 1113 2944 1160 terram
2990 1107 3368 1176 descendisse;
3401 1110 3510 1165 sine
3545 1115 3717 1170 semine

504 1201 809 1258 salutiferis
838 1199 1190 1254 sermonibus
1214 1198 1362 1268 regis
1393 1197 1568 1250 filium
1600 1193 1910 1259 imbuisset,
1935 1200 2103 1262 atque
2186 1190 2244 1243 in
2273 1199 2478 1246 sanctae
2506 1193 2751 1263 Virginis
2779 1212 2844 1248 ac
2863 1196 2962 1249 Dei
2974 1196 3263 1266 genitricis
3292 1199 3468 1253 Mariae
3486 1207 3624 1255 utero
3642 1221 3720 1273 per

508 1293 579 1347 ad
607 1291 857 1345 divinum
887 1289 1232 1359 baptismum
1259 1290 1646 1357 praeparasset,
1675 1284 1856 1354 eique,
1881 1288 1945 1336 ut
1969 1297 2102 1335 con-
2189 1279 2462 1350 Spiritum
2493 1291 2750 1367 sanctum
2781 1292 3132 1356 conceptum,
3156 1302 3218 1340 ac
3245 1287 3364 1342 sine
3387 1289 3494 1342 ulla
3512 1289 3617 1343 labe
3641 1310 3718 1361 ge-

504 1381 742 1436 suetudo
779 1379 905 1442 fert,
947 1377 1017 1430 ad
1047 1377 1261 1446 aliquot
1298 1376 1416 1428 dies
1450 1375 1710 1444 jejunare
1750 1389 1814 1426 ac
1846 1370 2102 1442 precibus
2185 1368 2386 1432 nitum,
2422 1370 2839 1442 perfectumque
2884 1373 3171 1427 hominem
3204 1375 3474 1443 effectum;
3513 1378 3716 1449 illudque

505 1467 826 1524 incumbere
866 1465 1234 1536 praecepisset,
1287 1464 1356 1516 ad
1406 1479 1533 1516 eum
1584 1461 1777 1516 crebre
1831 1460 2103 1514 ventitare
2185 1463 2474 1526 praeterea,
2526 1460 2708 1530 ipsum
2769 1461 3074 1530 perfectum
3105 1464 3304 1529 Deum,
3353 1481 3414 1518 ac
3462 1467 3717 1535 perfectum

506 1575 618 1612 non
649 1555 955 1611 desinebat.
990 1559 1162 1624 atque
1202 1551 1391 1606 omnia
1419 1550 1737 1604 orthodoxae
1795 1549 1925 1602 ﬁdei
1962 1548 2102 1618 dog—
2185 1546 2470 1600 hominem
2493 1564 2635 1613 esse,
2665 1565 2730 1602 ex
2749 1549 2966 1604 duabus
2989 1551 3225 1616 naturis,
3254 1553 3356 1606 hoc
3379 1559 3459 1607 est
3480 1554 3718 1610 divinitate

505 1652 660 1700 mata
713 1645 819 1716 ipsi
855 1642 1133 1707 tradebat,
1177 1641 1539 1711 divinumque
1595 1638 1959 1708 Evangelium
2005 1653 2101 1690 ex-
2184 1640 2241 1688 et
2267 1635 2638 1703 humanitate,
2662 1655 2725 1692 ac
2751 1637 2808 1692 in
2832 1638 3050 1693 duabus
3078 1641 3295 1695 naturis
3323 1641 3657 1713 intelligentia
3677 1655 3720 1699 et

503 1733 764 1806 ponebat,
807 1750 870 1786 ac
899 1738 1171 1804 praeterea
1217 1729 1549 1800 apostolicas
1597 1727 2016 1782 cohortationes
2044 1730 2101 1778 et
2117 1748 2162 1807 Β
2183 1725 2470 1780 voluntate
2499 1732 2556 1780 et
2572 1728 2896 1798 operatione
2915 1734 2973 1782 et
2987 1729 3204 1783 arbitrii
3229 1729 3480 1785 libertate
3498 1733 3719 1802 preditis,

501 1825 902 1895 praphetarum
923 1822 1042 1874 loca
1068 1821 1191 1890 ipsa
1213 1817 1563 1889 explanabat.
1589 1818 1732 1871 Nam
1757 1833 1884 1870 cum
1905 1816 1989 1868 vir
2007 1815 2100 1868 ille
2185 1819 2353 1884 atque
2383 1815 2538 1868 omni
2569 1816 2786 1870 ratione
2815 1817 3094 1887 perfectis,
3116 1821 3280 1889 juxta
3307 1836 3547 1874 normam
3572 1837 3626 1874 ac
3649 1837 3719 1873 ra-

501 1913 770 1967 divinitus
787 1910 996 1965 tradita
1024 1907 1278 1962 doctrina
1297 1907 1550 1977 polleret,
1570 1922 1793 1959 omnem
1817 1911 1934 1958 tam
1957 1910 2101 1958 vete-
2183 1901 2396 1956 tionem
2428 1904 2652 1975 utrique
2681 1911 2915 1971 naturae,
2949 1907 3053 1960 hoc
3081 1914 3167 1961 est
3194 1907 3392 1962 divinae
3419 1915 3473 1962 et
3506 1910 3718 1964 humanae

501 2002 580 2057 ris
611 2017 778 2071 quam
811 1998 938 2053 novi
964 1996 1310 2052 Testamenti
1351 1994 1621 2065 scriptum
1652 1993 1980 2048 memoriter
2007 2009 2098 2046 re-
2183 1999 2765 2058 consentaneam,una
2779 2001 2970 2048 autem
2987 1997 3488 2068 gsacomposita
3504 2015 3714 2068 persona.

500 2090 731 2145 citabat.
780 2089 1031 2158 Cumque
1072 2085 1260 2139 divino
1299 2084 1510 2155 Spiritu
1541 2083 1805 2137 incitatus
1834 2082 2094 2146 ferretur,
2184 2079 2334 2144 Haec,
2366 2080 2614 2152 inquam,
2657 2083 2989 2154 simpliciter
3035 2089 3206 2155 atque
3258 2086 3378 2140 sine
3414 2087 3520 2140 ulla
3543 2087 3722 2141 curiosa

499 2178 910 2233 adolescentem
932 2192 1073 2230 vera:
1097 2175 1194 2229 Dei
1222 2173 1434 2227 notitiae
1465 2173 1588 2226 luce
1618 2170 1982 2226 collustravit.
2021 2171 2097 2224 Eo
2181 2167 2609 2240 investigatione
2651 2172 2839 2242 accipe
2872 2190 2883 2224 :
2930 2189 3032 2227 nec
3067 2173 3208 2228 illud
3242 2175 3541 2245 intelligere
3573 2176 3717 2242 stude,

499 2273 689 2323 autem
714 2267 804 2321 die
833 2282 943 2336 quo
980 2263 1352 2335 baptizandus
1383 2267 1521 2324 erat,
1553 2260 1786 2315 docendi
1814 2276 1982 2314 causa
2010 2260 2098 2313 his
2181 2274 2426 2328 quonam
2447 2268 2607 2330 pacto
2625 2260 2723 2314 Dei
2744 2261 2915 2315 Filius
2931 2262 3180 2332 seipsum
3204 2264 3719 2336 exinaniverit,atque

498 2357 568 2411 ad
598 2373 725 2410 eum
759 2353 938 2409 verbis
968 2352 1231 2407 utebatur
1266 2368 1277 2403 :
1310 2351 1392 2404 En
1423 2349 1630 2404 Christi
1668 2349 1914 2418 sigillum
1957 2348 2099 2401 acci-
2180 2363 2245 2400 ex
2275 2347 2539 2418 virgineis
2577 2349 2942 2419 sanguinibus
2984 2351 3152 2406 homo
3194 2352 3314 2408 sine
3354 2331 3552 2408 semine
3583 2359 3716 2423 atque

497 2463 649 2518 pere.
669 2451 840 2516 atque
861 2442 1126 2498 dominici
1147 2441 1333 2494 vultus
1353 2438 1564 2493 lumine
1581 2437 1901 2508 consignari
1925 2439 2092 2502 (Psal.
2179 2437 2533 2507 corruptione
2578 2438 2756 2493 factus
2803 2438 3006 2506 fuerit;
3040 2446 3142 2494 aut
3179 2459 3422 2512 quonam
3449 2448 3592 2513 pacto
3618 2442 3715 2495 duae

496 2538 589 2604 Iv),
623 2534 836 2604 Deique
858 2532 1025 2597 filius,
1052 2547 1115 2584 ac
1135 2529 1334 2583 vivifici
1367 2527 1606 2598 Spiritus
1635 2527 1911 2597 templum
1953 2525 2095 2580 efﬁci
2178 2531 2393 2579 naturae
2420 2524 2481 2579 in
2510 2543 2680 2580 unam
2726 2544 3023 2597 personam
3052 2531 3430 2584 convenerint.
3464 2531 3592 2584 Nam
3625 2531 3717 2582 haec

499 2637 787 2692 properas.
1106 2670 1136 2694 .
2179 2629 2301 2682 quae
2340 2613 2605 2669 divinitus
2632 2616 2790 2670 nobis
2819 2634 2854 2671 a
2897 2617 3190 2687 Scriptura
3221 2625 3413 2673 sancta
3439 2619 3574 2672 dicta
3596 2625 3715 2677 sunt,

571 2709 843 2773 Quocirca
857 2709 914 2762 in
936 2709 1158 2762 Patrem
1181 2712 1238 2760 et
1255 2705 1457 2760 Filium
1472 2710 1528 2758 et
1540 2703 1812 2774 Spiritum
1838 2707 2096 2756 sanctum
2178 2702 2288 2756 fide
2316 2708 2506 2757 tenere
2529 2705 2794 2759 docemur
2825 2723 2838 2758 :
2869 2706 3100 2766 modum
3120 2712 3315 2762 autem
3341 2707 3614 2771 nescimus,
3641 2723 3720 2760 nec

498 2799 680 2863 crede,
707 2804 980 2865 sanctam,
1001 2797 1252 2866 inquam,
1285 2811 1351 2848 ex
1380 2810 1492 2864 qua
1518 2793 1631 2846 vita
1659 2791 1881 2846 initium
1913 2791 2089 2856 duxit,
2178 2807 2453 2862 exponere
2487 2809 2800 2862 possumus.

497 2887 850 2952 Trinitatem,
877 2902 1000 2957 quae
1029 2886 1087 2939 in
1116 2884 1296 2938 tribus
1319 2881 1571 2954 personis
1593 2888 1650 2935 et
1670 2897 1783 2936 una
1801 2880 2092 2934 divinitate
2247 2880 2423 2934 Crede
2453 2881 2656 2936 Filium
2698 2883 2817 2949 Dei,
2854 2884 2950 2954 qui
2979 2902 3079 2955 per
3122 2886 3340 2940 viscera
3379 2883 3721 2940 misericordia

494 2975 828 3041 celebratur,
861 2991 943 3037 ac,
969 2981 1241 3044 quantum
1263 2971 1490 3042 quidem
1511 2970 1581 3024 ad
1602 2986 1869 3041 personas
1891 2973 1947 3022 et
1972 2984 2094 3039 per-
2116 3025 2156 3044 Α
2174 2985 2286 3022 suae
2309 2969 2473 3024 homo
2490 2970 2668 3025 factus
2684 2977 2787 3039 est,
2807 2989 3001 3028 omnes
3022 2990 3117 3028 eas
3136 2975 3416 3030 humanas
3430 2975 3718 3037 affectiones,

492 3065 713 3120 sonales
735 3064 1106 3135 proprietates
1145 3061 1365 3126 attinet,
1389 3060 1655 3115 distincta
1683 3063 1787 3124 est,
1818 3063 2092 3129 quantum
2115 3025 2298 3128 Cquae
2348 3060 2632 3114 naturales
2675 3066 2825 3126 sunt,
2859 3078 2962 3116 nec
2999 3063 3132 3116 vitio
3179 3063 3407 3131 dantur,
3439 3063 3718 3133 suscepisse.

491 3160 680 3209 autem
713 3153 782 3207 ad
813 3151 1134 3214 essentiam,
1166 3152 1466 3221 conjuncta
1497 3155 1553 3203 et
1572 3148 1831 3219 copulata
1868 3165 1878 3200 :
1914 3162 2091 3200 unum
2174 3145 2341 3202 Fame
2360 3148 2530 3214 enim,
2556 3155 2830 3218 quantum
2847 3151 2916 3204 ad
2941 3152 3252 3207 humanam
3268 3159 3518 3207 naturam
3537 3151 3718 3213 attinet,

490 3242 996 3312 Deumingenitum
1017 3256 1341 3310 agnoscens,
1363 3245 1531 3309 atque
1546 3254 1721 3291 unum
1743 3235 1948 3290 Filium
1972 3234 2094 3289 uni-
2173 3250 2238 3288 ac
2267 3235 2359 3290 siti
2383 3235 2672 3304 laboravit,
2706 3245 2760 3292 et
2790 3239 3069 3304 dormivit,
3099 3246 3158 3294 et
3188 3241 3253 3295 in
3285 3258 3487 3312 angore
3513 3245 3720 3294 versatus

486 3330 1078 3403 genitum,Dominum
1093 3335 1348 3383 nostrum
1361 3329 1553 3382 Jesum
1572 3325 1876 3388 Christum,
1897 3324 2089 3377 lumen
2174 3330 2278 3390 est,
2303 3331 2358 3378 et
2377 3342 2478 3396 pro
2516 3327 2724 3381 nostris
2753 3328 3149 3398 iniquitatibus
3177 3330 3252 3384 ad
3281 3337 3509 3384 mortem
3536 3329 3717 3391 ductus,

488 3422 558 3474 de
578 3419 810 3484 lumine,
835 3421 1013 3474 Deum
1040 3435 1230 3472 verum
1262 3417 1332 3470 de
1363 3417 1477 3470 Deo
1500 3432 1646 3475 vero,
1669 3414 1924 3484 genitum
1956 3418 2090 3466 ante
2174 3413 2434 3484 crucique
2459 3415 2674 3474 affixus.
2699 3433 2765 3470 ac
2793 3416 3092 3486 degustata
3119 3425 3306 3473 morte
3329 3419 3597 3490 sepultura
3621 3417 3722 3470 aﬂ'e-

489 3509 677 3564 omnia
706 3509 927 3564 saecula.
956 3507 1198 3575 (Etenim
1229 3522 1294 3560 ex
1326 3505 1472 3560 bono
1505 3505 1670 3558 Patre
1704 3502 1883 3556 bonus
1915 3502 2090 3556 Filius
2173 3507 2296 3556 ctus
2323 3510 2425 3570 est,
2453 3504 2643 3558 divina
2665 3505 2889 3560 interim
2919 3514 3123 3561 natura
3142 3507 3214 3561 ab
3233 3509 3387 3562 omni
3416 3506 3720 3578 perpessione

486 3599 712 3669 genitus
743 3604 846 3661 est,
881 3603 938 3651 et
950 3613 1015 3650 ex
1046 3594 1334 3664 unigenito
1359 3593 1573 3647 lumine
1589 3591 2091 3662 sempiternumlu-
2172 3606 2236 3644 ac
2268 3592 2578 3646 mutatione
2607 3593 2782 3648 libera
2805 3602 3086 3650 manente.
3110 3597 3349 3651 Nullum
3373 3596 3513 3652 enim
3533 3595 3721 3650 omnino

488 3704 618 3742 men
674 3686 904 3750 effulsit,
956 3702 1021 3738 ex
1077 3700 1208 3737 vera
1242 3683 1354 3736 vita
1396 3681 1645 3734 vivificus
1699 3679 1822 3733 fons
1857 3679 2085 3750 prodiit,
2172 3681 2589 3750 perpessionem
2631 3682 2808 3753 ipsius
2855 3689 3072 3738 naturae
3107 3683 3177 3738 ab
3223 3685 3379 3739 omni
3415 3682 3722 3756 perpessione

487 3781 545 3829 et
573 3775 891 3846 exipsamet
904 3773 1173 3844 potentia,
1197 3771 1325 3826 Filii
1341 3769 1593 3842 potentia
1618 3768 1864 3832 emicuit,
1885 3767 1982 3838 qui
2005 3772 2092 3822 est
2173 3767 2371 3823 alienae
2399 3769 2794 3838 attribuimus;
2829 3789 3024 3827 verum
3061 3757 3120 3827 in
3150 3790 3219 3827 ea
3253 3780 3455 3828 natura
3481 3787 3630 3844 quam
3655 3786 3722 3822 as-

486 3861 750 3933 splendur
768 3859 1232 3932 gloriaanebm],
1259 3865 1317 3913 et
1331 3857 1579 3912 Verbum
1600 3874 1726 3911 vere
1749 3855 2082 3922 subsistens,
2171 3858 2414 3928 sumpsit
2442 3876 2571 3914 eum
2595 3876 2824 3931 passum
2852 3867 2909 3915 et
2937 3861 3222 3932 sepultum
3246 3879 3368 3917 esse
3387 3860 3716 3933 agnoscimus,

488 3951 584 4022 qui
609 3951 666 4006 in
706 3949 980 4022 principio
1015 3953 1154 4011 erat,
1187 3953 1244 4002 et
1286 3947 1434 4019 apud
1465 3947 1646 4001 Deum
1677 3950 1817 4012 erat,
1852 3950 1910 4000 et
1939 3945 2088 3999 Deus
2171 3961 2236 3998 ac
2262 3945 2448 4001 divina
2461 3947 2641 4018 gloria
2663 3955 2895 4004 amorte
2923 3949 2994 4003 ad
3015 3949 3186 4004 vitam
3213 3949 3720 4006 etimmortalitatem

486 4046 609 4095 erat
637 4041 816 4112 [Joan.
847 4037 918 4112 1],
946 4037 1204 4109 principii
1234 4053 1429 4108 expers
1460 4041 1517 4090 et
1545 4035 1954 4106 sempiternus;
1987 4050 2088 4104 per
2171 4033 2470 4090 excitatum
2500 4053 2640 4103 esse,
2661 4043 2830 4109 atque
2859 4038 2918 4092 in
2947 4039 3113 4093 caalos
3143 4040 3478 4105 ascendisse,
3504 4037 3721 4093 tandem-

485 4145 656 4201 quem
686 4127 876 4184 omnia
917 4127 1064 4182 facta
1087 4132 1238 4192 sunt,
1271 4131 1390 4179 tam
1422 4141 1546 4196 quae
1575 4123 1750 4178 oculis
1778 4128 2087 4177 cernuntur
2170 4133 2278 4188 que
2300 4136 2524 4175 rursum
2545 4138 2671 4176 cum
2685 4122 2868 4194 gloria
2886 4129 3184 4179 venturum
3203 4141 3349 4191 esse,
3369 4131 3432 4179 ut
3451 4124 3515 4178 de
3539 4121 3656 4176 vivis
3672 4135 3722 4172 ac

485 4236 654 4291 quam
685 4235 806 4290 quae
826 4216 979 4272 cerni
1004 4217 1340 4287 nequeunt.)
1361 4215 1430 4269 Et
1450 4229 1624 4268 unum
1649 4212 1920 4284 Spiritum
1952 4227 2084 4266 san-
2165 4209 2403 4264 mortuis
2446 4211 2784 4266 sententiam
2832 4213 2994 4280 ferat,
3027 4220 3194 4286 atque
3225 4215 3522 4286 unicuique
3561 4227 3648 4284 pro
3671 4224 3722 4262 eo

482 4316 656 4374 ctum,
680 4325 746 4362 ex
775 4308 940 4361 Patre
971 4305 1388 4377 procedentem,
1410 4319 1736 4374 agnoscens,
1759 4303 1935 4357 Deum
1961 4317 2085 4371 per-
2165 4312 2231 4351 ac
2259 4299 2494 4354 meritus
2517 4306 2602 4355 est
2629 4301 2903 4372 rependat
2924 4304 3135 4366 (Matth.
3160 4319 3250 4358 xvi
3271 4304 3616 4373 ;Apoc,xm).
3640 4298 3723 4352 Re-

481 4398 707 4464 fectum,
729 4402 787 4451 et
801 4396 971 4451 vitam
1000 4395 1346 4458 afferentem,
1366 4409 1431 4446 ac
1451 4391 1809 4447 sanctitatem
1826 4389 2080 4462 praeben-
2097 4377 2145 4437 Ῑ)
2166 4394 2399 4458 surgent
2427 4388 2576 4444 enim
2606 4391 2833 4455 mortui,
2859 4397 2916 4446 et
2941 4392 3335 4448 excitabuntur
3357 4393 3452 4464 qui
3478 4392 3532 4445 in
3561 4403 3721 4443 monu-

481 4490 616 4550 tem,
679 4481 876 4536 eadem
923 4480 1214 4534 voluntate
1272 4477 1591 4548 praeditum,
1643 4476 2089 4548 omnipotentem
2169 4477 2375 4532 mentis
2403 4484 2553 4532 sunt.
2576 4480 2759 4550 Atque
2787 4480 2870 4534 illi
2895 4481 3122 4551 quidem
3144 4482 3241 4553 qui
3273 4481 3475 4538 Christi
3496 4476 3721 4533 mandata

481 4572 738 4627 eamdem
762 4569 1136 4626 aeternitatem
1157 4567 1480 4632 habentem,
1505 4582 1634 4620 vere
1655 4564 2082 4620 subsistentem.
2169 4565 2604 4633 observaverint,
2623 4573 2679 4623 et
2698 4569 2756 4623 in
2769 4575 2922 4624 recta
2942 4571 3052 4625 ﬁde
3067 4587 3133 4625 ex
3149 4571 3254 4625 hac
3273 4572 3393 4626 \dta
3407 4565 3718 4625 excesserint,

480 4661 566 4715 Ad
580 4661 730 4715 hunc
746 4658 922 4730 igitur
941 4657 1172 4713 modum
1193 4656 1421 4710 Patrem
1446 4654 1718 4710 etFilium
1740 4659 1796 4708 et
1813 4653 2084 4725 Spiritum
2166 4656 2570 4728 sempiternam
2586 4657 2757 4712 vitam
2773 4658 3129 4714 haereditario
3140 4659 3506 4731 possidebunt
3518 4676 3531 4723 ;
3545 4654 3629 4727 qui
3643 4669 3719 4706 au-

480 4755 738 4805 sanctum
760 4747 1018 4812 adora,in
1029 4745 1208 4801 tribus
1227 4743 1481 4816 personis
1503 4759 1603 4798 seu
1624 4741 2078 4814 proprietatibus,
2165 4749 2281 4799 tem
2305 4745 2364 4799 in
2387 4746 2626 4817 peccatis
2655 4763 2777 4803 sese
2806 4748 3175 4820 corruperint,
3209 4756 3381 4821 atque
3413 4765 3446 4803 a
3471 4750 3610 4802 recta
3632 4740 3718 4796 fide

480 4844 647 4909 atque
674 4838 733 4891 in
763 4853 878 4891 una
906 4835 1218 4890 divinitate.
1250 4832 1578 4888 Communis
1615 4831 1766 4886 enim
1785 4830 1874 4886 his
1901 4830 2082 4886 tribus
2164 4835 2596 4902 deﬂexerint,'ad
2613 4839 3018 4910 sempiternum
3041 4839 3378 4911 supplicium
3402 4834 3596 4892 abituri
3613 4835 3719 4886 sunt

479 4933 566 4980 est
579 4925 860 4988 divinitas,
875 4930 1043 4996 atque
1065 4941 1180 4979 una
1193 4923 1448 4994 ipsorum
1467 4927 1670 4976 natura
1689 4926 1794 4987 est,
1819 4937 1933 4975 una
1953 4919 2081 4974 sub-
2165 4925 2424 4992 (Joan.v).
2440 4923 2618 4979 Crede
2632 4941 2734 4980 nec
2745 4926 2916 4980 ullam
2929 4926 3064 4980 mali
3076 4927 3504 4990 essentiam,nec
3518 4933 3717 4992 regnum

479 5014 706 5074 stantia,
763 5030 875 5068 una
900 5013 1098 5084 gloria,
1148 5029 1324 5067 unum
1374 5027 1631 5082 regnum,
1661 5027 1776 5064 una
1802 5009 2072 5082 potentia,
2160 5011 2339 5067 ullum
2367 5028 2487 5066 esse
2518 5031 2530 5078 ;
2563 5029 2665 5068 nec
2691 5015 2950 5086 principii
2979 5031 3176 5086 expers
3218 5015 3359 5070 illud
3388 5029 3504 5068 esse
3541 5014 3714 5069 statue,

476 5119 592 5158 una
609 5101 1270 5157 auctoritas.Commune
1288 5107 1479 5156 autem
1499 5106 1585 5154 est
1605 5099 1742 5154 Filio
1765 5105 1819 5153 et
1841 5098 2074 5170 Spiritui
2158 5104 2257 5154 aut
2309 5101 2368 5154 in
2405 5101 2587 5172 seipso
2640 5104 2935 5168 exstitisse,
2983 5103 3067 5158 vel
3113 5103 3283 5158 etiam
3339 5121 3374 5157 a
3418 5103 3528 5156 Deo
3559 5105 3717 5151 ortum

473 5198 685 5257 sancto,
722 5189 870 5261 quod
897 5205 962 5242 ex
983 5189 1148 5243 Patre
1169 5195 1302 5244 sunt
1327 5205 1339 5240 :
1368 5195 1429 5243 at
1450 5205 1580 5242 vero
1606 5187 1760 5241 Patri
1783 5188 2073 5259 proprium
2156 5189 2391 5244 traxisse
2410 5191 2623 5261 (procul
2650 5208 2683 5245 a
2710 5198 2767 5246 te
2787 5201 2862 5246 snt
2880 5192 2996 5247 haec
3030 5191 3583 5258 absurditas),verum
3601 5197 3715 5254 opus

473 5287 561 5336 est
615 5277 930 5349 ingenitum
975 5294 1116 5343 esse,
1169 5278 1310 5332 Filio
1356 5277 1615 5348 genitum
1653 5293 1794 5345 esse,
1838 5276 2072 5348 Spiritui
2153 5284 2408 5332 nostrum
2439 5295 2503 5334 ac
2531 5278 2738 5334 diaboli
2766 5281 2870 5335 hoc
2899 5297 3039 5348 esse,
3057 5282 3205 5352 quod
3230 5287 3425 5334 nostra
3453 5273 3651 5332 incuria
3669 5275 3715 5322 et

472 5369 717 5440 denique
749 5365 1106 5438 processisse.
2154 5367 2497 5437 negligentia
2535 5369 2772 5440 obrepit,
2804 5377 3104 5441 propterea
3133 5369 3278 5442 quod
3308 5368 3483 5422 libero
3512 5358 3717 5418 arbitrio

541 5459 632 5514 Sic
661 5456 836 5528 igitur
860 5454 976 5512 hec
1003 5451 1168 5509 crede
1193 5471 1204 5508 :
1231 5459 1292 5508 at
1311 5453 1692 5525 generationis
1721 5460 1821 5510 aut
1846 5471 2069 5528 proces-
2151 5456 2372 5528 praediti
2404 5473 2617 5527 sumus,
2651 5475 2716 5513 ac
2744 5465 2944 5531 sponte
2981 5465 3175 5514 nostra
3194 5464 3306 5513 tam
3340 5456 3544 5511 bonum
3575 5462 3716 5522 quam

2150 5542 2365 5601 malum
2395 5544 2676 5618 eligimus.
2717 5546 2802 5603 Ad
2835 5546 2954 5604 hmo
2979 5563 3157 5605 unum
3183 5545 3462 5620 baptisma
3511 5557 3570 5598 ex
3596 5550 3719 5609 aqua
