3876 6190
429 325 538 384 519

1434 311 1529 369 DE
1565 309 1756 368 VITIS
1793 305 2091 366 PATRUM
2128 303 2343 363 LIBER
2381 301 2672 359 PRIMUS.
2775 311 2780 316 '

3546 301 3634 360 520

433 454 700 509 adversus
728 445 932 504 diaboli
958 441 1134 498 hostis
1154 439 1428 495 versutias
1469 437 1644 509 ipsius
1672 439 2017 490 armaturam
2039 433 2089 491 A
2105 436 2276 500 atque
2307 428 2462 483 omni
2483 428 2684 482 vitiosa
2703 421 3102 479 consuetudine
3116 425 3464 482 teremove,ac
3481 424 3636 494 potius

433 543 696 604 induunt,
724 544 781 592 et
807 537 866 590 in
895 532 1148 588 oratione
1177 535 1347 599 atque
1369 525 1770 590 obsecratione,
1794 540 1918 578 cum
1940 538 2035 592 pa-

434 631 638 686 tientia
664 634 722 682 et
750 642 847 697 spe
875 623 930 677 in
961 623 1066 676 hoc
1091 620 1274 691 ipsum
1305 616 1602 687 invigilant
1631 615 1834 682 lEphes.
1861 615 1959 679 v1).

505 721 586 773 Ac
623 713 858 789 proinde
888 712 1053 766 facito
1071 715 1134 764 ut
1162 703 1638 779 quemadmodum
1655 719 1688 756 a
1715 719 1805 755 me
1825 699 2033 754 audisti

437 814 495 863 et
521 805 776 862 eruditus
806 819 884 869 es,
918 802 1257 868 ﬁrmumque
1280 795 1710 850 fundamentum
1737 789 1942 861 jecisti,
1976 789 2033 842 in

435 897 559 968 ipso
579 893 848 958 abundes,
874 905 1128 945 crescens
1147 884 1400 940 videlicet
1418 889 1473 937 et
1483 881 1797 953 proﬁciens,
1822 895 1885 933 ac
1904 877 2035 932 boni

436 984 635 1040 militis
665 982 846 1038 otlicio
874 980 1131 1049 fungens,
1160 975 1327 1030 ﬁdem
1360 972 1588 1035 habens,
1609 976 1666 1024 et
1681 969 1881 1023 bonam
1900 984 2034 1022 con-

439 1072 730 1130 scientiam
750 1069 1051 1142 proborum
1067 1080 1298 1138 Operum
1314 1060 1634 1116 testimonio
1645 1059 2034 1113 conﬁrmatam

443 1165 488 1230 (I
527 1165 756 1226 Tz'm.vr)
782 1155 1306 1229 ;justitiamcolens,
1333 1151 1618 1222 pietatem,
1651 1148 1839 1212 ﬁdem,
1859 1145 2037 1200 chari-

441 1257 639 1316 tatem,
660 1243 1330 1321 patientiamJenitatem;
1346 1240 1517 1293 vitam
1536 1235 2036 1308 sempiternam,ad

443 1357 614 1412 quam
634 1343 862 1392 vocatus
885 1353 963 1401 es,
992 1331 1451 1405 apprehendens;
1485 1343 1708 1382 omnem
1730 1330 1920 1379 autem
1950 1341 2040 1377 vo-

443 1430 724 1501 luptatum
767 1443 831 1481 ac
871 1423 1198 1478 vitiosarum
1240 1418 1597 1474 aﬁectionum
1653 1413 2036 1486 cupiditatem,

444 1535 558 1573 non
579 1517 744 1571 modo
761 1520 1032 1586 quantum
1049 1511 1118 1565 ad
1142 1510 1438 1566 actionem.
1457 1506 1554 1561 sed
1576 1505 1746 1559 etiam
1767 1509 2041 1574 quantum

447 1608 519 1662 ad
548 1604 963 1677 cogitationem,
997 1600 1190 1672 procul
1221 1603 1332 1652 ate
1363 1611 1672 1658 removens,
1709 1598 1771 1647 ut
1793 1590 2042 1646 animam

445 1701 604 1751 tuam
635 1693 706 1748 ab
735 1693 888 1748 omni
920 1688 1184 1762 spurcitie
1212 1703 1414 1758 puram
1456 1685 1570 1738 Deo
1601 1681 1879 1736 exhibeas.
1916 1681 2041 1734 Non

2114 517 2416 573 virtutibus
2431 532 2708 580 assuesce,
2731 528 2941 584 easque
2957 511 3040 565 ita
3062 511 3176 564 cole
3203 515 3359 582 atque
3383 527 3564 577 exerce,
3586 518 3641 567 ut

2116 624 2307 662 earum
2327 606 2552 660 habitus
2575 604 2676 658 tibi
2698 607 3072 673 comparetur.
3090 600 3226 654 Nam
3241 599 3283 652 si
3300 600 3504 670 paulum
3519 600 3642 654 labo-

2115 697 2194 752 ris
2224 697 2280 750 in
2312 695 2446 766 ipsis
2482 693 2812 765 susceperis,
2859 697 3027 761 atque
3067 705 3254 743 earum
3279 687 3507 741 habitum
3531 705 3642 742 con-

2115 786 2370 850 traxeris,
2406 789 2618 857 postea.
2650 783 2766 837 Deo
2790 783 3041 851 juvante,
3081 778 3216 832 citra
3237 776 3462 832 laborem
3498 777 3645 832 ullum

2117 875 2393 946 proﬁcies.
2437 872 2727 944 Siquidem
2749 869 2970 924 virtutis
2999 865 3217 922 habitus
3245 867 3430 920 animae
3456 866 3641 931 insitus,

2117 970 2312 1035 utpote
2332 963 2652 1017 naturalem
2670 976 2799 1016 cum
2825 975 2892 1013 ea
2917 956 3296 1028 cognationem
3315 954 3521 1020 habens,
3545 955 3650 1008 Dei-

2117 1071 2224 1125 que
2254 1071 2357 1124 ope
2375 1053 2620 1122 adjutus,
2643 1051 2732 1104 vix
2771 1048 2998 1104 omnino
3022 1044 3373 1100 mutationem
3400 1043 3550 1097 ullam
3576 1060 3649 1096 re-

2117 1145 2444 1215 cip1t,atque
2456 1142 2515 1195 in
2532 1141 2728 1212 primis
2741 1141 2936 1192 ﬁrmus
2946 1143 3050 1200 est,
3075 1131 3514 1206 quemadmodum
3526 1131 3651 1186 vides

2119 1233 2507 1288 fortitudinem
2519 1236 2576 1285 et
2596 1227 2972 1301 prudentiam,
2995 1222 3511 1295 temperantiamque
3541 1221 3652 1274 item

2120 1339 2184 1376 ac
2209 1321 2509 1392 justitiam,
2538 1319 2627 1373 vix
2651 1319 2880 1372 omnino
2909 1314 3273 1370 mutationem
3297 1311 3456 1366 ullam
3483 1308 3654 1363 admit-

2120 1418 2259 1474 tere,
2293 1415 2592 1481 pr0pterea
2617 1407 2765 1479 quod
2791 1407 2991 1461 animae
3011 1403 3232 1458 habitus
3259 1406 3314 1456 et
3333 1399 3597 1471 qualitates
3613 1403 3658 1451 et

2123 1499 2474 1570 operationes
2491 1498 2620 1562 sint,
2647 1512 2771 1550 eam
2787 1495 3010 1567 penitus
3029 1496 3392 1564 penetrantes.
3415 1489 3543 1541 Nam
3554 1501 3656 1538 cum

2122 1588 2243 1643 vitii
2257 1588 2596 1652 affectiones,
2614 1603 2736 1657 quas
2759 1584 2917 1639 nobis
2938 1599 3051 1637 non
3069 1579 3366 1643 naturales,
3385 1576 3472 1630 sed
3489 1574 3660 1628 adven-

2124 1678 2262 1732 titise
2293 1681 2443 1742 sunt,
2469 1679 2834 1747 posteaquam
2864 1673 2934 1727 ad
2960 1672 3211 1726 habitum
3235 1664 3573 1739 pervenerint,
3594 1662 3662 1715 vix

449 1785 598 1838 enim
625 1781 870 1836 actiones
897 1780 1188 1841 duntaxat,
1230 1790 1420 1828 verum
1467 1772 1636 1826 etiam
1672 1769 2040 1840 cogitationes
2055 1787 2108 1848 Β
2132 1767 2360 1821 omnino
2381 1765 2651 1820 dimoveri
2686 1763 2921 1835 possint,
2958 1761 3091 1832 quid
3121 1757 3300 1814 afferri
3341 1759 3527 1827 potest,
3555 1751 3662 1822 quin

448 1878 654 1927 nostrae
666 1870 814 1941 apud
825 1869 1004 1923 Deum
1025 1867 1083 1919 in
1096 1867 1390 1919 numerato
1402 1867 1552 1927 sunt,
1587 1875 1932 1928 coronasque
1948 1861 2047 1912 aut

450 1960 720 2032 supplicia
741 1957 904 2012 nobis
924 1954 1238 2009 conciliant.
1259 1950 1546 2021 Siquidem
1569 1947 1853 2003 Christum
1877 1946 2045 2000 simul

451 2066 577 2104 cum
604 2048 771 2102 Patre
799 2063 864 2100 ac
884 2044 1097 2116 Spiritu
1118 2045 1310 2096 sancto
1331 2041 1388 2094 in
1419 2037 1573 2110 puris
1602 2035 1862 2091 cordibus
1889 2033 2046 2088 habi-

451 2143 573 2192 tare
615 2140 966 2208 perspectum
1007 2131 1302 2186 habemus.
1359 2131 1438 2183 Ac
1477 2143 1702 2182 rursum
1746 2125 1885 2180 illud
1934 2139 2047 2178 non

451 2227 795 2298 ignoramus,
814 2223 962 2295 quod
983 2217 1456 2292 quemadmodum
1477 2216 1662 2271 fumus
1683 2231 1836 2286 apes,
1851 2213 2048 2268 eodem

454 2314 620 2368 modo
641 2329 822 2385 pravae
866 2310 1235 2381 cogitationes
1263 2305 1435 2362 divini
1466 2305 1708 2377 Spiritus
1737 2302 1984 2376 gratiam
2016 2317 2050 2356 a

453 2402 612 2458 nobis
641 2402 980 2474 propellunt.
1519 2405 1521 2408 ‘

525 2487 901 2552 Quamobrem
923 2499 1145 2539 summo
1165 2483 1351 2538 studio
1365 2482 1424 2536 in
1443 2481 1547 2535 hoc
1565 2479 1794 2542 enitere,
1819 2482 1884 2532 ut
1898 2474 2051 2530 omni

456 2578 655 2632 vitiosa
677 2574 1013 2646 cogitatione
1042 2589 1106 2626 ex
1133 2572 1324 2626 animo
1351 2577 1447 2625 tuo
1469 2569 1741 2624 exstincta
1771 2571 1828 2620 et
1845 2565 2050 2631 deleta,

457 2665 700 2737 optimas
714 2679 964 2736 quasque
977 2660 1342 2731 cogitationes
1362 2659 1420 2712 in
1431 2675 1496 2712 ea
1513 2653 2055 2724 inseras,templum-

459 2771 566 2826 que
596 2752 840 2824 Spiritus
877 2750 1055 2806 sancti
1083 2749 1326 2820 teipsum
1373 2747 1602 2801 efﬁcias.
1636 2743 1925 2816 Siquidem
1954 2758 2054 2812 per

462 2842 830 2914 cogitationes
851 2841 922 2895 ad
953 2839 1200 2896 actiones
1220 2838 1370 2908 ipsas
1390 2836 1672 2897 venimus;
1697 2839 1865 2904 atque
1887 2846 2053 2885 omne

463 2949 602 3004 opus
631 2948 664 2986 a
685 2929 1023 3002 cogitatione
1043 2927 1330 2997 animique
1343 2924 1651 2996 agitatione
1668 2920 2050 2994 progrediens,

465 3037 698 3094 parvum
711 3019 893 3091 primo
910 3017 1135 3072 initium
1147 3014 1438 3086 arripit,ac
1459 3012 1661 3068 deinde
1678 3010 1862 3065 tacitis
1878 3009 2058 3063 incre-

2127 1857 2322 1919 virtus,
2343 1873 2465 1926 quae
2486 1861 2544 1908 et
2562 1850 3070 1908 naturaliternobis
3089 1866 3123 1904 a
3142 1861 3354 1903 summo
3374 1845 3462 1898 illo
3474 1843 3663 1912 parente

2129 1951 2186 2000 et
2203 1945 2462 1999 effectore
2499 1943 2669 1998 insita
2700 1947 2802 2007 est,
2835 1941 3126 2012 ipsiusque
3164 1952 3265 2008 ope
3294 1940 3349 1989 et
3388 1932 3666 2002 adjumento

2128 2034 2349 2098 nititur,
2382 2033 2430 2088 si
2459 2031 2619 2087 nobis
2648 2030 2906 2086 nonnihil
2927 2025 3312 2083 laborantibus
3337 2039 3432 2094 per
3454 2018 3664 2074 habitum

2128 2124 2187 2178 in
2235 2123 2426 2178 anima
2471 2121 2687 2176 radices
2735 2119 2930 2192 egerit,
2978 2118 3157 2173 multo
3209 2109 3388 2169 minus
3426 2104 3667 2164 immutari

2131 2229 2203 2284 qu
2211 2217 2303 2267 eat
2318 2212 2342 2265 Τ

2203 2303 2333 2357 CAP.
2356 2300 2715 2356 XX.—Unde
2731 2299 2902 2353 etiam
2923 2296 3062 2351 mihi
3089 2294 3314 2366 quidam
3335 2291 3497 2362 ipsius
3521 2287 3668 2342 cultor

2135 2406 2256 2444 rem
2285 2387 2605 2460 hujusmodi
2629 2385 2912 2442 narravit:
2939 2383 3102 2449 Cum,
3125 2380 3323 2452 inquit,
3338 2374 3671 2432 ﬁrmissimum

2136 2479 2333 2533 divinae
2352 2475 2841 2548 contemplationis
2859 2472 3116 2528 habitum
3139 2470 3276 2525 mihi
3295 2477 3668 2537 comparassem,

2136 2567 2421 2640 ipsiusque
2443 2566 2806 2620 meditatione
2829 2565 3017 2619 anima
3038 2578 3166 2617 mea
3186 2560 3355 2614 tincta
3370 2560 3519 2619 esset,
3540 2552 3675 2620 hujus

2134 2657 2216 2712 rei
2272 2657 2580 2729 periculum
2625 2655 2926 2727 aliquando
2968 2653 3151 2707 facere
3195 2648 3432 2720 cupiens,
3470 2647 3676 2697 mentem

2136 2762 2320 2801 meam
2341 2747 2421 2800 ita
2441 2745 2708 2810 continui,
2731 2750 2797 2799 ut
2811 2759 2932 2798 eam
2957 2758 3059 2814 pro
3083 2757 3184 2796 suo
3204 2753 3354 2793 more
3377 2727 3676 2789 meditationi

2137 2852 2256 2890 sese
2272 2836 2361 2906 adj
2370 2851 2579 2907 ungere
2597 2835 2828 2888 minime
2840 2834 3105 2887 sinerem.
3125 2828 3281 2894 Quod
3295 2824 3502 2897 quidem
3517 2820 3566 2874 id
3578 2832 3676 2872 eam

2138 2941 2384 2996 peraegre
2415 2941 2478 2978 ac
2505 2924 2840 2996 permoleste
2867 2922 3013 2976 ferre
3031 2917 3297 2979 intellexi,
3323 2921 3481 2985 atque
3503 2909 3563 2964 ad
3579 2921 3679 2961 eam

2139 3015 2411 3069 effrenata
2438 3013 2680 3085 quadam
2709 3011 3018 3084 cupiditate
3033 3021 3356 3081 properare,
3389 3018 3481 3057 nec
3499 2998 3681 3053 adeon-

465 3090 670 3166 inentis
689 3090 1012 3180 augescens,
1045 3106 1244 3176 ingens
1270 3103 1339 3158 ad
1364 3109 1676 3158 extremum
1695 3099 1954 3156 efﬁcitur.
1971 3097 2055 3153 0b
2077 3107 2121 3168 ο
2138 3103 2372 3158 trariam
2401 3104 2575 3158 uuam
2598 3101 2994 3173 cogitationem
3006 3099 3124 3153 uno
3140 3096 3304 3152 modo
3321 3090 3513 3148 inﬂecti
3531 3099 3678 3159 posse.

466 3216 703 3271 eamque
723 3213 969 3261 causam,
999 3195 1155 3250 nullo
1190 3193 1356 3248 modo
1385 3191 1663 3264 .permitte
1691 3195 1756 3244 ut
1801 3187 2055 3259 improba

466 3287 810 3345 consuetudo
831 3285 934 3341 tibi
957 3284 1278 3340 dominetur
1301 3302 1312 3349 ;
1333 3298 1525 3336 verum
1547 3281 1723 3335 donec
1742 3294 1936 3334 recens
1951 3282 2052 3341 est,

465 3394 696 3450 parvam
716 3375 963 3431 radicem
985 3391 1016 3429 e
1035 3378 1259 3446 pectore
1278 3377 1377 3426 tuo
1399 3370 1610 3426 evelle?
1629 3385 1699 3424 ne
1710 3367 1920 3438 alioqui
1933 3382 2060 3421 cum

468 3465 778 3540 pullularit,
809 3481 874 3519 ac
899 3463 1115 3519 radices
1145 3477 1277 3517 suas
1301 3461 1412 3515 alte
1440 3457 1703 3525 inﬁxerit,
1731 3465 1920 3528 postea
1947 3470 2060 3509 non

466 3555 576 3611 nisi
596 3556 762 3625 longo
787 3559 1059 3624 tempore,
1079 3568 1144 3606 ac
1178 3566 1382 3622 magno
1401 3565 1528 3603 cum
1545 3547 1737 3602 labore
1766 3543 2062 3615 exstirpari

467 3645 664 3718 possit.
701 3643 785 3698 0b
809 3643 865 3697 id
901 3643 1052 3697 enim
1082 3642 1299 3711 majora
1318 3643 1545 3711 peccata
1584 3636 1832 3710 quotidie
1861 3635 1932 3689 ad
1961 3649 2062 3689 nos

470 3733 685 3788 aditum
714 3730 941 3794 habent,
973 3736 1143 3801 atque
1171 3729 1230 3783 in
1260 3729 1478 3783 animas
1506 3732 1728 3782 nostras
1757 3723 2062 3796 imperium

471 3821 745 3883 obtinent,
771 3819 1036 3890 quoniam
1055 3819 1126 3872 iis
1146 3835 1268 3889 quae
1288 3817 1506 3871 minora
1526 3831 1646 3871 esse
1667 3819 1854 3881 πως
1875 3812 2064 3866 viden-

469 3915 582 3976 tur,
610 3909 716 3962 hoc
745 3912 832 3962 est
849 3905 1116 3978 improbis
1140 3904 1590 3976 cogitationibus,
1617 3901 1928 3958 inhonestis
1952 3917 2064 3956 ser-

471 3996 748 4062 monibus,
773 3995 1047 4066 malisque
1077 3993 1366 4065 colloquiis
1394 3999 1768 4048 consentanea
1794 3989 2064 4046 correctio

471 4085 703 4140 minime
725 4073 1139 4139 adhibetur.'Ut
1162 4083 1312 4138 enim
1339 4083 1397 4137 in
1427 4081 1752 4154 corporibus
1785 4079 1880 4152 qui
1895 4094 2067 4151 parva

471 4174 704 4229 vulnera
717 4173 1009 4245 negligunt
1026 4172 1240 4228 saniem
1260 4173 1592 4244 plerumque
1608 4187 1672 4225 ac
1691 4175 1929 4224 mortem
1958 4167 2064 4222 sibi

472 4263 609 4335 ipsis
637 4268 948 4328 accersunt,
965 4262 1033 4317 ad
1057 4263 1318 4318 eumdem
1348 4262 1579 4316 modum
1601 4258 1846 4314 etiamin
1861 4256 2063 4312 animis

472 4351 577 4406 hoc
604 4367 710 4407 usu
741 4351 910 4416 venit,
941 4356 1005 4405 ut
1035 4351 1130 4421 qui
1159 4350 1395 4404 minima
1417 4349 1553 4404 vitia
1570 4364 1636 4403 ac
1659 4351 1887 4420 peccata
1904 4344 2066 4400 nihili

2138 3195 2212 3247 At
2239 3209 2366 3247 cum
2413 3192 2659 3247 habenas
2689 3190 2796 3262 ipsi
2836 3189 3092 3243 nonnihil
3121 3184 3504 3259 permisissem,
3525 3174 3680 3232 statim

2140 3282 2211 3336 ad
2231 3281 2481 3336 studium
2498 3297 2662 3336 suum
2678 3285 2735 3334 et
2754 3295 2980 3352 operam
3001 3276 3295 3332 celerrimo
3326 3285 3481 3326 cursu
3505 3262 3681 3320 fereba-

2143 3377 2238 3426 tur
2257 3393 2271 3432 ς
2287 3369 2651 3442 exstabatque
2680 3370 2738 3424 id
2758 3368 2908 3441 quod
2927 3368 3008 3422 ait
3029 3366 3338 3437 Propheta:
3368 3354 3686 3442 ρυθωεάιιξο·

2145 3459 2278 3514 dum
2299 3439 2580 3514 desiderat
2595 3439 2792 3514 cervus
2819 3457 2889 3511 ad
2905 3457 3087 3511 fontes
3102 3466 3395 3526 aquarum,
3410 3453 3485 3502 ita
3505 3439 3686 3498 deside-

2145 3553 2236 3603 rat
2262 3537 2455 3603 anima
2485 3550 2610 3603 mea
2637 3547 2709 3602 ad
2727 3556 2805 3613 te,
2853 3547 3021 3601 Deus.
3058 3543 3250 3600 Sitivit
3289 3539 3468 3596 anima
3492 3547 3601 3588 mea
3630 3527 3686 3581 ad

2145 3636 2324 3692 Deum
2335 3637 2548 3692 fontem
2571 3653 2750 3692 Vivum
2776 3635 2942 3705 (Psal.
2959 3634 3176 3703 xu).Ex
3186 3629 3452 3700 hisigitur
3471 3617 3686 3678 omnibus

2144 3725 2591 3782 demonstratum
2616 3731 2702 3780 est
2729 3726 2787 3780 in
2815 3723 2975 3780 nobis
3005 3723 3115 3778 hoc
3132 3723 3304 3777 situm
3326 3733 3457 3781 esse,
3478 3718 3538 3767 ut
3551 3709 3689 3762 virtu-

2143 3819 2259 3869 tem
2281 3814 2696 3887 adipis'camur;
2728 3813 2896 3885 idque
2923 3811 3102 3867 nostri
3130 3808 3348 3865 arbitrii
3362 3821 3423 3859 ac
3439 3793 3688 3874 potestatis

2147 3920 2287 3970 esse,
2312 3919 2511 3958 eamne
2531 3902 2810 3974 amplecti,
2825 3918 2897 3957 an
2925 3906 3125 3956 contra
3143 3915 3304 3972 peeea
3313 3902 3428 3951 tum
3447 3888 3544 3962 ipsi
3560 3890 3688 3940 ante-

2145 3991 2291 4048 ferre
2310 3993 2568 4050 velimus.
2609 3993 2677 4047 Et
2699 3991 2924 4063 quidem
2952 3989 2992 4044 ii
3022 3989 3121 4061 qui
3159 3988 3292 4042 vitio
3321 3985 3380 4040 in
3410 3977 3688 4036 servitutem

2147 4098 2206 4137 se
2236 4082 2588 4149 addixerunt,
2619 4097 2768 4152 aegre
2796 4079 2866 4135 ab
2895 4096 2960 4135 eo
2990 4077 3246 4134 abstrahi
3270 4075 3510 4149 possunt,
3534 4077 3689 4138 quem-

2146 4171 2449 4227 admodum
2480 4187 2515 4226 a
2541 4188 2634 4227 me
2653 4169 2911 4243 superius
2935 4168 3151 4223 dictum
3182 4171 3285 4222 est.

2216 4261 2299 4316 Tu
2327 4277 2478 4328 vero,
2511 4261 2606 4333 qui
2630 4277 2732 4332 per
2758 4259 2970 4314 viscera
3002 4253 3398 4313 misericordiae
3427 4248 3520 4306 Dei
3546 4237 3689 4333 nostri

2148 4363 2214 4402 eo
2242 4324 2509 4402 liberatus
2526 4324 2617 4407 es.
2631 4324 2710 4401 .ac
2729 4361 2829 4418 per
2849 4344 3091 4418 Spiritus
3111 4341 3285 4398 divini
3309 4337 3537 4411 gratiam
3563 4324 3690 4383 Chri-

473 4439 1010 4512 pendunt,graviora
1019 4419 1125 4493 sibi
1138 4439 1423 4493 invehant.
1439 4419 1730 4504 Quatenus
1741 4443 1930 4493 autem
1942 4453 2068 4508 gra-
2083 4467 2131 4526 Β
2149 4441 2298 4490 stum
2325 4435 2578 4502 induisti,
2597 4435 2684 4490 fac
2699 4441 2757 4490 te
2783 4439 2967 4489 totum
2985 4432 3054 4486 ad
3079 4431 3383 4487 Dominum
3411 4419 3688 4481 transferas,

472 4529 630 4584 viora
659 4535 888 4602 peccata
929 4527 1069 4599 ipsis
1112 4527 1462 4596 oboriuntur,
1507 4533 1792 4583 contracto
1835 4525 2067 4581 tandem
2086 4506 2130 4526 υ
2149 4539 2253 4580 nec
2280 4525 2494 4580 vitiosis
2513 4523 2896 4579 aﬁ‘ectionibus
2914 4524 3152 4594 januam
3172 4521 3289 4576 ullo
3315 4515 3473 4572 modo
3493 4506 3688 4582 aperias,

473 4618 672 4674 habitu
689 4619 881 4673 anima
900 4617 959 4672 in
980 4621 1364 4688 contemptum
1375 4616 1542 4671 cadit.
1563 4617 1776 4688 Impius
1797 4616 1965 4681 enim,
1991 4614 2072 4670 in-

477 4707 599 4779 quit
626 4707 736 4775 ille,
761 4723 888 4763 cum
906 4706 964 4761 in
978 4704 1319 4778 profundum
1340 4704 1574 4772 venerit,
1597 4704 2070 4772 contemnit(Pro-

475 4799 620 4851 verb.
654 4805 799 4866 vni).
841 4798 923 4851 Ac
961 4795 1242 4867 deinceps,
1287 4800 1352 4850 ut
1399 4811 1494 4850 sus
1530 4794 1590 4849 in
1632 4810 1788 4849 coeno
1833 4792 2072 4848 volutari

474 4883 683 4955 gaudet
703 4887 785 4954 (II
804 4887 915 4942 Pet.
947 4885 1034 4958 II),
1071 4885 1149 4940 sic
1176 4884 1348 4939 etiam
1380 4883 1569 4939 anima
1599 4882 1696 4938 illa
1727 4899 1909 4956 pravae
1937 4897 2071 4936 con-

476 4972 761 5027 suetudini
789 4973 1053 5029 immersa
1060 4990 1164 5044 ,ne
1193 4979 1550 5045 peccatorum
1575 4971 1801 5044 quidem
1835 4971 2067 5026 fetorem

476 5060 665 5126 sentit,
697 5077 891 5116 verum
920 5062 1106 5134 potius
1134 5061 1310 5134 ipsius
1337 5061 1547 5134 gaudet
1574 5066 1631 5116 et
1651 5059 1981 5125 oblectatur,
1994 5059 2072 5112 vi-

475 5149 732 5220 tiumque
759 5149 938 5205 instar
965 5149 1097 5206 boni
1132 5151 1449 5224 cujuspiam
1487 5149 1799 5205 arctissime
1843 5148 2066 5204 retinet.

475 5241 660 5310 Atque
686 5244 752 5294 ut
780 5238 950 5293 etiam
991 5239 1311 5310 aliquando,
1348 5245 1572 5312 recepta
1606 5239 1824 5295 meliori
1859 5243 2068 5304 mente,

474 5327 748 5382 scelerum
780 5343 1012 5382 suorum
1039 5345 1209 5383 sensu
1240 5329 1540 5394 afﬁciatur,
1572 5346 1686 5384 non
1723 5334 1913 5383 tamen
1950 5327 2070 5382 sine

474 5433 680 5488 magno
709 5415 900 5471 labore
936 5432 1001 5471 ac
1031 5417 1236 5472 sudore
1261 5435 1295 5471 a
1323 5435 1496 5489 prava
1523 5418 1948 5484 consuetudine,
1979 5417 2069 5471 cui

474 5506 624 5564 ultro
654 5519 721 5564 ac
747 5511 946 5577 sponte
974 5521 1034 5561 se
1070 5505 1131 5560 in
1155 5505 1481 5562 servitutem
1510 5506 1741 5575 addixit,
1773 5505 2065 5562 liberatur.

540 5591 1084 5662 Quocircaomnibus
1094 5592 1303 5650 viribu
1318 5594 1388 5650 ab
1399 5593 1552 5652 omni
1563 5593 1713 5653 mala
1724 5593 2064 5667 cogitatione

2151 4631 2344 4669 verum
2371 4614 2620 4669 animam
2640 4619 2800 4669 tuam
2820 4611 2976 4667 suavi
2997 4611 3274 4665 virtutum
3295 4606 3458 4662 odore
3479 4617 3536 4657 ac
3551 4596 3698 4670 splen-

2153 4703 2287 4759 dore
2318 4708 2661 4772 coornatam,
2686 4707 2892 4758 sanctae
2913 4698 3209 4756 Trinitatis
3223 4695 3490 4768 templum
3513 4685 3693 4744 reddas,

2156 4799 2324 4866 atque
2352 4793 2412 4848 in
2439 4792 2615 4864 ipsius
2661 4789 3131 4863 contemplatione
3169 4801 3364 4843 omnes
3405 4777 3590 4837 mentis
3609 4778 3700 4826 tua:

2152 4883 2445 4937 facultates
2457 4884 2709 4953 occupes.
2734 4881 2880 4935 Nam
2890 4895 3017 4934 cum
3040 4877 3086 4932 is
3112 4876 3211 4948 qui
3231 4891 3358 4930 cum
3373 4878 3578 4927 terreno
3596 4875 3700 4930 reg?

2152 4971 2306 5043 degit
2333 4976 2502 5043 atque
2522 4951 2861 5041 colloquitur
2878 4968 3077 5023 beatus
3106 4965 3178 5020 ab
3205 4962 3460 5019 omnibus
3484 4951 3703 5031 praedice-

2152 5065 2248 5116 tur
2272 5077 2383 5116 non
2406 5064 2492 5115 est
2510 5057 2742 5114 dubium
2766 5057 2901 5129 quin
2924 5057 2971 5112 is
2997 5055 3087 5111 cui
3107 5053 3298 5109 divino
3327 5047 3578 5106 beneﬁcio
3602 5055 3704 5094 con-

2151 5148 2282 5220 tigit
2299 5153 2364 5204 ut
2377 5153 2565 5204 mente
2584 5163 2710 5202 cum
2730 5147 2846 5201 Deo
2868 5145 3240 5215 colloquatur,
3265 5131 3704 5220 consuetudinem-

2154 5215 2262 5310 que
2283 5254 2412 5293 cum
2428 5253 2492 5292 eo
2514 5234 2896 5302 habeat,omni
2911 5229 3260 5288 beatitudine
3275 5215 3706 5282 cumuletunQua?

2152 5344 2280 5382 cum
2310 5327 2389 5381 ita
2420 5326 2550 5392 sint,
2585 5341 2712 5380 eum
2753 5341 2975 5395 semper
3003 5321 3072 5377 ob
3117 5318 3310 5375 oculos
3349 5315 3448 5370 tibi
3474 5317 3702 5383 propone,

2152 5423 2321 5488 atque
2351 5432 2476 5470 cum
2507 5415 2627 5487 ipso
2649 5415 2986 5485 colloquere.
3027 5412 3285 5477 Quanam
3315 5411 3496 5462 autem
3524 5395 3706 5488 ratione

2151 5477 2278 5562 cum
2310 5505 2426 5561 Deo
2442 5477 2776 5577 colloqueris
2789 5477 3116 5557 {Nimirum
3137 5516 3242 5572 per
3256 5495 3555 5577 orationem
3574 5477 3711 5577 etob‘

2149 5593 2520 5649 secrationam
2534 5567 2732 5649 ad-Deu
2742 5608 2796 5646 in
2809 5567 3268 5664 appropinquans
3277 5584 3436 5642 .Nam
3449 5575 3537 5652 qui
3549 5567 3713 5630 arden-
