3954 6190
258 273 351 330 521

658 271 832 328 VITA
867 267 1310 326 SANCTORUM
1344 267 1686 326 BARLAAM
1727 269 2064 328 EREMITAE
2099 273 2190 328 ET
2227 273 2594 330 JOSAPHAT
2633 273 2865 330 INDIIE
2905 275 3138 332 REGIS.

3429 281 3543 348 522

264 400 482 454 tissimo
521 397 802 454 desiderio
830 414 897 452 ac
923 401 1164 470 purgato
1178 402 1402 469 pectore
1426 402 1569 464 orat,
1594 400 1764 469 anne
1791 396 1928 458 abA
1945 397 2134 468 sicque
2157 399 2460 454 Dominum
2487 416 2650 454 suum
2680 400 2918 467 invocat,
2964 402 3286 475 sceleraque
3331 421 3433 461 sua
3477 409 3540 462 in

259 489 523 544 omnibus
552 488 719 544 rebus
747 505 817 543 ex
848 487 1090 542 materia
1116 487 1389 541 concretis
1423 493 1478 542 et
1504 487 1746 542 terrenis
1761 487 1862 541 ab-

261 579 432 634 ducta
452 583 659 646 mente,
679 583 952 649 tanquam
971 592 1160 632 coram
1170 577 1286 630 Deo
1299 581 1465 642 astat,
1485 593 1549 630 ac
1568 593 1696 630 cum
1709 582 1862 631 metu

261 673 318 723 et
344 673 598 723 tremore
621 685 812 740 preces
841 667 913 721 ad
929 683 1057 721 eum
1073 665 1320 730 adhibet,
1346 665 1436 720 hic
1455 665 1720 719 nimirum
1735 683 1863 720 cum

260 774 328 812 eo
355 757 826 812 consuetudinem
847 755 1040 822 habet,
1069 755 1320 826 facieque
1341 754 1411 808 ad
1433 754 1630 808 faciem
1650 772 1775 810 cum
1799 771 1864 810 eo

259 846 620 917 colloquitur.

333 935 627 1006 Siquidem
653 933 834 988 bonus
855 939 1046 988 noster
1075 934 1226 988 Deus
1254 949 1319 987 ac
1357 931 1630 987 Dominus
1655 933 1865 1003 ubique

258 1023 444 1089 adest,
462 1040 558 1078 eos
578 1022 674 1094 qui
693 1022 910 1077 sincero
932 1039 996 1076 ac
1011 1039 1152 1093 puro
1162 1021 1352 1076 animo
1367 1021 1552 1092 ipsum
1565 1027 1866 1092 precantur

259 1112 589 1178 exaudiens,
615 1111 1093 1183 quemadmodum
1109 1111 1190 1165 ait
1217 1109 1534 1180 Propheta:
1569 1111 1729 1164 Oculi
1760 1111 1866 1163 Do-

259 1201 408 1256 mini
435 1217 608 1272 super
624 1202 829 1272 justos,
865 1205 921 1255 et
957 1217 1123 1255 aures
1160 1201 1282 1270 ejus
1327 1199 1387 1253 in
1435 1215 1628 1270 preces
1670 1215 1866 1253 eorum

259 1293 433 1354 (Psal.
464 1292 678 1356 xxxm).
713 1290 833 1354 Quo
861 1291 926 1343 ﬁt
949 1295 1013 1344 ut
1041 1290 1236 1343 Patres
1282 1287 1527 1342 hominis
1575 1304 1702 1342 cum
1748 1288 1864 1342 Deo

257 1380 387 1450 conj
396 1379 725 1434 unctionem
737 1378 1047 1432 orationem
1065 1395 1187 1432 esse
1205 1377 1497 1441 deﬁniant,
1517 1393 1754 1447 eamque
1769 1393 1866 1431 an-

254 1468 522 1540 gelorum
534 1485 675 1540 opus
697 1485 762 1522 ac
779 1467 982 1523 futurae
999 1466 1203 1521 laetitiae
1216 1465 1547 1538 praeludium
1559 1467 1860 1536 appellent.

260 1557 560 1629 Siquidem
575 1557 634 1612 in
645 1557 750 1612 hoc
766 1556 954 1628 potius
964 1573 1134 1628 quam
1155 1556 1213 1610 in
1226 1553 1354 1610 ullis
1375 1555 1500 1629 aliis
1511 1555 1678 1609 rebus
1693 1555 1865 1610 situm

257 1664 386 1701 esse
415 1647 688 1702 ccelorum
718 1662 956 1716 regnum
976 1650 1224 1710 censent,
1257 1649 1322 1698 ut
1347 1644 1471 1715 quis
1514 1644 1586 1697 ad
1615 1649 1866 1698 sanctam

1945 488 2274 542 memoriam
2300 499 2540 554 revocat,
2573 505 2638 542 ac
2683 491 2751 544 de
2797 496 2993 544 eorum
3037 491 3364 548 remissione
3413 513 3541 551 cum

1944 575 2058 629 Deo
2087 577 2442 648 colloquitur,
2469 579 2969 650 calentissimisque
2999 581 3258 654 lacrymis
3289 601 3418 639 eum
3449 585 3545 640 ob-

1945 670 2145 731 secrat,
2180 671 2244 719 ut
2264 683 2364 738 pro
2395 683 2498 720 sua
2516 666 2864 738 benignitate
2896 671 3203 741 propitium
3233 689 3297 728 ac
3321 675 3544 730 facilem

1947 770 2006 808 se
2035 754 2142 826 ipsi
2166 755 2434 826 praebeat,
2461 773 2526 808 ex
2550 756 2872 826 hujusmodi
2892 775 3215 815 sermonum
3246 767 3304 816 et
3337 764 3544 835 cogita-

1943 842 2161 897 tionum
2184 861 2291 898 usu
2308 850 2364 898 et
2388 846 2790 899 consuetudine
2811 847 2915 900 hoc
2935 851 3314 922 consequitur,
3341 859 3406 906 ut
3421 869 3544 908 om-

1948 948 2079 986 nem
2109 933 2343 1003 hujusce
2362 934 2487 988 vitaz
2499 951 2689 988 curam
2711 935 2972 1006 deponat,
2993 944 3160 1009 atque
3183 941 3446 996 humanis
3467 941 3546 996 af-

1947 1019 2278 1076 fectionibus
2303 1023 2559 1092 superior
2581 1023 2801 1085 existat,
2825 1024 3140 1098 dignusque
3154 1029 3428 1084 habeatur
3447 1031 3544 1102 qui

1946 1113 2048 1168 Dei
2077 1132 2348 1184 congerro
2371 1117 2702 1187 appelletur.
2731 1117 2851 1180 Quo
2869 1118 3002 1188 quid
3020 1119 3239 1175 beatius
3252 1128 3351 1176 aut
3367 1124 3542 1178 subli-

1947 1203 2094 1256 mius
2118 1205 2442 1274 contingere
2463 1205 2674 1275 possit?
2693 1205 2922 1260 Utinam
2943 1207 3133 1278 itaque
3154 1210 3254 1263 Dei
3274 1210 3542 1266 beneﬁcio

1945 1289 2308 1346 beatitudinis
2334 1293 2568 1363 hujusce
2587 1311 2813 1366 compos
2842 1297 2945 1350 ﬁas
2969 1296 2981 1348 ι

2017 1380 2157 1435 Ecce
2187 1382 2338 1435 enim
2359 1382 2755 1436 mandatorum
2766 1383 2989 1437 Domini
3012 1385 3158 1438 viam
3177 1384 3281 1439 tibi
3311 1386 3544 1442 demon-

1947 1469 2134 1536 stravi,
2174 1487 2280 1525 nec
2306 1471 2612 1542 quidquam
2629 1471 2894 1538 subtraxi,
2931 1474 3232 1544 quominus
3261 1492 3426 1530 omne
3439 1477 3543 1532 Dei

1947 1559 2240 1613 consilium
2263 1560 2362 1613 tibi
2391 1561 2808 1614 annuntiarcm.
2837 1563 2916 1615 Ac
2929 1563 3050 1632 jam
3073 1563 3296 1632 quidem
3319 1581 3422 1635 ego
3443 1565 3547 1619 mi—

1947 1647 2240 1702 nisterium
2264 1666 2454 1702 meum
2477 1649 2685 1703 absolvi
2711 1653 2845 1717 (Act.
2875 1652 2986 1718 xx).
3015 1652 3298 1722 Superest,
3332 1659 3396 1708 ut
3415 1671 3542 1708 suc-

256 1736 603 1792 Trinitatem
649 1734 1079 1806 appropinquet,
1129 1735 1364 1804 eamque
1411 1734 1859 1804 comtempletur.
1889 1731 2144 1790 Bcinctis
2164 1737 2371 1791 lumbis
2400 1738 2604 1792 mentis
2633 1745 2762 1802 tuae,
2782 1739 2960 1792 instar
2980 1741 3158 1794 sancti
3188 1741 3338 1796 illius
3368 1743 3465 1813 qui
3485 1747 3543 1797 te

255 1825 449 1890 Quam
466 1824 696 1896 quidem
715 1823 786 1878 ad
816 1840 936 1877 rem
951 1839 1076 1877 cum
1093 1822 1357 1894 precandi
1382 1821 1684 1876 assiduitas
1705 1838 1864 1876 men-
1946 1825 2180 1892 vocavit,
2201 1826 2319 1897 ipse
2347 1844 2568 1897 quoque
2587 1827 2646 1882 in
2668 1829 2820 1882 omni
2852 1829 2975 1883 vitae
2992 1833 3102 1883 tua:
3143 1831 3362 1885 ratione
3409 1847 3540 1885 san-

255 1919 376 1968 tem
411 1914 568 1968 velut
586 1929 756 1967 manu
773 1913 960 1974 ducat,
990 1929 1102 1966 non
1133 1910 1233 1965 abs
1251 1929 1313 1966 re
1328 1911 1694 1966 beatitudinis
1715 1911 1865 1966 illius
1947 1919 2100 1968 ctum
2129 1919 2184 1968 te
2205 1915 2472 1986 praebeas.
2507 1917 2694 1970 Sancti
2726 1917 2873 1971 enim
2899 1922 3096 1981 estote,
3141 1919 3408 1989 quoniam
3438 1937 3540 1990 ego

253 2003 600 2076 praeludium
631 2019 696 2056 ac
727 2001 877 2056 velut
905 2001 1117 2072 efﬁgies
1147 2002 1402 2072 quaedam
1433 2001 1713 2072 appellata
1739 2006 1852 2058 est.

255 2096 448 2158 εδει
466 2093 680 2146 Verum
701 2107 815 2146 non
835 2091 1018 2144 omnis
1037 2091 1218 2144 oratio
1238 2090 1515 2160 ejusmodi
1543 2094 1630 2143 est
1651 2108 1662 2156 ;
1687 2089 1784 2143 sed
1797 2106 1863 2143 ea

254 2181 493 2235 demum
513 2181 620 2234 hoc
639 2179 866 2234 nomine
882 2179 1258 2251 nuncupanda
1283 2184 1386 2244 est,
1407 2195 1530 2249 quae
1551 2179 1748 2244 Deum,
1765 2177 1862 2249 qui

197 2291 207 2302 ο
255 2269 540 2324 orationis
569 2268 867 2322 materiam
912 2268 1250 2340 suppeditat,
1293 2267 1628 2338 magistrum
1671 2267 1860 2336 habet,

258 2375 507 2431 qumque
537 2375 710 2431 supra
736 2363 964 2412 terrena
989 2357 1179 2411 omnia
1206 2357 1470 2427 assurgit,
1521 2363 1691 2426 atque
1735 2373 1866 2410 cum

257 2447 508 2502 Domino
537 2447 759 2502 Christo
783 2447 902 2501 sine
923 2447 1041 2500 ulla
1067 2445 1404 2500 intermedia
1431 2462 1492 2498 re
1519 2451 1792 2499 versatur.

331 2538 503 2591 Hanc
531 2537 698 2590 velim
718 2535 820 2590 tibi
839 2535 1115 2606 acquiras,
1149 2540 1318 2606 atque
1336 2535 1394 2588 in
1416 2551 1483 2588 ea
1501 2534 1726 2606 provehi
1743 2551 1871 2588 con-

259 2627 490 2682 tendas.
515 2625 736 2680 Etenim
757 2623 878 2696 ipsa
895 2625 1040 2678 hanc
1058 2624 1170 2678 vim
1189 2623 1377 2688 habet,
1397 2627 1462 2678 ut
1481 2629 1536 2676 te
1567 2640 1601 2676 a
1630 2629 1784 2677 terra
1812 2623 1870 2676 in

261 2716 437 2770 caelos
466 2713 776 2768 subvehere
804 2713 996 2784 possit.
1043 2714 1321 2768 Caeterum
1371 2729 1483 2766 non
1521 2717 1755 2779 temere,
1807 2727 1872 2766 ac

262 2805 386 2857 sine
410 2802 533 2856 ulla
549 2802 957 2872 praeparatione
984 2801 1045 2856 in
1065 2801 1188 2872 ipsa
1206 2818 1534 2874 progressus
1565 2801 1752 2869 facies;
1777 2819 1870 2855 ve-

265 2909 398 2946 rum
421 2891 506 2944 ita
521 2890 744 2944 demum
755 2931 769 2956 ,
793 2890 840 2944 si
865 2891 1112 2944 animam
1127 2896 1284 2945 tuam
1299 2889 1368 2944 ab
1388 2889 1648 2944 omnibus
1661 2890 1872 2944 vitiosis

266 2978 665 3036 affectionibus
695 2979 854 3050 prius
883 2979 1223 3050 repurgaris,
1258 2996 1494 3050 eamque
1519 2979 1589 3032 ab
1604 2979 1756 3033 omni
1771 2979 1874 3033 im-

1943 2009 2168 2058 sanctus
2192 2021 2338 2070 sum,
2366 2003 2502 2058 dicit
2512 2005 2785 2060 Dominus
2810 2007 2990 2073 (Leuit.
3013 2007 3147 2077 χιχ).
3167 2009 3352 2078 Atque
3375 2007 3546 2062 etiam

1944 2093 2324 2164 apostolorum
2353 2093 2611 2163 princeps
2641 2093 2711 2146 ad
2736 2094 2882 2146 hunc
2910 2095 3141 2149 modum
3172 2096 3449 2167 loquitur:
3485 2097 3544 2152 Si

1943 2183 2169 2236 Patrem
2197 2181 2466 2235 invocatis
2497 2198 2625 2236 eum
2651 2181 2747 2252 qui
2788 2182 2910 2237 sine
2941 2201 3309 2254 personarum
3343 2201 3541 2256 accep-

1944 2269 2096 2324 tione
2107 2271 2415 2324 secundum
2437 2271 2708 2342 cujusque
2733 2287 2872 2342 Opus
2881 2273 3114 2340 judicat,
3143 2273 3203 2326 in
3228 2273 3431 2327 timore
3460 2274 3549 2328 in-

1948 2361 2160 2413 colatus
2191 2361 2358 2414 vestri
2386 2366 2638 2430 tempore
2667 2361 3090 2428 conversamini,
3135 2361 3373 2416 scientes
3404 2380 3544 2434 quo-

1949 2449 2102 2502 niam
2133 2465 2246 2502 non
2271 2448 2726 2520 corruptibilibus
2755 2466 2894 2502 auro
2943 2454 3000 2504 et
3043 2457 3276 2521 argento
3324 2451 3548 2506 liberati

1951 2537 2084 2591 estis
2098 2537 2167 2592 de
2188 2555 2329 2592 vana
2345 2544 2530 2591 vestra
2548 2538 2970 2592 conversatione
2991 2545 3355 2610 paternarum
3375 2540 3548 2595 tradi-

1950 2627 2190 2692 tionum,
2207 2627 2305 2680 sed
2323 2627 2566 2697 pretioso
2588 2627 2862 2696 sanguine
2884 2643 3043 2698 quasn
3064 2629 3196 2699 agni
3219 2629 3549 2683 incontami-

1951 2715 2072 2770 nati
2087 2720 2144 2769 et
2161 2715 2650 2770 immaculatiJesu
2677 2715 2884 2770 Christi
2919 2718 2964 2785 (Ι
2989 2719 3098 2771 Pet.
3133 2720 3188 2783 Ι).

2024 2793 2158 2858 Ηίθό
2183 2803 2358 2873 igitur
2379 2805 2570 2858 omnia
2585 2804 2642 2857 in
2663 2809 2850 2858 mente
2865 2805 3087 2859 condita
3105 2805 3228 2860 sine
3247 2807 3363 2860 ulla
3378 2806 3552 2861 inter-

1953 2892 2222 2947 missione
2245 2893 2556 2958 recordare,
2581 2893 2682 2946 Dei
2714 2900 2929 2947 metum
2950 2899 3007 2946 et
3021 2895 3363 2948 horrendum
3375 2895 3552 2966 ipsius

1953 2981 2222 3046 tribunal,
2254 2987 2310 3034 et
2355 2981 2710 3052 splendorem
2739 2999 2867 3036 eum
2901 3000 3068 3053 quem
3101 2983 3242 3053 justi
3272 2984 3330 3037 in
3361 2984 3551 3039 futuro

265 3069 450 3140 proba
467 3067 808 3138 cogitatione
830 3067 1133 3133 detersam,
1148 3068 1276 3138 puri
1291 3069 1583 3138 cujusdam
1599 3085 1662 3122 ac
1679 3085 1872 3122 recens
1888 3073 1930 3134 C
1952 3087 2066 3125 ωνο
2087 3072 2368 3141 accepturi
2396 3075 2546 3137 sunt,
2567 3088 2630 3124 ac
2651 3077 2846 3124 contra
2866 3077 3221 3142 peccatorum
3244 3071 3302 3125 in
3324 3073 3551 3126 teterri-

261 3157 514 3212 abstersi
542 3157 754 3228 speculi
782 3157 963 3211 instar
990 3157 1256 3225 effeceris,
1288 3157 1427 3211 etab
1456 3157 1608 3211 omni
1637 3157 1870 3227 injuria-
1951 3159 2059 3213 mis
2074 3158 2323 3212 tenebris
2345 3175 2674 3225 maerorem;
2701 3160 3064 3230 praesentium
3085 3160 3222 3213 item
3243 3161 3552 3215 rerumim—

261 3263 397 3302 rum
429 3245 820 3300 recordatione
848 3251 1018 3316 atque
1045 3247 1134 3300 ira
1155 3247 1297 3317 (quae
1326 3245 1527 3316 majori
1549 3263 1717 3316 quam
1746 3247 1872 3300 reli-
1951 3248 2310 3302 becillitatem
2329 3253 2386 3301 et
2405 3249 2729 3312 vanitatem,
2752 3265 2817 3301 ac
2836 3249 3152 3302 futurorum
3180 3249 3555 3304 aeternitatem

263 3354 382 3408 qua
413 3335 609 3390 omnia
634 3334 1041 3406 impedimento
1076 3340 1162 3389 est
1189 3352 1297 3406 quo
1319 3335 1507 3388 minus
1534 3351 1726 3406 preces
1766 3352 1869 3389 no-
1951 3353 2175 3408 semper
2204 3335 2273 3390 ob
2303 3337 2492 3390 oculos
2522 3336 2732 3390 habens
2758 3355 2768 3388 :
2798 3337 3049 3408 illudque
3068 3342 3358 3408 praeterea,
3402 3339 3552 3410 quod

239 3417 242 3424 ’
265 3433 402 3480 stra:
433 3425 510 3478 ad
529 3425 709 3480 Deum
723 3423 990 3498 sublimes
1007 3424 1283 3490 ferantur)
1307 3423 1548 3494 teipsum
1566 3425 1758 3494 procul
1789 3440 1873 3478 re-
1953 3426 2134 3482 omnis
2161 3442 2290 3479 caro
2319 3425 2432 3478 feni
2465 3426 2644 3479 instar
2673 3431 2776 3491 est,
2802 3431 2858 3479 et
2887 3426 3068 3479 omnis
3093 3427 3272 3496 gloria
3293 3428 3415 3497 ejus
3431 3432 3554 3482 tan-

267 3514 537 3580 moveris,
571 3513 896 3584 cunctisque
923 3513 1018 3584 qui
1045 3519 1102 3567 te
1121 3513 1386 3578 laeserint,
1413 3513 1776 3566 offensionem
1807 3529 1872 3566 ex
1955 3531 2122 3585 quam
2163 3515 2264 3567 llos
2287 3513 2417 3566 feni.
2443 3514 2791 3567 Exsiccatum
2823 3519 2908 3567 est
2936 3513 3147 3581 fenum,
3199 3520 3256 3568 et
3286 3515 3388 3569 ﬂos
3430 3515 3554 3584 ejus

267 3603 466 3658 animo
487 3601 790 3667 remiseris,
805 3607 972 3673 atque
985 3618 1086 3672 per
1104 3601 1487 3672 eleemosynas
1499 3605 1872 3672 etpauperum
1956 3603 2180 3656 decidit.
2211 3602 2454 3656 Verbum
2474 3608 2662 3656 autem
2695 3601 2917 3656 Domini
2951 3609 3142 3656 manet
3186 3603 3245 3656 in
3275 3590 3550 3658 zeternum

267 3691 689 3756 miserationes,
706 3690 944 3745 orationi
957 3690 1330 3760 velutpennas
1347 3690 1619 3760 quasdam
1632 3690 1872 3755 additas,
1959 3694 2082 3763 (Isa.
2119 3690 2228 3762 xc).
2261 3692 2392 3744 Hazc
2419 3709 2642 3762 semper
2668 3691 2942 3745 meditare
2967 3692 3012 3760 (Ι
3044 3694 3180 3745 Tim.
3215 3696 3289 3762 Iv)
3316 3711 3329 3760 ;
3361 3698 3418 3746 et
3445 3709 3552 3764 pax

269 3798 402 3836 eam
433 3781 553 3835 Deo
571 3797 700 3834 cum
720 3778 1032 3833 calentibus
1047 3778 1308 3850 lacrymis
1331 3777 1714 3832 obtuleris.Ad
1731 3779 1877 3832 hunc
1958 3781 2058 3836 Dei
2087 3787 2270 3834 tecum
2295 3781 2376 3834 sit
2408 3781 2632 3849 (Philip.
2659 3783 2758 3848 1v),
2787 3797 2909 3850 quae
2949 3785 3005 3834 te
3033 3781 3333 3847 illuminet,
3369 3787 3425 3836 et
3461 3798 3556 3835 sa-

271 3871 489 3942 quippe
513 3869 741 3923 modum
761 3885 948 3933 orans,
981 3867 1182 3921 iisdem
1201 3867 1382 3922 verbis
1402 3867 1485 3921 uti
1505 3867 1735 3938 poteris,
1759 3866 1879 3938 qui-
1960 3870 2173 3942 pientia
2191 3869 2450 3936 instruat,
2471 3875 2526 3923 et
2547 3869 2615 3922 ad
2636 3869 2833 3924 salutis
2851 3870 2996 3922 viam
3012 3870 3200 3935 ducat,
3217 3869 3555 3942 improbam-

271 3959 380 4014 bus
404 3959 606 4012 beatus
625 3957 720 4011 ille
749 3957 944 4022 David,
981 3956 1078 4028 qui
1108 3974 1204 4011 rex
1227 3962 1364 4022 erat,
1389 3973 1455 4010 ac
1485 3956 1762 4010 sexcentis
1787 3973 1879 4009 cu-
1959 3976 2066 4030 que
2095 3959 2437 4013 voluntatem
2466 3959 2658 4029 procul
2685 3975 2720 4012 a
2750 3963 2848 4012 tua
2873 3965 3060 4012 mente
3088 3959 3350 4030 depellat,
3385 3963 3556 4030 atque

273 4049 356 4104 ris
391 4047 830 4111 distrahebatur,
873 4046 1164 4118 nihiloque
1191 4046 1370 4100 secius
1405 4051 1598 4099 tamen
1629 4045 1878 4099 animam
1959 4048 2207 4101 animam
2235 4055 2391 4101 tuam
2413 4046 2592 4100 crucis
2615 4047 2773 4118 signo
2795 4047 3103 4118 imprimat,
3135 4065 3206 4102 ne
3234 4049 3410 4102 ullum
3423 4065 3556 4120 per-

271 4154 444 4194 suam
456 4135 715 4190 avitiosis
733 4135 1120 4190 affectionibus
1135 4138 1590 4206 perpurgaverat,
1610 4134 1680 4187 ad
1699 4133 1878 4188 Deum
1959 4137 2102 4190 versi
2131 4136 2365 4206 spiritus
2394 4137 2720 4190 scandalum
2746 4136 2814 4189 ad
2841 4141 2896 4189 te
2917 4136 3146 4206 propius
3185 4137 3431 4202 accedat,
3469 4155 3562 4191 ve-

272 4225 570 4290 ute'oatur,
593 4225 784 4278 dicens
809 4247 822 4279 :
853 4225 1216 4296 Iniquitatem
1231 4224 1358 4278 odio
1379 4223 1569 4289 habui,
1593 4229 1652 4278 et
1669 4222 1880 4277 abomi-
1957 4241 2084 4278 rum
2115 4224 2300 4278 divino
2331 4223 2598 4278 beneﬁcio
2628 4224 2686 4277 in
2718 4224 2870 4276 omni
2917 4223 3182 4277 virtutum
3219 4225 3558 4294 perfectione

273 4320 452 4370 natus
483 4331 628 4378 sum,
661 4314 843 4385 legem
873 4320 1063 4368 autem
1081 4320 1237 4368 tuam
1253 4313 1440 4368 dilexi.
1466 4313 1682 4384 Septies
1710 4312 1769 4366 in
1789 4313 1941 4405 dieD
1960 4313 2210 4366 futurum
2240 4312 2378 4366 illud
2409 4328 2473 4364 ac
2489 4311 2616 4364 ﬁnis
2638 4317 2695 4365 et
2715 4310 3078 4364 successionis
3093 4327 3288 4380 expers
3318 4328 3556 4380 regnum

271 4405 510 4460 laudem
529 4403 642 4457 dixi
655 4402 778 4469 tibi,
805 4420 976 4474 super
996 4403 1211 4474 judicia
1221 4403 1452 4473 justitiae
1473 4409 1602 4457 tuae.
1627 4401 1883 4456 Custodi-
1898 4397 1935 4405 ”
1962 4400 2310 4471 adipiscaris,
2341 4416 2408 4453 ac
2425 4399 2598 4452 beatae
2619 4405 2676 4452 et
2695 4399 2818 4452 vitae
2836 4397 3059 4452 initium
3082 4398 3560 4452 afferentisTrini-

271 4495 358 4548 vit
389 4493 720 4547 animamea
735 4492 1061 4546 testimonia
1076 4498 1195 4558 tua,
1221 4497 1277 4546 et
1298 4491 1572 4545 dilexitea
1589 4491 1882 4545 vehemen-
1963 4491 2114 4556 tatis,
2152 4507 2273 4560 quae
2301 4489 2358 4542 in
2377 4489 2542 4542 Patre
2569 4493 2626 4542 et
2649 4488 2788 4542 Filio
2815 4493 2871 4542 et
2898 4486 3111 4558 Spiritu
3131 4493 3324 4542 sancto
3350 4487 3559 4558 gloriﬁ-

273 4590 391 4638 ter.
425 4582 856 4654 Appropinquet
869 4581 1188 4652 deprecatio
1209 4598 1335 4634 mea
1353 4581 1411 4633 in
1431 4586 1730 4651 conspectu
1760 4585 1876 4646 tuo,

273 4671 562 4737 Domine;
588 4671 752 4740 juxta
777 4670 1066 4741 eloquium
1084 4675 1248 4724 tuum
1275 4669 1346 4723 da
1373 4669 1510 4722 mihi
1539 4669 1884 4723 intellectum

277 4763 451 4832 (Psal.
487 4763 703 4828 cxvm).

350 4849 450 4904 Sic
478 4847 739 4903 videlicet
766 4848 1044 4903 clamante
1074 4853 1148 4914 te,
1181 4848 1336 4902 Deus
1371 4847 1652 4914 exaudiet,
1688 4851 1746 4900 et
1789 4846 1878 4899 ad-

1964 4583 2140 4644 eatur,
2165 4578 2377 4631 lumine
2398 4577 2758 4631 collustrcris.

2041 4668 2176 4722 CAP.
2204 4667 2352 4721 XXI.
2373 4698 2437 4707 —
2462 4668 2604 4721 Cum
2620 4665 2939 4737 hujusmodi
2955 4666 3244 4733 doctrinis,
3265 4666 3336 4719 ad
3373 4682 3560 4720 mores

1963 4756 2352 4810 informandos
2406 4755 2869 4822 accommodatis,
2923 4755 3424 4826 praestantissimus
3479 4771 3565 4809 se-

1967 4862 2072 4899 nex
2103 4845 2250 4915 regis
2276 4845 2454 4899 ﬁlium
2486 4845 2859 4910 instruxisset,
2897 4844 2969 4897 ad
2989 4860 3152 4896 suum
3172 4843 3477 4914 hospitium
3503 4859 3563 4898 se

273 4937 394 4992 huc
413 4937 682 5007 loquente
697 4941 754 4990 te
781 4935 954 4990 dicet:
973 4936 1110 4990 Ecce
1123 4935 1322 4989 adsum
1340 4937 1464 5004 (lsa.
1487 4934 1702 5003 Lxxxv).
1727 4933 1880 4997 Quo-
1962 4933 2217 4988 contulit.
2245 4935 2319 4986 At
2339 4932 2704 4986 adolescentis
2725 4931 2967 4984 ministri
2997 4936 3054 4984 et
3074 4937 3439 5002 prmeeptores
3457 4931 3565 4986 fre-

272 5027 450 5090 circa,
482 5024 530 5079 si
542 5024 867 5094 hujusmodi
886 5024 1198 5078 orationem
1219 5023 1456 5094 adeptus
1476 5023 1668 5088 tueris,
1684 5022 1881 5076 beatus
1963 5029 2226 5094 quentem
2251 5022 2426 5094 ipsius
2445 5020 2780 5092 inpalatium
2804 5019 3116 5089 ingressum
3138 5020 3560 5091 perspicientes,

272 5116 414 5170 eris.
445 5115 644 5185 Neque
666 5113 816 5168 enim
835 5113 959 5167 ﬁeri
973 5117 1177 5184 potest,
1203 5111 1338 5183 quin
1358 5113 1404 5166 is
1424 5111 1519 5182 qui
1533 5129 1660 5166 cum
1682 5111 1880 5182 hujus-
1963 5111 2334 5165 admiratione
2359 5109 2928 5164 afﬁciebanturﬁnus
2943 5114 3131 5162 autem
3148 5109 3294 5163 exiis
3307 5109 3402 5180 qui
3413 5109 3563 5180 prio-

273 5204 437 5259 modi
451 5202 629 5257 animi
646 5203 936 5257 alacritate
950 5202 1132 5270 Deum
1145 5207 1270 5255 orat
1281 5207 1448 5272 atque
1463 5199 1734 5266 obsecrat,
1751 5217 1884 5272 quo-
1965 5218 2080 5254 rem
2099 5201 2244 5254 inter
2265 5217 2360 5254 eos
2381 5201 2563 5252 locum
2576 5197 2863 5252 obtinebat
2881 5202 2936 5251 et
2953 5215 3149 5268 quemr
3161 5215 3226 5251 ex
3246 5199 3397 5252 velut
3418 5199 3557 5253 ﬁde-

271 5293 420 5348 tidie
448 5291 696 5347 novosin
715 5291 918 5346 virtute
935 5307 1264 5364 progressus
1290 5290 1474 5356 faciat,
1497 5295 1666 5360 atque
1688 5306 1881 5344 omnes
1963 5290 2240 5344 lissimum
2261 5305 2325 5342 ac
2335 5289 2421 5342 sui
2435 5287 2907 5341 studiosissimum
2924 5287 3022 5340 ﬁlii
3041 5287 3129 5340 sui
3145 5287 3351 5358 palatio
3370 5287 3566 5359 praefe-

273 5381 465 5436 hostis
494 5380 728 5452 laqueos
755 5385 1000 5452 superet.
1040 5380 1186 5433 Nam
1216 5377 1310 5450 qui
1337 5383 1582 5432 mentem
1609 5394 1789 5446 suam,
1819 5382 1885 5432 ut
1965 5384 2136 5444 cerat,
2168 5378 2383 5432 Zardan
2412 5376 2658 5443 nomine,
2683 5375 2831 5446 regis
2850 5375 3026 5430 ﬁlium
3043 5376 3130 5430 his
3159 5376 3342 5431 verbis
3361 5377 3566 5430 allocu-

274 5469 584 5541 cujusdam
605 5469 711 5523 viri
739 5470 918 5524 sancti
944 5468 1130 5523 verbis
1176 5474 1323 5536 utar,
1373 5467 1708 5534 excalefecit,
1761 5467 1885 5521 ani-
1967 5473 2059 5522 tus
2073 5473 2184 5522 est:
2201 5468 2327 5522 Non
2342 5471 2399 5520 te
2412 5465 2574 5536 fugit,
2591 5465 2746 5533 here,
2763 5470 2972 5536 quanto
2987 5465 3165 5536 patris
3178 5466 3321 5520 tuim
3337 5470 3394 5520 et
3407 5464 3566 5519 uafﬁ-

275 5575 556 5630 tuamque
581 5575 744 5614 suam
763 5559 958 5627 erexit,
992 5565 1162 5630 atque
1179 5557 1239 5612 in
1267 5557 1466 5612 coelum
1495 5572 1556 5610 se
1575 5557 1883 5623 transtulit,
1969 5557 2104 5623 ciar,
2135 5572 2356 5627 quaque
2373 5572 2506 5626 erga
2519 5571 2647 5609 eum
2663 5554 2773 5608 ﬁde
2793 5554 2919 5624 sim,
2948 5571 3126 5626 eoque
3147 5555 3316 5608 etiam
3339 5551 3564 5607 nomine

666 5659 936 5722 Parnon.
965 5659 1237 5726 LXXIII.
3177 5655 3252 5718 17
