3876 6190
415 277 516 337 ω
928 303 936 308 ·
1421 272 1517 334 DE
1551 271 1742 334 VITIS
1779 271 2076 334 PATRU‘M
2111 265 2329 330 LIBm
2359 261 2654 326 PRIMUS.
3530 256 3620 316 524

409 421 501 462 me
527 412 806 477 taon
829 401 1449 458 ﬁdissimumfamulum
1471 401 1572 455 tibi
1601 402 1997 457 administrum
2019 391 2675 462 Adixer’it,mevidelieet
2686 383 2846 477 inani
2871 396 2975 438 suo

411 513 534 552 esse
566 467 754 568 jussit.
781 497 966 560 που
980 494 1142 546 Nunc
1161 497 1349 545 autem
1369 495 1620 544 exterum
1643 492 1794 545 hunc
1820 492 2002 546 virum
2085 487 2338 541 fraudem
2368 483 2632 538 inducere
2653 476 2904 568 studens,
3015 468 3260 568 jucunda
3282 468 3382 567 hac

411 556 604 641 crebrb
622 556 1074 652 tecum'colloqui
1095 581 1306 634 videns.
1339 579 1478 634 illud
1516 597 1710 634 vereor
1738 597 1808 634 ne
1839 581 2001 634 Chri-
2084 577 2236 630 tione
2266 582 2323 630 et
2351 571 2676 627 amoenitate
2703 565 2944 638 privare,
2966 558 3142 629 atque

409 677 605 730 stianae
634 672 941 743 religionis,
972 645 1139 742 quam
1159 675 1320 742 pater
1333 675 1466 723 tuus
1480 669 1692 740 ingenti
1714 669 1842 723 odio
1858 669 2002 724 inse—
2085 666 2297 720 cultum
2329 662 2620 716 traducere
2639 658 2664 710 ἰ)
2687 655 2903 710 Zardan
2921 655 3128 743 autem,
3148 647 3434 743 Quidnam,
3453 645 3627 743 inquit,

409 769 612 830 ctatu-r,
645 733 828 817 cultor
846 762 921 815 sit
931 733 948 828 I;
961 733 1282 830 sicque-ego
1307 733 1851 828 capitali'sententiaa
1896 759 1999 812 ob-
2083 754 2186 808 tibi
2211 754 2394 806 visum
2412 757 2532 820 ,est,
2559 765 2596 802 o
2625 762 2739 812 rex,
2770 741 3042 796 tumulum
3064 744 3226 792 tuum
3249 733 3506 789 tentare?

407 853 606 908 noxius
626 851 892 923 reperiar.
924 849 1168 904 Proinde
1182 849 1268 902 vel
1286 848 1354 901 de
1375 863 1439 902 eo
1457 853 1675 918 patrem
1704 847 1999 901 certiorem
2085 849 2335 915 spectum
2359 839 2507 894 enim
2523 835 2703 890 habeo
2725 831 3125 886 virisermones
3145 830 3333 897 pectus
3343 830 3503 923 tuum

406 943 510 1008 fac,
543 943 629 996 vel
649 911 882 1012 posthac
911 956 1040 993 cum
1062 955 1128 992 eo
1160 937 1402 1008 colloqui
1433 911 1656 1002 desine;
1707 937 1793 990 vel
1827 943 1996 1004 certe,
2085 911 2226 986 sime
2246 935 2589 1002 penetrasse.
2611 926 2758 980 Nam
2778 919 2887 976 nisi
2907 919 3169 980 itaesset,
3189 929 3296 1012 non
3318 919 3429 966 tam
3449 911 3636 1012 iuben-

406 1049 477 1088 ne
503 1033 564 1086 in
589 1029 1082 1102 reprehensionem
1105 1028 1407 1092 incurram,
1439 1042 1474 1079 a
1501 1025 1639 1080 facie
1663 1031 1764 1080 tua
1794 1042 1884 1079 me
1909 1025 2004 1080 ab-
2083 1027 2174 1075 ter
2199 1037 2266 1074 ac
2292 1025 2564 1091 perpetuo
2593 1030 2722 1068 cum
2751 1027 2818 1065 eo
2847 1021 3133 1064 sermones
3150 1004 3424 1102 miscerem
3449 999 3634 1071 thui-

404 1122 548 1192 lega,
581 1091 751 1190 auius
777 1118 951 1172 alium
977 1117 1072 1188 qui
1111 1115 1250 1170 mihi
1273 1091 1610 1185 subrogatur
1637 1132 1672 1170 a
1703 1121 1864 1186 patre
1905 1121 2002 1170 tuo
2085 1111 2216 1164 dem
2256 1125 2358 1163 nos
2385 1103 2705 1162 istiusmodi
2746 1097 3196 1173 praedicationem
3243 1091 3636 1192 haudquaquam

405 1185 674 1281 pustula.-
993 1185 1012 1188 _
1704 1185 1720 1186 ί
2086 1199 2430 1269 ignoramus.
2463 1196 2674 1249 Verum
2685 1207 2751 1245 ex
2773 1205 2884 1261 quo
2900 1185 3474 1280 tempore-paternus
3513 1185 3648 1278 atro-

475 1297 643 1368 Regis
673 1301 863 1350 autem
891 1295 1040 1348 ﬁlius
1069 1295 1139 1347 ad
1167 1309 1296 1346 eum
1317 1293 1456 1346 dixit
1479 1311 1488 1344 :
1533 1293 1652 1346 Hoc
1679 1292 1944 1364 primum,
1967 1308 2000 1344 ο
2086 1287 2370 1340 cissimam
2401 1284 2666 1338 adversus
2696 1276 3044 1336 Christianos
3069 1267 3642 1368 persecutinnem‘exci-

403 1355 637 1450 Ζιτάἕη,
669 1384 958 1438 faciamus.
973 1381 1110 1436 Velo
1131 1381 1373 1452 quodam
1395 1381 1666 1435 obductus
1679 1355 1790 1445 sta,
1807 1355 2005 1452 ipsius-
2085 1375 2242 1441 tavit,
2268 1375 2352 1428 illi
2367 1373 2498 1427 hinc
2515 1368 2732 1442 expulsi
2749 1371 2903 1431 sunt,
2925 1367 3097 1434 atque
3107 1361 3354 1452 ipsarem
3363 1355 3643 1452 praedicatio

405 1491 513 1546 que
529 1475 602 1529 ad
617 1445 711 1528 me
741 1488 1029 1528 sermones
1045 1445 1198 1537 audi,
1219 1477 1388 1541 atque
1406 1471 1486 1524 ita
1507 1470 1778 1542 quidnam
1801 1445 1902 1524 tibi
1925 1470 2004 1524 fa-
2086 1464 2376 1518 conticuit.
2411 1460 2572 1526 Quod
2600 1459 2649 1512 si
2671 1456 2780 1512 tibi
2795 1456 3002 1546 dogma
3020 1452 3132 1505 hoc
3151 1447 3376 1546 arridet,
3387 1445 3642 1518 ipsiusque

403 1537 665 1618 ciendum
695 1564 770 1617 sit
798 1577 1092 1634 exponam.
1296 1537 1313 1541 —
1524 1537 1544 1542 _
2086 1553 2349 1608 duritiem
2376 1556 2434 1605 et
2460 1549 2713 1604 laborem
2743 1543 2931 1599 subire
2950 1546 3134 1634 potes,
3161 1537 3406 1634 crustum
3429 1550 3552 1590 sane
3589 1549 3642 1634 ac

472 1654 617 1708 Cum
643 1653 819 1722 igitur
839 1621 1101 1705 liarlaam
1132 1651 1204 1705 ad
1241 1651 1425 1722 ipsum
1460 1665 1786 1704 accessurus
1831 1653 1996 1709 esset,
2085 1643 2216 1696 felix
2239 1642 2320 1696 sit
2343 1641 2401 1694 id
2433 1638 2582 1710 quod
2600 1635 2788 1690 animo
2811 1639 2915 1686 tuo
2944 1627 3316 1722 inseditqligo
3341 1621 3645 1722 autemquid

399 1741 650 1796 Zardane
662 1709 820 1795 intra
837 1741 1021 1794 velum
1051 1709 1387 1803 introducto,
1411 1739 1481 1792 ad
1495 1753 1686 1792 senem
1701 1737 1813 1790 ait:
1845 1737 1998 1791 Divi-
2015 1722 2061 1781 Β
2090 1731 2318 1786 tandem
2349 1709 2570 1790 faciam,
2601 1725 2698 1796 qui
2715 1719 3038 1792 hujusmodi
3065 1714 3327 1771 duritiem
3348 1729 3416 1766 ne
3429 1709 3649 1803 adversis

401 1846 533 1886 nam
551 1836 712 1885 tuam
731 1829 1046 1884 doctrinam
1063 1829 1201 1882 mihi
1213 1829 1538 1883 summatim
1553 1833 1766 1897 repete,
1789 1843 1899 1896 quo
1913 1827 2006 1880 ﬁr-
2090 1821 2317 1892 quidem
2330 1818 2506 1872 oculis
2529 1813 2738 1870 intueri
2761 1825 3009 1883 possum,
3029 1823 3094 1897 ac
3112 1805 3260 1875 regis
3434 1801 3652 1897 annuum

401 1921 546 1974 mius
562 1919 774 1990 pectori
800 1935 926 1972 meo
944 1919 1240 1972 inseratur.
1268 1918 1508 1987 Excepto
1529 1889 1705 1985 igitur
1717 1889 2001 1980 sermone,
2092 1889 2377 1964 doloribus
2389 1911 2562 1976 atque
2579 1899 2981 1990 acerbitatibus
2993 1896 3324 1990 distractum
3341 1889 3530 1990 habeo?
3540 1889 3659 1986 Qua-

401 2010 664 2064 Barlaam
691 2009 918 2078 longam
945 2007 1016 2060 de
1037 2007 1152 2060 Deo
1172 2012 1342 2076 atque
1367 2021 1502 2076 erga
1519 2004 1871 2075 eum‘pietate
1883 2019 2006 2056 ora-
2101 2015 2234 2053 nam
2269 1996 2420 2069 apud
2450 2011 2580 2048 eum
2601 1989 2962 2048 excusatione
2977 1983 3251 2078 utar-{qui
3269 1977 3661 2078 ipsius

400 2098 614 2152 tionem
642 2067 857 2160 habuit,
873 2096 1134 2166 quodque
1149 2067 1277 2148 eum
1306 2067 1487 2148 solum
1509 2111 1573 2147 ex
1584 2067 1707 2147 toto
1728 2093 1912 2158 corde,
1946 2097 2004 2144 et
2101 2067 2341 2157 neglexi,
2377 2091 2548 2155 atque
2567 2082 2700 2136 huic
2734 2079 2847 2133 viro
2875 2077 2944 2131 ad
2967 2081 3031 2130 te
3058 2073 3288 2166 aditum—
3291 2067 3544 2166 permisi?

404 2203 470 2240 ex
495 2191 617 2240 tota
641 2153 856 2250 anima,
875 2153 932 2238 et
961 2201 1029 2238 ex
1041 2153 1178 2238 ‘tota
1225 2189 1412 2237 mente
1453 2199 1664 2249 amare,
1716 2153 2008 2252 ipsiusque
2172 2153 2330 2230 lbixit
2356 2153 2546 2228 autem
2581 2171 2652 2224 ad
2683 2186 2810 2224 eum
2831 2166 2988 2236 regis
3027 2163 3177 2252 ﬁlius
3204 2180 3216 2214 :
3247 2158 3504 2252 Equidem

405 2275 672 2329 mandata
697 2291 824 2328 cum
839 2245 1056 2328 timore
1086 2290 1150 2327 ac
1165 2273 1442 2327 desiderio
1459 2245 1756 2326 observare
1775 2245 2008 2341 oporte-
2093 2265 2244 2319 aliud
2282 2263 2441 2334 quod
2473 2259 2688 2332 ingenti
2717 2264 2828 2312 tuae
2849 2271 2995 2326 erga
3025 2269 3120 2306 me
3148 2245 3659 2341 benevolentisesatis

404 2370 493 2420 ret
523 2365 731 2434 (Matth.
754 2364 890 2432 XXII)
917 2381 929 2430 ;
959 2362 1221 2433 quodque
1240 2361 1358 2432 ipse
1378 2366 1526 2414 esset
1549 2360 1644 2430 qui
1667 2333 2009 2421 omniatam
2092 2333 2316 2426 prmmii
2335 2352 2570 2406 alferret
2603 2343 3060 2434 agnoscens,
3089 2333 3659 2434 unumubeneﬁcio‘tno

405 2467 528 2526 quae
550 2453 608 2506 in
627 2453 891 2506 cernendi
920 2467 1147 2506 sensum
1161 2451 1367 2504 cadunt
1389 2466 1557 2520 quam
1579 2465 1700 2520 quae
1723 2449 1795 2500 ab
1823 2449 2010 2502 oculo—
2091 2444 2277 2513 majus
2297 2440 2499 2512 reperi,
2517 2437 2797 2492 nimirum
2827 2439 2893 2488 ut
2919 2431 3019 2486 tibi
3039 2429 3250 2484 bonum
3265 2425 3414 2526 illud,
3435 2421 3660 2526 quodpe-

404 2560 533 2598 rum
555 2557 724 2597 sensu
736 2546 1114 2604 remotasunt,
1149 2539 1602 2592 condidisset.Ac
1623 2533 1825 2591 deinde
1838 2537 2006 2607 primi
2091 2539 2276 2586 turam
2319 2534 2568 2600 superat,
2590 2526 2947 2598 perspicuum
2973 2521 3220 2574 reddere
3247 2515 3532 2607 studerem,
3574 2510 3658 2562 hoc

405 2631 647 2686 hominis
677 2631 1033 2693 efﬁctionem,
1067 2629 1510 2697 mandatumque
1541 2627 1650 2697 ipsi
1681 2603 1896 2690 datum,
1931 2627 2010 2679 la-
2095 2627 2198 2684 est,
2231 2627 2296 2674 ut
2324 2635 2493 2690 quem
2520 2617 2590 2670 ad
2613 2617 2784 2669 ﬁnem
2803 2615 3132 2684 procreatus
3152 2608 3229 2662 sis
3251 2603 3657 2697 intelliget-ns,”

405 2727 638 2790 tamque
655 2720 712 2772 in
728 2735 877 2784 eum,
901 2717 970 2771 ob
990 2717 1256 2770 violatum
1277 2715 1521 2769 edictum
1545 2731 1579 2768 a
1601 2718 1870 2780 creatore,
1889 2731 2014 2768 sen-
2095 2716 2405 2764 creatorem
2427 2721 2782 2778 agnosceres,
2797 2700 3132 2770 relictisque
3145 2691 3490 2790 tenebrisyad
3503 2691 3656 2790 lupam

407 2808 646 2864 tentiam
667 2805 1144 2862 commemoravit.
1166 2805 1440 2875 Deinceps
1452 2803 1597 2858 bona
1619 2820 1685 2856 ea
1705 2803 2005 2870 recensuit,
2095 2815 2436 2854 accurreres.
2470 2799 2655 2866 Atque
2683 2793 2868 2846 in-hac
2889 2806 2988 2862 spe
3011 2804 3188 2854 eram,
3207 2786 3328 2840 fore
3345 2779 3574 2875 utsimul
3587 2780 3658 2829 at-

409 2897 614 2970 quibus
641 2913 763 2960 nos,
789 2897 997 2966 rejecto
1029 2895 1206 2966 ipsius
1231 2894 1516 2959 mandato,
1539 2899 1762 2947 nosmet
1781 2892 2012 2946 exclusi-
2093 2905 2202 2960 que
2223 2889 2293 2942 de
2323 2903 2389 2940 ea
2415 2885 2624 2956 aliquid
2672 2881 2965 2945 audiisses,
2997 2875 3402 2932 ardentissima
3437 2867 3655 2970 quadam

406 3001 556 3040 mus.
583 2985 711 3040 Mox
731 3001 926 3039 earum
950 2983 1699 3038 molestiarum'mentionem
1717 2982 1868 3048 fecit,
1889 2997 2011 3053 qua:
2093 2978 2402 3050 cupidi-tate
2423 2976 2580 3029 illam
2592 2968 3146 3043 sequererisNerum
3167 2981 3266 3036 spe
3282 2977 3422 3026 mea,
3429 2956 3653 3053 invideo,

409 3081 709 3148 postquam
727 3074 798 3129 ab
817 3075 928 3128 illis
941 3073 1102 3127 bonis
1123 3073 1446 3132 excidimus,
1465 3072 1666 3125 misere
1683 3088 1786 3124 nos
1799 3045 2013 3125 invase-
2031 3081 2074 3140 ο
2097 3045 2272 3122 falsus
2299 3083 2444 3132 sum,
2469 3069 2533 3118 ut
2563 3062 2658 3134 qui
2672 3061 2748 3114 ad
2779 3076 2848 3114 ea
2869 3045 3656 3148 qum-dicta"suntttepideeli‘ec-

2096 3163 2221 3211 tum
2250 3161 2307 3209 te
2335 3152 2692 3224 conspiciam.
2717 3149 2864 3218 Regi
2889 3152 3076 3201 autem
3109 3161 3177 3199 ac
3199 3135 3658 3215 patri'meosi-bec

2097 3245 2449 3310 iudicaveris,
2479 3242 2618 3298 nihil
2647 3239 2801 3296 aliud
2832 3238 2962 3291 hinc
2996 3231 3372 3304 consequeris,
3413 3241 3564 3299 quam
3606 3227 3659 3276 ut

2099 3336 2275 3408 ipsius
2301 3334 2555 3388 animum
2580 3330 2730 3385 curis
2749 3345 2814 3382 ac
2826 3324 3165 3380 mceroribus
3180 3319 3450 3376 conﬁcias.
3479 3316 3658 3408 Verum

2103 3426 2151 3479 si
2181 3424 2418 3478 candido
2449 3439 2514 3475 ac
2531 3421 2751 3474 sincero
2775 3419 2982 3471 in-eum
3001 3412 3196 3468 animo
3223 3428 3300 3472 es,
3325 3419 3539 3462 cavetne
3560 3401 3658 3472 ipse

2101 3519 2404 3584 antequam
2425 3509 2722 3565 commoda
2745 3505 2962 3561 occasio
2996 3512 3056 3557 se
3081 3499 3368 3563 obtulerit,
3387 3493 3658 3584 quidquam

2100 3579 2423 3672 hujusmodi
2449 3615 2515 3652 ex
2541 3605 2599 3652 te
2629 3595 2908 3650 resciscat.
2925 3592 3054 3646 *Hac
3077 3589 3339 3667 oratione
3355 3583 3420 3638 ad
3441 3579 3659 3636 eumnba-

2103 3669 2236 3756 bita,
2268 3695 2538 3759 tanquam
2579 3686 2639 3740 in
2677 3697 2896 3755 aquam
2941 3679 3228 3734 seminare
3261 3673 3365 3746 (12)
3390 3669 3660 3726 videbatur.

2099 3782 2295 3851 Neque
2324 3778 2473 3832 enim
2515 3773 2805 3846 sapientiae
2827 3771 2898 3826 ad
2925 3768 3198 3825 stolidum
3221 3770 3402 3833 τοι
3443 3759 3662 3814 animum

2101 3870 2288 3924 aditus
2315 3882 2566 3938 unquam
2596 3862 2828 3936 patebit.

2173 3932 2450 4012 Postridie
2463 3932 2652 4009 autem
2663 3951 2934 4006 Barlaam'
2945 3947 3017 4003 ad
3037 3961 3172 4000 eum
3202 3942 3478 4004 accedens,
3505 3937 3565 3990 de
3591 3932 3662 3987 di-

2102 4061 2292 4102 scessu
2321 4062 2423 4100 suo
2453 4057 2772 4098 sermonem
2799 4035 3112 4108 ingerebat.
3149 4035 3252 4090 Ille
3272 4037 3472 4086 autem
3497 4023 3572 4080 ab
3595 4037 3662 4075 eo

2103 4137 2290 4191 divelli
2315 4134 2545 4188 minime
2573 4131 2882 4195 sustinens,
2917 4126 3108 4181 animo
3130 4119 3568 4178 excruciabatur,
3597 4111 3665 4165 la-

409 3169 563 3218 runt.
586 3163 731 3218 ‘Pum
751 3167 942 3217 autem
965 3178 1032 3215 ea
1047 3178 1170 3232 qua:
1192 3161 1262 3214 ad
1281 3160 1685 3230 benignitatem
1697 3165 1754 3213 et
1763 3175 2015 3213 amorem

411 3269 549 3324 erga
563 3253 868 3308 hominum
896 3268 1075 3322 genus
1104 3249 1463 3320 pertinebant
1489 3249 2016 3319 subjunxit,nempe

413 3357 660 3414 quonam
688 3340 1124 3395 modosummus
1141 3339 1232 3392 ille
1255 3338 1438 3410 opifex
1466 3339 1664 3392 salutis
1693 3344 1898 3392 nostrae
1919 3355 2016 3392 cu-

413 3447 535 3486 ram
565 3447 788 3503 gerens,
821 3429 1124 3500 magistros
1143 3445 1208 3482 ac
1229 3429 1530 3500 prophetas
1544 3427 1829 3498 Unigeniti
1843 3428 2020 3481 incar-

415 3521 702 3576 nationem
733 3519 1100 3591 preedicantes
1131 3517 1371 3575 miserit.
1405 3517 1618 3571 Deinde
1650 3517 1821 3571 etiam
1843 3517 2019 3587 ipsius

417 3611 768 3676 descensum,
783 3607 1245 3671 incarnationem,
1264 3605 1554 3671 beneﬁcia,
1572 3605 1864 3667 miracula,
1882 3607 2020 3659 tole-

419 3705 655 3769 rataque
683 3695 972 3768 pro'nobis
996 3694 1420 3764 ingratitudinis
1451 3693 1586 3746 vitio
1633 3692 2018 3747 laborantibus

421 3787 711 3858 supplicia,
725 3801 969 3848 crucem,
985 3785 1259 3849 lanceam,
1281 3782 1653 3836 voluntariam
1672 3789 1932 3845 mortem,
1955 3798 2020 3836 ac

423 3875 664 3945 denique
684 3880 935 3928 nostram
963 3872 1022 3926 in
1039 3872 1322 3941 integrum
1341 3871 1757 3925 restitutionem
1774 3876 1831 3924 et
1858 3887 2018 3926 revo-

423 3965 720 4029 cationem,
746 3969 914 4033 atque
935 3961 1006 4015 ad
1026 3960 1270 4032 primum
1299 3959 1512 4014 bonum
1535 3961 1800 4027 reditum;
1815 3977 1878 4014 ac
1895 3966 2022 4032 post

425 4071 494 4108 ea
520 4054 786 4108 caelorum
802 4068 1060 4123 regnum,
1081 4051 1228 4120 quod
1249 4051 1506 4104 homines
1519 4067 1584 4103 eo
1596 4049 1794 4120 dignos
1808 4055 2015 4117 manet,

425 4142 774 4197 reconditum
798 4139 1067 4212 improbis
1080 4138 1390 4192 cruciatum
1405 4137 1594 4208 ignem
1623 4153 1912 4209 nunquam
1925 4155 2020 4191 ex-

425 4232 848 4304 stinguendum,
879 4201 1180 4302 perpetuas
1201 4201 1481 4292 tenebras,
1507 4201 1882 4282 immortalem
1903 4245 2022 4281 ver-
2105 4224 2423 4297 crymisque
2437 4227 2604 4276 lotus
2622 4216 3094 4291 perfundebatur;
3105 4214 3425 4268 Senexvero
3441 4217 3557 4304 cum
3570 4201 3668 4304 ὶῗηυ

427 4339 598 4388 mem,
632 4327 973 4390 ceterasque
1001 4335 1194 4373 omnes
1225 4333 1436 4390 pueras,
1471 4316 1664 4388 quasii
1694 4317 1789 4387 qui
1809 4317 2024 4388 peccati
2104 4331 2237 4385 gum
2269 4313 2340 4366 ad
2375 4325 2502 4366 eum
2533 4323 2850 4364 sermonem
2881 4303 3192 4366 habuisset,
3221 4313 3458 4368 eumque
3477 4298 3548 4346 ut
3579 4292 3666 4390 flr-

429 4412 696 4467 servitute
726 4428 786 4464 se
813 4409 1286 4473 constrinxerunt,
1315 4405 1423 4460 sibi
1455 4406 1590 4477 ipsis
1633 4413 2018 4476 aggesserunt.
2041 4401 2087 4456 D
2111 4402 2396 4456 missimus
2425 4397 2657 4454 in‘bono
2677 4398 2957 4468 perstaret
2969 4391 3286 4447 obtestatus
3313 4390 3470 4451 esset,
3492 4377 3668 4477 verbis-

431 4502 561 4555 Haec
583 4515 708 4554 cum
741 4499 992 4552 oratione
1020 4501 1348 4566 prosecutus
1373 4500 1538 4561 esset,
1561 4511 1628 4548 ac
1651 4495 1758 4548 sub
1775 4496 1944 4548 finem
1966 4494 2025 4548 in
2107 4509 2215 4564 que
2258 4491 2330 4544 ad
2381 4487 2787 4543 cohortandum
2851 4479 3232 4538 accomodatis
3269 4475 3454 4548 ipsius

430 4589 744 4644 doctrinam
761 4587 831 4639 ad
844 4555 1793 4654 moresaccommodatamdelapsus
1807 4583 2022 4650 luisset,
2107 4555 2512 4645 confirmasset,
2545 4575 2804 4649 precibus
2833 4572 2904 4626 ab
2934 4588 3001 4626 eo
3053 4565 3429 4654 contendebat
3452 4564 3528 4654 ut
3565 4555 3670 4654 ιεῐξ)

432 4677 724 4746 multaque
747 4675 817 4728 de
850 4674 972 4728 vitm
1001 4671 1245 4742 puritate
1275 4671 1446 4725 verba
1489 4646 1728 4738 fecisset,
1778 4646 2026 4744 praesen;-
2109 4667 2456 4740 atquehilari
2475 4646 2666 4720 animo
2678 4660 3001 4718 discedendi
3015 4646 3671 4744 potestatemsibifaceret.

421 4734 689 4835 ‘tiumque
708 4777 900 4818 rerum
917 4734 1221 4816 vanitatem
1234 4759 1576 4826 damnasset,
1599 4734 1905 4831 eorumque
1930 4761 2026 4831 qui
2109 4734 2254 4814 Illud
2283 4756 2454 4810 etiam
2481 4754 2571 4825 adj
2582 4752 2846 4824 ungebat,
2873 4766 2998 4804 eam
3027 4747 3184 4802 brevi
3213 4747 3456 4835 inter-se
3481 4734 3678 4804 wnjun'

421 4852 1028 4906 =histotosseaddicunt
1043 4849 1700 4919 miseriamcoarguisset,
1716 4849 2028 4904 orationem
2109 4847 2350 4902 ctionem
2387 4850 2644 4898 mutuam
2687 4842 2825 4907 fore,
2876 4855 2999 4911 quae
3024 4836 3264 4891 ~dissidii
3295 4831 3471 4888 omnis
3513 4834 3679 4919 expers

434 4942 663 4996 tandem
688 4941 1007 5013 Pl‘ecatione
1027 4939 1318 5003 οοῐιοιυείῐ,
1347 4938 1507 4992 aDeo
1529 4938 1798 4992 nimirum
1819 4938 1926 5010 ipsi
1939 4940 2031 4992 llr-
2112 4940 2276 4990 esset.
2308 4935 2382 4988 At
2401 4933 2550 5002 regis
2575 4931 2742 4995 filius,
2775 4910 3036 4984 cumineo
3047 4921 3396 4981 diutius-seni
3426 4910 3678 5013 negotiqu

437 5045 589 5085 mam
618 5036 676 5084 et
693 5035 1041 5084 constantem
1071 5029 1390 5083 orthodoxae
1436 5027 1566 5080 ﬁdei
1602 5026 2026 5096 confessionem,

437 5119 720 5190 vitamque
739 5119 809 5172 ab
829 5119 980 5173 omni
994 5117 1443 5190 reprehensionis
1463 5121 1594 5169 nota
1617 5115 1944 5183 immunem,
1965 5133 2030 5172 ac

439 5209 797 5280 purissimam
829 5208 1075 5261 muneris
1103 5207 1188 5261 sui
1219 5205 1766 5260 administrationem
1807 5211 2026 5276 optans.

439 5301 518 5351 Ac
546 5303 742 5369 postea
771 5296 1076 5367 precationi
1115 5298 1223 5349 line
1269 5295 1552 5366 imposito,
1602 5293 1673 5348 ad
1723 5294 2032 5366 hospitium

440 5401 605 5441 suum
635 5401 830 5440 rursus
858 5401 917 5438 se
941 5385 1167 5454 recepit.

511 5476 680 5548 Regis
707 5481 897 5529 autem
914 5473 1272 5538 ﬁlius,accito
1283 5475 1552 5540 Zardane,
1579 5471 1909 5546 quid'animi
1931 5471 2033 5525 ha-

421 5565 599 5648 ‘beret
623 5563 966 5637 periclitans,
988 5561 1155 5616 dixit:
1179 5561 1423 5616 Audlisti
1438 5577 1561 5632 qua
1570 5561 1716 5618 mihi,
1727 5559 2033 5616 ωδυιαίειε

2110 5026 2400 5087 facessere,
2435 5001 2537 5075 nec
2555 5036 2684 5074 eum
2712 5017 2958 5089 expetito
2968 5015 3171 5070 itinere
3197 5001 3678 5086 prohiberepowi,

2112 5129 2178 5168 ac
2206 5118 2478 5185 prasterea
2489 5115 2746 5163 metuens
2765 5122 2836 5160 ne
2857 5103 3190 5159 Zar‘dan‘ille
3218 5115 3411 5172 regem
3429 5096 3496 5150 de
3515 5101 3682 5185 cover:

2112 5171 2313 5256 tiorem
2343 5201 2571 5264 faceret,
2599 5213 2665 5251 ac
2694 5194 2988 5267 suppliciis
3019 5207 3168 5247 ‘eum
3203 5171 3466 5246 alliceret,
3512 5171 3679 5235 hisad

2115 5307 2245 5348 eum
2273 5289 2456 5344 verbis
2485 5305 2619 5342 usus
2648 5291 2769 5340 est:
2809 5280 3296 5353 Quandoquidem
3320 5278 3414 5330 ~ita
3461 5269 3553 5326 tibi
3595 5267 3680 5318 hoc

2113 5381 2302 5436 animo
2331 5379 2556 5444 insidet,
2587 5373 3094 5448 spiritualisPater
3110 5386 3248 5441 acpi
3259 5367 3680 5448 receptarum”:

2105 5468 2536 5538 'time,mihique
2565 5462 2902 5520 omms’boni
2951 5463 3261 5525 auctor,‘ut
3292 5471 3382 5510 me
3407 5439 3684 5542 limmundi

2106 5559 2361 5612 *vanitate
2373 5560 2688 5612 versantem
2699 5553 2956 5618 deseras,
2966 5547 3222 5621 atqueat!
3233 5539 3534 5618 spiritalia
3545 5539 3661 5605 (101°
