  <div class='ocr_page' id='page_1' title='image "/cluster/home/n/w/nwhite01/storage/ocr_20150623/73/hvd.32044054758776/268.png"; bbox 0 0 3876 6190; ppageno 0'>
   <div class='ocr_carea' id='block_1_1' title="bbox 252 305 343 361">
    <p class='ocr_par' dir='ltr' id='par_1_1' title="bbox 252 305 343 361">
     <span class='ocr_line' id='line_1_1' title="bbox 252 305 343 361; baseline 0 0"><span class='ocrx_word' id='word_1_1' title='bbox 252 305 343 361; x_wconf 66' lang='lat'>5‘25</span> 
     </span>
    </p>
   </div>
   <div class='ocr_carea' id='block_1_2' title="bbox 636 302 3111 363">
    <p class='ocr_par' dir='ltr' id='par_1_2' title="bbox 636 302 3111 363">
     <span class='ocr_line' id='line_1_2' title="bbox 636 302 3111 363; baseline 0 -3"><span class='ocrx_word' id='word_1_2' title='bbox 636 304 807 360; x_wconf 78' lang='lat' dir='ltr'>VITA</span> <span class='ocrx_word' id='word_1_3' title='bbox 842 304 1284 361; x_wconf 89' lang='lat' dir='ltr'>SANCTORUM</span> <span class='ocrx_word' id='word_1_4' title='bbox 1318 306 1664 361; x_wconf 75' lang='lat' dir='ltr'>BARLAAM</span> <span class='ocrx_word' id='word_1_5' title='bbox 1706 304 2051 361; x_wconf 59' lang='lat' dir='ltr'>EREMITjE</span> <span class='ocrx_word' id='word_1_6' title='bbox 2088 302 2177 358; x_wconf 87' lang='lat' dir='ltr'>ET</span> <span class='ocrx_word' id='word_1_7' title='bbox 2211 303 2579 359; x_wconf 75' lang='lat' dir='ltr'>JOSAPHAT</span> <span class='ocrx_word' id='word_1_8' title='bbox 2617 303 2840 358; x_wconf 63' lang='lat' dir='ltr'>INDIZE</span> <span class='ocrx_word' id='word_1_9' title='bbox 2879 305 3111 363; x_wconf 89' lang='lat' dir='ltr'>REGIS.</span> 
     </span>
    </p>
   </div>
   <div class='ocr_carea' id='block_1_3' title="bbox 3396 313 3509 374">
    <p class='ocr_par' dir='ltr' id='par_1_3' title="bbox 3396 313 3509 374">
     <span class='ocr_line' id='line_1_3' title="bbox 3396 313 3509 374; baseline 0 0"><span class='ocrx_word' id='word_1_10' title='bbox 3396 313 3509 374; x_wconf 61' lang='lat'>526</span> 
     </span>
    </p>
   </div>
   <div class='ocr_carea' id='block_1_4' title="bbox 249 430 3511 505">
    <p class='ocr_par' dir='ltr' id='par_1_4' title="bbox 249 430 3511 505">
     <span class='ocr_line' id='line_1_4' title="bbox 249 430 3511 505; baseline 0 -21"><span class='ocrx_word' id='word_1_11' title='bbox 249 432 313 485; x_wconf 87' lang='lat' dir='ltr'>tis</span> <span class='ocrx_word' id='word_1_12' title='bbox 340 431 523 484; x_wconf 88' lang='lat' dir='ltr'>locum</span> <span class='ocrx_word' id='word_1_13' title='bbox 548 430 939 500; x_wconf 86' lang='lat' dir='ltr'>proﬁciscaris,</span> <span class='ocrx_word' id='word_1_14' title='bbox 984 446 1097 483; x_wconf 89' lang='lat' dir='ltr'>non</span> <span class='ocrx_word' id='word_1_15' title='bbox 1127 431 1276 484; x_wconf 88' lang='lat' dir='ltr'>ultra</span> <span class='ocrx_word' id='word_1_16' title='bbox 1300 436 1358 485; x_wconf 90' lang='lat' dir='ltr'>te</span> <span class='ocrx_word' id='word_1_17' title='bbox 1386 432 1630 486; x_wconf 90' lang='lat' dir='ltr'>retinere</span> <span class='ocrx_word' id='word_1_18' title='bbox 1659 439 1828 503; x_wconf 91' lang='lat' dir='ltr'>atque</span> <span class='ocrx_word' id='word_1_19' title='bbox 1847 430 2140 494; x_wconf 81' lang='lat' dir='ltr'>Abonum,</span> <span class='ocrx_word' id='word_1_20' title='bbox 2170 430 2318 499; x_wconf 90' lang='lat' dir='ltr'>quod</span> <span class='ocrx_word' id='word_1_21' title='bbox 2338 436 2498 483; x_wconf 89' lang='lat' dir='ltr'>tanta</span> <span class='ocrx_word' id='word_1_22' title='bbox 2517 430 2767 485; x_wconf 84' lang='lat' dir='ltr'>animum</span> <span class='ocrx_word' id='word_1_23' title='bbox 2795 433 3082 503; x_wconf 78' lang='lat' dir='ltr'>voluptate</span> <span class='ocrx_word' id='word_1_24' title='bbox 3108 435 3511 505; x_wconf 75' lang='lat' dir='ltr'>perfundat,.u,t</span> 
     </span>
    </p>
   </div>
   <div class='ocr_carea' id='block_1_5' title="bbox 250 518 1833 592">
    <p class='ocr_par' dir='ltr' id='par_1_5' title="bbox 250 518 1833 592">
     <span class='ocr_line' id='line_1_5' title="bbox 250 518 1833 592; baseline 0.001 -18"><span class='ocrx_word' id='word_1_25' title='bbox 250 520 640 591; x_wconf 87' lang='lat' dir='ltr'>impedimento</span> <span class='ocrx_word' id='word_1_26' title='bbox 678 518 779 572; x_wconf 84' lang='lat' dir='ltr'>tibi</span> <span class='ocrx_word' id='word_1_27' title='bbox 809 536 931 572; x_wconf 89' lang='lat' dir='ltr'>esse</span> <span class='ocrx_word' id='word_1_28' title='bbox 978 520 1177 573; x_wconf 86' lang='lat' dir='ltr'>audeo.</span> <span class='ocrx_word' id='word_1_29' title='bbox 1212 521 1315 573; x_wconf 83' lang='lat' dir='ltr'>Abi</span> <span class='ocrx_word' id='word_1_30' title='bbox 1348 520 1519 590; x_wconf 82' lang='lat' dir='ltr'>igitur</span> <span class='ocrx_word' id='word_1_31' title='bbox 1560 522 1833 592; x_wconf 71' lang='lat' dir='ltr'>Deipace</span> 
     </span>
    </p>
   </div>
   <div class='ocr_carea' id='block_1_6' title="bbox 251 596 1835 680">
    <p class='ocr_par' dir='ltr' id='par_1_6' title="bbox 251 596 1835 680">
     <span class='ocr_line' id='line_1_6' title="bbox 251 596 1835 680; baseline 0 -17"><span class='ocrx_word' id='word_1_32' title='bbox 251 596 447 680; x_wconf 84' lang='lat' dir='ltr'>septus,</span> <span class='ocrx_word' id='word_1_33' title='bbox 482 624 547 661; x_wconf 88' lang='lat' dir='ltr'>ac</span> <span class='ocrx_word' id='word_1_34' title='bbox 575 622 714 661; x_wconf 86' lang='lat' dir='ltr'>meae</span> <span class='ocrx_word' id='word_1_35' title='bbox 757 609 997 663; x_wconf 63' lang='lat' dir='ltr'>miseriae</span> <span class='ocrx_word' id='word_1_36' title='bbox 1025 608 1084 661; x_wconf 91' lang='lat' dir='ltr'>in</span> <span class='ocrx_word' id='word_1_37' title='bbox 1114 610 1391 679; x_wconf 70' lang='lat' dir='ltr'>praeclaris</span> <span class='ocrx_word' id='word_1_38' title='bbox 1417 610 1532 663; x_wconf 85' lang='lat' dir='ltr'>tuis</span> <span class='ocrx_word' id='word_1_39' title='bbox 1563 611 1633 663; x_wconf 89' lang='lat' dir='ltr'>ad</span> <span class='ocrx_word' id='word_1_40' title='bbox 1649 610 1835 663; x_wconf 90' lang='lat' dir='ltr'>Domi-</span> 
     </span>
    </p>
   </div>
   <div class='ocr_carea' id='block_1_7' title="bbox 253 696 1833 769">
    <p class='ocr_par' dir='ltr' id='par_1_7' title="bbox 253 696 1833 769">
     <span class='ocr_line' id='line_1_7' title="bbox 253 696 1833 769; baseline 0 -17"><span class='ocrx_word' id='word_1_41' title='bbox 253 714 375 752; x_wconf 88' lang='lat' dir='ltr'>num</span> <span class='ocrx_word' id='word_1_42' title='bbox 387 696 646 768; x_wconf 82' lang='lat' dir='ltr'>precibus</span> <span class='ocrx_word' id='word_1_43' title='bbox 663 697 994 751; x_wconf 85' lang='lat' dir='ltr'>memoriam</span> <span class='ocrx_word' id='word_1_44' title='bbox 1013 714 1083 752; x_wconf 91' lang='lat' dir='ltr'>ne</span> <span class='ocrx_word' id='word_1_45' title='bbox 1103 698 1463 763; x_wconf 79' lang='lat' dir='ltr'>intermittas,</span> <span class='ocrx_word' id='word_1_46' title='bbox 1481 715 1590 769; x_wconf 91' lang='lat' dir='ltr'>quo</span> <span class='ocrx_word' id='word_1_47' title='bbox 1604 699 1833 753; x_wconf 79' lang='lat' dir='ltr'>tandem</span> 
     </span>
    </p>
   </div>
   <div class='ocr_carea' id='block_1_8' title="bbox 251 786 1832 859">
    <p class='ocr_par' dir='ltr' id='par_1_8' title="bbox 251 786 1832 859">
     <span class='ocr_line' id='line_1_8' title="bbox 251 786 1832 859; baseline -0.001 -17"><span class='ocrx_word' id='word_1_48' title='bbox 251 787 312 842; x_wconf 86' lang='lat' dir='ltr'>ad</span> <span class='ocrx_word' id='word_1_49' title='bbox 340 792 396 840; x_wconf 89' lang='lat' dir='ltr'>te</span> <span class='ocrx_word' id='word_1_50' title='bbox 426 786 718 857; x_wconf 76' lang='lat' dir='ltr'>pervenire</span> <span class='ocrx_word' id='word_1_51' title='bbox 744 803 808 839; x_wconf 90' lang='lat' dir='ltr'>ac</span> <span class='ocrx_word' id='word_1_52' title='bbox 841 786 1041 840; x_wconf 81' lang='lat' dir='ltr'>faciem</span> <span class='ocrx_word' id='word_1_53' title='bbox 1074 793 1231 841; x_wconf 88' lang='lat' dir='ltr'>tuam</span> <span class='ocrx_word' id='word_1_54' title='bbox 1264 788 1580 858; x_wconf 83' lang='lat' dir='ltr'>perspicere</span> <span class='ocrx_word' id='word_1_55' title='bbox 1612 805 1832 859; x_wconf 83' lang='lat' dir='ltr'>queam.</span> 
     </span>
    </p>
   </div>
   <div class='ocr_carea' id='block_1_9' title="bbox 313 876 1839 948">
    <p class='ocr_par' dir='ltr' id='par_1_9' title="bbox 313 876 1839 948">
     <span class='ocr_line' id='line_1_9' title="bbox 313 876 1839 948; baseline 0.001 -18"><span class='ocrx_word' id='word_1_56' title='bbox 313 877 493 930; x_wconf 83' lang='lat' dir='ltr'>Unam</span> <span class='ocrx_word' id='word_1_57' title='bbox 522 882 715 930; x_wconf 89' lang='lat' dir='ltr'>autem</span> <span class='ocrx_word' id='word_1_58' title='bbox 743 892 862 929; x_wconf 91' lang='lat' dir='ltr'>rem</span> <span class='ocrx_word' id='word_1_59' title='bbox 879 892 912 928; x_wconf 88' lang='lat' dir='ltr'>a</span> <span class='ocrx_word' id='word_1_60' title='bbox 931 881 987 928; x_wconf 89' lang='lat' dir='ltr'>te</span> <span class='ocrx_word' id='word_1_61' title='bbox 1010 876 1251 946; x_wconf 81' lang='lat' dir='ltr'>postulo,</span> <span class='ocrx_word' id='word_1_62' title='bbox 1282 876 1570 941; x_wconf 86' lang='lat' dir='ltr'>nimirum,</span> <span class='ocrx_word' id='word_1_63' title='bbox 1604 882 1686 943; x_wconf 91' lang='lat' dir='ltr'>ut,</span> <span class='ocrx_word' id='word_1_64' title='bbox 1706 894 1839 948; x_wconf 90' lang='lat' dir='ltr'>quo-</span> 
     </span>
    </p>
   </div>
   <div class='ocr_carea' id='block_1_10' title="bbox 252 964 1839 1037">
    <p class='ocr_par' dir='ltr' id='par_1_10' title="bbox 252 964 1839 1037">
     <span class='ocr_line' id='line_1_10' title="bbox 252 964 1839 1037; baseline 0 -18"><span class='ocrx_word' id='word_1_65' title='bbox 252 965 393 1019; x_wconf 85' lang='lat' dir='ltr'>niam</span> <span class='ocrx_word' id='word_1_66' title='bbox 425 982 528 1036; x_wconf 92' lang='lat' dir='ltr'>pro</span> <span class='ocrx_word' id='word_1_67' title='bbox 553 965 669 1019; x_wconf 84' lang='lat' dir='ltr'>tuis</span> <span class='ocrx_word' id='word_1_68' title='bbox 685 964 960 1034; x_wconf 67' lang='lat' dir='ltr'>religiosae</span> <span class='ocrx_word' id='word_1_69' title='bbox 979 964 1106 1018; x_wconf 80' lang='lat' dir='ltr'>vitae</span> <span class='ocrx_word' id='word_1_70' title='bbox 1119 964 1402 1019; x_wconf 84' lang='lat' dir='ltr'>sodalibus</span> <span class='ocrx_word' id='word_1_71' title='bbox 1424 965 1565 1019; x_wconf 89' lang='lat' dir='ltr'>nihil</span> <span class='ocrx_word' id='word_1_72' title='bbox 1590 966 1839 1037; x_wconf 87' lang='lat' dir='ltr'>accipere</span> 
     </span>
    </p>
   </div>
   <div class='ocr_carea' id='block_1_11' title="bbox 251 1054 1838 1125">
    <p class='ocr_par' dir='ltr' id='par_1_11' title="bbox 251 1054 1838 1125">
     <span class='ocr_line' id='line_1_11' title="bbox 251 1054 1838 1125; baseline 0.002 -18"><span class='ocrx_word' id='word_1_73' title='bbox 251 1054 484 1119; x_wconf 87' lang='lat' dir='ltr'>voluisti,</span> <span class='ocrx_word' id='word_1_74' title='bbox 517 1055 720 1109; x_wconf 87' lang='lat' dir='ltr'>saltem</span> <span class='ocrx_word' id='word_1_75' title='bbox 744 1071 844 1125; x_wconf 91' lang='lat' dir='ltr'>pro</span> <span class='ocrx_word' id='word_1_76' title='bbox 880 1060 937 1107; x_wconf 91' lang='lat' dir='ltr'>te</span> <span class='ocrx_word' id='word_1_77' title='bbox 967 1054 1229 1123; x_wconf 85' lang='lat' dir='ltr'>exiguum</span> <span class='ocrx_word' id='word_1_78' title='bbox 1260 1054 1474 1124; x_wconf 90' lang='lat' dir='ltr'>aliquid</span> <span class='ocrx_word' id='word_1_79' title='bbox 1502 1055 1750 1125; x_wconf 60' lang='lat' dir='ltr'>pecunia:</span> <span class='ocrx_word' id='word_1_80' title='bbox 1780 1055 1838 1110; x_wconf 91' lang='lat' dir='ltr'>in</span> 
     </span>
    </p>
   </div>
   <div class='ocr_carea' id='block_1_12' title="bbox 253 1142 1836 1213">
    <p class='ocr_par' dir='ltr' id='par_1_12' title="bbox 253 1142 1836 1213">
     <span class='ocr_line' id='line_1_12' title="bbox 253 1142 1836 1213; baseline 0 -16"><span class='ocrx_word' id='word_1_81' title='bbox 253 1144 447 1197; x_wconf 77' lang='lat' dir='ltr'>victum</span> <span class='ocrx_word' id='word_1_82' title='bbox 473 1142 1239 1198; x_wconf 84' lang='lat' dir='ltr'>acvesteminindumentum</span> <span class='ocrx_word' id='word_1_83' title='bbox 1255 1142 1621 1213; x_wconf 89' lang='lat' dir='ltr'>accipias.llle</span> <span class='ocrx_word' id='word_1_84' title='bbox 1648 1151 1836 1197; x_wconf 89' lang='lat' dir='ltr'>autem</span> 
     </span>
    </p>
   </div>
   <div class='ocr_carea' id='block_1_13' title="bbox 251 1231 1840 1302">
    <p class='ocr_par' dir='ltr' id='par_1_13' title="bbox 251 1231 1840 1302">
     <span class='ocr_line' id='line_1_13' title="bbox 251 1231 1840 1302; baseline 0 -17"><span class='ocrx_word' id='word_1_85' title='bbox 251 1232 313 1285; x_wconf 85' lang='lat' dir='ltr'>ad</span> <span class='ocrx_word' id='word_1_86' title='bbox 340 1248 470 1285; x_wconf 89' lang='lat' dir='ltr'>eum</span> <span class='ocrx_word' id='word_1_87' title='bbox 501 1231 822 1302; x_wconf 89' lang='lat' dir='ltr'>respondit:</span> <span class='ocrx_word' id='word_1_88' title='bbox 844 1232 985 1284; x_wconf 90' lang='lat' dir='ltr'>Cum</span> <span class='ocrx_word' id='word_1_89' title='bbox 1015 1248 1117 1301; x_wconf 88' lang='lat' dir='ltr'>pro</span> <span class='ocrx_word' id='word_1_90' title='bbox 1136 1231 1404 1284; x_wconf 84' lang='lat' dir='ltr'>fratribus</span> <span class='ocrx_word' id='word_1_91' title='bbox 1434 1231 1722 1285; x_wconf 90' lang='lat' dir='ltr'>meisnihil</span> <span class='ocrx_word' id='word_1_92' title='bbox 1740 1236 1840 1286; x_wconf 93' lang='lat' dir='ltr'>ate</span> 
     </span>
    </p>
   </div>
   <div class='ocr_carea' id='block_1_14' title="bbox 257 1309 1838 1391">
    <p class='ocr_par' dir='ltr' id='par_1_14' title="bbox 257 1309 1838 1391">
     <span class='ocr_line' id='line_1_14' title="bbox 257 1309 1838 1391; baseline 0 -18"><span class='ocrx_word' id='word_1_93' title='bbox 257 1320 558 1391; x_wconf 86' lang='lat' dir='ltr'>acceperim</span> <span class='ocrx_word' id='word_1_94' title='bbox 586 1324 788 1391; x_wconf 91' lang='lat' dir='ltr'>(neque</span> <span class='ocrx_word' id='word_1_95' title='bbox 816 1320 966 1373; x_wconf 90' lang='lat' dir='ltr'>enim</span> <span class='ocrx_word' id='word_1_96' title='bbox 990 1309 1069 1372; x_wconf 84' lang='lat' dir='ltr'>illi</span> <span class='ocrx_word' id='word_1_97' title='bbox 1101 1320 1310 1389; x_wconf 82' lang='lat' dir='ltr'>aliquid</span> <span class='ocrx_word' id='word_1_98' title='bbox 1342 1336 1408 1373; x_wconf 86' lang='lat' dir='ltr'>ex</span> <span class='ocrx_word' id='word_1_99' title='bbox 1446 1321 1615 1389; x_wconf 86' lang='lat' dir='ltr'>hujus</span> <span class='ocrx_word' id='word_1_100' title='bbox 1644 1321 1838 1374; x_wconf 87' lang='lat' dir='ltr'>mundi</span> 
     </span>
    </p>
   </div>
   <div class='ocr_carea' id='block_1_15' title="bbox 252 1409 1839 1480">
    <p class='ocr_par' dir='ltr' id='par_1_15' title="bbox 252 1409 1839 1480">
     <span class='ocr_line' id='line_1_15' title="bbox 252 1409 1839 1480; baseline 0 -17"><span class='ocrx_word' id='word_1_101' title='bbox 252 1410 470 1475; x_wconf 84' lang='lat' dir='ltr'>rebus,a</span> <span class='ocrx_word' id='word_1_102' title='bbox 486 1409 691 1479; x_wconf 81' lang='lat' dir='ltr'>quibus</span> <span class='ocrx_word' id='word_1_103' title='bbox 708 1410 854 1463; x_wconf 88' lang='lat' dir='ltr'>ultro</span> <span class='ocrx_word' id='word_1_104' title='bbox 874 1424 996 1463; x_wconf 90' lang='lat' dir='ltr'>sese</span> <span class='ocrx_word' id='word_1_105' title='bbox 1016 1414 1393 1473; x_wconf 84' lang='lat' dir='ltr'>removerunt,</span> <span class='ocrx_word' id='word_1_106' title='bbox 1418 1409 1669 1479; x_wconf 90' lang='lat' dir='ltr'>accipere</span> <span class='ocrx_word' id='word_1_107' title='bbox 1699 1426 1839 1480; x_wconf 88' lang='lat' dir='ltr'>opus</span> 
     </span>
    </p>
   </div>
   <div class='ocr_carea' id='block_1_16' title="bbox 251 1496 1834 1568">
    <p class='ocr_par' dir='ltr' id='par_1_16' title="bbox 251 1496 1834 1568">
     <span class='ocr_line' id='line_1_16' title="bbox 251 1496 1834 1568; baseline -0.001 -17"><span class='ocrx_word' id='word_1_108' title='bbox 251 1498 497 1565; x_wconf 85' lang='lat' dir='ltr'>habent),</span> <span class='ocrx_word' id='word_1_109' title='bbox 542 1515 787 1568; x_wconf 87' lang='lat' dir='ltr'>quonam</span> <span class='ocrx_word' id='word_1_110' title='bbox 818 1498 1047 1552; x_wconf 87' lang='lat' dir='ltr'>tandem</span> <span class='ocrx_word' id='word_1_111' title='bbox 1078 1502 1240 1568; x_wconf 89' lang='lat' dir='ltr'>pacto</span> <span class='ocrx_word' id='word_1_112' title='bbox 1270 1496 1407 1550; x_wconf 90' lang='lat' dir='ltr'>mihi</span> <span class='ocrx_word' id='word_1_113' title='bbox 1436 1498 1491 1550; x_wconf 90' lang='lat' dir='ltr'>id</span> <span class='ocrx_word' id='word_1_114' title='bbox 1524 1497 1834 1566; x_wconf 88' lang='lat' dir='ltr'>acquiram,</span> 
     </span>
    </p>
   </div>
   <div class='ocr_carea' id='block_1_17' title="bbox 251 1586 1840 1658">
    <p class='ocr_par' dir='ltr' id='par_1_17' title="bbox 251 1586 1840 1658">
     <span class='ocr_line' id='line_1_17' title="bbox 251 1586 1840 1658; baseline -0.002 -17"><span class='ocrx_word' id='word_1_115' title='bbox 251 1588 388 1657; x_wconf 90' lang='lat' dir='ltr'>quod</span> <span class='ocrx_word' id='word_1_116' title='bbox 417 1587 553 1658; x_wconf 89' lang='lat' dir='ltr'>ipsis</span> <span class='ocrx_word' id='word_1_117' title='bbox 582 1587 882 1640; x_wconf 82' lang='lat' dir='ltr'>interdixi?</span> <span class='ocrx_word' id='word_1_118' title='bbox 923 1588 1068 1641; x_wconf 90' lang='lat' dir='ltr'>Nam</span> <span class='ocrx_word' id='word_1_119' title='bbox 1100 1586 1146 1639; x_wconf 87' lang='lat' dir='ltr'>si</span> <span class='ocrx_word' id='word_1_120' title='bbox 1179 1586 1542 1656; x_wconf 86' lang='lat' dir='ltr'>pecuniarum</span> <span class='ocrx_word' id='word_1_121' title='bbox 1564 1586 1840 1656; x_wconf 88' lang='lat' dir='ltr'>possessio</span> 
     </span>
    </p>
   </div>
   <div class='ocr_carea' id='block_1_18' title="bbox 250 1675 1837 1745">
    <p class='ocr_par' dir='ltr' id='par_1_18' title="bbox 250 1675 1837 1745">
     <span class='ocr_line' id='line_1_18' title="bbox 250 1675 1837 1745; baseline -0.001 -16"><span class='ocrx_word' id='word_1_122' title='bbox 250 1677 387 1730; x_wconf 84' lang='lat' dir='ltr'>bona</span> <span class='ocrx_word' id='word_1_123' title='bbox 415 1682 582 1741; x_wconf 85' lang='lat' dir='ltr'>esset,</span> <span class='ocrx_word' id='word_1_124' title='bbox 627 1676 739 1729; x_wconf 90' lang='lat' dir='ltr'>illis</span> <span class='ocrx_word' id='word_1_125' title='bbox 768 1682 917 1729; x_wconf 87' lang='lat' dir='ltr'>certe</span> <span class='ocrx_word' id='word_1_126' title='bbox 968 1681 1099 1729; x_wconf 87' lang='lat' dir='ltr'>ante</span> <span class='ocrx_word' id='word_1_127' title='bbox 1146 1692 1236 1728; x_wconf 90' lang='lat' dir='ltr'>me</span> <span class='ocrx_word' id='word_1_128' title='bbox 1282 1692 1377 1729; x_wconf 87' lang='lat' dir='ltr'>eas</span> <span class='ocrx_word' id='word_1_129' title='bbox 1421 1675 1837 1745; x_wconf 88' lang='lat' dir='ltr'>impertiissem.</span> 
     </span>
    </p>
   </div>
   <div class='ocr_carea' id='block_1_19' title="bbox 1915 519 3507 599">
    <p class='ocr_par' dir='ltr' id='par_1_19' title="bbox 1915 519 3507 599">
     <span class='ocr_line' id='line_1_19' title="bbox 1915 519 3507 599; baseline 0.006 -24"><span class='ocrx_word' id='word_1_130' title='bbox 1915 520 2065 575; x_wconf 91' lang='lat' dir='ltr'>Deus</span> <span class='ocrx_word' id='word_1_131' title='bbox 2095 536 2154 572; x_wconf 90' lang='lat' dir='ltr'>se</span> <span class='ocrx_word' id='word_1_132' title='bbox 2175 519 2359 589; x_wconf 89' lang='lat' dir='ltr'>ipsum</span> <span class='ocrx_word' id='word_1_133' title='bbox 2382 519 2453 572; x_wconf 91' lang='lat' dir='ltr'>iis</span> <span class='ocrx_word' id='word_1_134' title='bbox 2482 536 2517 573; x_wconf 89' lang='lat' dir='ltr'>a</span> <span class='ocrx_word' id='word_1_135' title='bbox 2546 520 2746 588; x_wconf 87' lang='lat' dir='ltr'>quibus</span> <span class='ocrx_word' id='word_1_136' title='bbox 2775 521 3030 592; x_wconf 82' lang='lat' dir='ltr'>diligitur</span> <span class='ocrx_word' id='word_1_137' title='bbox 3053 524 3301 580; x_wconf 85' lang='lat' dir='ltr'>donans:</span> <span class='ocrx_word' id='word_1_138' title='bbox 3342 530 3507 599; x_wconf 80' lang='lat' dir='ltr'>cujus</span> 
     </span>
    </p>
   </div>
   <div class='ocr_carea' id='block_1_20' title="bbox 1917 608 3510 689">
    <p class='ocr_par' dir='ltr' id='par_1_20' title="bbox 1917 608 3510 689">
     <span class='ocr_line' id='line_1_20' title="bbox 1917 608 3510 689; baseline 0.006 -28"><span class='ocrx_word' id='word_1_139' title='bbox 1917 614 1973 661; x_wconf 92' lang='lat' dir='ltr'>et</span> <span class='ocrx_word' id='word_1_140' title='bbox 2000 608 2357 678; x_wconf 87' lang='lat' dir='ltr'>pulchritudo</span> <span class='ocrx_word' id='word_1_141' title='bbox 2389 624 2647 665; x_wconf 86' lang='lat' dir='ltr'>sermone</span> <span class='ocrx_word' id='word_1_142' title='bbox 2675 611 2829 662; x_wconf 90' lang='lat' dir='ltr'>omni</span> <span class='ocrx_word' id='word_1_143' title='bbox 2853 612 3211 681; x_wconf 69' lang='lat' dir='ltr'>praestantior</span> <span class='ocrx_word' id='word_1_144' title='bbox 3226 620 3510 689; x_wconf 83' lang='lat' dir='ltr'>est,etpo—</span> 
     </span>
    </p>
   </div>
   <div class='ocr_carea' id='block_1_21' title="bbox 1915 697 3511 774">
    <p class='ocr_par' dir='ltr' id='par_1_21' title="bbox 1915 697 3511 774">
     <span class='ocr_line' id='line_1_21' title="bbox 1915 697 3511 774; baseline 0.008 -25"><span class='ocrx_word' id='word_1_145' title='bbox 1915 697 2095 750; x_wconf 87' lang='lat' dir='ltr'>tentia</span> <span class='ocrx_word' id='word_1_146' title='bbox 2121 697 2344 755; x_wconf 82' lang='lat' dir='ltr'>invicta.</span> <span class='ocrx_word' id='word_1_147' title='bbox 2377 703 2435 750; x_wconf 91' lang='lat' dir='ltr'>et</span> <span class='ocrx_word' id='word_1_148' title='bbox 2459 697 3073 768; x_wconf 85' lang='lat' dir='ltr'>gloriasempiterna,et</span> <span class='ocrx_word' id='word_1_149' title='bbox 3100 703 3422 774; x_wconf 65' lang='lat' dir='ltr'>cujuszhona</span> <span class='ocrx_word' id='word_1_150' title='bbox 3442 723 3511 762; x_wconf 89' lang='lat' dir='ltr'>ea</span> 
     </span>
    </p>
   </div>
   <div class='ocr_carea' id='block_1_22' title="bbox 1919 782 3509 861">
    <p class='ocr_par' dir='ltr' id='par_1_22' title="bbox 1919 782 3509 861">
     <span class='ocr_line' id='line_1_22' title="bbox 1919 782 3509 861; baseline 0.008 -23"><span class='ocrx_word' id='word_1_151' title='bbox 1919 802 2041 856; x_wconf 84' lang='lat' dir='ltr'>quae</span> <span class='ocrx_word' id='word_1_152' title='bbox 2067 782 2243 856; x_wconf 89' lang='lat' dir='ltr'>ipsius</span> <span class='ocrx_word' id='word_1_153' title='bbox 2281 786 2491 839; x_wconf 85' lang='lat' dir='ltr'>amicos</span> <span class='ocrx_word' id='word_1_154' title='bbox 2521 791 2771 852; x_wconf 86' lang='lat' dir='ltr'>manent,</span> <span class='ocrx_word' id='word_1_155' title='bbox 2803 790 2993 843; x_wconf 86' lang='lat' dir='ltr'>omnia</span> <span class='ocrx_word' id='word_1_156' title='bbox 3023 808 3146 861; x_wconf 69' lang='lat' dir='ltr'>quae</span> <span class='ocrx_word' id='word_1_157' title='bbox 3184 794 3360 848; x_wconf 86' lang='lat' dir='ltr'>oculis</span> <span class='ocrx_word' id='word_1_158' title='bbox 3384 796 3509 849; x_wconf 82' lang='lat' dir='ltr'>cer-</span> 
     </span>
    </p>
   </div>
   <div class='ocr_carea' id='block_1_23' title="bbox 1921 873 3512 951">
    <p class='ocr_par' dir='ltr' id='par_1_23' title="bbox 1921 873 3512 951">
     <span class='ocr_line' id='line_1_23' title="bbox 1921 873 3512 951; baseline 0.008 -24"><span class='ocrx_word' id='word_1_159' title='bbox 1921 881 2135 927; x_wconf 90' lang='lat' dir='ltr'>nuntur</span> <span class='ocrx_word' id='word_1_160' title='bbox 2154 873 2687 945; x_wconf 88' lang='lat' dir='ltr'>imcomparabiliter</span> <span class='ocrx_word' id='word_1_161' title='bbox 2728 878 3070 932; x_wconf 86' lang='lat' dir='ltr'>antecellunt</span> <span class='ocrx_word' id='word_1_162' title='bbox 3101 898 3112 933; x_wconf 89' lang='lat'>:</span> <span class='ocrx_word' id='word_1_163' title='bbox 3144 898 3267 951; x_wconf 66' lang='lat' dir='ltr'>quae</span> <span class='ocrx_word' id='word_1_164' title='bbox 3314 885 3512 939; x_wconf 85' lang='lat' dir='ltr'>oculus</span> 
     </span>
    </p>
   </div>
   <div class='ocr_carea' id='block_1_24' title="bbox 1921 963 3512 1029">
    <p class='ocr_par' dir='ltr' id='par_1_24' title="bbox 1921 963 3512 1029">
     <span class='ocr_line' id='line_1_24' title="bbox 1921 963 3512 1029; baseline 0.007 -13"><span class='ocrx_word' id='word_1_165' title='bbox 1921 978 2033 1016; x_wconf 89' lang='lat' dir='ltr'>non</span> <span class='ocrx_word' id='word_1_166' title='bbox 2072 963 2225 1029; x_wconf 88' lang='lat' dir='ltr'>vidit,</span> <span class='ocrx_word' id='word_1_167' title='bbox 2260 979 2363 1017; x_wconf 92' lang='lat' dir='ltr'>nec</span> <span class='ocrx_word' id='word_1_168' title='bbox 2399 963 2552 1017; x_wconf 90' lang='lat' dir='ltr'>auris</span> <span class='ocrx_word' id='word_1_169' title='bbox 2593 964 2822 1029; x_wconf 86' lang='lat' dir='ltr'>audivit,</span> <span class='ocrx_word' id='word_1_170' title='bbox 2866 982 2968 1020; x_wconf 91' lang='lat' dir='ltr'>nec</span> <span class='ocrx_word' id='word_1_171' title='bbox 3016 968 3075 1022; x_wconf 89' lang='lat' dir='ltr'>in</span> <span class='ocrx_word' id='word_1_172' title='bbox 3129 986 3225 1024; x_wconf 89' lang='lat' dir='ltr'>cor</span> <span class='ocrx_word' id='word_1_173' title='bbox 3256 972 3512 1027; x_wconf 70' lang='lat' dir='ltr'>.hominis</span> 
     </span>
    </p>
   </div>
   <div class='ocr_carea' id='block_1_25' title="bbox 1920 1051 3515 1123">
    <p class='ocr_par' dir='ltr' id='par_1_25' title="bbox 1920 1051 3515 1123">
     <span class='ocr_line' id='line_1_25' title="bbox 1920 1051 3515 1123; baseline 0.007 -18"><span class='ocrx_word' id='word_1_174' title='bbox 1920 1051 2295 1107; x_wconf 87' lang='lat' dir='ltr'>ascenderunt</span> <span class='ocrx_word' id='word_1_175' title='bbox 2323 1054 2373 1122; x_wconf 85' lang='grc' dir='ltr'>(Ι</span> <span class='ocrx_word' id='word_1_176' title='bbox 2396 1052 2514 1123; x_wconf 71' lang='lat' dir='ltr'>Cor.</span> <span class='ocrx_word' id='word_1_177' title='bbox 2542 1054 2597 1119; x_wconf 79' lang='lat'>1|)</span> <span class='ocrx_word' id='word_1_178' title='bbox 2629 1053 2653 1104; x_wconf 74' lang='lat'><strong>7</strong></span> <span class='ocrx_word' id='word_1_179' title='bbox 2691 1053 2942 1116; x_wconf 86' lang='lat' dir='ltr'>Quorum</span> <span class='ocrx_word' id='word_1_180' title='bbox 2972 1057 3187 1111; x_wconf 87' lang='lat' dir='ltr'>utinam</span> <span class='ocrx_word' id='word_1_181' title='bbox 3217 1060 3320 1113; x_wconf 88' lang='lat' dir='ltr'>tibi</span> <span class='ocrx_word' id='word_1_182' title='bbox 3342 1061 3515 1116; x_wconf 86' lang='lat' dir='ltr'>robu-</span> 
     </span>
    </p>
   </div>
   <div class='ocr_carea' id='block_1_26' title="bbox 1921 1140 3514 1211">
    <p class='ocr_par' dir='ltr' id='par_1_26' title="bbox 1921 1140 3514 1211">
     <span class='ocr_line' id='line_1_26' title="bbox 1921 1140 3514 1211; baseline 0.009 -19"><span class='ocrx_word' id='word_1_183' title='bbox 1921 1140 2167 1193; x_wconf 87' lang='lat' dir='ltr'>stissima</span> <span class='ocrx_word' id='word_1_184' title='bbox 2187 1141 2287 1194; x_wconf 91' lang='lat' dir='ltr'>Dei</span> <span class='ocrx_word' id='word_1_185' title='bbox 2321 1157 2490 1195; x_wconf 88' lang='lat' dir='ltr'>manu</span> <span class='ocrx_word' id='word_1_186' title='bbox 2521 1147 2681 1211; x_wconf 90' lang='lat' dir='ltr'>septo</span> <span class='ocrx_word' id='word_1_187' title='bbox 2729 1159 2795 1196; x_wconf 90' lang='lat' dir='ltr'>ac</span> <span class='ocrx_word' id='word_1_188' title='bbox 2819 1144 3038 1198; x_wconf 89' lang='lat' dir='ltr'>munito</span> <span class='ocrx_word' id='word_1_189' title='bbox 3078 1146 3364 1211; x_wconf 65' lang='lat' dir='ltr'>.haeredem</span> <span class='ocrx_word' id='word_1_190' title='bbox 3386 1167 3514 1206; x_wconf 85' lang='lat' dir='ltr'>esse</span> 
     </span>
    </p>
   </div>
   <div class='ocr_carea' id='block_1_27' title="bbox 1923 1229 2259 1298">
    <p class='ocr_par' dir='ltr' id='par_1_27' title="bbox 1923 1229 2259 1298">
     <span class='ocr_line' id='line_1_27' title="bbox 1923 1229 2259 1298; baseline 0 -17"><span class='ocrx_word' id='word_1_191' title='bbox 1923 1229 2213 1298; x_wconf 85' lang='lat' dir='ltr'>contingat</span> <span class='ocrx_word' id='word_1_192' title='bbox 2247 1230 2259 1281; x_wconf 86' lang='lat'><strong>!</strong></span> 
     </span>
    </p>
   </div>
   <div class='ocr_carea' id='block_1_28' title="bbox 1993 1317 3513 1395">
    <p class='ocr_par' dir='ltr' id='par_1_28' title="bbox 1993 1317 3513 1395">
     <span class='ocr_line' id='line_1_28' title="bbox 1993 1317 3513 1395; baseline 0.008 -25"><span class='ocrx_word' id='word_1_193' title='bbox 1993 1317 2161 1386; x_wconf 85' lang='lat' dir='ltr'>Regis</span> <span class='ocrx_word' id='word_1_194' title='bbox 2191 1325 2379 1372; x_wconf 90' lang='lat' dir='ltr'>autem</span> <span class='ocrx_word' id='word_1_195' title='bbox 2398 1320 2842 1392; x_wconf 72' lang='lat' dir='ltr'>ﬁliuslacrymis</span> <span class='ocrx_word' id='word_1_196' title='bbox 2874 1323 3149 1392; x_wconf 87' lang='lat' dir='ltr'>perfusus,</span> <span class='ocrx_word' id='word_1_197' title='bbox 3183 1324 3513 1395; x_wconf 80' lang='lat' dir='ltr'>angebatur,</span> 
     </span>
    </p>
   </div>
   <div class='ocr_carea' id='block_1_29' title="bbox 1922 1409 3530 1483">
    <p class='ocr_par' dir='ltr' id='par_1_29' title="bbox 1922 1409 3530 1483">
     <span class='ocr_line' id='line_1_29' title="bbox 1922 1409 3530 1483; baseline 0.008 -25"><span class='ocrx_word' id='word_1_198' title='bbox 1922 1422 1987 1458; x_wconf 88' lang='lat' dir='ltr'>ac</span> <span class='ocrx_word' id='word_1_199' title='bbox 2016 1423 2237 1461; x_wconf 86' lang='lat' dir='ltr'>summa</span> <span class='ocrx_word' id='word_1_200' title='bbox 2266 1409 2522 1463; x_wconf 86' lang='lat' dir='ltr'>molestia</span> <span class='ocrx_word' id='word_1_201' title='bbox 2550 1410 2915 1477; x_wconf 82' lang='lat' dir='ltr'>afﬁciebatur,</span> <span class='ocrx_word' id='word_1_202' title='bbox 2949 1420 3013 1466; x_wconf 93' lang='lat' dir='ltr'>ut</span> <span class='ocrx_word' id='word_1_203' title='bbox 3041 1412 3135 1483; x_wconf 91' lang='lat' dir='ltr'>qui</span> <span class='ocrx_word' id='word_1_204' title='bbox 3156 1412 3227 1467; x_wconf 89' lang='lat' dir='ltr'>ab</span> <span class='ocrx_word' id='word_1_205' title='bbox 3251 1417 3530 1471; x_wconf 74' lang='lat' dir='ltr'>amantis-&#39;</span> 
     </span>
    </p>
   </div>
   <div class='ocr_carea' id='block_1_30' title="bbox 1923 1494 3521 1575">
    <p class='ocr_par' dir='ltr' id='par_1_30' title="bbox 1923 1494 3521 1575">
     <span class='ocr_line' id='line_1_30' title="bbox 1923 1494 3521 1575; baseline 0.008 -28"><span class='ocrx_word' id='word_1_206' title='bbox 1923 1494 2064 1548; x_wconf 92' lang='lat' dir='ltr'>simo</span> <span class='ocrx_word' id='word_1_207' title='bbox 2087 1503 2244 1566; x_wconf 87' lang='lat' dir='ltr'>patre</span> <span class='ocrx_word' id='word_1_208' title='bbox 2274 1514 2339 1550; x_wconf 87' lang='lat' dir='ltr'>ac</span> <span class='ocrx_word' id='word_1_209' title='bbox 2356 1500 2820 1567; x_wconf 85' lang='lat' dir='ltr'>praestantissimo</span> <span class='ocrx_word' id='word_1_210' title='bbox 2847 1501 3117 1570; x_wconf 84' lang='lat' dir='ltr'>magistro</span> <span class='ocrx_word' id='word_1_211' title='bbox 3147 1503 3389 1575; x_wconf 88' lang='lat' dir='ltr'>relinqui</span> <span class='ocrx_word' id='word_1_212' title='bbox 3414 1506 3521 1559; x_wconf 78' lang='lat' dir='ltr'>mi-</span> 
     </span>
    </p>
   </div>
   <div class='ocr_carea' id='block_1_31' title="bbox 1922 1584 3516 1663">
    <p class='ocr_par' dir='ltr' id='par_1_31' title="bbox 1922 1584 3516 1663">
     <span class='ocr_line' id='line_1_31' title="bbox 1922 1584 3516 1663; baseline 0.008 -28"><span class='ocrx_word' id='word_1_213' title='bbox 1922 1584 2075 1637; x_wconf 90' lang='lat' dir='ltr'>nime</span> <span class='ocrx_word' id='word_1_214' title='bbox 2122 1586 2446 1640; x_wconf 89' lang='lat' dir='ltr'>sustineret.</span> <span class='ocrx_word' id='word_1_215' title='bbox 2482 1588 2551 1641; x_wconf 89' lang='lat' dir='ltr'>Et</span> <span class='ocrx_word' id='word_1_216' title='bbox 2586 1588 2864 1657; x_wconf 88' lang='lat' dir='ltr'>quisnam,</span> <span class='ocrx_word' id='word_1_217' title='bbox 2922 1586 3233 1660; x_wconf 79' lang='lat' dir='ltr'>inquiebat,</span> <span class='ocrx_word' id='word_1_218' title='bbox 3268 1609 3301 1646; x_wconf 92' lang='grc' dir='ltr'>ο</span> <span class='ocrx_word' id='word_1_219' title='bbox 3322 1594 3516 1663; x_wconf 84' lang='lat' dir='ltr'>Pater,</span> 
     </span>
    </p>
   </div>
   <div class='ocr_carea' id='block_1_32' title="bbox 1923 1676 3521 1751">
    <p class='ocr_par' dir='ltr' id='par_1_32' title="bbox 1923 1676 3521 1751">
     <span class='ocr_line' id='line_1_32' title="bbox 1923 1676 3521 1751; baseline 0.008 -26"><span class='ocrx_word' id='word_1_220' title='bbox 1923 1678 2050 1725; x_wconf 90' lang='lat' dir='ltr'>tuas</span> <span class='ocrx_word' id='word_1_221' title='bbox 2080 1681 2270 1743; x_wconf 89' lang='lat' dir='ltr'>partes</span> <span class='ocrx_word' id='word_1_222' title='bbox 2297 1676 2565 1745; x_wconf 76' lang='lat' dir='ltr'>explebit“?</span> <span class='ocrx_word' id='word_1_223' title='bbox 2604 1683 2704 1730; x_wconf 89' lang='lat' dir='ltr'>aut</span> <span class='ocrx_word' id='word_1_224' title='bbox 2737 1694 2905 1747; x_wconf 87' lang='lat' dir='ltr'>quem</span> <span class='ocrx_word' id='word_1_225' title='bbox 2934 1680 3164 1732; x_wconf 85' lang='lat' dir='ltr'>tandem</span> <span class='ocrx_word' id='word_1_226' title='bbox 3194 1681 3521 1751; x_wconf 87' lang='lat' dir='ltr'>hujusmodi</span> 
     </span>
    </p>
   </div>
   <div class='ocr_carea' id='block_1_33' title="bbox 249 1764 3521 1845">
    <p class='ocr_par' dir='ltr' id='par_1_33' title="bbox 249 1764 3521 1845">
     <span class='ocr_line' id='line_1_33' title="bbox 249 1764 3521 1845; baseline 0.002 -26"><span class='ocrx_word' id='word_1_227' title='bbox 249 1765 521 1829; x_wconf 88' lang='lat' dir='ltr'>Quoniam</span> <span class='ocrx_word' id='word_1_228' title='bbox 548 1771 739 1819; x_wconf 90' lang='lat' dir='ltr'>autem</span> <span class='ocrx_word' id='word_1_229' title='bbox 761 1765 1051 1819; x_wconf 83' lang='lat' dir='ltr'>exitiosam</span> <span class='ocrx_word' id='word_1_230' title='bbox 1074 1781 1269 1818; x_wconf 90' lang='lat' dir='ltr'>earum</span> <span class='ocrx_word' id='word_1_231' title='bbox 1290 1764 1698 1834; x_wconf 88' lang='lat' dir='ltr'>possessionem</span> <span class='ocrx_word' id='word_1_232' title='bbox 1720 1780 1841 1818; x_wconf 91' lang='lat' dir='ltr'>esse</span> <span class='ocrx_word' id='word_1_233' title='bbox 1864 1788 1905 1845; x_wconf 74' lang='grc' dir='ltr'>Β</span> <span class='ocrx_word' id='word_1_234' title='bbox 1924 1768 2207 1831; x_wconf 83' lang='lat' dir='ltr'>pastorem</span> <span class='ocrx_word' id='word_1_235' title='bbox 2230 1780 2294 1817; x_wconf 88' lang='lat' dir='ltr'>ac</span> <span class='ocrx_word' id='word_1_236' title='bbox 2322 1765 2520 1818; x_wconf 91' lang='lat' dir='ltr'>ducem</span> <span class='ocrx_word' id='word_1_237' title='bbox 2545 1767 2811 1835; x_wconf 90' lang='lat' dir='ltr'>consequi</span> <span class='ocrx_word' id='word_1_238' title='bbox 2840 1769 3069 1837; x_wconf 84' lang='lat' dir='ltr'>potero?</span> <span class='ocrx_word' id='word_1_239' title='bbox 3098 1773 3157 1822; x_wconf 88' lang='lat' dir='ltr'>et</span> <span class='ocrx_word' id='word_1_240' title='bbox 3169 1786 3415 1839; x_wconf 86' lang='lat' dir='ltr'>quonam</span> <span class='ocrx_word' id='word_1_241' title='bbox 3434 1788 3521 1826; x_wconf 86' lang='lat' dir='ltr'>so-</span> 
     </span>
    </p>
   </div>
   <div class='ocr_carea' id='block_1_34' title="bbox 249 1853 1840 1924">
    <p class='ocr_par' dir='ltr' id='par_1_34' title="bbox 249 1853 1840 1924">
     <span class='ocr_line' id='line_1_34' title="bbox 249 1853 1840 1924; baseline 0 -17"><span class='ocrx_word' id='word_1_242' title='bbox 249 1854 371 1918; x_wconf 85' lang='lat' dir='ltr'>scio,</span> <span class='ocrx_word' id='word_1_243' title='bbox 404 1870 509 1907; x_wconf 90' lang='lat' dir='ltr'>nec</span> <span class='ocrx_word' id='word_1_244' title='bbox 534 1854 679 1920; x_wconf 91' lang='lat' dir='ltr'>illos,</span> <span class='ocrx_word' id='word_1_245' title='bbox 715 1870 816 1908; x_wconf 91' lang='lat' dir='ltr'>nec</span> <span class='ocrx_word' id='word_1_246' title='bbox 844 1869 934 1907; x_wconf 89' lang='lat' dir='ltr'>me</span> <span class='ocrx_word' id='word_1_247' title='bbox 960 1854 1097 1907; x_wconf 89' lang='lat' dir='ltr'>item</span> <span class='ocrx_word' id='word_1_248' title='bbox 1131 1854 1455 1924; x_wconf 90' lang='lat' dir='ltr'>hujusmodi</span> <span class='ocrx_word' id='word_1_249' title='bbox 1484 1854 1701 1923; x_wconf 89' lang='lat' dir='ltr'>laqueis</span> <span class='ocrx_word' id='word_1_250' title='bbox 1733 1853 1840 1907; x_wconf 92' lang='lat' dir='ltr'>im-</span> 
     </span>
    </p>
   </div>
   <div class='ocr_carea' id='block_1_35' title="bbox 249 1942 508 2011">
    <p class='ocr_par' dir='ltr' id='par_1_35' title="bbox 249 1942 508 2011">
     <span class='ocr_line' id='line_1_35' title="bbox 249 1942 508 2011; baseline 0.008 -17"><span class='ocrx_word' id='word_1_251' title='bbox 249 1942 444 2011; x_wconf 74' lang='lat' dir='ltr'>plicata</span> <span class='ocrx_word' id='word_1_252' title='bbox 464 1943 508 1996; x_wconf 86' lang='grc'>¹.</span> 
     </span>
    </p>
   </div>
   <div class='ocr_carea' id='block_1_36' title="bbox 310 2029 1842 2102">
    <p class='ocr_par' dir='ltr' id='par_1_36' title="bbox 310 2029 1842 2102">
     <span class='ocr_line' id='line_1_36' title="bbox 310 2029 1842 2102; baseline -0.001 -17"><span class='ocrx_word' id='word_1_253' title='bbox 310 2032 456 2087; x_wconf 86' lang='lat' dir='ltr'>Cum</span> <span class='ocrx_word' id='word_1_254' title='bbox 485 2031 663 2101; x_wconf 88' lang='lat' dir='ltr'>igitur</span> <span class='ocrx_word' id='word_1_255' title='bbox 689 2046 761 2084; x_wconf 90' lang='lat' dir='ltr'>ne</span> <span class='ocrx_word' id='word_1_256' title='bbox 788 2031 893 2085; x_wconf 90' lang='lat' dir='ltr'>hoc</span> <span class='ocrx_word' id='word_1_257' title='bbox 915 2030 1257 2101; x_wconf 85' lang='lat' dir='ltr'>quoqueipsi</span> <span class='ocrx_word' id='word_1_258' title='bbox 1276 2030 1615 2102; x_wconf 85' lang='lat' dir='ltr'>persuadere</span> <span class='ocrx_word' id='word_1_259' title='bbox 1632 2029 1842 2102; x_wconf 90' lang='lat' dir='ltr'>potuis-</span> 
     </span>
    </p>
   </div>
   <div class='ocr_carea' id='block_1_37' title="bbox 246 2119 1834 2189">
    <p class='ocr_par' dir='ltr' id='par_1_37' title="bbox 246 2119 1834 2189">
     <span class='ocr_line' id='line_1_37' title="bbox 246 2119 1834 2189; baseline -0.001 -16"><span class='ocrx_word' id='word_1_260' title='bbox 246 2124 338 2185; x_wconf 84' lang='lat' dir='ltr'>set,</span> <span class='ocrx_word' id='word_1_261' title='bbox 358 2120 436 2173; x_wconf 85' lang='lat' dir='ltr'>ad</span> <span class='ocrx_word' id='word_1_262' title='bbox 456 2120 695 2173; x_wconf 84' lang='lat' dir='ltr'>alteram</span> <span class='ocrx_word' id='word_1_263' title='bbox 719 2119 1048 2189; x_wconf 86' lang='lat' dir='ltr'>petitionem</span> <span class='ocrx_word' id='word_1_264' title='bbox 1071 2135 1297 2173; x_wconf 89' lang='lat' dir='ltr'>rursum</span> <span class='ocrx_word' id='word_1_265' title='bbox 1317 2136 1376 2173; x_wconf 91' lang='lat' dir='ltr'>se</span> <span class='ocrx_word' id='word_1_266' title='bbox 1401 2119 1834 2189; x_wconf 83' lang='lat' dir='ltr'>convertit,sup-</span> 
     </span>
    </p>
   </div>
   <div class='ocr_carea' id='block_1_38' title="bbox 247 2207 1841 2280">
    <p class='ocr_par' dir='ltr' id='par_1_38' title="bbox 247 2207 1841 2280">
     <span class='ocr_line' id='line_1_38' title="bbox 247 2207 1841 2280; baseline -0.002 -17"><span class='ocrx_word' id='word_1_267' title='bbox 247 2211 477 2280; x_wconf 80' lang='lat' dir='ltr'>plexque</span> <span class='ocrx_word' id='word_1_268' title='bbox 506 2208 577 2263; x_wconf 87' lang='lat' dir='ltr'>ab</span> <span class='ocrx_word' id='word_1_269' title='bbox 608 2225 677 2263; x_wconf 90' lang='lat' dir='ltr'>eo</span> <span class='ocrx_word' id='word_1_270' title='bbox 702 2208 866 2279; x_wconf 88' lang='lat' dir='ltr'>petiit</span> <span class='ocrx_word' id='word_1_271' title='bbox 892 2224 962 2261; x_wconf 91' lang='lat' dir='ltr'>ne</span> <span class='ocrx_word' id='word_1_272' title='bbox 983 2225 1175 2280; x_wconf 88' lang='lat' dir='ltr'>preces</span> <span class='ocrx_word' id='word_1_273' title='bbox 1196 2225 1326 2262; x_wconf 89' lang='lat' dir='ltr'>suas</span> <span class='ocrx_word' id='word_1_274' title='bbox 1343 2207 1574 2261; x_wconf 88' lang='lat' dir='ltr'>omnino</span> <span class='ocrx_word' id='word_1_275' title='bbox 1598 2208 1841 2277; x_wconf 86' lang='lat' dir='ltr'>neglige-</span> 
     </span>
    </p>
   </div>
   <div class='ocr_carea' id='block_1_39' title="bbox 247 2290 1839 2367">
    <p class='ocr_par' dir='ltr' id='par_1_39' title="bbox 247 2290 1839 2367">
     <span class='ocr_line' id='line_1_39' title="bbox 247 2290 1839 2367; baseline -0.001 -15"><span class='ocrx_word' id='word_1_276' title='bbox 247 2306 337 2363; x_wconf 85' lang='lat' dir='ltr'>ret,</span> <span class='ocrx_word' id='word_1_277' title='bbox 356 2316 465 2352; x_wconf 89' lang='lat' dir='ltr'>nec</span> <span class='ocrx_word' id='word_1_278' title='bbox 493 2316 555 2353; x_wconf 91' lang='lat' dir='ltr'>se</span> <span class='ocrx_word' id='word_1_279' title='bbox 589 2290 742 2352; x_wconf 87' lang='lat' dir='ltr'>omni</span> <span class='ocrx_word' id='word_1_280' title='bbox 765 2295 1043 2351; x_wconf 65' lang='lat' dir='ltr'>maestitiae</span> <span class='ocrx_word' id='word_1_281' title='bbox 1062 2314 1269 2367; x_wconf 87' lang='lat' dir='ltr'>genere</span> <span class='ocrx_word' id='word_1_282' title='bbox 1292 2297 1839 2367; x_wconf 83' lang='lat' dir='ltr'>proﬂigaret.verum</span> 
     </span>
    </p>
   </div>
   <div class='ocr_carea' id='block_1_40' title="bbox 246 2385 1840 2457">
    <p class='ocr_par' dir='ltr' id='par_1_40' title="bbox 246 2385 1840 2457">
     <span class='ocr_line' id='line_1_40' title="bbox 246 2385 1840 2457; baseline -0.002 -15"><span class='ocrx_word' id='word_1_283' title='bbox 246 2396 301 2442; x_wconf 86' lang='lat' dir='ltr'>ut</span> <span class='ocrx_word' id='word_1_284' title='bbox 320 2388 596 2442; x_wconf 88' lang='lat' dir='ltr'>detritum</span> <span class='ocrx_word' id='word_1_285' title='bbox 619 2387 756 2441; x_wconf 90' lang='lat' dir='ltr'>illud</span> <span class='ocrx_word' id='word_1_286' title='bbox 772 2395 828 2440; x_wconf 89' lang='lat' dir='ltr'>et</span> <span class='ocrx_word' id='word_1_287' title='bbox 849 2402 1204 2457; x_wconf 89' lang='lat' dir='ltr'>asperum,ac</span> <span class='ocrx_word' id='word_1_288' title='bbox 1218 2391 1499 2440; x_wconf 84' lang='lat' dir='ltr'>vetustate</span> <span class='ocrx_word' id='word_1_289' title='bbox 1527 2385 1840 2439; x_wconf 87' lang='lat' dir='ltr'>confectum</span> 
     </span>
    </p>
   </div>
   <div class='ocr_carea' id='block_1_41' title="bbox 245 2474 1841 2548">
    <p class='ocr_par' dir='ltr' id='par_1_41' title="bbox 245 2474 1841 2548">
     <span class='ocr_line' id='line_1_41' title="bbox 245 2474 1841 2548; baseline -0.003 -17"><span class='ocrx_word' id='word_1_290' title='bbox 245 2477 470 2548; x_wconf 88' lang='lat' dir='ltr'>pallium</span> <span class='ocrx_word' id='word_1_291' title='bbox 495 2481 637 2541; x_wconf 91' lang='lat' dir='ltr'>(tum</span> <span class='ocrx_word' id='word_1_292' title='bbox 657 2476 728 2529; x_wconf 89' lang='lat' dir='ltr'>ad</span> <span class='ocrx_word' id='word_1_293' title='bbox 748 2476 1022 2545; x_wconf 85' lang='lat' dir='ltr'>religiosae</span> <span class='ocrx_word' id='word_1_294' title='bbox 1040 2476 1295 2543; x_wconf 83' lang='lat' dir='ltr'>magistri</span> <span class='ocrx_word' id='word_1_295' title='bbox 1320 2475 1407 2528; x_wconf 92' lang='lat' dir='ltr'>sui</span> <span class='ocrx_word' id='word_1_296' title='bbox 1429 2474 1555 2528; x_wconf 67' lang='lat' dir='ltr'>vita:</span> <span class='ocrx_word' id='word_1_297' title='bbox 1576 2474 1841 2527; x_wconf 85' lang='lat' dir='ltr'>refrican-</span> 
     </span>
    </p>
   </div>
   <div class='ocr_carea' id='block_1_42' title="bbox 243 2563 1839 2634">
    <p class='ocr_par' dir='ltr' id='par_1_42' title="bbox 243 2563 1839 2634">
     <span class='ocr_line' id='line_1_42' title="bbox 243 2563 1839 2634; baseline -0.003 -15"><span class='ocrx_word' id='word_1_298' title='bbox 243 2565 362 2619; x_wconf 86' lang='lat' dir='ltr'>dam</span> <span class='ocrx_word' id='word_1_299' title='bbox 395 2566 756 2624; x_wconf 85' lang='lat' dir='ltr'>memoriam,</span> <span class='ocrx_word' id='word_1_300' title='bbox 786 2565 992 2618; x_wconf 88' lang='lat' dir='ltr'>tumad</span> <span class='ocrx_word' id='word_1_301' title='bbox 1018 2563 1341 2634; x_wconf 66' lang='lat' dir='ltr'>praesidium</span> <span class='ocrx_word' id='word_1_302' title='bbox 1363 2563 1629 2616; x_wconf 88' lang='lat' dir='ltr'>adversus</span> <span class='ocrx_word' id='word_1_303' title='bbox 1645 2578 1839 2616; x_wconf 91' lang='lat' dir='ltr'>omnes</span> 
     </span>
    </p>
   </div>
   <div class='ocr_carea' id='block_1_43' title="bbox 246 2652 1838 2723">
    <p class='ocr_par' dir='ltr' id='par_1_43' title="bbox 246 2652 1838 2723">
     <span class='ocr_line' id='line_1_43' title="bbox 246 2652 1838 2723; baseline -0.003 -14"><span class='ocrx_word' id='word_1_304' title='bbox 246 2655 458 2709; x_wconf 86' lang='lat' dir='ltr'>Satanae</span> <span class='ocrx_word' id='word_1_305' title='bbox 490 2656 741 2720; x_wconf 74' lang='lat' dir='ltr'>afﬂatus)</span> <span class='ocrx_word' id='word_1_306' title='bbox 772 2654 877 2707; x_wconf 89' lang='lat' dir='ltr'>sibi</span> <span class='ocrx_word' id='word_1_307' title='bbox 899 2654 1263 2723; x_wconf 89' lang='lat' dir='ltr'>relinqueret,</span> <span class='ocrx_word' id='word_1_308' title='bbox 1295 2657 1464 2722; x_wconf 87' lang='lat' dir='ltr'>atque</span> <span class='ocrx_word' id='word_1_309' title='bbox 1493 2652 1612 2722; x_wconf 91' lang='lat' dir='ltr'>ipse</span> <span class='ocrx_word' id='word_1_310' title='bbox 1644 2668 1743 2721; x_wconf 89' lang='lat' dir='ltr'>pro</span> <span class='ocrx_word' id='word_1_311' title='bbox 1772 2668 1838 2705; x_wconf 89' lang='lat' dir='ltr'>eo</span> 
     </span>
    </p>
   </div>
   <div class='ocr_carea' id='block_1_44' title="bbox 246 2740 1838 2814">
    <p class='ocr_par' dir='ltr' id='par_1_44' title="bbox 246 2740 1838 2814">
     <span class='ocr_line' id='line_1_44' title="bbox 246 2740 1838 2814; baseline -0.001 -19"><span class='ocrx_word' id='word_1_312' title='bbox 246 2742 381 2797; x_wconf 89' lang='lat' dir='ltr'>aliud</span> <span class='ocrx_word' id='word_1_313' title='bbox 407 2743 731 2814; x_wconf 86' lang='lat' dir='ltr'>acciperet:</span> <span class='ocrx_word' id='word_1_314' title='bbox 764 2759 874 2813; x_wconf 92' lang='lat' dir='ltr'>quo</span> <span class='ocrx_word' id='word_1_315' title='bbox 902 2742 1131 2807; x_wconf 88' lang='lat' dir='ltr'>scilicet,</span> <span class='ocrx_word' id='word_1_316' title='bbox 1166 2741 1370 2811; x_wconf 89' lang='lat' dir='ltr'>inquit,</span> <span class='ocrx_word' id='word_1_317' title='bbox 1408 2740 1464 2793; x_wconf 87' lang='lat' dir='ltr'>id</span> <span class='ocrx_word' id='word_1_318' title='bbox 1506 2740 1653 2810; x_wconf 91' lang='lat' dir='ltr'>quod</span> <span class='ocrx_word' id='word_1_319' title='bbox 1684 2757 1718 2793; x_wconf 90' lang='lat' dir='ltr'>a</span> <span class='ocrx_word' id='word_1_320' title='bbox 1748 2756 1838 2793; x_wconf 90' lang='lat' dir='ltr'>me</span> 
     </span>
    </p>
   </div>
   <div class='ocr_carea' id='block_1_45' title="bbox 246 2830 1837 2903">
    <p class='ocr_par' dir='ltr' id='par_1_45' title="bbox 246 2830 1837 2903">
     <span class='ocr_line' id='line_1_45' title="bbox 246 2830 1837 2903; baseline -0.003 -18"><span class='ocrx_word' id='word_1_321' title='bbox 246 2832 431 2886; x_wconf 86' lang='lat' dir='ltr'>datum</span> <span class='ocrx_word' id='word_1_322' title='bbox 455 2832 648 2897; x_wconf 86' lang='lat' dir='ltr'>fuerit,</span> <span class='ocrx_word' id='word_1_323' title='bbox 682 2832 1040 2903; x_wconf 87' lang='lat' dir='ltr'>perspiciens,</span> <span class='ocrx_word' id='word_1_324' title='bbox 1075 2830 1411 2885; x_wconf 88' lang='lat' dir='ltr'>humilitatis</span> <span class='ocrx_word' id='word_1_325' title='bbox 1455 2846 1595 2883; x_wconf 65' lang='lat' dir='ltr'>mese</span> <span class='ocrx_word' id='word_1_326' title='bbox 1621 2845 1837 2882; x_wconf 90' lang='lat' dir='ltr'>memo-</span> 
     </span>
    </p>
   </div>
   <div class='ocr_carea' id='block_1_46' title="bbox 246 2922 677 2977">
    <p class='ocr_par' dir='ltr' id='par_1_46' title="bbox 246 2922 677 2977">
     <span class='ocr_line' id='line_1_46' title="bbox 246 2922 677 2977; baseline -0.002 -3"><span class='ocrx_word' id='word_1_327' title='bbox 246 2922 375 2977; x_wconf 85' lang='lat' dir='ltr'>riam</span> <span class='ocrx_word' id='word_1_328' title='bbox 407 2922 677 2977; x_wconf 86' lang='lat' dir='ltr'>retineas.</span> 
     </span>
    </p>
   </div>
   <div class='ocr_carea' id='block_1_47' title="bbox 308 3007 1838 3077">
    <p class='ocr_par' dir='ltr' id='par_1_47' title="bbox 308 3007 1838 3077">
     <span class='ocr_line' id='line_1_47' title="bbox 308 3007 1838 3077; baseline -0.003 -13"><span class='ocrx_word' id='word_1_329' title='bbox 308 3012 400 3064; x_wconf 82' lang='lat' dir='ltr'>Ait</span> <span class='ocrx_word' id='word_1_330' title='bbox 411 3016 608 3064; x_wconf 88' lang='lat' dir='ltr'>autem</span> <span class='ocrx_word' id='word_1_331' title='bbox 629 3026 816 3064; x_wconf 84' lang='lat' dir='ltr'>senex:</span> <span class='ocrx_word' id='word_1_332' title='bbox 835 3010 1016 3063; x_wconf 59' lang='lat' dir='ltr'>«Vetus</span> <span class='ocrx_word' id='word_1_333' title='bbox 1036 3024 1225 3062; x_wconf 88' lang='lat' dir='ltr'>meum</span> <span class='ocrx_word' id='word_1_334' title='bbox 1236 3024 1301 3062; x_wconf 92' lang='lat' dir='ltr'>ac</span> <span class='ocrx_word' id='word_1_335' title='bbox 1320 3007 1588 3061; x_wconf 87' lang='lat' dir='ltr'>detritum</span> <span class='ocrx_word' id='word_1_336' title='bbox 1605 3007 1838 3077; x_wconf 88' lang='lat' dir='ltr'>pallium</span> 
     </span>
    </p>
   </div>
   <div class='ocr_carea' id='block_1_48' title="bbox 247 3090 1838 3169">
    <p class='ocr_par' dir='ltr' id='par_1_48' title="bbox 247 3090 1838 3169">
     <span class='ocr_line' id='line_1_48' title="bbox 247 3090 1838 3169; baseline -0.002 -17"><span class='ocrx_word' id='word_1_337' title='bbox 247 3099 337 3152; x_wconf 88' lang='lat' dir='ltr'>tibi</span> <span class='ocrx_word' id='word_1_338' title='bbox 363 3101 516 3154; x_wconf 90' lang='lat' dir='ltr'>dono</span> <span class='ocrx_word' id='word_1_339' title='bbox 547 3100 705 3165; x_wconf 90' lang='lat' dir='ltr'>dare,</span> <span class='ocrx_word' id='word_1_340' title='bbox 738 3098 1002 3169; x_wconf 90' lang='lat' dir='ltr'>aliudque</span> <span class='ocrx_word' id='word_1_341' title='bbox 1032 3114 1236 3151; x_wconf 91' lang='lat' dir='ltr'>novum</span> <span class='ocrx_word' id='word_1_342' title='bbox 1267 3097 1661 3150; x_wconf 89' lang='lat' dir='ltr'>indumentum</span> <span class='ocrx_word' id='word_1_343' title='bbox 1691 3090 1838 3150; x_wconf 88' lang='lat' dir='ltr'>acci-</span> 
     </span>
    </p>
   </div>
   <div class='ocr_carea' id='block_1_49' title="bbox 248 3184 1840 3258">
    <p class='ocr_par' dir='ltr' id='par_1_49' title="bbox 248 3184 1840 3258">
     <span class='ocr_line' id='line_1_49' title="bbox 248 3184 1840 3258; baseline -0.003 -16"><span class='ocrx_word' id='word_1_344' title='bbox 248 3204 385 3258; x_wconf 88' lang='lat' dir='ltr'>pere,</span> <span class='ocrx_word' id='word_1_345' title='bbox 412 3188 557 3242; x_wconf 87' lang='lat' dir='ltr'>mihi</span> <span class='ocrx_word' id='word_1_346' title='bbox 578 3204 693 3241; x_wconf 92' lang='lat' dir='ltr'>non</span> <span class='ocrx_word' id='word_1_347' title='bbox 714 3188 942 3251; x_wconf 91' lang='lat' dir='ltr'>licet,ne</span> <span class='ocrx_word' id='word_1_348' title='bbox 955 3186 1141 3256; x_wconf 83' lang='lat' dir='ltr'>exigui</span> <span class='ocrx_word' id='word_1_349' title='bbox 1160 3185 1269 3239; x_wconf 90' lang='lat' dir='ltr'>mei</span> <span class='ocrx_word' id='word_1_350' title='bbox 1291 3185 1497 3239; x_wconf 86' lang='lat' dir='ltr'>laboris</span> <span class='ocrx_word' id='word_1_351' title='bbox 1525 3184 1840 3238; x_wconf 88' lang='lat' dir='ltr'>mercedem</span> 
     </span>
    </p>
   </div>
   <div class='ocr_carea' id='block_1_50' title="bbox 244 3273 1834 3349">
    <p class='ocr_par' dir='ltr' id='par_1_50' title="bbox 244 3273 1834 3349">
     <span class='ocr_line' id='line_1_50' title="bbox 244 3273 1834 3349; baseline -0.002 -19"><span class='ocrx_word' id='word_1_352' title='bbox 244 3275 322 3332; x_wconf 89' lang='lat' dir='ltr'>hic</span> <span class='ocrx_word' id='word_1_353' title='bbox 339 3278 619 3349; x_wconf 80' lang='lat' dir='ltr'>recepisse</span> <span class='ocrx_word' id='word_1_354' title='bbox 639 3277 829 3331; x_wconf 86' lang='lat' dir='ltr'>divina</span> <span class='ocrx_word' id='word_1_355' title='bbox 858 3276 1139 3329; x_wconf 84' lang='lat' dir='ltr'>sententia</span> <span class='ocrx_word' id='word_1_356' title='bbox 1156 3273 1501 3345; x_wconf 83' lang='lat' dir='ltr'>pronuntiet.</span> <span class='ocrx_word' id='word_1_357' title='bbox 1534 3275 1834 3339; x_wconf 70' lang='lat' dir='ltr'>Caeterum,</span> 
     </span>
    </p>
   </div>
   <div class='ocr_carea' id='block_1_51' title="bbox 246 3365 1838 3429">
    <p class='ocr_par' dir='ltr' id='par_1_51' title="bbox 246 3365 1838 3429">
     <span class='ocr_line' id='line_1_51' title="bbox 246 3365 1838 3429; baseline -0.003 -9"><span class='ocrx_word' id='word_1_358' title='bbox 246 3383 308 3420; x_wconf 88' lang='lat' dir='ltr'>ne</span> <span class='ocrx_word' id='word_1_359' title='bbox 333 3374 494 3421; x_wconf 87' lang='lat' dir='ltr'>tuam</span> <span class='ocrx_word' id='word_1_360' title='bbox 505 3367 684 3420; x_wconf 87' lang='lat' dir='ltr'>animi</span> <span class='ocrx_word' id='word_1_361' title='bbox 700 3365 1047 3419; x_wconf 85' lang='lat' dir='ltr'>alacritatem</span> <span class='ocrx_word' id='word_1_362' title='bbox 1078 3365 1398 3429; x_wconf 85' lang='lat' dir='ltr'>retundam,</span> <span class='ocrx_word' id='word_1_363' title='bbox 1415 3368 1655 3427; x_wconf 89' lang='lat' dir='ltr'>vetusta,</span> <span class='ocrx_word' id='word_1_364' title='bbox 1680 3379 1785 3416; x_wconf 92' lang='lat' dir='ltr'>nec</span> <span class='ocrx_word' id='word_1_365' title='bbox 1803 3379 1838 3417; x_wconf 89' lang='lat' dir='ltr'>a</span> 
     </span>
    </p>
   </div>
   <div class='ocr_carea' id='block_1_52' title="bbox 247 3452 1835 3527">
    <p class='ocr_par' dir='ltr' id='par_1_52' title="bbox 247 3452 1835 3527">
     <span class='ocr_line' id='line_1_52' title="bbox 247 3452 1835 3527; baseline -0.003 -17"><span class='ocrx_word' id='word_1_366' title='bbox 247 3457 372 3510; x_wconf 87' lang='lat' dir='ltr'>meis</span> <span class='ocrx_word' id='word_1_367' title='bbox 393 3456 706 3527; x_wconf 85' lang='lat' dir='ltr'>quidquam</span> <span class='ocrx_word' id='word_1_368' title='bbox 727 3456 969 3515; x_wconf 85' lang='lat' dir='ltr'>diversa,</span> <span class='ocrx_word' id='word_1_369' title='bbox 986 3470 1053 3507; x_wconf 88' lang='lat' dir='ltr'>ea</span> <span class='ocrx_word' id='word_1_370' title='bbox 1074 3454 1405 3507; x_wconf 88' lang='lat' dir='ltr'>indumenta</span> <span class='ocrx_word' id='word_1_371' title='bbox 1415 3453 1546 3516; x_wconf 87' lang='lat' dir='ltr'>sint,</span> <span class='ocrx_word' id='word_1_372' title='bbox 1556 3469 1678 3522; x_wconf 76' lang='lat' dir='ltr'>quae</span> <span class='ocrx_word' id='word_1_373' title='bbox 1695 3452 1835 3505; x_wconf 89' lang='lat' dir='ltr'>mihi</span> 
     </span>
    </p>
   </div>
   <div class='ocr_carea' id='block_1_53' title="bbox 245 3543 1835 3616">
    <p class='ocr_par' dir='ltr' id='par_1_53' title="bbox 245 3543 1835 3616">
     <span class='ocr_line' id='line_1_53' title="bbox 245 3543 1835 3616; baseline -0.001 -19"><span class='ocrx_word' id='word_1_374' title='bbox 245 3544 332 3599; x_wconf 88' lang='lat' dir='ltr'>abs</span> <span class='ocrx_word' id='word_1_375' title='bbox 358 3552 417 3599; x_wconf 90' lang='lat' dir='ltr'>te</span> <span class='ocrx_word' id='word_1_376' title='bbox 439 3545 820 3616; x_wconf 85' lang='lat' dir='ltr'>porrigentur.</span> <span class='ocrx_word' id='word_1_377' title='bbox 844 3543 1022 3614; x_wconf 80' lang='lat' dir='ltr'>Regis</span> <span class='ocrx_word' id='word_1_378' title='bbox 1047 3543 1238 3612; x_wconf 88' lang='lat' dir='ltr'>itaque</span> <span class='ocrx_word' id='word_1_379' title='bbox 1266 3543 1435 3608; x_wconf 85' lang='lat' dir='ltr'>ﬁlius,</span> <span class='ocrx_word' id='word_1_380' title='bbox 1457 3557 1587 3595; x_wconf 89' lang='lat' dir='ltr'>cum</span> <span class='ocrx_word' id='word_1_381' title='bbox 1606 3558 1835 3612; x_wconf 87' lang='lat' dir='ltr'>asperos</span> 
     </span>
    </p>
   </div>
   <div class='ocr_carea' id='block_1_54' title="bbox 245 3632 1834 3704">
    <p class='ocr_par' dir='ltr' id='par_1_54' title="bbox 245 3632 1834 3704">
     <span class='ocr_line' id='line_1_54' title="bbox 245 3632 1834 3704; baseline -0.001 -17"><span class='ocrx_word' id='word_1_382' title='bbox 245 3636 509 3704; x_wconf 88' lang='lat' dir='ltr'>quosdam</span> <span class='ocrx_word' id='word_1_383' title='bbox 558 3651 624 3687; x_wconf 83' lang='lat' dir='ltr'>ac</span> <span class='ocrx_word' id='word_1_384' title='bbox 667 3638 920 3688; x_wconf 80' lang='lat' dir='ltr'>vetustos</span> <span class='ocrx_word' id='word_1_385' title='bbox 961 3648 1178 3703; x_wconf 88' lang='lat' dir='ltr'>pannos</span> <span class='ocrx_word' id='word_1_386' title='bbox 1220 3632 1580 3702; x_wconf 67' lang='lat' dir='ltr'>quaesivisset,</span> <span class='ocrx_word' id='word_1_387' title='bbox 1627 3648 1834 3701; x_wconf 87' lang='lat' dir='ltr'>eosque</span> 
     </span>
    </p>
   </div>
   <div class='ocr_carea' id='block_1_55' title="bbox 244 3722 1829 3793">
    <p class='ocr_par' dir='ltr' id='par_1_55' title="bbox 244 3722 1829 3793">
     <span class='ocr_line' id='line_1_55' title="bbox 244 3722 1829 3793; baseline -0.002 -16"><span class='ocrx_word' id='word_1_388' title='bbox 244 3724 350 3777; x_wconf 86' lang='lat' dir='ltr'>seni</span> <span class='ocrx_word' id='word_1_389' title='bbox 368 3724 642 3789; x_wconf 80' lang='lat' dir='ltr'>dedisset,</span> <span class='ocrx_word' id='word_1_390' title='bbox 677 3724 855 3793; x_wconf 86' lang='lat' dir='ltr'>ipsius</span> <span class='ocrx_word' id='word_1_391' title='bbox 879 3728 1032 3776; x_wconf 87' lang='lat' dir='ltr'>veste</span> <span class='ocrx_word' id='word_1_392' title='bbox 1048 3722 1285 3779; x_wconf 90' lang='lat' dir='ltr'>invicem</span> <span class='ocrx_word' id='word_1_393' title='bbox 1301 3726 1548 3791; x_wconf 85' lang='lat' dir='ltr'>accepta,</span> <span class='ocrx_word' id='word_1_394' title='bbox 1568 3736 1829 3791; x_wconf 86' lang='lat' dir='ltr'>magnam</span> 
     </span>
    </p>
   </div>
   <div class='ocr_carea' id='block_1_56' title="bbox 246 3810 1832 3882">
    <p class='ocr_par' dir='ltr' id='par_1_56' title="bbox 246 3810 1832 3882">
     <span class='ocr_line' id='line_1_56' title="bbox 246 3810 1832 3882; baseline -0.001 -18"><span class='ocrx_word' id='word_1_395' title='bbox 246 3812 361 3867; x_wconf 89' lang='lat' dir='ltr'>inde</span> <span class='ocrx_word' id='word_1_396' title='bbox 390 3813 648 3867; x_wconf 70' lang='lat' dir='ltr'>laetitiam</span> <span class='ocrx_word' id='word_1_397' title='bbox 679 3812 950 3882; x_wconf 87' lang='lat' dir='ltr'>concepit,</span> <span class='ocrx_word' id='word_1_398' title='bbox 977 3811 1171 3882; x_wconf 82' lang='lat' dir='ltr'>quavis</span> <span class='ocrx_word' id='word_1_399' title='bbox 1198 3826 1449 3881; x_wconf 87' lang='lat' dir='ltr'>purpura</span> <span class='ocrx_word' id='word_1_400' title='bbox 1475 3826 1539 3863; x_wconf 88' lang='lat' dir='ltr'>ac</span> <span class='ocrx_word' id='word_1_401' title='bbox 1560 3810 1715 3879; x_wconf 87' lang='lat' dir='ltr'>regio</span> <span class='ocrx_word' id='word_1_402' title='bbox 1745 3826 1832 3863; x_wconf 88' lang='lat' dir='ltr'>or-</span> 
     </span>
    </p>
   </div>
   <div class='ocr_carea' id='block_1_57' title="bbox 242 3898 1831 3970">
    <p class='ocr_par' dir='ltr' id='par_1_57' title="bbox 242 3898 1831 3970">
     <span class='ocr_line' id='line_1_57' title="bbox 242 3898 1831 3970; baseline -0.001 -16"><span class='ocrx_word' id='word_1_403' title='bbox 242 3908 501 3955; x_wconf 86' lang='lat' dir='ltr'>namento</span> <span class='ocrx_word' id='word_1_404' title='bbox 527 3902 671 3954; x_wconf 87' lang='lat' dir='ltr'>citra</span> <span class='ocrx_word' id='word_1_405' title='bbox 702 3917 926 3954; x_wconf 90' lang='lat' dir='ltr'>omnem</span> <span class='ocrx_word' id='word_1_406' title='bbox 956 3900 1431 3970; x_wconf 89' lang='lat' dir='ltr'>comparationem</span> <span class='ocrx_word' id='word_1_407' title='bbox 1476 3898 1831 3969; x_wconf 81' lang='lat' dir='ltr'>praestantio-</span> 
     </span>
    </p>
   </div>
   <div class='ocr_carea' id='block_1_58' title="bbox 241 3989 893 4044">
    <p class='ocr_par' dir='ltr' id='par_1_58' title="bbox 241 3989 893 4044">
     <span class='ocr_line' id='line_1_58' title="bbox 241 3989 893 4044; baseline 0 -1"><span class='ocrx_word' id='word_1_408' title='bbox 241 4005 347 4043; x_wconf 87' lang='lat' dir='ltr'>rem</span> <span class='ocrx_word' id='word_1_409' title='bbox 375 4006 505 4043; x_wconf 88' lang='lat' dir='ltr'>eam</span> <span class='ocrx_word' id='word_1_410' title='bbox 544 3989 893 4044; x_wconf 85' lang='lat' dir='ltr'>existimans.</span> 
     </span>
    </p>
   </div>
   <div class='ocr_carea' id='block_1_59' title="bbox 304 4076 1832 4147">
    <p class='ocr_par' dir='ltr' id='par_1_59' title="bbox 304 4076 1832 4147">
     <span class='ocr_line' id='line_1_59' title="bbox 304 4076 1832 4147; baseline -0.002 -14"><span class='ocrx_word' id='word_1_411' title='bbox 304 4079 700 4133; x_wconf 72' lang='lat' dir='ltr'>Divinissnmus</span> <span class='ocrx_word' id='word_1_412' title='bbox 715 4078 1196 4147; x_wconf 88' lang='lat' dir='ltr'>autemBarlaamj</span> <span class='ocrx_word' id='word_1_413' title='bbox 1204 4093 1294 4130; x_wconf 90' lang='lat' dir='ltr'>am</span> <span class='ocrx_word' id='word_1_414' title='bbox 1306 4078 1537 4146; x_wconf 87' lang='lat' dir='ltr'>jamque</span> <span class='ocrx_word' id='word_1_415' title='bbox 1548 4076 1832 4130; x_wconf 85' lang='lat' dir='ltr'>discedere</span> 
     </span>
    </p>
   </div>
   <div class='ocr_carea' id='block_1_60' title="bbox 238 4165 1831 4239">
    <p class='ocr_par' dir='ltr' id='par_1_60' title="bbox 238 4165 1831 4239">
     <span class='ocr_line' id='line_1_60' title="bbox 238 4165 1831 4239; baseline -0.003 -18"><span class='ocrx_word' id='word_1_416' title='bbox 238 4170 478 4238; x_wconf 87' lang='lat' dir='ltr'>cupiens,</span> <span class='ocrx_word' id='word_1_417' title='bbox 499 4185 567 4222; x_wconf 90' lang='lat' dir='ltr'>ea</span> <span class='ocrx_word' id='word_1_418' title='bbox 596 4185 720 4239; x_wconf 68' lang='lat' dir='ltr'>quae</span> <span class='ocrx_word' id='word_1_419' title='bbox 736 4168 806 4221; x_wconf 90' lang='lat' dir='ltr'>ad</span> <span class='ocrx_word' id='word_1_420' title='bbox 832 4168 1142 4221; x_wconf 82' lang='lat' dir='ltr'>discessum</span> <span class='ocrx_word' id='word_1_421' title='bbox 1170 4165 1528 4236; x_wconf 83' lang='lat' dir='ltr'>pertinebant</span> <span class='ocrx_word' id='word_1_422' title='bbox 1562 4165 1831 4235; x_wconf 88' lang='lat' dir='ltr'>loqueba-</span> 
     </span>
    </p>
   </div>
   <div class='ocr_carea' id='block_1_61' title="bbox 237 4250 1825 4329">
    <p class='ocr_par' dir='ltr' id='par_1_61' title="bbox 237 4250 1825 4329">
     <span class='ocr_line' id='line_1_61' title="bbox 237 4250 1825 4329; baseline -0.001 -20"><span class='ocrx_word' id='word_1_423' title='bbox 237 4260 339 4323; x_wconf 72' lang='lat' dir='ltr'>tur,</span> <span class='ocrx_word' id='word_1_424' title='bbox 386 4250 843 4329; x_wconf 84' lang='lat' dir='ltr'>postremamque</span> <span class='ocrx_word' id='word_1_425' title='bbox 872 4256 1016 4309; x_wconf 88' lang='lat' dir='ltr'>hanc</span> <span class='ocrx_word' id='word_1_426' title='bbox 1056 4255 1163 4326; x_wconf 90' lang='lat' dir='ltr'>ipsi</span> <span class='ocrx_word' id='word_1_427' title='bbox 1198 4254 1510 4308; x_wconf 89' lang='lat' dir='ltr'>doctrinam</span> <span class='ocrx_word' id='word_1_428' title='bbox 1553 4254 1825 4309; x_wconf 86' lang='lat' dir='ltr'>adhibuit.</span> 
     </span>
    </p>
   </div>
   <div class='ocr_carea' id='block_1_62' title="bbox 238 4343 1829 4414">
    <p class='ocr_par' dir='ltr' id='par_1_62' title="bbox 238 4343 1829 4414">
     <span class='ocr_line' id='line_1_62' title="bbox 238 4343 1829 4414; baseline 0.001 -18"><span class='ocrx_word' id='word_1_429' title='bbox 238 4343 572 4398; x_wconf 85' lang='lat' dir='ltr'>Charissime</span> <span class='ocrx_word' id='word_1_430' title='bbox 601 4345 795 4410; x_wconf 85' lang='lat' dir='ltr'>frater,</span> <span class='ocrx_word' id='word_1_431' title='bbox 829 4344 1030 4414; x_wconf 90' lang='lat' dir='ltr'>inquit,</span> <span class='ocrx_word' id='word_1_432' title='bbox 1072 4359 1137 4397; x_wconf 89' lang='lat' dir='ltr'>ac</span> <span class='ocrx_word' id='word_1_433' title='bbox 1159 4343 1490 4397; x_wconf 88' lang='lat' dir='ltr'>suavissime</span> <span class='ocrx_word' id='word_1_434' title='bbox 1528 4343 1626 4405; x_wconf 88' lang='lat' dir='ltr'>fili,</span> <span class='ocrx_word' id='word_1_435' title='bbox 1660 4359 1829 4413; x_wconf 88' lang='lat' dir='ltr'>quem</span> 
     </span>
    </p>
   </div>
   <div class='ocr_carea' id='block_1_63' title="bbox 1924 1850 3520 1930">
    <p class='ocr_par' dir='ltr' id='par_1_63' title="bbox 1924 1850 3520 1930">
     <span class='ocr_line' id='line_1_63' title="bbox 1924 1850 3520 1930; baseline 0.007 -27"><span class='ocrx_word' id='word_1_436' title='bbox 1924 1850 2058 1904; x_wconf 90' lang='lat' dir='ltr'>latio</span> <span class='ocrx_word' id='word_1_437' title='bbox 2078 1852 2417 1906; x_wconf 86' lang='lat' dir='ltr'>desiderium</span> <span class='ocrx_word' id='word_1_438' title='bbox 2431 1855 2513 1907; x_wconf 90' lang='lat' dir='ltr'>tui</span> <span class='ocrx_word' id='word_1_439' title='bbox 2530 1854 2742 1907; x_wconf 80' lang='lat' dir='ltr'>lenibo‘?</span> <span class='ocrx_word' id='word_1_440' title='bbox 2758 1856 2894 1909; x_wconf 88' lang='lat' dir='ltr'>Ecce</span> <span class='ocrx_word' id='word_1_441' title='bbox 2915 1856 3063 1910; x_wconf 87' lang='lat' dir='ltr'>enim</span> <span class='ocrx_word' id='word_1_442' title='bbox 3088 1874 3177 1911; x_wconf 90' lang='lat' dir='ltr'>me</span> <span class='ocrx_word' id='word_1_443' title='bbox 3199 1858 3520 1930; x_wconf 80' lang='lat' dir='ltr'>imprqbum</span> 
     </span>
    </p>
   </div>
   <div class='ocr_carea' id='block_1_64' title="bbox 1925 1940 3519 2017">
    <p class='ocr_par' dir='ltr' id='par_1_64' title="bbox 1925 1940 3519 2017">
     <span class='ocr_line' id='line_1_64' title="bbox 1925 1940 3519 2017; baseline 0.006 -24"><span class='ocrx_word' id='word_1_444' title='bbox 1925 1956 1989 1993; x_wconf 87' lang='lat' dir='ltr'>ac</span> <span class='ocrx_word' id='word_1_445' title='bbox 2017 1940 2137 1993; x_wconf 43' lang='lat' dir='ltr'>rein</span> <span class='ocrx_word' id='word_1_446' title='bbox 2152 1942 2281 1993; x_wconf 68' lang='lat' dir='ltr'>Iiem</span> <span class='ocrx_word' id='word_1_447' title='bbox 2302 1958 2524 1995; x_wconf 90' lang='lat' dir='ltr'>servum</span> <span class='ocrx_word' id='word_1_448' title='bbox 2547 1941 2617 1995; x_wconf 88' lang='lat' dir='ltr'>ad</span> <span class='ocrx_word' id='word_1_449' title='bbox 2649 1944 2825 1998; x_wconf 88' lang='lat' dir='ltr'>Deum</span> <span class='ocrx_word' id='word_1_450' title='bbox 2846 1945 3519 2017; x_wconf 70' lang='lat' dir='ltr'>adduxisti,atque.in.ﬁlii</span> 
     </span>
    </p>
   </div>
   <div class='ocr_carea' id='block_1_65' title="bbox 1925 2029 3521 2107">
    <p class='ocr_par' dir='ltr' id='par_1_65' title="bbox 1925 2029 3521 2107">
     <span class='ocr_line' id='line_1_65' title="bbox 1925 2029 3521 2107; baseline 0.006 -25"><span class='ocrx_word' id='word_1_451' title='bbox 1925 2035 1981 2082; x_wconf 90' lang='lat' dir='ltr'>et</span> <span class='ocrx_word' id='word_1_452' title='bbox 2012 2029 2246 2083; x_wconf 66' lang='lat' dir='ltr'>haeredis</span> <span class='ocrx_word' id='word_1_453' title='bbox 2278 2030 2454 2084; x_wconf 87' lang='lat' dir='ltr'>classe</span> <span class='ocrx_word' id='word_1_454' title='bbox 2481 2032 2784 2099; x_wconf 89' lang='lat' dir='ltr'>collocasti,</span> <span class='ocrx_word' id='word_1_455' title='bbox 2819 2050 2885 2087; x_wconf 89' lang='lat' dir='ltr'>ac</span> <span class='ocrx_word' id='word_1_456' title='bbox 2913 2051 3003 2088; x_wconf 90' lang='lat' dir='ltr'>me</span> <span class='ocrx_word' id='word_1_457' title='bbox 3030 2036 3521 2107; x_wconf 75' lang='lat' dir='ltr'>.perditumatque</span> 
     </span>
    </p>
   </div>
   <div class='ocr_carea' id='block_1_66' title="bbox 1922 2118 3521 2195">
    <p class='ocr_par' dir='ltr' id='par_1_66' title="bbox 1922 2118 3521 2195">
     <span class='ocr_line' id='line_1_66' title="bbox 1922 2118 3521 2195; baseline 0.006 -25"><span class='ocrx_word' id='word_1_458' title='bbox 1922 2118 2185 2171; x_wconf 91' lang='lat' dir='ltr'>omnibus</span> <span class='ocrx_word' id='word_1_459' title='bbox 2200 2119 2394 2172; x_wconf 88' lang='lat' dir='ltr'>bestiis</span> <span class='ocrx_word' id='word_1_460' title='bbox 2405 2121 2650 2190; x_wconf 64' lang='lat' dir='ltr'>praedam</span> <span class='ocrx_word' id='word_1_461' title='bbox 2662 2123 2982 2192; x_wconf 83' lang='lat' dir='ltr'>expositum</span> <span class='ocrx_word' id='word_1_462' title='bbox 2994 2124 3521 2195; x_wconf 68' lang='lat' dir='ltr'>exquisiisti,m</span> 
     </span>
    </p>
   </div>
   <div class='ocr_carea' id='block_1_67' title="bbox 1922 2208 3518 2281">
    <p class='ocr_par' dir='ltr' id='par_1_67' title="bbox 1922 2208 3518 2281">
     <span class='ocr_line' id='line_1_67' title="bbox 1922 2208 3518 2281; baseline 0.005 -21"><span class='ocrx_word' id='word_1_463' title='bbox 1922 2212 2121 2261; x_wconf 83' lang='lat' dir='ltr'>etcum</span> <span class='ocrx_word' id='word_1_464' title='bbox 2140 2208 2208 2261; x_wconf 88' lang='lat' dir='ltr'>iis</span> <span class='ocrx_word' id='word_1_465' title='bbox 2224 2209 2326 2261; x_wconf 91' lang='lat' dir='ltr'>Dei</span> <span class='ocrx_word' id='word_1_466' title='bbox 2364 2209 2557 2263; x_wconf 82' lang='lat' dir='ltr'>ovibus</span> <span class='ocrx_word' id='word_1_467' title='bbox 2586 2227 2708 2281; x_wconf 58' lang='lat' dir='ltr'>quas</span> <span class='ocrx_word' id='word_1_468' title='bbox 2738 2212 2971 2266; x_wconf 91' lang='lat' dir='ltr'>minime</span> <span class='ocrx_word' id='word_1_469' title='bbox 3001 2213 3400 2279; x_wconf 83' lang='lat' dir='ltr'>aberraverant</span> <span class='ocrx_word' id='word_1_470' title='bbox 3424 2216 3518 2268; x_wconf 82' lang='lat' dir='ltr'>od-</span> 
     </span>
    </p>
   </div>
   <div class='ocr_carea' id='block_1_68' title="bbox 1923 2297 3515 2371">
    <p class='ocr_par' dir='ltr' id='par_1_68' title="bbox 1923 2297 3515 2371">
     <span class='ocr_line' id='line_1_68' title="bbox 1923 2297 3515 2371; baseline 0.004 -21"><span class='ocrx_word' id='word_1_471' title='bbox 1923 2297 2161 2367; x_wconf 90' lang='lat' dir='ltr'>pulasti(</span> <span class='ocrx_word' id='word_1_472' title='bbox 2168 2299 2290 2351; x_wconf 82' lang='lat' dir='ltr'>Luc.</span> <span class='ocrx_word' id='word_1_473' title='bbox 2308 2300 2390 2366; x_wconf 85' lang='lat' dir='ltr'>xv)</span> <span class='ocrx_word' id='word_1_474' title='bbox 2403 2306 2593 2369; x_wconf 86' lang='lat' dir='ltr'>,atque</span> <span class='ocrx_word' id='word_1_475' title='bbox 2613 2300 3088 2371; x_wconf 86' lang='lat' dir='ltr'>compendiariam</span> <span class='ocrx_word' id='word_1_476' title='bbox 3106 2304 3355 2357; x_wconf 84' lang='lat' dir='ltr'>veritatis</span> <span class='ocrx_word' id='word_1_477' title='bbox 3368 2304 3515 2356; x_wconf 79' lang='lat' dir='ltr'>viam</span> 
     </span>
    </p>
   </div>
   <div class='ocr_carea' id='block_1_69' title="bbox 1924 2387 3518 2461">
    <p class='ocr_par' dir='ltr' id='par_1_69' title="bbox 1924 2387 3518 2461">
     <span class='ocr_line' id='line_1_69' title="bbox 1924 2387 3518 2461; baseline 0.004 -22"><span class='ocrx_word' id='word_1_478' title='bbox 1924 2387 2063 2439; x_wconf 90' lang='lat' dir='ltr'>mihi</span> <span class='ocrx_word' id='word_1_479' title='bbox 2101 2388 2499 2442; x_wconf 83' lang='lat' dir='ltr'>demonstrasti</span> <span class='ocrx_word' id='word_1_480' title='bbox 2520 2391 2688 2456; x_wconf 77' lang='lat' dir='ltr'>(Psal.</span> <span class='ocrx_word' id='word_1_481' title='bbox 2716 2392 2925 2459; x_wconf 84' lang='lat' dir='ltr'>Lxxxv),</span> <span class='ocrx_word' id='word_1_482' title='bbox 2959 2407 3160 2461; x_wconf 89' lang='lat' dir='ltr'>meque</span> <span class='ocrx_word' id='word_1_483' title='bbox 3178 2390 3518 2445; x_wconf 75' lang='lat' dir='ltr'>detenebris</span> 
     </span>
    </p>
   </div>
   <div class='ocr_carea' id='block_1_70' title="bbox 1923 2476 3519 2551">
    <p class='ocr_par' dir='ltr' id='par_1_70' title="bbox 1923 2476 3519 2551">
     <span class='ocr_line' id='line_1_70' title="bbox 1923 2476 3519 2551; baseline 0.004 -22"><span class='ocrx_word' id='word_1_484' title='bbox 1923 2484 1980 2530; x_wconf 91' lang='lat' dir='ltr'>et</span> <span class='ocrx_word' id='word_1_485' title='bbox 2009 2476 2209 2530; x_wconf 88' lang='lat' dir='ltr'>umbra</span> <span class='ocrx_word' id='word_1_486' title='bbox 2225 2478 2425 2532; x_wconf 83' lang='lat' dir='ltr'>mortis</span> <span class='ocrx_word' id='word_1_487' title='bbox 2450 2477 2692 2532; x_wconf 88' lang='lat' dir='ltr'>eduxisti</span> <span class='ocrx_word' id='word_1_488' title='bbox 2727 2481 2913 2544; x_wconf 59' lang='lat' dir='ltr'>(Luca,</span> <span class='ocrx_word' id='word_1_489' title='bbox 2947 2487 3007 2545; x_wconf 79' lang='grc' dir='ltr'>ι),</span> <span class='ocrx_word' id='word_1_490' title='bbox 3030 2497 3095 2534; x_wconf 91' lang='lat' dir='ltr'>ac</span> <span class='ocrx_word' id='word_1_491' title='bbox 3112 2481 3282 2551; x_wconf 85' lang='lat' dir='ltr'>pedes</span> <span class='ocrx_word' id='word_1_492' title='bbox 3304 2496 3459 2534; x_wconf 89' lang='lat' dir='ltr'>meos</span> <span class='ocrx_word' id='word_1_493' title='bbox 3486 2496 3519 2534; x_wconf 88' lang='lat' dir='ltr'>e</span> 
     </span>
    </p>
   </div>
   <div class='ocr_carea' id='block_1_71' title="bbox 1921 2565 3514 2638">
    <p class='ocr_par' dir='ltr' id='par_1_71' title="bbox 1921 2565 3514 2638">
     <span class='ocr_line' id='line_1_71' title="bbox 1921 2565 3514 2638; baseline 0.002 -19"><span class='ocrx_word' id='word_1_494' title='bbox 1921 2565 2139 2619; x_wconf 88' lang='lat' dir='ltr'>lubrica</span> <span class='ocrx_word' id='word_1_495' title='bbox 2153 2571 2211 2620; x_wconf 92' lang='lat' dir='ltr'>et</span> <span class='ocrx_word' id='word_1_496' title='bbox 2225 2566 2461 2620; x_wconf 84' lang='lat' dir='ltr'>exitiosa</span> <span class='ocrx_word' id='word_1_497' title='bbox 2471 2582 2536 2621; x_wconf 87' lang='lat' dir='ltr'>ac</span> <span class='ocrx_word' id='word_1_498' title='bbox 2555 2584 2818 2638; x_wconf 88' lang='lat' dir='ltr'>perversa</span> <span class='ocrx_word' id='word_1_499' title='bbox 2838 2574 2896 2622; x_wconf 89' lang='lat' dir='ltr'>et</span> <span class='ocrx_word' id='word_1_500' title='bbox 2907 2585 3078 2623; x_wconf 87' lang='lat' dir='ltr'>curva</span> <span class='ocrx_word' id='word_1_501' title='bbox 3099 2570 3189 2622; x_wconf 90' lang='lat' dir='ltr'>via</span> <span class='ocrx_word' id='word_1_502' title='bbox 3206 2568 3514 2623; x_wconf 79' lang='lat' dir='ltr'>extraxisti.</span> 
     </span>
    </p>
   </div>
   <div class='ocr_carea' id='block_1_72' title="bbox 1921 2655 3518 2728">
    <p class='ocr_par' dir='ltr' id='par_1_72' title="bbox 1921 2655 3518 2728">
     <span class='ocr_line' id='line_1_72' title="bbox 1921 2655 3518 2728; baseline 0.001 -19"><span class='ocrx_word' id='word_1_503' title='bbox 1921 2656 2124 2725; x_wconf 86' lang='lat' dir='ltr'>Magna</span> <span class='ocrx_word' id='word_1_504' title='bbox 2146 2661 2202 2708; x_wconf 90' lang='lat' dir='ltr'>et</span> <span class='ocrx_word' id='word_1_505' title='bbox 2217 2655 2551 2712; x_wconf 86' lang='lat' dir='ltr'>admiranda</span> <span class='ocrx_word' id='word_1_506' title='bbox 2565 2657 2703 2713; x_wconf 82' lang='lat' dir='ltr'>mihi</span> <span class='ocrx_word' id='word_1_507' title='bbox 2718 2673 2753 2710; x_wconf 91' lang='lat' dir='ltr'>a</span> <span class='ocrx_word' id='word_1_508' title='bbox 2771 2662 2829 2710; x_wconf 91' lang='lat' dir='ltr'>te</span> <span class='ocrx_word' id='word_1_509' title='bbox 2851 2657 2999 2711; x_wconf 87' lang='lat' dir='ltr'>bona</span> <span class='ocrx_word' id='word_1_510' title='bbox 3017 2662 3143 2711; x_wconf 86' lang='lat' dir='ltr'>orta</span> <span class='ocrx_word' id='word_1_511' title='bbox 3169 2663 3322 2723; x_wconf 90' lang='lat' dir='ltr'>sunt,</span> <span class='ocrx_word' id='word_1_512' title='bbox 3347 2663 3518 2728; x_wconf 79' lang='lat' dir='ltr'>atque</span> 
     </span>
    </p>
   </div>
   <div class='ocr_carea' id='block_1_73' title="bbox 1920 2745 3519 2816">
    <p class='ocr_par' dir='ltr' id='par_1_73' title="bbox 1920 2745 3519 2816">
     <span class='ocr_line' id='line_1_73' title="bbox 1920 2745 3519 2816; baseline 0.003 -20"><span class='ocrx_word' id='word_1_513' title='bbox 1920 2745 2218 2814; x_wconf 80' lang='lat' dir='ltr'>ejusmodi,</span> <span class='ocrx_word' id='word_1_514' title='bbox 2244 2750 2308 2798; x_wconf 91' lang='lat' dir='ltr'>ut</span> <span class='ocrx_word' id='word_1_515' title='bbox 2322 2745 2663 2815; x_wconf 86' lang='lat' dir='ltr'>singularem</span> <span class='ocrx_word' id='word_1_516' title='bbox 2675 2762 2870 2800; x_wconf 88' lang='lat' dir='ltr'>eorum</span> <span class='ocrx_word' id='word_1_517' title='bbox 2884 2746 3335 2816; x_wconf 80' lang='lat' dir='ltr'>magnitudinem</span> <span class='ocrx_word' id='word_1_518' title='bbox 3350 2746 3519 2800; x_wconf 85' lang='lat' dir='ltr'>.nulla</span> 
     </span>
    </p>
   </div>
   <div class='ocr_carea' id='block_1_74' title="bbox 1921 2832 3520 2906">
    <p class='ocr_par' dir='ltr' id='par_1_74' title="bbox 1921 2832 3520 2906">
     <span class='ocr_line' id='line_1_74' title="bbox 1921 2832 3520 2906; baseline 0.002 -20"><span class='ocrx_word' id='word_1_519' title='bbox 1921 2832 2100 2886; x_wconf 88' lang='lat' dir='ltr'>oratio</span> <span class='ocrx_word' id='word_1_520' title='bbox 2117 2834 2383 2904; x_wconf 90' lang='lat' dir='ltr'>consequi</span> <span class='ocrx_word' id='word_1_521' title='bbox 2398 2834 2597 2904; x_wconf 88' lang='lat' dir='ltr'>possit.</span> <span class='ocrx_word' id='word_1_522' title='bbox 2621 2836 2953 2905; x_wconf 88' lang='lat' dir='ltr'>Magnorum</span> <span class='ocrx_word' id='word_1_523' title='bbox 2970 2836 3281 2906; x_wconf 82' lang='lat' dir='ltr'>igituripse</span> <span class='ocrx_word' id='word_1_524' title='bbox 3295 2852 3520 2906; x_wconf 90' lang='lat' dir='ltr'>quoque</span> 
     </span>
    </p>
   </div>
   <div class='ocr_carea' id='block_1_75' title="bbox 1920 2922 3519 2993">
    <p class='ocr_par' dir='ltr' id='par_1_75' title="bbox 1920 2922 3519 2993">
     <span class='ocr_line' id='line_1_75' title="bbox 1920 2922 3519 2993; baseline 0.004 -19"><span class='ocrx_word' id='word_1_525' title='bbox 1920 2937 2022 2991; x_wconf 91' lang='lat' dir='ltr'>pro</span> <span class='ocrx_word' id='word_1_526' title='bbox 2033 2938 2123 2975; x_wconf 85' lang='lat' dir='ltr'>me</span> <span class='ocrx_word' id='word_1_527' title='bbox 2138 2922 2340 2991; x_wconf 87' lang='lat' dir='ltr'>exiguo</span> <span class='ocrx_word' id='word_1_528' title='bbox 2352 2923 2692 2976; x_wconf 90' lang='lat' dir='ltr'>homunculo</span> <span class='ocrx_word' id='word_1_529' title='bbox 2702 2923 2879 2993; x_wconf 87' lang='lat' dir='ltr'>ipsius</span> <span class='ocrx_word' id='word_1_530' title='bbox 2890 2922 3286 2979; x_wconf 85' lang='lat' dir='ltr'>beneﬁciorum</span> <span class='ocrx_word' id='word_1_531' title='bbox 3297 2925 3519 2980; x_wconf 82' lang='lat' dir='ltr'>utinam</span> 
     </span>
    </p>
   </div>
   <div class='ocr_carea' id='block_1_76' title="bbox 1922 3010 3516 3082">
    <p class='ocr_par' dir='ltr' id='par_1_76' title="bbox 1922 3010 3516 3082">
     <span class='ocr_line' id='line_1_76' title="bbox 1922 3010 3516 3082; baseline 0.003 -19"><span class='ocrx_word' id='word_1_532' title='bbox 1922 3010 1998 3063; x_wconf 92' lang='lat' dir='ltr'>sis</span> <span class='ocrx_word' id='word_1_533' title='bbox 2023 3011 2302 3080; x_wconf 89' lang='lat' dir='ltr'>particeps</span> <span class='ocrx_word' id='word_1_534' title='bbox 2328 3011 2340 3064; x_wconf 72' lang='grc' dir='ltr'><strong>Ξ</strong></span> <span class='ocrx_word' id='word_1_535' title='bbox 2366 3023 2536 3082; x_wconf 82' lang='lat' dir='ltr'>atque</span> <span class='ocrx_word' id='word_1_536' title='bbox 2563 3011 2617 3064; x_wconf 89' lang='lat' dir='ltr'>id</span> <span class='ocrx_word' id='word_1_537' title='bbox 2651 3012 2799 3082; x_wconf 90' lang='lat' dir='ltr'>quod</span> <span class='ocrx_word' id='word_1_538' title='bbox 2823 3028 2959 3067; x_wconf 74' lang='lat' dir='ltr'>meae</span> <span class='ocrx_word' id='word_1_539' title='bbox 2979 3013 3292 3082; x_wconf 79' lang='lat' dir='ltr'>gratiarum</span> <span class='ocrx_word' id='word_1_540' title='bbox 3309 3015 3516 3068; x_wconf 86' lang='lat' dir='ltr'>actioni</span> 
     </span>
    </p>
   </div>
   <div class='ocr_carea' id='block_1_77' title="bbox 1882 3094 3516 3171">
    <p class='ocr_par' dir='ltr' id='par_1_77' title="bbox 1882 3094 3516 3171">
     <span class='ocr_line' id='line_1_77' title="bbox 1882 3094 3516 3171; baseline 0.002 -18"><span class='ocrx_word' id='word_1_541' title='bbox 1882 3098 1902 3123; x_wconf 81' lang='lat'>‘</span> <span class='ocrx_word' id='word_1_542' title='bbox 1923 3099 2081 3153; x_wconf 92' lang='lat' dir='ltr'>deest</span> <span class='ocrx_word' id='word_1_543' title='bbox 2102 3100 2321 3169; x_wconf 82' lang='lat' dir='ltr'>expleat</span> <span class='ocrx_word' id='word_1_544' title='bbox 2342 3100 2633 3167; x_wconf 86' lang='lat' dir='ltr'>Dominus,</span> <span class='ocrx_word' id='word_1_545' title='bbox 2660 3094 2764 3171; x_wconf 87' lang='lat' dir='ltr'>qui</span> <span class='ocrx_word' id='word_1_546' title='bbox 2774 3102 2924 3155; x_wconf 91' lang='lat' dir='ltr'>solus</span> <span class='ocrx_word' id='word_1_547' title='bbox 2953 3101 3351 3156; x_wconf 82' lang='lat' dir='ltr'>beneficiorum</span> <span class='ocrx_word' id='word_1_548' title='bbox 3366 3104 3516 3157; x_wconf 80' lang='lat' dir='ltr'>rela-</span> 
     </span>
    </p>
   </div>
   <div class='ocr_carea' id='block_1_78' title="bbox 1922 3188 3432 3262">
    <p class='ocr_par' dir='ltr' id='par_1_78' title="bbox 1922 3188 3432 3262">
     <span class='ocr_line' id='line_1_78' title="bbox 1922 3188 3432 3262; baseline 0.003 -21"><span class='ocrx_word' id='word_1_549' title='bbox 1922 3189 2074 3242; x_wconf 90' lang='lat' dir='ltr'>tione</span> <span class='ocrx_word' id='word_1_550' title='bbox 2105 3203 2200 3242; x_wconf 92' lang='lat' dir='ltr'>eos</span> <span class='ocrx_word' id='word_1_551' title='bbox 2229 3188 2326 3259; x_wconf 90' lang='lat' dir='ltr'>qui</span> <span class='ocrx_word' id='word_1_552' title='bbox 2358 3189 2532 3259; x_wconf 89' lang='lat' dir='ltr'>ipsius</span> <span class='ocrx_word' id='word_1_553' title='bbox 2556 3205 2748 3243; x_wconf 91' lang='lat' dir='ltr'>amore</span> <span class='ocrx_word' id='word_1_554' title='bbox 2771 3190 2994 3260; x_wconf 79' lang='lat' dir='ltr'>praediti</span> <span class='ocrx_word' id='word_1_555' title='bbox 3022 3197 3158 3245; x_wconf 90' lang='lat' dir='ltr'>sunt</span> <span class='ocrx_word' id='word_1_556' title='bbox 3182 3194 3432 3262; x_wconf 80' lang='lat' dir='ltr'>superat.</span> 
     </span>
    </p>
   </div>
   <div class='ocr_carea' id='block_1_79' title="bbox 1991 3278 3511 3352">
    <p class='ocr_par' dir='ltr' id='par_1_79' title="bbox 1991 3278 3511 3352">
     <span class='ocr_line' id='line_1_79' title="bbox 1991 3278 3511 3352; baseline 0.003 -21"><span class='ocrx_word' id='word_1_557' title='bbox 1991 3278 2252 3331; x_wconf 85' lang='lat' dir='ltr'>Barlaam</span> <span class='ocrx_word' id='word_1_558' title='bbox 2283 3283 2493 3345; x_wconf 89' lang='lat' dir='ltr'>autem,</span> <span class='ocrx_word' id='word_1_559' title='bbox 2523 3279 2700 3349; x_wconf 91' lang='lat' dir='ltr'>ipsius</span> <span class='ocrx_word' id='word_1_560' title='bbox 2718 3279 3163 3335; x_wconf 81' lang='lat' dir='ltr'>lamentationes</span> <span class='ocrx_word' id='word_1_561' title='bbox 3189 3285 3511 3352; x_wconf 83' lang='lat' dir='ltr'>amputans,</span> 
     </span>
    </p>
   </div>
   <div class='ocr_carea' id='block_1_80' title="bbox 1918 3367 3511 3440">
    <p class='ocr_par' dir='ltr' id='par_1_80' title="bbox 1918 3367 3511 3440">
     <span class='ocr_line' id='line_1_80' title="bbox 1918 3367 3511 3440; baseline 0.003 -20"><span class='ocrx_word' id='word_1_562' title='bbox 1918 3367 2179 3429; x_wconf 83' lang='lat' dir='ltr'>surrexit,</span> <span class='ocrx_word' id='word_1_563' title='bbox 2216 3372 2386 3437; x_wconf 90' lang='lat' dir='ltr'>atque</span> <span class='ocrx_word' id='word_1_564' title='bbox 2418 3368 2488 3422; x_wconf 91' lang='lat' dir='ltr'>ad</span> <span class='ocrx_word' id='word_1_565' title='bbox 2531 3368 2807 3422; x_wconf 89' lang='lat' dir='ltr'>orandum</span> <span class='ocrx_word' id='word_1_566' title='bbox 2836 3386 2895 3422; x_wconf 88' lang='lat' dir='ltr'>se</span> <span class='ocrx_word' id='word_1_567' title='bbox 2932 3369 3295 3440; x_wconf 88' lang='lat' dir='ltr'>comparavit,</span> <span class='ocrx_word' id='word_1_568' title='bbox 3327 3370 3511 3424; x_wconf 84' lang='lat' dir='ltr'>mani-</span> 
     </span>
    </p>
   </div>
   <div class='ocr_carea' id='block_1_81' title="bbox 1915 3454 3511 3525">
    <p class='ocr_par' dir='ltr' id='par_1_81' title="bbox 1915 3454 3511 3525">
     <span class='ocr_line' id='line_1_81' title="bbox 1915 3454 3511 3525; baseline 0.003 -17"><span class='ocrx_word' id='word_1_569' title='bbox 1915 3454 2131 3525; x_wconf 91' lang='lat' dir='ltr'>busque</span> <span class='ocrx_word' id='word_1_570' title='bbox 2157 3456 2215 3509; x_wconf 91' lang='lat' dir='ltr'>in</span> <span class='ocrx_word' id='word_1_571' title='bbox 2244 3457 2445 3510; x_wconf 70' lang='lat' dir='ltr'>coelum</span> <span class='ocrx_word' id='word_1_572' title='bbox 2474 3455 2727 3521; x_wconf 86' lang='lat' dir='ltr'>sublatis,</span> <span class='ocrx_word' id='word_1_573' title='bbox 2754 3457 2841 3510; x_wconf 89' lang='lat' dir='ltr'>his</span> <span class='ocrx_word' id='word_1_574' title='bbox 2862 3454 3204 3512; x_wconf 78' lang='lat' dir='ltr'>verbisusus</span> <span class='ocrx_word' id='word_1_575' title='bbox 3223 3458 3511 3513; x_wconf 72' lang='lat' dir='ltr'>est:.Deus</span> 
     </span>
    </p>
   </div>
   <div class='ocr_carea' id='block_1_82' title="bbox 1917 3544 3510 3619">
    <p class='ocr_par' dir='ltr' id='par_1_82' title="bbox 1917 3544 3510 3619">
     <span class='ocr_line' id='line_1_82' title="bbox 1917 3544 3510 3619; baseline 0.003 -22"><span class='ocrx_word' id='word_1_576' title='bbox 1917 3548 1973 3597; x_wconf 89' lang='lat' dir='ltr'>et</span> <span class='ocrx_word' id='word_1_577' title='bbox 2001 3545 2169 3598; x_wconf 88' lang='lat' dir='ltr'>Pater</span> <span class='ocrx_word' id='word_1_578' title='bbox 2188 3544 2416 3599; x_wconf 89' lang='lat' dir='ltr'>Domini</span> <span class='ocrx_word' id='word_1_579' title='bbox 2445 3545 2623 3599; x_wconf 88' lang='lat' dir='ltr'>nostri</span> <span class='ocrx_word' id='word_1_580' title='bbox 2642 3546 2775 3601; x_wconf 89' lang='lat' dir='ltr'>Jesu</span> <span class='ocrx_word' id='word_1_581' title='bbox 2791 3546 3123 3617; x_wconf 84' lang='lat' dir='ltr'>Christi,qui</span> <span class='ocrx_word' id='word_1_582' title='bbox 3135 3563 3336 3619; x_wconf 79' lang='lat' dir='ltr'>eaquae</span> <span class='ocrx_word' id='word_1_583' title='bbox 3351 3548 3510 3619; x_wconf 74' lang='lat' dir='ltr'>prius</span> 
     </span>
    </p>
   </div>
   <div class='ocr_carea' id='block_1_83' title="bbox 1915 3633 3539 3707">
    <p class='ocr_par' dir='ltr' id='par_1_83' title="bbox 1915 3633 3539 3707">
     <span class='ocr_line' id='line_1_83' title="bbox 1915 3633 3539 3707; baseline 0.003 -21"><span class='ocrx_word' id='word_1_584' title='bbox 1915 3633 2161 3687; x_wconf 89' lang='lat' dir='ltr'>tenebris</span> <span class='ocrx_word' id='word_1_585' title='bbox 2204 3633 2444 3687; x_wconf 85' lang='lat' dir='ltr'>obducta</span> <span class='ocrx_word' id='word_1_586' title='bbox 2487 3640 2666 3699; x_wconf 91' lang='lat' dir='ltr'>erant,</span> <span class='ocrx_word' id='word_1_587' title='bbox 2718 3635 2840 3688; x_wconf 90' lang='lat' dir='ltr'>luce</span> <span class='ocrx_word' id='word_1_588' title='bbox 2869 3636 3181 3705; x_wconf 87' lang='lat' dir='ltr'>perfudisti,</span> <span class='ocrx_word' id='word_1_589' title='bbox 3220 3641 3390 3707; x_wconf 86' lang='lat' dir='ltr'>atque</span> <span class='ocrx_word' id='word_1_590' title='bbox 3418 3645 3539 3705; x_wconf 80' lang='lat' dir='ltr'>res”</span> 
     </span>
    </p>
   </div>
   <div class='ocr_carea' id='block_1_84' title="bbox 1914 3722 3510 3797">
    <p class='ocr_par' dir='ltr' id='par_1_84' title="bbox 1914 3722 3510 3797">
     <span class='ocr_line' id='line_1_84' title="bbox 1914 3722 3510 3797; baseline 0.003 -22"><span class='ocrx_word' id='word_1_591' title='bbox 1914 3738 2109 3776; x_wconf 89' lang='lat' dir='ltr'>omnes</span> <span class='ocrx_word' id='word_1_592' title='bbox 2138 3722 2409 3788; x_wconf 89' lang='lat' dir='ltr'>conditas,</span> <span class='ocrx_word' id='word_1_593' title='bbox 2443 3729 2561 3777; x_wconf 89' lang='lat' dir='ltr'>tam</span> <span class='ocrx_word' id='word_1_594' title='bbox 2591 3740 2714 3794; x_wconf 86' lang='lat' dir='ltr'>quae</span> <span class='ocrx_word' id='word_1_595' title='bbox 2740 3729 2970 3795; x_wconf 86' lang='lat' dir='ltr'>aspectu</span> <span class='ocrx_word' id='word_1_596' title='bbox 2992 3726 3510 3797; x_wconf 81' lang='lat' dir='ltr'>sentiunturquam</span> 
     </span>
    </p>
   </div>
   <div class='ocr_carea' id='block_1_85' title="bbox 1915 3811 3508 3885">
    <p class='ocr_par' dir='ltr' id='par_1_85' title="bbox 1915 3811 3508 3885">
     <span class='ocr_line' id='line_1_85' title="bbox 1915 3811 3508 3885; baseline 0.003 -21"><span class='ocrx_word' id='word_1_597' title='bbox 1915 3828 2037 3880; x_wconf 85' lang='lat' dir='ltr'>quae</span> <span class='ocrx_word' id='word_1_598' title='bbox 2067 3811 2137 3864; x_wconf 78' lang='lat' dir='ltr'>ab</span> <span class='ocrx_word' id='word_1_599' title='bbox 2168 3812 2457 3866; x_wconf 89' lang='lat' dir='ltr'>oculorum</span> <span class='ocrx_word' id='word_1_600' title='bbox 2484 3829 2654 3866; x_wconf 89' lang='lat' dir='ltr'>sensu</span> <span class='ocrx_word' id='word_1_601' title='bbox 2673 3819 2900 3868; x_wconf 79' lang='lat' dir='ltr'>remotae</span> <span class='ocrx_word' id='word_1_602' title='bbox 2920 3819 3071 3879; x_wconf 91' lang='lat' dir='ltr'>sunt,</span> <span class='ocrx_word' id='word_1_603' title='bbox 3095 3830 3162 3868; x_wconf 87' lang='lat' dir='ltr'>ex</span> <span class='ocrx_word' id='word_1_604' title='bbox 3186 3812 3508 3885; x_wconf 85' lang='lat' dir='ltr'>nihilo.pro-</span> 
     </span>
    </p>
   </div>
   <div class='ocr_carea' id='block_1_86' title="bbox 1914 3898 3509 3973">
    <p class='ocr_par' dir='ltr' id='par_1_86' title="bbox 1914 3898 3509 3973">
     <span class='ocr_line' id='line_1_86' title="bbox 1914 3898 3509 3973; baseline 0.003 -21"><span class='ocrx_word' id='word_1_605' title='bbox 1914 3898 2140 3963; x_wconf 84' lang='lat' dir='ltr'>duxisti,</span> <span class='ocrx_word' id='word_1_606' title='bbox 2150 3900 2245 3970; x_wconf 88' lang='lat' dir='ltr'>qui</span> <span class='ocrx_word' id='word_1_607' title='bbox 2266 3902 2595 3969; x_wconf 85' lang='lat' dir='ltr'>ﬁgmentum</span> <span class='ocrx_word' id='word_1_608' title='bbox 2611 3906 2773 3955; x_wconf 88' lang='lat' dir='ltr'>tuum</span> <span class='ocrx_word' id='word_1_609' title='bbox 2793 3902 3135 3967; x_wconf 86' lang='lat' dir='ltr'>convertisti,</span> <span class='ocrx_word' id='word_1_610' title='bbox 3152 3918 3257 3956; x_wconf 91' lang='lat' dir='ltr'>nec</span> <span class='ocrx_word' id='word_1_611' title='bbox 3268 3919 3370 3968; x_wconf 83' lang='lat' dir='ltr'>nos</span> <span class='ocrx_word' id='word_1_612' title='bbox 3381 3909 3509 3973; x_wconf 88' lang='lat' dir='ltr'>post</span> 
     </span>
    </p>
   </div>
   <div class='ocr_carea' id='block_1_87' title="bbox 1914 3988 3505 4061">
    <p class='ocr_par' dir='ltr' id='par_1_87' title="bbox 1914 3988 3505 4061">
     <span class='ocr_line' id='line_1_87' title="bbox 1914 3988 3505 4061; baseline 0.004 -20"><span class='ocrx_word' id='word_1_613' title='bbox 1914 3988 2297 4059; x_wconf 89' lang='lat' dir='ltr'>insipientiam</span> <span class='ocrx_word' id='word_1_614' title='bbox 2329 3996 2578 4043; x_wconf 87' lang='lat' dir='ltr'>nostram</span> <span class='ocrx_word' id='word_1_615' title='bbox 2625 3989 2780 4045; x_wconf 88' lang='lat' dir='ltr'>abire</span> <span class='ocrx_word' id='word_1_616' title='bbox 2810 3990 3134 4061; x_wconf 86' lang='lat' dir='ltr'>permisisti,</span> <span class='ocrx_word' id='word_1_617' title='bbox 3166 3990 3380 4061; x_wconf 80' lang='lat' dir='ltr'>gratias</span> <span class='ocrx_word' id='word_1_618' title='bbox 3402 3992 3505 4047; x_wconf 89' lang='lat' dir='ltr'>tibi</span> 
     </span>
    </p>
   </div>
   <div class='ocr_carea' id='block_1_88' title="bbox 1914 4077 3505 4149">
    <p class='ocr_par' dir='ltr' id='par_1_88' title="bbox 1914 4077 3505 4149">
     <span class='ocr_line' id='line_1_88' title="bbox 1914 4077 3505 4149; baseline 0.004 -21"><span class='ocrx_word' id='word_1_619' title='bbox 1914 4077 2151 4147; x_wconf 88' lang='lat' dir='ltr'>agimus,</span> <span class='ocrx_word' id='word_1_620' title='bbox 2184 4095 2248 4130; x_wconf 88' lang='lat' dir='ltr'>ac</span> <span class='ocrx_word' id='word_1_621' title='bbox 2275 4082 2386 4132; x_wconf 60' lang='lat' dir='ltr'>tua;</span> <span class='ocrx_word' id='word_1_622' title='bbox 2423 4079 2690 4148; x_wconf 82' lang='lat' dir='ltr'>potentiae</span> <span class='ocrx_word' id='word_1_623' title='bbox 2719 4085 2775 4132; x_wconf 89' lang='lat' dir='ltr'>et</span> <span class='ocrx_word' id='word_1_624' title='bbox 2803 4078 3110 4149; x_wconf 70' lang='lat' dir='ltr'>sapientiae,</span> <span class='ocrx_word' id='word_1_625' title='bbox 3146 4080 3250 4134; x_wconf 91' lang='lat' dir='ltr'>hoc</span> <span class='ocrx_word' id='word_1_626' title='bbox 3273 4086 3362 4134; x_wconf 87' lang='lat' dir='ltr'>est</span> <span class='ocrx_word' id='word_1_627' title='bbox 3381 4082 3505 4135; x_wconf 82' lang='lat' dir='ltr'>.Do-</span> 
     </span>
    </p>
   </div>
   <div class='ocr_carea' id='block_1_89' title="bbox 1915 4165 3505 4237">
    <p class='ocr_par' dir='ltr' id='par_1_89' title="bbox 1915 4165 3505 4237">
     <span class='ocr_line' id='line_1_89' title="bbox 1915 4165 3505 4237; baseline 0.004 -20"><span class='ocrx_word' id='word_1_628' title='bbox 1915 4165 2068 4221; x_wconf 90' lang='lat' dir='ltr'>mino</span> <span class='ocrx_word' id='word_1_629' title='bbox 2101 4172 2294 4220; x_wconf 90' lang='lat' dir='ltr'>nostro</span> <span class='ocrx_word' id='word_1_630' title='bbox 2323 4168 2454 4221; x_wconf 89' lang='lat' dir='ltr'>Jesu</span> <span class='ocrx_word' id='word_1_631' title='bbox 2482 4166 2735 4233; x_wconf 79' lang='lat' dir='ltr'>Christo,</span> <span class='ocrx_word' id='word_1_632' title='bbox 2776 4183 2878 4236; x_wconf 87' lang='lat' dir='ltr'>per</span> <span class='ocrx_word' id='word_1_633' title='bbox 2903 4184 3071 4237; x_wconf 91' lang='lat' dir='ltr'>quem</span> <span class='ocrx_word' id='word_1_634' title='bbox 3102 4168 3275 4222; x_wconf 87' lang='lat' dir='ltr'>etiam</span> <span class='ocrx_word' id='word_1_635' title='bbox 3303 4169 3505 4223; x_wconf 66' lang='lat' dir='ltr'>saecula</span> 
     </span>
    </p>
   </div>
   <div class='ocr_carea' id='block_1_90' title="bbox 1912 4253 3499 4325">
    <p class='ocr_par' dir='ltr' id='par_1_90' title="bbox 1912 4253 3499 4325">
     <span class='ocr_line' id='line_1_90' title="bbox 1912 4253 3499 4325; baseline 0.003 -19"><span class='ocrx_word' id='word_1_636' title='bbox 1912 4253 2089 4307; x_wconf 89' lang='lat' dir='ltr'>fecisti</span> <span class='ocrx_word' id='word_1_637' title='bbox 2112 4257 2256 4319; x_wconf 65' lang='grc' dir='ltr'>«Ηεὺ.</span> <span class='ocrx_word' id='word_1_638' title='bbox 2271 4264 2329 4322; x_wconf 88' lang='lat'>1),</span> <span class='ocrx_word' id='word_1_639' title='bbox 2349 4271 2561 4324; x_wconf 89' lang='lat' dir='ltr'>nosque</span> <span class='ocrx_word' id='word_1_640' title='bbox 2577 4256 2866 4324; x_wconf 88' lang='lat' dir='ltr'>prolapsos</span> <span class='ocrx_word' id='word_1_641' title='bbox 2885 4261 2942 4308; x_wconf 84' lang='lat' dir='ltr'>et</span> <span class='ocrx_word' id='word_1_642' title='bbox 2954 4257 3206 4325; x_wconf 87' lang='lat' dir='ltr'>jacentes</span> <span class='ocrx_word' id='word_1_643' title='bbox 3224 4258 3499 4324; x_wconf 84' lang='lat' dir='ltr'>excitasti,</span> 
     </span>
    </p>
   </div>
   <div class='ocr_carea' id='block_1_91' title="bbox 1912 4334 3502 4413">
    <p class='ocr_par' dir='ltr' id='par_1_91' title="bbox 1912 4334 3502 4413">
     <span class='ocr_line' id='line_1_91' title="bbox 1912 4334 3502 4413; baseline 0.003 -18"><span class='ocrx_word' id='word_1_644' title='bbox 1912 4348 1970 4395; x_wconf 90' lang='lat' dir='ltr'>et</span> <span class='ocrx_word' id='word_1_645' title='bbox 1982 4343 2433 4412; x_wconf 89' lang='lat' dir='ltr'>delinquentibus</span> <span class='ocrx_word' id='word_1_646' title='bbox 2456 4334 2687 4412; x_wconf 85' lang='lat' dir='ltr'>peccata</span> <span class='ocrx_word' id='word_1_647' title='bbox 2708 4342 2991 4408; x_wconf 88' lang='lat' dir='ltr'>remisisti,</span> <span class='ocrx_word' id='word_1_648' title='bbox 3015 4360 3204 4397; x_wconf 88' lang='lat' dir='ltr'>errore</span> <span class='ocrx_word' id='word_1_649' title='bbox 3236 4350 3502 4413; x_wconf 83' lang='lat' dir='ltr'>vagantes</span> 
     </span>
    </p>
   </div>
   <div class='ocr_carea' id='block_1_92' title="bbox 234 4423 3502 4504">
    <p class='ocr_par' dir='ltr' id='par_1_92' title="bbox 234 4423 3502 4504">
     <span class='ocr_line' id='line_1_92' title="bbox 234 4423 3502 4504; baseline -0 -18"><span class='ocrx_word' id='word_1_650' title='bbox 234 4448 331 4502; x_wconf 83' lang='lat' dir='ltr'>ego</span> <span class='ocrx_word' id='word_1_651' title='bbox 356 4451 463 4504; x_wconf 85' lang='lat' dir='ltr'>per</span> <span class='ocrx_word' id='word_1_652' title='bbox 492 4433 855 4503; x_wconf 84' lang='lat' dir='ltr'>Evangelium</span> <span class='ocrx_word' id='word_1_653' title='bbox 882 4433 1053 4502; x_wconf 87' lang='lat' dir='ltr'>genui</span> <span class='ocrx_word' id='word_1_654' title='bbox 1086 4435 1132 4498; x_wconf 89' lang='grc' dir='ltr'>(Ι</span> <span class='ocrx_word' id='word_1_655' title='bbox 1158 4435 1279 4489; x_wconf 81' lang='lat' dir='ltr'>Cor.</span> <span class='ocrx_word' id='word_1_656' title='bbox 1316 4436 1411 4501; x_wconf 84' lang='lat' dir='ltr'>1v),</span> <span class='ocrx_word' id='word_1_657' title='bbox 1436 4432 1545 4486; x_wconf 90' lang='lat' dir='ltr'>seis</span> <span class='ocrx_word' id='word_1_658' title='bbox 1569 4432 1659 4485; x_wconf 92' lang='lat' dir='ltr'>cui</span> <span class='ocrx_word' id='word_1_659' title='bbox 1691 4432 1828 4503; x_wconf 85' lang='lat' dir='ltr'>Regi</span> <span class='ocrx_word' id='word_1_660' title='bbox 1851 4423 2200 4496; x_wconf 84' lang='lat' dir='ltr'>Dreduxisti,</span> <span class='ocrx_word' id='word_1_661' title='bbox 2231 4432 2474 4502; x_wconf 86' lang='lat' dir='ltr'>captivos</span> <span class='ocrx_word' id='word_1_662' title='bbox 2502 4431 2812 4499; x_wconf 87' lang='lat' dir='ltr'>redemisti,</span> <span class='ocrx_word' id='word_1_663' title='bbox 2848 4438 3029 4486; x_wconf 88' lang='lat' dir='ltr'>morte</span> <span class='ocrx_word' id='word_1_664' title='bbox 3059 4432 3361 4486; x_wconf 83' lang='lat' dir='ltr'>exstinctos</span> <span class='ocrx_word' id='word_1_665' title='bbox 3402 4450 3502 4503; x_wconf 90' lang='lat' dir='ltr'>per</span> 
     </span>
    </p>
   </div>
   <div class='ocr_carea' id='block_1_93' title="bbox 236 4521 1828 4592">
    <p class='ocr_par' dir='ltr' id='par_1_93' title="bbox 236 4521 1828 4592">
     <span class='ocr_line' id='line_1_93' title="bbox 236 4521 1828 4592; baseline 0 -19"><span class='ocrx_word' id='word_1_666' title='bbox 236 4536 434 4577; x_wconf 87' lang='lat' dir='ltr'>nomen</span> <span class='ocrx_word' id='word_1_667' title='bbox 478 4523 704 4587; x_wconf 88' lang='lat' dir='ltr'>dedisti,</span> <span class='ocrx_word' id='word_1_668' title='bbox 749 4528 807 4576; x_wconf 90' lang='lat' dir='ltr'>et</span> <span class='ocrx_word' id='word_1_669' title='bbox 844 4538 973 4576; x_wconf 88' lang='lat' dir='ltr'>cum</span> <span class='ocrx_word' id='word_1_670' title='bbox 1011 4538 1121 4592; x_wconf 91' lang='lat' dir='ltr'>quo</span> <span class='ocrx_word' id='word_1_671' title='bbox 1158 4528 1320 4592; x_wconf 89' lang='lat' dir='ltr'>pacta</span> <span class='ocrx_word' id='word_1_672' title='bbox 1368 4521 1604 4578; x_wconf 88' lang='lat' dir='ltr'>inivisti.</span> <span class='ocrx_word' id='word_1_673' title='bbox 1643 4521 1828 4584; x_wconf 89' lang='lat' dir='ltr'>Quare</span> 
     </span>
    </p>
   </div>
   <div class='ocr_carea' id='block_1_94' title="bbox 239 4610 1828 4680">
    <p class='ocr_par' dir='ltr' id='par_1_94' title="bbox 239 4610 1828 4680">
     <span class='ocr_line' id='line_1_94' title="bbox 239 4610 1828 4680; baseline 0.001 -18"><span class='ocrx_word' id='word_1_674' title='bbox 239 4610 391 4665; x_wconf 81' lang='lat' dir='ltr'>ﬁrma</span> <span class='ocrx_word' id='word_1_675' title='bbox 409 4628 479 4665; x_wconf 86' lang='lat' dir='ltr'>ea</span> <span class='ocrx_word' id='word_1_676' title='bbox 496 4628 685 4665; x_wconf 81' lang='lat' dir='ltr'>serves</span> <span class='ocrx_word' id='word_1_677' title='bbox 704 4627 932 4665; x_wconf 90' lang='lat' dir='ltr'>necesse</span> <span class='ocrx_word' id='word_1_678' title='bbox 951 4618 1053 4676; x_wconf 89' lang='lat' dir='ltr'>est,</span> <span class='ocrx_word' id='word_1_679' title='bbox 1075 4616 1244 4680; x_wconf 88' lang='lat' dir='ltr'>atque</span> <span class='ocrx_word' id='word_1_680' title='bbox 1262 4611 1457 4665; x_wconf 89' lang='lat' dir='ltr'>omnia</span> <span class='ocrx_word' id='word_1_681' title='bbox 1477 4610 1688 4663; x_wconf 69' lang='lat' dir='ltr'>militiae</span> <span class='ocrx_word' id='word_1_682' title='bbox 1707 4626 1828 4664; x_wconf 91' lang='lat' dir='ltr'>mu-</span> 
     </span>
    </p>
   </div>
   <div class='ocr_carea' id='block_1_95' title="bbox 234 4700 1826 4771">
    <p class='ocr_par' dir='ltr' id='par_1_95' title="bbox 234 4700 1826 4771">
     <span class='ocr_line' id='line_1_95' title="bbox 234 4700 1826 4771; baseline 0.001 -20"><span class='ocrx_word' id='word_1_683' title='bbox 234 4700 336 4765; x_wconf 87' lang='lat' dir='ltr'>nia,</span> <span class='ocrx_word' id='word_1_684' title='bbox 354 4717 482 4771; x_wconf 76' lang='lat' dir='ltr'>quae</span> <span class='ocrx_word' id='word_1_685' title='bbox 511 4701 572 4754; x_wconf 91' lang='lat' dir='ltr'>in</span> <span class='ocrx_word' id='word_1_686' title='bbox 591 4700 919 4771; x_wconf 88' lang='lat' dir='ltr'>hujusmodi</span> <span class='ocrx_word' id='word_1_687' title='bbox 932 4706 1224 4771; x_wconf 90' lang='lat' dir='ltr'>pactorum</span> <span class='ocrx_word' id='word_1_688' title='bbox 1245 4701 1457 4765; x_wconf 89' lang='lat' dir='ltr'>charta,</span> <span class='ocrx_word' id='word_1_689' title='bbox 1466 4704 1742 4770; x_wconf 76' lang='lat' dir='ltr'>praesente</span> <span class='ocrx_word' id='word_1_690' title='bbox 1761 4715 1826 4753; x_wconf 90' lang='lat' dir='ltr'>ac</span> 
     </span>
    </p>
   </div>
   <div class='ocr_carea' id='block_1_96' title="bbox 220 4789 1824 4861">
    <p class='ocr_par' dir='ltr' id='par_1_96' title="bbox 220 4789 1824 4861">
     <span class='ocr_line' id='line_1_96' title="bbox 220 4789 1824 4861; baseline -0.001 -19"><span class='ocrx_word' id='word_1_691' title='bbox 220 4792 490 4853; x_wconf 62' lang='lat' dir='ltr'>testante,</span> <span class='ocrx_word' id='word_1_692' title='bbox 522 4796 695 4861; x_wconf 87' lang='lat' dir='ltr'>atque</span> <span class='ocrx_word' id='word_1_693' title='bbox 716 4790 883 4843; x_wconf 89' lang='lat' dir='ltr'>etiam</span> <span class='ocrx_word' id='word_1_694' title='bbox 916 4794 1081 4860; x_wconf 84' lang='lat' dir='ltr'>pacta</span> <span class='ocrx_word' id='word_1_695' title='bbox 1124 4789 1247 4860; x_wconf 90' lang='lat' dir='ltr'>ipsa</span> <span class='ocrx_word' id='word_1_696' title='bbox 1282 4790 1487 4845; x_wconf 86' lang='lat' dir='ltr'>litteris</span> <span class='ocrx_word' id='word_1_697' title='bbox 1520 4789 1824 4842; x_wconf 86' lang='lat' dir='ltr'>mandante</span> 
     </span>
    </p>
   </div>
   <div class='ocr_carea' id='block_1_97' title="bbox 229 4878 1822 4949">
    <p class='ocr_par' dir='ltr' id='par_1_97' title="bbox 229 4878 1822 4949">
     <span class='ocr_line' id='line_1_97' title="bbox 229 4878 1822 4949; baseline 0.001 -20"><span class='ocrx_word' id='word_1_698' title='bbox 229 4879 488 4933; x_wconf 85' lang='lat' dir='ltr'>universo</span> <span class='ocrx_word' id='word_1_699' title='bbox 511 4878 727 4933; x_wconf 73' lang='lat' dir='ltr'>caelesti</span> <span class='ocrx_word' id='word_1_700' title='bbox 748 4879 1016 4944; x_wconf 77' lang='lat' dir='ltr'>exercitu,</span> <span class='ocrx_word' id='word_1_701' title='bbox 1060 4878 1386 4949; x_wconf 88' lang='lat' dir='ltr'>promisisti,</span> <span class='ocrx_word' id='word_1_702' title='bbox 1434 4878 1605 4932; x_wconf 89' lang='lat' dir='ltr'>alacri</span> <span class='ocrx_word' id='word_1_703' title='bbox 1635 4878 1822 4931; x_wconf 91' lang='lat' dir='ltr'>animo</span> 
     </span>
    </p>
   </div>
   <div class='ocr_carea' id='block_1_98' title="bbox 229 4966 1820 5039">
    <p class='ocr_par' dir='ltr' id='par_1_98' title="bbox 229 4966 1820 5039">
     <span class='ocr_line' id='line_1_98' title="bbox 229 4966 1820 5039; baseline 0.003 -21"><span class='ocrx_word' id='word_1_704' title='bbox 229 4968 575 5039; x_wconf 73' lang='lat' dir='ltr'>exsequaris,</span> <span class='ocrx_word' id='word_1_705' title='bbox 608 4968 743 5030; x_wconf 64' lang='lat' dir='ltr'>Quae</span> <span class='ocrx_word' id='word_1_706' title='bbox 772 4967 998 5037; x_wconf 89' lang='lat' dir='ltr'>quidem</span> <span class='ocrx_word' id='word_1_707' title='bbox 1028 4967 1075 5021; x_wconf 90' lang='lat' dir='ltr'>si</span> <span class='ocrx_word' id='word_1_708' title='bbox 1095 4967 1440 5037; x_wconf 68' lang='lat' dir='ltr'>praestiteris,</span> <span class='ocrx_word' id='word_1_709' title='bbox 1463 4966 1660 5021; x_wconf 88' lang='lat' dir='ltr'>beatus</span> <span class='ocrx_word' id='word_1_710' title='bbox 1688 4968 1820 5022; x_wconf 82' lang='lat' dir='ltr'>eris.</span> 
     </span>
    </p>
   </div>
   <div class='ocr_carea' id='block_1_99' title="bbox 232 5054 1824 5127">
    <p class='ocr_par' dir='ltr' id='par_1_99' title="bbox 232 5054 1824 5127">
     <span class='ocr_line' id='line_1_99' title="bbox 232 5054 1824 5127; baseline -0.001 -18"><span class='ocrx_word' id='word_1_711' title='bbox 232 5054 502 5118; x_wconf 85' lang='lat' dir='ltr'>Quocirca</span> <span class='ocrx_word' id='word_1_712' title='bbox 522 5056 628 5110; x_wconf 89' lang='lat' dir='ltr'>tibi</span> <span class='ocrx_word' id='word_1_713' title='bbox 658 5056 1063 5127; x_wconf 82' lang='lat' dir='ltr'>providendum</span> <span class='ocrx_word' id='word_1_714' title='bbox 1095 5062 1180 5110; x_wconf 89' lang='lat' dir='ltr'>est</span> <span class='ocrx_word' id='word_1_715' title='bbox 1208 5072 1278 5111; x_wconf 91' lang='lat' dir='ltr'>ne</span> <span class='ocrx_word' id='word_1_716' title='bbox 1299 5056 1434 5127; x_wconf 92' lang='lat' dir='ltr'>quid</span> <span class='ocrx_word' id='word_1_717' title='bbox 1464 5056 1824 5127; x_wconf 85' lang='lat' dir='ltr'>praesentium</span> 
     </span>
    </p>
   </div>
   <div class='ocr_carea' id='block_1_100' title="bbox 222 5144 1823 5217">
    <p class='ocr_par' dir='ltr' id='par_1_100' title="bbox 222 5144 1823 5217">
     <span class='ocr_line' id='line_1_100' title="bbox 222 5144 1823 5217; baseline 0.001 -21"><span class='ocrx_word' id='word_1_718' title='bbox 222 5160 408 5199; x_wconf 82' lang='lat' dir='ltr'>rerum</span> <span class='ocrx_word' id='word_1_719' title='bbox 440 5146 575 5211; x_wconf 87' lang='lat' dir='ltr'>Deo,</span> <span class='ocrx_word' id='word_1_720' title='bbox 604 5145 893 5217; x_wconf 87' lang='lat' dir='ltr'>ipsiusque</span> <span class='ocrx_word' id='word_1_721' title='bbox 918 5146 1081 5203; x_wconf 90' lang='lat' dir='ltr'>bonis</span> <span class='ocrx_word' id='word_1_722' title='bbox 1113 5151 1441 5217; x_wconf 80' lang='lat' dir='ltr'>anteponas.</span> <span class='ocrx_word' id='word_1_723' title='bbox 1489 5145 1641 5209; x_wconf 87' lang='lat' dir='ltr'>Quid</span> <span class='ocrx_word' id='word_1_724' title='bbox 1672 5144 1823 5199; x_wconf 88' lang='lat' dir='ltr'>enim</span> 
     </span>
    </p>
   </div>
   <div class='ocr_carea' id='block_1_101' title="bbox 218 5234 1817 5306">
    <p class='ocr_par' dir='ltr' id='par_1_101' title="bbox 218 5234 1817 5306">
     <span class='ocr_line' id='line_1_101' title="bbox 218 5234 1817 5306; baseline 0.001 -20"><span class='ocrx_word' id='word_1_725' title='bbox 218 5248 407 5288; x_wconf 81' lang='lat' dir='ltr'>rerum</span> <span class='ocrx_word' id='word_1_726' title='bbox 444 5234 809 5306; x_wconf 66' lang='lat' dir='ltr'>praesentium</span> <span class='ocrx_word' id='word_1_727' title='bbox 847 5241 1070 5290; x_wconf 89' lang='lat' dir='ltr'>tantum</span> <span class='ocrx_word' id='word_1_728' title='bbox 1109 5236 1341 5290; x_wconf 87' lang='lat' dir='ltr'>terroris</span> <span class='ocrx_word' id='word_1_729' title='bbox 1377 5235 1577 5289; x_wconf 81' lang='lat' dir='ltr'>afferre</span> <span class='ocrx_word' id='word_1_730' title='bbox 1618 5239 1817 5305; x_wconf 88' lang='lat' dir='ltr'>potest,</span> 
     </span>
    </p>
   </div>
   <div class='ocr_carea' id='block_1_102' title="bbox 216 5322 1824 5395">
    <p class='ocr_par' dir='ltr' id='par_1_102' title="bbox 216 5322 1824 5395">
     <span class='ocr_line' id='line_1_102' title="bbox 216 5322 1824 5395; baseline 0 -20"><span class='ocrx_word' id='word_1_731' title='bbox 216 5330 493 5390; x_wconf 83' lang='lat' dir='ltr'>quantum</span> <span class='ocrx_word' id='word_1_732' title='bbox 524 5324 673 5395; x_wconf 88' lang='lat' dir='ltr'>ignis</span> <span class='ocrx_word' id='word_1_733' title='bbox 692 5324 888 5378; x_wconf 70' lang='lat' dir='ltr'>aeterni</span> <span class='ocrx_word' id='word_1_734' title='bbox 908 5325 1212 5391; x_wconf 55' lang='lat' dir='ltr'>tuciatus,</span> <span class='ocrx_word' id='word_1_735' title='bbox 1238 5326 1336 5395; x_wconf 90' lang='lat' dir='ltr'>qui</span> <span class='ocrx_word' id='word_1_736' title='bbox 1366 5325 1445 5382; x_wconf 85' lang='lat' dir='ltr'>ita</span> <span class='ocrx_word' id='word_1_737' title='bbox 1472 5322 1824 5389; x_wconf 84' lang='lat' dir='ltr'>ardet,utin-</span> 
     </span>
    </p>
   </div>
   <div class='ocr_carea' id='block_1_103' title="bbox 215 5404 1822 5484">
    <p class='ocr_par' dir='ltr' id='par_1_103' title="bbox 215 5404 1822 5484">
     <span class='ocr_line' id='line_1_103' title="bbox 215 5404 1822 5484; baseline 0 -19"><span class='ocrx_word' id='word_1_738' title='bbox 215 5413 386 5467; x_wconf 87' lang='lat' dir='ltr'>terim</span> <span class='ocrx_word' id='word_1_739' title='bbox 412 5404 554 5467; x_wconf 85' lang='lat' dir='ltr'>lucis</span> <span class='ocrx_word' id='word_1_740' title='bbox 583 5414 769 5468; x_wconf 89' lang='lat' dir='ltr'>omnis</span> <span class='ocrx_word' id='word_1_741' title='bbox 791 5429 987 5484; x_wconf 85' lang='lat' dir='ltr'>expers</span> <span class='ocrx_word' id='word_1_742' title='bbox 1018 5415 1109 5481; x_wconf 90' lang='lat' dir='ltr'>sit,</span> <span class='ocrx_word' id='word_1_743' title='bbox 1136 5430 1238 5468; x_wconf 91' lang='lat' dir='ltr'>nec</span> <span class='ocrx_word' id='word_1_744' title='bbox 1259 5430 1509 5484; x_wconf 86' lang='lat' dir='ltr'>unquam</span> <span class='ocrx_word' id='word_1_745' title='bbox 1551 5412 1822 5467; x_wconf 82' lang='lat' dir='ltr'>exurendi</span> 
     </span>
    </p>
   </div>
   <div class='ocr_carea' id='block_1_104' title="bbox 215 5501 1816 5574">
    <p class='ocr_par' dir='ltr' id='par_1_104' title="bbox 215 5501 1816 5574">
     <span class='ocr_line' id='line_1_104' title="bbox 215 5501 1816 5574; baseline 0.001 -22"><span class='ocrx_word' id='word_1_746' title='bbox 215 5502 383 5556; x_wconf 84' lang='lat' dir='ltr'>tinem</span> <span class='ocrx_word' id='word_1_747' title='bbox 414 5501 612 5558; x_wconf 80' lang='lat' dir='ltr'>faciat?</span> <span class='ocrx_word' id='word_1_748' title='bbox 630 5504 710 5557; x_wconf 88' lang='lat' dir='ltr'>Ac</span> <span class='ocrx_word' id='word_1_749' title='bbox 731 5503 1279 5574; x_wconf 88' lang='lat' dir='ltr'>rursum,quodnam</span> <span class='ocrx_word' id='word_1_750' title='bbox 1310 5509 1394 5557; x_wconf 88' lang='lat' dir='ltr'>est</span> <span class='ocrx_word' id='word_1_751' title='bbox 1426 5503 1593 5572; x_wconf 89' lang='lat' dir='ltr'>hujus</span> <span class='ocrx_word' id='word_1_752' title='bbox 1621 5501 1816 5557; x_wconf 89' lang='lat' dir='ltr'>mundi</span> 
     </span>
    </p>
   </div>
   <div class='ocr_carea' id='block_1_105' title="bbox 281 5590 1813 5663">
    <p class='ocr_par' dir='ltr' id='par_1_105' title="bbox 281 5590 1813 5663">
     <span class='ocr_line' id='line_1_105' title="bbox 281 5590 1813 5663; baseline -0.001 -18"><span class='ocrx_word' id='word_1_753' title='bbox 281 5590 299 5623; x_wconf 80' lang='grc'>¹</span> <span class='ocrx_word' id='word_1_754' title='bbox 334 5591 739 5663; x_wconf 76' lang='lat' dir='ltr'>Hoc-intellige</span> <span class='ocrx_word' id='word_1_755' title='bbox 765 5592 838 5647; x_wconf 90' lang='lat' dir='ltr'>de</span> <span class='ocrx_word' id='word_1_756' title='bbox 862 5591 1306 5663; x_wconf 52' lang='lat' dir='ltr'>divitiisquibus</span> <span class='ocrx_word' id='word_1_757' title='bbox 1324 5592 1531 5663; x_wconf 83' lang='lat' dir='ltr'>aliquis</span> <span class='ocrx_word' id='word_1_758' title='bbox 1542 5591 1813 5648; x_wconf 84' lang='lat' dir='ltr'>abutitur.</span> 
     </span>
    </p>
   </div>
   <div class='ocr_carea' id='block_1_106' title="bbox 1911 4519 3499 4591">
    <p class='ocr_par' dir='ltr' id='par_1_106' title="bbox 1911 4519 3499 4591">
     <span class='ocr_line' id='line_1_106' title="bbox 1911 4519 3499 4591; baseline 0.001 -18"><span class='ocrx_word' id='word_1_759' title='bbox 1911 4519 2035 4573; x_wconf 88' lang='lat' dir='ltr'>Filii</span> <span class='ocrx_word' id='word_1_760' title='bbox 2065 4520 2148 4574; x_wconf 90' lang='lat' dir='ltr'>tui</span> <span class='ocrx_word' id='word_1_761' title='bbox 2177 4537 2241 4574; x_wconf 90' lang='lat' dir='ltr'>ac</span> <span class='ocrx_word' id='word_1_762' title='bbox 2269 4520 2494 4574; x_wconf 87' lang='lat' dir='ltr'>Domini</span> <span class='ocrx_word' id='word_1_763' title='bbox 2523 4521 2702 4575; x_wconf 90' lang='lat' dir='ltr'>nostri</span> <span class='ocrx_word' id='word_1_764' title='bbox 2733 4521 3041 4591; x_wconf 89' lang='lat' dir='ltr'>pretiosum</span> <span class='ocrx_word' id='word_1_765' title='bbox 3068 4519 3401 4591; x_wconf 85' lang='lat' dir='ltr'>sanguinem</span> <span class='ocrx_word' id='word_1_766' title='bbox 3429 4522 3499 4575; x_wconf 82' lang='lat' dir='ltr'>ad</span> 
     </span>
    </p>
   </div>
   <div class='ocr_carea' id='block_1_107' title="bbox 1908 4609 2406 4667">
    <p class='ocr_par' dir='ltr' id='par_1_107' title="bbox 1908 4609 2406 4667">
     <span class='ocr_line' id='line_1_107' title="bbox 1908 4609 2406 4667; baseline 0.008 -6"><span class='ocrx_word' id='word_1_767' title='bbox 1908 4609 2079 4663; x_wconf 89' lang='lat' dir='ltr'>vitam</span> <span class='ocrx_word' id='word_1_768' title='bbox 2111 4611 2406 4667; x_wconf 90' lang='lat' dir='ltr'>revocasti.</span> 
     </span>
    </p>
   </div>
   <div class='ocr_carea' id='block_1_108' title="bbox 1976 4698 3502 4770">
    <p class='ocr_par' dir='ltr' id='par_1_108' title="bbox 1976 4698 3502 4770">
     <span class='ocr_line' id='line_1_108' title="bbox 1976 4698 3502 4770; baseline 0.001 -19"><span class='ocrx_word' id='word_1_769' title='bbox 1976 4698 2053 4751; x_wconf 81' lang='lat' dir='ltr'>Te</span> <span class='ocrx_word' id='word_1_770' title='bbox 2076 4698 2250 4768; x_wconf 89' lang='lat' dir='ltr'>igitur</span> <span class='ocrx_word' id='word_1_771' title='bbox 2267 4699 2491 4763; x_wconf 74' lang='lat' dir='ltr'>‘invoco,</span> <span class='ocrx_word' id='word_1_772' title='bbox 2531 4704 2701 4770; x_wconf 87' lang='lat' dir='ltr'>atque</span> <span class='ocrx_word' id='word_1_773' title='bbox 2727 4699 3079 4769; x_wconf 86' lang='lat' dir='ltr'>unigenitum</span> <span class='ocrx_word' id='word_1_774' title='bbox 3106 4698 3309 4753; x_wconf 89' lang='lat' dir='ltr'>Filium</span> <span class='ocrx_word' id='word_1_775' title='bbox 3336 4704 3502 4754; x_wconf 90' lang='lat' dir='ltr'>tuum</span> 
     </span>
    </p>
   </div>
   <div class='ocr_carea' id='block_1_109' title="bbox 1907 4787 3499 4859">
    <p class='ocr_par' dir='ltr' id='par_1_109' title="bbox 1907 4787 3499 4859">
     <span class='ocr_line' id='line_1_109' title="bbox 1907 4787 3499 4859; baseline 0.003 -20"><span class='ocrx_word' id='word_1_776' title='bbox 1907 4790 1962 4840; x_wconf 91' lang='lat' dir='ltr'>et</span> <span class='ocrx_word' id='word_1_777' title='bbox 1991 4787 2405 4843; x_wconf 86' lang='lat' dir='ltr'>sanctissimum</span> <span class='ocrx_word' id='word_1_778' title='bbox 2429 4793 2592 4842; x_wconf 89' lang='lat' dir='ltr'>tuum</span> <span class='ocrx_word' id='word_1_779' title='bbox 2620 4788 3217 4859; x_wconf 87' lang='lat' dir='ltr'>Spiritum.Respicein</span> <span class='ocrx_word' id='word_1_780' title='bbox 3247 4790 3499 4844; x_wconf 88' lang='lat' dir='ltr'>oratione</span> 
     </span>
    </p>
   </div>
   <div class='ocr_carea' id='block_1_110' title="bbox 1908 4876 3502 4948">
    <p class='ocr_par' dir='ltr' id='par_1_110' title="bbox 1908 4876 3502 4948">
     <span class='ocr_line' id='line_1_110' title="bbox 1908 4876 3502 4948; baseline 0.003 -19"><span class='ocrx_word' id='word_1_781' title='bbox 1908 4876 2202 4945; x_wconf 65' lang='lat' dir='ltr'>praeditam</span> <span class='ocrx_word' id='word_1_782' title='bbox 2230 4878 2374 4931; x_wconf 89' lang='lat' dir='ltr'>hanc</span> <span class='ocrx_word' id='word_1_783' title='bbox 2394 4893 2571 4943; x_wconf 87' lang='lat' dir='ltr'>ovem,</span> <span class='ocrx_word' id='word_1_784' title='bbox 2597 4890 2719 4948; x_wconf 63' lang='lat' dir='ltr'>qua;</span> <span class='ocrx_word' id='word_1_785' title='bbox 2738 4894 2840 4948; x_wconf 88' lang='lat' dir='ltr'>per</span> <span class='ocrx_word' id='word_1_786' title='bbox 2868 4894 2959 4931; x_wconf 91' lang='lat' dir='ltr'>me</span> <span class='ocrx_word' id='word_1_787' title='bbox 2984 4877 3283 4947; x_wconf 82' lang='lat' dir='ltr'>indignum</span> <span class='ocrx_word' id='word_1_788' title='bbox 3323 4879 3502 4933; x_wconf 87' lang='lat' dir='ltr'>homi-</span> 
     </span>
    </p>
   </div>
   <div class='ocr_carea' id='block_1_111' title="bbox 1908 4966 3502 5040">
    <p class='ocr_par' dir='ltr' id='par_1_111' title="bbox 1908 4966 3502 5040">
     <span class='ocr_line' id='line_1_111' title="bbox 1908 4966 3502 5040; baseline 0.003 -22"><span class='ocrx_word' id='word_1_789' title='bbox 1908 4980 2035 5019; x_wconf 92' lang='lat' dir='ltr'>nem</span> <span class='ocrx_word' id='word_1_790' title='bbox 2049 4967 2121 5020; x_wconf 90' lang='lat' dir='ltr'>ad</span> <span class='ocrx_word' id='word_1_791' title='bbox 2143 4967 2318 5021; x_wconf 88' lang='lat' dir='ltr'>altare</span> <span class='ocrx_word' id='word_1_792' title='bbox 2336 4972 2497 5021; x_wconf 91' lang='lat' dir='ltr'>tuum</span> <span class='ocrx_word' id='word_1_793' title='bbox 2522 4966 2753 5032; x_wconf 82' lang='lat' dir='ltr'>accedit,</span> <span class='ocrx_word' id='word_1_794' title='bbox 2761 4972 2939 5037; x_wconf 89' lang='lat' dir='ltr'>atque</span> <span class='ocrx_word' id='word_1_795' title='bbox 2950 4966 3125 5038; x_wconf 89' lang='lat' dir='ltr'>ipsius</span> <span class='ocrx_word' id='word_1_796' title='bbox 3138 4966 3387 5022; x_wconf 88' lang='lat' dir='ltr'>animam</span> <span class='ocrx_word' id='word_1_797' title='bbox 3400 4984 3502 5040; x_wconf 89' lang='lat' dir='ltr'>per</span> 
     </span>
    </p>
   </div>
   <div class='ocr_carea' id='block_1_112' title="bbox 1905 5054 3503 5127">
    <p class='ocr_par' dir='ltr' id='par_1_112' title="bbox 1905 5054 3503 5127">
     <span class='ocr_line' id='line_1_112' title="bbox 1905 5054 3503 5127; baseline 0.003 -19"><span class='ocrx_word' id='word_1_798' title='bbox 1905 5054 2173 5109; x_wconf 86' lang='lat' dir='ltr'>virtutem</span> <span class='ocrx_word' id='word_1_799' title='bbox 2200 5073 2265 5109; x_wconf 88' lang='lat' dir='ltr'>ac</span> <span class='ocrx_word' id='word_1_800' title='bbox 2282 5056 2524 5127; x_wconf 87' lang='lat' dir='ltr'>gratiam</span> <span class='ocrx_word' id='word_1_801' title='bbox 2546 5061 2703 5109; x_wconf 89' lang='lat' dir='ltr'>tuam</span> <span class='ocrx_word' id='word_1_802' title='bbox 2727 5056 3033 5109; x_wconf 84' lang='lat' dir='ltr'>sanctiﬁca.</span> <span class='ocrx_word' id='word_1_803' title='bbox 3068 5056 3251 5111; x_wconf 86' lang='lat' dir='ltr'>Visita</span> <span class='ocrx_word' id='word_1_804' title='bbox 3276 5056 3503 5113; x_wconf 86' lang='lat' dir='ltr'>vineam</span> 
     </span>
    </p>
   </div>
   <div class='ocr_carea' id='block_1_113' title="bbox 1905 5144 3502 5216">
    <p class='ocr_par' dir='ltr' id='par_1_113' title="bbox 1905 5144 3502 5216">
     <span class='ocr_line' id='line_1_113' title="bbox 1905 5144 3502 5216; baseline 0.004 -20"><span class='ocrx_word' id='word_1_805' title='bbox 1905 5144 2050 5197; x_wconf 89' lang='lat' dir='ltr'>hanc</span> <span class='ocrx_word' id='word_1_806' title='bbox 2073 5146 2233 5216; x_wconf 87' lang='lat' dir='ltr'>(Psal.</span> <span class='ocrx_word' id='word_1_807' title='bbox 2258 5147 2458 5213; x_wconf 75' lang='lat' dir='ltr'>LXXIX),</span> <span class='ocrx_word' id='word_1_808' title='bbox 2483 5160 2606 5215; x_wconf 84' lang='lat' dir='ltr'>quae</span> <span class='ocrx_word' id='word_1_809' title='bbox 2622 5161 2722 5216; x_wconf 90' lang='lat' dir='ltr'>per</span> <span class='ocrx_word' id='word_1_810' title='bbox 2754 5144 3025 5216; x_wconf 90' lang='lat' dir='ltr'>Spiritum</span> <span class='ocrx_word' id='word_1_811' title='bbox 3053 5152 3312 5201; x_wconf 88' lang='lat' dir='ltr'>sanctum</span> <span class='ocrx_word' id='word_1_812' title='bbox 3337 5153 3502 5202; x_wconf 87' lang='lat' dir='ltr'>tuum</span> 
     </span>
    </p>
   </div>
   <div class='ocr_carea' id='block_1_114' title="bbox 1903 5233 3502 5304">
    <p class='ocr_par' dir='ltr' id='par_1_114' title="bbox 1903 5233 3502 5304">
     <span class='ocr_line' id='line_1_114' title="bbox 1903 5233 3502 5304; baseline 0.002 -18"><span class='ocrx_word' id='word_1_813' title='bbox 1903 5234 2156 5303; x_wconf 87' lang='lat' dir='ltr'>plantata</span> <span class='ocrx_word' id='word_1_814' title='bbox 2177 5239 2280 5299; x_wconf 90' lang='lat' dir='ltr'>est,</span> <span class='ocrx_word' id='word_1_815' title='bbox 2314 5240 2483 5304; x_wconf 89' lang='lat' dir='ltr'>atque</span> <span class='ocrx_word' id='word_1_816' title='bbox 2506 5235 2608 5287; x_wconf 92' lang='lat' dir='ltr'>hoc</span> <span class='ocrx_word' id='word_1_817' title='bbox 2630 5233 2679 5287; x_wconf 91' lang='lat' dir='ltr'>ei</span> <span class='ocrx_word' id='word_1_818' title='bbox 2707 5233 2798 5301; x_wconf 89' lang='lat' dir='ltr'>da,</span> <span class='ocrx_word' id='word_1_819' title='bbox 2828 5239 2892 5288; x_wconf 93' lang='lat' dir='ltr'>ut</span> <span class='ocrx_word' id='word_1_820' title='bbox 2911 5234 3502 5304; x_wconf 80' lang='lat' dir='ltr'>justitiaefruetumfe-</span> 
     </span>
    </p>
   </div>
   <div class='ocr_carea' id='block_1_115' title="bbox 1905 5322 3497 5395">
    <p class='ocr_par' dir='ltr' id='par_1_115' title="bbox 1905 5322 3497 5395">
     <span class='ocr_line' id='line_1_115' title="bbox 1905 5322 3497 5395; baseline 0.001 -21"><span class='ocrx_word' id='word_1_821' title='bbox 1905 5327 1991 5376; x_wconf 88' lang='lat' dir='ltr'>rat</span> <span class='ocrx_word' id='word_1_822' title='bbox 2022 5341 2035 5387; x_wconf 89' lang='lat'><strong>;</strong></span> <span class='ocrx_word' id='word_1_823' title='bbox 2071 5322 2368 5376; x_wconf 88' lang='lat' dir='ltr'>oorrobora</span> <span class='ocrx_word' id='word_1_824' title='bbox 2396 5339 2545 5388; x_wconf 90' lang='lat' dir='ltr'>eum,</span> <span class='ocrx_word' id='word_1_825' title='bbox 2592 5328 2819 5395; x_wconf 90' lang='lat' dir='ltr'>pactum</span> <span class='ocrx_word' id='word_1_826' title='bbox 2846 5328 3009 5377; x_wconf 87' lang='lat' dir='ltr'>tuum</span> <span class='ocrx_word' id='word_1_827' title='bbox 3058 5325 3115 5378; x_wconf 90' lang='lat' dir='ltr'>in</span> <span class='ocrx_word' id='word_1_828' title='bbox 3144 5326 3265 5395; x_wconf 87' lang='lat' dir='ltr'>ipso</span> <span class='ocrx_word' id='word_1_829' title='bbox 3290 5326 3497 5379; x_wconf 86' lang='lat' dir='ltr'>conﬁr-</span> 
     </span>
    </p>
   </div>
   <div class='ocr_carea' id='block_1_116' title="bbox 1905 5411 3503 5484">
    <p class='ocr_par' dir='ltr' id='par_1_116' title="bbox 1905 5411 3503 5484">
     <span class='ocr_line' id='line_1_116' title="bbox 1905 5411 3503 5484; baseline 0 -19"><span class='ocrx_word' id='word_1_830' title='bbox 1905 5428 2065 5465; x_wconf 88' lang='lat' dir='ltr'>mans</span> <span class='ocrx_word' id='word_1_831' title='bbox 2092 5430 2104 5478; x_wconf 88' lang='lat'><strong>;</strong></span> <span class='ocrx_word' id='word_1_832' title='bbox 2132 5429 2197 5465; x_wconf 91' lang='lat' dir='ltr'>ac</span> <span class='ocrx_word' id='word_1_833' title='bbox 2224 5429 2324 5482; x_wconf 90' lang='lat' dir='ltr'>per</span> <span class='ocrx_word' id='word_1_834' title='bbox 2366 5411 2497 5465; x_wconf 90' lang='lat' dir='ltr'>boni</span> <span class='ocrx_word' id='word_1_835' title='bbox 2543 5412 2627 5467; x_wconf 88' lang='lat' dir='ltr'>tui</span> <span class='ocrx_word' id='word_1_836' title='bbox 2673 5413 2915 5484; x_wconf 92' lang='lat' dir='ltr'>Spiritus</span> <span class='ocrx_word' id='word_1_837' title='bbox 2948 5414 3283 5484; x_wconf 86' lang='lat' dir='ltr'>sapientiam</span> <span class='ocrx_word' id='word_1_838' title='bbox 3308 5429 3437 5467; x_wconf 82' lang='lat' dir='ltr'>eum</span> <span class='ocrx_word' id='word_1_839' title='bbox 3466 5429 3503 5465; x_wconf 86' lang='lat' dir='ltr'>a</span> 
     </span>
    </p>
   </div>
   <div class='ocr_carea' id='block_1_117' title="bbox 1902 5500 3504 5577">
    <p class='ocr_par' dir='ltr' id='par_1_117' title="bbox 1902 5500 3504 5577">
     <span class='ocr_line' id='line_1_117' title="bbox 1902 5500 3504 5577; baseline -0.002 -22"><span class='ocrx_word' id='word_1_840' title='bbox 1902 5500 2109 5555; x_wconf 89' lang='lat' dir='ltr'>diaboli</span> <span class='ocrx_word' id='word_1_841' title='bbox 2138 5500 2332 5555; x_wconf 85' lang='lat' dir='ltr'>fraude</span> <span class='ocrx_word' id='word_1_842' title='bbox 2362 5506 2531 5572; x_wconf 88' lang='lat' dir='ltr'>atque</span> <span class='ocrx_word' id='word_1_843' title='bbox 2560 5502 2873 5574; x_wconf 89' lang='lat' dir='ltr'>impostura</span> <span class='ocrx_word' id='word_1_844' title='bbox 2897 5504 3070 5574; x_wconf 90' lang='lat' dir='ltr'>eripe.</span> <span class='ocrx_word' id='word_1_845' title='bbox 3094 5504 3243 5557; x_wconf 89' lang='lat' dir='ltr'>Doce</span> <span class='ocrx_word' id='word_1_846' title='bbox 3271 5500 3504 5577; x_wconf 45' lang='lat' dir='ltr'>eumfaf</span> 
     </span>
    </p>
   </div>
  </div>
