3954 6190
378 297 484 356 527
1391 283 1486 338 DE
1520 281 1712 338 vms
1749 273 2048 334 PATRUM
2085 269 2302 328 LIBER
2336 269 2628 326 paruus.
3547 275 3646 334 523

377 441 508 482 cere
524 423 868 479 voluntatem
877 422 1037 470 tuam
1051 414 1214 484 (Prol.
1238 407 1422 478 cun),
1435 413 1494 463 et
1517 406 1791 463 auxilium
1809 409 1972 458 tuum
1989 400 2038 459 A
2059 401 2222 468 ptum
2241 413 2362 450 esse
2381 395 2772 468 perspiciebat,
2794 399 2988 452 sedulo
3011 415 3143 454 eum
3163 399 3459 456 invisebat.
3480 401 3649 456 Cum-

383 516 455 571 ab
485 531 552 570 eo
579 529 651 567 ne
695 508 914 564 auferas
945 503 1106 580 (Psal.
1143 504 1218 570 1.).
1249 501 1434 570 Atque
1477 501 1534 552 et
1579 496 1689 567 ipsi
1731 498 1789 548 et
1835 491 1976 546 mihi
2059 503 2166 580 que
2187 485 2362 580 ipsius
2389 491 2601 540 statum
2615 493 2872 542 accurate
2891 487 3448 560 considerasset,regi
3467 491 3652 545 conte.

381 621 542 660 servo
565 597 769 661 inutili,
787 575 1062 649 bonorum
1085 597 1314 645 tuorum
1334 604 1458 660 quae
1487 587 1659 640 ﬁnem
1685 582 1964 646 nesciunt,
2059 575 2190 629 stim
2227 575 2510 642 indicavit,
2548 581 2739 642 293
2767 593 2827 631 se
2873 577 3013 631 nihil
3049 578 3197 649 quod
3244 578 3506 634 morbum
3550 579 3655 650 ipsi

381 691 768 748 hereditatem
789 681 1055 753 consequi
1082 678 1351 734 beneﬁcio
1379 681 1477 731 tuo
1493 674 1800 744 contingat.
1833 671 1980 734 Quo—
2058 672 2368 720 accerseret
2383 665 2438 719 in
2452 682 2517 720 eo
2538 666 2786 736 reperire
2803 667 3054 738 potuisse
3079 686 3092 735 ;
3118 685 3182 722 ac
3192 669 3428 739 proinde
3449 669 3656 722 itaexi-

381 781 535 837 niam
574 774 901 832 benedictus
937 788 998 826 es
1041 775 1098 825 et
1138 767 1418 840 gloriosus
1449 765 1507 819 in
1543 763 1764 818 saecula.
1797 761 1978 815 Amen
2059 754 2288 808 stimare
2313 771 2443 808 eum
2461 754 2650 825 aliquo
2665 755 2840 808 animi
2871 773 3110 810 maerore
3129 757 3392 812 affectum
3421 757 3482 811 in
3512 773 3661 811 mor-

539 912 551 924 .
586 880 686 924 III).

539 912 551 924 .
586 880 644 921 in
675 906 686 918 .

379 867 723 1017 witsohita
758 956 948 1008 autem
984 947 1256 1004 oratione.
1289 960 1607 1009 conversus,
1639 941 1824 1012 ipsum
1855 939 1973 1009 jam

380 1045 620 1105 caelestis
634 1043 818 1099 Patris
845 1041 1026 1096 ﬁlium
1048 1035 1402 1093 exosculatus
1431 1036 1851 1103 est,pace'mque
1871 1025 1978 1098 ipsi

380 1154 448 1193 ac
475 1133 876 1206 sempiternam
905 1129 1146 1183 salutem
1177 1128 1456 1196 precatus,
1481 1137 1548 1175 ex
1569 1120 1700 1174 aula
1723 1115 1974 1179 excessit,

382 1204 658 1296 laetusque
686 1220 842 1286 abiit,
874 1216 1059 1290 gratia
1094 1215 1210 1270 Deo
1241 1228 1434 1283 agens,
1469 1209 1630 1280 cujus
1660 1207 1846 1262 favore
1874 1204 1981 1258 iter

382 1315 492 1388 ipsi
520 1330 587 1369 ex
614 1309 790 1367 animi
817 1304 1097 1363 sententia
1115 1305 1479 1358 successerat.

456 1405 590 1459 CAP.
611 1400 787 1456 XXII.
809 1426 872 1437 —
903 1394 1174 1466 Josaphat
1200 1396 1410 1454 autem,
1447 1393 1813 1460 posteaquam
1845 1382 1982 1438 exiit

385 1493 667 1558 Barlaam,
699 1485 956 1560 precibus
997 1499 1118 1538 sese
1155 1480 1330 1546 dedit,
1362 1473 1867 1544 calentissimisque
1901 1471 1982 1524 la-

2055 842 2190 897 bum
2205 843 2607 898 incidisse.Rex
2633 850 2843 910 autem,
2868 845 2954 899 his
2972 845 3155 899 verbis
3174 846 3403 912 auditis,
3429 846 3536 900 hoc
3566 863 3660 900 ar-

2055 930 2297 986 bitratus
2325 937 2412 986 est
2440 949 2569 986 eum
2609 950 2644 986 a
2681 933 2796 988 ﬁlio
2835 935 3090 1005 asperius
3131 941 3424 1007 acceptum
3462 935 3658 1001 fuisse,

2059 1025 2228 1092 atque
2243 1021 2347 1076 hac
2360 1022 2428 1075 de
2441 1038 2609 1076 causa
2629 1029 2894 1094 concepto
2915 1041 3154 1079 maerore
3166 1025 3663 1089 recessisse.Quid-

2059 1127 2191 1164 nam
2215 1115 2404 1165 autem
2421 1111 2478 1165 id
2511 1116 2660 1166 esset
2680 1113 2942 1184 deinceps
2971 1113 3112 1168 scire
3131 1115 3384 1185 cupiens,
3414 1112 3662 1168 Zardani

2060 1217 2120 1253 se
2151 1216 2300 1265 eum,
2333 1205 2399 1254 ut
2430 1199 2612 1254 oborti
2639 1201 2820 1256 morbi
2864 1219 3090 1256 causam
3142 1203 3504 1273 intelligeret,
3545 1219 3666 1256 cra-

2060 1288 2207 1342 stino
2236 1288 2326 1342 die
2356 1288 2668 1344 invisurum
2684 1291 3036 1361 signiﬁcavit.

2131 1378 2349 1432 Zardan
2377 1384 2568 1433 autem
2597 1380 2767 1450 hujus
2797 1380 3058 1452 promissi
3086 1381 3296 1436 certior
3325 1381 3529 1448 factus,
3555 1384 3668 1434 sta-

2061 1467 2166 1521 tim
2193 1473 2258 1522 ut
2285 1467 2502 1535 diluxit,
2527 1469 2872 1524 indumentis
2897 1471 3158 1541 acceptis,
3173 1470 3246 1524 ad
3266 1487 3458 1542 regem
3485 1471 3668 1542 proﬁ-

385 1581 591 1651 crymis
618 1555 859 1651 profusis
883 1574 954 1628 ad
977 1573 1128 1627 hunc
1155 1569 1385 1624 modum
1415 1567 1634 1620 locutus
1664 1568 1780 1618 est:
1806 1561 1978 1624 Deus,
2064 1555 2308 1622 ciscitur,
2337 1573 2580 1628 eumque
2621 1559 2791 1612 simul
2821 1565 2990 1630 atque
3029 1559 3316 1630 ingressus
3344 1565 3449 1620 est,
3504 1558 3668 1612 humi

384 1647 819 1741 in'adjutorium
847 1679 1038 1717 meum
1064 1659 1313 1715 intende.
1344 1655 1602 1720 Domine,
1624 1653 1694 1707 ad
1716 1651 1982 1721 adjuvan-
2061 1652 2378 1718 prostratus
2407 1647 2677 1701 adoravit.
2711 1649 2827 1702 Rex
2857 1655 3048 1702 autem
3081 1666 3092 1700 :
3124 1649 3288 1714 Quid,
3320 1649 3527 1720 inquit,
3566 1647 3670 1702 tibi

385 1761 522 1816 dum
540 1736 632 1814 me
651 1756 856 1812 festina
879 1754 1042 1822 (Psal.
1065 1752 1238 1818 LXIX).
1255 1745 1532 1811 Quoniam
1555 1741 1659 1796 tibi
1684 1739 1983 1795 derelictus
2002 1751 2050 1810 Β
2067 1736 2181 1790 vim
2206 1737 2465 1802 attulisti,
2495 1743 2560 1791 ut
2597 1737 2669 1791 ad
2697 1755 2788 1792 me
2818 1739 3148 1793 accederes?
3175 1740 3320 1794 Nam
3354 1738 3474 1810 ipse
3503 1737 3588 1792 ad
3615 1743 3671 1791 te

385 1855 474 1906 est
487 1863 703 1921 pauper
726 1862 739 1897 ε
765 1842 1016 1914 orphano
1035 1843 1100 1892 tu
1129 1837 1239 1892 eris
1269 1835 1494 1905 adjutor
1517 1833 1683 1900 (Psal.
1715 1835 1809 1897 IX).
1845 1825 1984 1880 Res—
2067 1825 2362 1921 proﬁcisci,
2379 1842 2680 1897 meumque
2698 1844 2833 1897 erga
2851 1831 2906 1882 te
2930 1845 3180 1882 amorem
3197 1827 3456 1882 omnibus
3473 1827 3673 1881 decla-

383 1913 508 2012 pice
525 1939 586 1992 in
603 1913 724 2000 -me,
758 1938 816 1987 et
832 1913 1106 1984 miserere
1124 1925 1236 1980 mei
1259 1923 1420 2000 (Psal.
1445 1920 1660 1987 Lxxxv),
1679 1917 1776 1989 qui
1789 1931 1982 1970 omnes
2067 1931 2194 1968 rare
2221 1913 2280 1968 in
2311 1915 2500 1970 animo
2519 1915 2813 1970 habebam.
2847 1917 2946 1972 Ille
2975 1923 3164 1972 autem
3185 1918 3490 1990 respondit:
3521 1917 3674 1972 Mor-

387 2003 471 2082 vis
496 2026 678 2081 salvos
705 2021 850 2085 ﬁeri,
901 2024 960 2072 et
979 2017 1050 2071 ad
1078 2013 1420 2086 agnitionem
1438 2007 1692 2064 veritatis
1709 2005 1899 2060 venire
1912 2005 1990 2073 (II
2067 2003 2172 2058 bus
2189 2021 2368 2072 meus,
2401 2022 2434 2060 ο
2454 2022 2575 2072 rex,
2609 2022 2720 2060 non
2753 2024 2820 2060 ex
2849 2023 3046 2062 eorum
3073 2024 3310 2062 numero
3340 2013 3429 2062 est
3454 2006 3673 2077 quibus

393 2117 534 2172 Tim.
567 2117 630 2184 1).
662 2113 835 2167 Serva
861 2121 1185 2178 me.quaaso,
1201 2101 1495 2173 indignum
1518 2098 1650 2152 licet
1677 2095 1986 2149 homuncu-
2067 2093 2324 2147 homines
2353 2093 2608 2149 laborare
2627 2096 2826 2160 solent,
2859 2113 3048 2150 verum
3084 2113 3152 2150 ex
3185 2095 3360 2150 animi
3389 2094 3676 2149 mmstitia

387 2205 502 2260 lum
525 2207 695 2274 atque
725 2196 1042 2261 corrobora,
1073 2199 1140 2248 ut
1157 2193 1216 2246 in
1245 2196 1564 2246 sanctorum
1587 2185 1983 2240 mandatorum

385 2271 621 2350 tuorum
631 2291 722 2344 via
740 2287 1042 2343 ambulem.
1067 2281 1344 2348 Quoniam
1367 2295 1470 2349 ego
1491 2274 1784 2331 imbecillis
1807 2271 1984 2328 acmi-

386 2399 637 2447 sersum,
655 2395 758 2435 nec
776 2377 846 2432 iis
857 2373 1084 2440 viribus,
1103 2376 1169 2427 ut
1180 2370 1313 2425 boni
1331 2367 1638 2440 quidquam
1659 2363 1841 2418 facere
1860 2377 1984 2432 pos-

387 2473 512 2528 sim.
539 2471 624 2526 Tu
643 2485 774 2523 vero
803 2465 1043 2520 salutem
1065 2460 1206 2515 mihi
1229 2459 1429 2512 afferre
1447 2460 1627 2526 potes,
1654 2452 1750 2524 qui
1771 2450 1980 2512 omnia,

355 2608 364 2613 -
388 2567 508 2616 tam
521 2575 645 2631 quae
663 2556 838 2612 oculis
857 2555 1167 2608 cernuntur
1178 2563 1348 2619 quam
1364 2562 1486 2617 quae
1499 2543 1651 2598 cerni
1675 2543 1981 2612 nequeunt,

388 2629 645 2705 contines
655 2651 822 2716 atque
849 2655 1162 2696 conservas.
1187 2637 1271 2692 Ne
1292 2651 1381 2689 me
1403 2639 1528 2705 post
1553 2629 1836 2702 improbas
1857 2645 1984 2682 car-

392 2737 481 2792 nis
495 2752 634 2790 meae
657 2733 977 2788 voluntates
989 2727 1142 2782 abire
1163 2725 1284 2780 sine
1299 2743 1312 2792 ;
1336 2738 1528 2778 verum
1543 2721 1679 2774 doce
1701 2735 1792 2773 me
1804 2718 1986 2771 facere

388 2826 736 2880 voluntatem
756 2827 916 2875 tuam
938 2819 1104 2887 (Psal.
1123 2816 1304 2883 CXLII),
1323 2811 1563 2884 atquein
1585 2807 1986 2880 sempiternam

390 2931 458 2969 ac
479 2913 708 2968 beatam
732 2909 907 2964 vitam
930 2923 1022 2961 me
1051 2919 1336 2959 conserva.
1371 2902 1416 2957 Ο
1446 2901 1633 2965 Pater,
1670 2903 1727 2952 et
1773 2895 1898 2963 Fili,
1931 2899 1989 2948 et

2064 2187 2122 2235 et
2149 2183 2430 2237 anxietate
2455 2185 2622 2238 corde
2646 2183 2705 2238 in
2734 2185 2984 2239 dolorem
3003 2185 3264 2256 prolapso
3293 2201 3495 2255 corpus
3525 2201 3675 2256 quo-

2066 2288 2174 2342 que
2190 2273 2494 2328 condoluit.
2517 2273 2790 2328 Amentiae
2810 2289 2978 2344 porro
2993 2274 3134 2328 mihi
3151 2273 3468 2328 ducendum
3491 2277 3670 2339 esset,

2065 2361 2112 2415 si
2141 2379 2268 2416 cum
2288 2361 2371 2416 ita
2393 2379 2483 2416 me
2513 2361 2800 2428 haberem,
2832 2379 2947 2417 non
2974 2368 3040 2417 ut
3065 2379 3288 2418 servum
3317 2362 3498 2428 decet,
3517 2361 3600 2416 ad
3619 2366 3677 2414 te

2067 2451 2608 2518 accederem;verum
2627 2458 2694 2507 ut
2707 2453 2866 2523 regia
2883 2457 2982 2507 tua
2997 2453 3266 2523 majestas
3284 2451 3355 2505 ad
3375 2467 3466 2504 me
3487 2450 3678 2504 famu-

2067 2540 2185 2594 lum
2195 2541 2424 2595 veniens
2443 2558 2565 2596 sese
2575 2541 2856 2613 fatigaret,
2882 2541 3676 2613 exspectarem.Percontante

2068 2636 2257 2686 autem
2285 2647 2416 2701 rege
2443 2629 2711 2701 quidnam
2740 2647 2870 2684 eum
2898 2629 2957 2684 in
2977 2631 3127 2685 hunc
3153 2645 3452 2684 maerorem
3481 2630 3680 2700 conje-

2068 2719 2253 2786 cisset,
2283 2719 2627 2791 respondens
2645 2720 2893 2776 Zardan:
2914 2720 3202 2790 Magnum,
3220 2718 3422 2789 inquit,
3450 2719 3680 2789 pericu-

2067 2809 2188 2863 lum
2208 2808 2348 2862 mihi
2372 2809 2677 2880 impendet,
2709 2807 3040 2879 magnisque
3065 2807 3352 2880 suppliciis
3377 2823 3444 2860 ac
3473 2807 3679 2861 multis

2069 2897 2268 2952 mortis
2284 2897 2586 2969 generibus
2603 2897 2836 2968 dignum
2850 2915 2942 2952 me
2956 2913 3217 2968 agnosco,
3242 2897 3512 2968 quoniam
3536 2913 3680 2968 pra:-

390 3002 577 3057 divine
597 2999 858 3072 Spiritus,
883 2991 1467 3057 consubstantialis,ac
1483 2985 1770 3043 divisionis
1791 3001 1986 3056 expers
2004 3045 2044 3072 ﬂ
2070 2986 2244 3056 ceptis
2299 2987 2412 3041 tuis
2446 2987 2800 3058 negligenter
2835 2985 3192 3058 obsequendo
3238 2986 3533 3056 ingentem
3576 2985 3679 3039 tibi

391 3045 577 3057 “"“W
597 3045 858 3072 *τευ-*ν’
888 3045 1243 3050 ’τ’-η--ηηην
1384 3045 1393 3057 ι
1859 3045 1878 3056 .
2135 3045 2154 3056 ,
2519 3045 2553 3058 υ
2599 3045 2634 3058 ν
2987 3045 3006 3058 _

389 3091 748 3156 Divinitas,te
761 3087 975 3152 invoco,
999 3089 1056 3138 te
1079 3081 1262 3153 gloria
1288 3079 1492 3134 afﬁcio.
1519 3079 1598 3132 Te
1617 3077 1770 3131 enim
1790 3073 1988 3128 laudat
2003 3045 2046 3105 δ
2063 3075 2182 3145 jam
2203 3076 2436 3146 jamque
2463 3093 2764 3130 mmrorem
2793 3075 3074 3131 accersivi,

391 3178 666 3254 quidquid
683 3180 934 3232 creatum
965 3177 1068 3237 est,
1097 3187 1162 3224 ac
1191 3173 1248 3224 te
1273 3167 1456 3240 gloria
1478 3165 1734 3221 afﬁciunt
1763 3161 1986 3217 intelle-

2139 3164 2385 3218 Rursum
2412 3169 2601 3220 autem
2634 3182 2702 3219 ex
2728 3181 2794 3220 eo
2815 3169 3101 3237 quaerente
3133 3181 3264 3235 rege
3282 3179 3551 3235 quaenam
3574 3163 3676 3218 hu-

390 3251 606 3325 ctuales
660 3283 726 3322 ac
779 3278 1010 3336 corpore
1046 3264 1305 3314 vacantes
1359 3257 1595 3310 virtutes
1653 3253 1712 3308 in
1761 3251 1982 3307 saecula.
2063 3251 2311 3324 jusmodi
2340 3254 2684 3326 negligentia
2705 3261 2873 3322 esset,
2903 3256 2961 3309 in
2991 3271 3161 3326 quam
3181 3253 3679 3323 incidisset,quo¢

531 3375 591 3413 n.

531 3375 591 3413 n.

387 3361 736 3518 AIDeinceps
752 3443 927 3514 igitur
955 3455 1123 3512 quam
1139 3434 1568 3505 diligentissime
1582 3433 1827 3504 seipsum
1859 3447 1989 3485 con-

391 3536 669 3602 servabat,
693 3539 862 3604 atque
884 3530 964 3584 ita
991 3525 1371 3597 comparabat,
1404 3529 1468 3578 ut
1493 3528 1551 3576 et
1563 3522 1767 3576 animae
1786 3526 1845 3575 et
1871 3536 1988 3574 cor-

391 3627 544 3698 poris
569 3623 876 3696 puritatem
891 3615 1225 3686 acquireret,
1258 3617 1428 3682 atque
1455 3611 1514 3664 in
1533 3609 1898 3674 continentia,
1932 3613 1990 3662 et

393 3696 760 3776 orationibus,
816 3701 1424 3772 obsecrationibusque,
1456 3716 1558 3771 per
1597 3702 1780 3753 totum
1808 3696 1988 3752 noctis

393 3801 737 3858 curriculum
747 3813 869 3852 sese
887 3789 1340 3866 prorogantibus,
1371 3788 1546 3842 vitam
1574 3787 1822 3842 duceret.
1843 3787 1987 3840 Nam

395 3907 522 3946 cum
543 3889 876 3961 plerumque
900 3883 1102 3936 diurno
1130 3884 1402 3949 tempore,
1435 3881 1557 3930 tum
1579 3875 1648 3930 ob
1675 3891 1870 3930 eorum
1891 3873 1989 3946 qui

395 3995 523 4036 cum
543 3977 666 4048 ipso
685 3970 1071 4035 versabantur,
1093 3965 1542 4032 contubernium,
1563 3971 1686 4020 tum
1711 3965 1882 4020 etiam
1907 3964 1988 4018 in-

395 4067 620 4123 terdum
641 4062 712 4119 ob
731 4060 880 4132 regis
907 4059 980 4114 ad
1007 4073 1137 4112 eum
1161 4071 1464 4120 accessum,
1482 4060 1582 4109 aut
1598 4054 1745 4126 quod
1769 4053 1890 4125 ipse
1917 4052 1987 4107 ab

397 4174 464 4214 eo
495 4154 790 4218 acciretur,
818 4165 941 4204 sese
962 4144 1298 4216 interrumpi
1326 4143 1556 4209 videret,
1576 4159 1684 4198 nox
1695 4143 1820 4214 ipsi,
1839 4143 1988 4214 quod

2070 3359 2178 3414 que
2199 3343 2511 3414 periculum
2541 3345 2680 3399 illud
2722 3345 2782 3399 in
2832 3361 2942 3416 quo
2981 3349 3240 3398 versatur
3268 3361 3280 3398 :
3314 3344 3379 3398 In
3407 3342 3679 3396 custodia

2070 3432 2282 3487 domini
2311 3433 2422 3488 mei
2447 3433 2547 3488 ﬁlii
2575 3433 2678 3496 tui.
2695 3433 2899 3505 inquit,
2924 3433 3306 3504 negligentem
3324 3447 3415 3485 me
3426 3431 3673 3500 praebui.

2069 3521 2363 3594 Improbus
2396 3523 2545 3576 enim
2603 3523 2830 3594 quidam
2859 3522 3316 3594 acprazstigiator
3354 3521 3672 3591 ingressus,

2071 3611 2139 3664 de
2155 3611 2485 3667 Christianae
2496 3613 2788 3682 religionis
2803 3613 3058 3669 doctrina
3075 3612 3146 3666 ad
3173 3628 3304 3666 eum
3317 3609 3488 3664 verba
3510 3607 3673 3662 fecit.

2069 3701 2383 3772 Posteaque
2401 3701 2688 3773 regi,quos
2701 3702 2772 3756 ad
2785 3702 2960 3774 ipsius
2987 3701 3166 3756 ﬁlium
3181 3717 3349 3754 senex
3376 3712 3676 3753 sermones

2069 3789 2360 3844 habuisset
2373 3791 2660 3861 sigillatim
2671 3791 2944 3862 exposuit,
2953 3797 3332 3862 quantamque
3349 3789 3444 3842 ille
3455 3805 3524 3842 ex
3536 3786 3676 3858 ipsis

2071 3878 2411 3949 voluptatem
2438 3879 2694 3950 cepisset,
2719 3880 2980 3952 quodque
2995 3895 3225 3950 prorsus
3242 3876 3466 3932 Christo
3485 3893 3552 3929 se
3571 3873 3672 3928 ad-

2069 3967 2319 4022 dixisset.
2373 3969 2521 4034 Quin
2565 3969 2736 4023 etiam
2785 3969 2933 4024 senis
2969 3985 3176 4023 nomen
3223 3965 3331 4038 ipsi
3379 3963 3673 4026 indicavit,

2070 4056 2329 4112 Barlaam
2359 4055 2545 4128 ipsum
2573 4059 2886 4130 nuncupari
2906 4057 3115 4112 dicens.
3139 4057 3286 4111 Nam
3297 4053 3473 4109 etiam
3505 4058 3680 4107 antea

2073 4163 2168 4200 rex
2197 4145 2266 4200 de
2294 4147 2577 4214 Barlaam,
2605 4162 2671 4200 ac
2691 4162 2915 4201 summa
2935 4143 3396 4216 religiosaeipsius
3427 4143 3560 4197 vita:
3589 4158 3674 4196 as.

397 4245 511 4303 diei
537 4245 750 4309 deerat,
773 4235 1086 4311 supplebat,
1101 4239 1168 4288 ut
1192 4232 1358 4304 quiin
1370 4231 1628 4304 precibus
1649 4236 1707 4287 et
1728 4231 1991 4302 lacrymis
2074 4234 2334 4306 peritate,
2364 4235 2544 4290 multa
2571 4235 2862 4290 auditione
2901 4239 3210 4306 acceperat.
3232 4233 3309 4288 Ut
3333 4237 3526 4286 autem
3559 4231 3682 4286 haec

398 4336 472 4392 ad
501 4331 808 4390 diluculum
829 4341 1008 4397 usque
1028 4329 1224 4388 staret,
1241 4339 1306 4376 ac
1327 4321 1430 4376 Dei
1451 4337 1614 4393 opem
1643 4319 1988 4392 imploraret.
2075 4324 2146 4378 ad
2164 4323 2310 4395 regis
2328 4340 2493 4378 aures
2518 4328 2913 4396 pervenerunt,
2931 4328 3124 4378 tantus
3145 4321 3420 4376 eimceror
3438 4319 3678 4374 obortus

397 4424 559 4482 Unde
587 4420 760 4476 etiam
788 4411 1115 4490 prophetica
1141 4410 1238 4464 illa
1265 4427 1366 4466 vox
1397 4409 1457 4464 in
1477 4409 1600 4481 ipso
1629 4408 1988 4480 implebatur:
2013 4408 2182 4478 Dest,
2213 4417 2278 4467 ut
2294 4417 2447 4467 totus
2467 4417 2880 4478 concuteretur,
2902 4410 3196 4466 iracundia
3211 4414 3677 4478 aestuaret,atque

400 4517 466 4571 In
485 4509 742 4568 noctibus
771 4503 1020 4561 extollite
1049 4516 1250 4554 manus
1277 4505 1490 4553 vestras
1509 4498 1568 4552 in
1596 4504 1810 4564 sancta,
1826 4504 1884 4553 et
1901 4498 1994 4554 be-

399 4601 645 4658 nedicite
672 4593 976 4652 Dominum
1007 4592 1169 4660 (Psal.
1195 4600 1368 4657 cxm).

471 4689 690 4747 Zardan
713 4689 905 4740 autem
938 4680 1052 4746 ille,
1082 4695 1210 4733 cum
1233 4676 1557 4748 hujusmodi
1569 4676 1746 4748 ipsius
1767 4677 1892 4732 vitae
1907 4694 1996 4732 ra-

399 4781 612 4836 tionem
635 4771 1355 4838 intellexisset,summaque
1365 4765 1498 4820 inde
1523 4766 1790 4820 maestitia
1813 4767 1997 4824 affice-

402 4871 581 4932 retur,
607 4861 981 4936 gravibusque
1013 4855 1187 4912 animi
1215 4854 1366 4909 curis
1400 4859 1716 4922 vexaretur,
1735 4872 1837 4910 nec
1861 4857 1995 4928 quid

403 4957 614 5011 faceret
645 4950 896 5016 haberet,
931 4947 1001 5001 ad
1041 4951 1357 5000 extremum
1403 4960 1644 4998 maerore
1672 4961 1992 5016 Oppressus,

404 5043 670 5100 simulato
693 5037 910 5103 morbo,
942 5036 1001 5090 in
1030 5051 1160 5088 suas
1171 5035 1317 5088 aedes
1341 5033 1802 5098 concessit.Quod
1824 5040 1888 5089 ut
1902 5051 1998 5090 rex

403 5129 696 5202 comperit,
728 5127 903 5180 alium
933 5123 1233 5194 quemdam
1279 5139 1343 5176 ex
1372 5121 1477 5188 his,
1516 5139 1656 5193 quos
1699 5123 1997 5180 ﬁdissimos

406 5219 669 5282 habebat,
693 5211 969 5283 misit,qui
996 5211 1171 5283 ipsius
1198 5211 1319 5265 loco
1341 5211 1456 5264 filio
1485 5211 1850 5267 ministraret.
1875 5215 2000 5284 Ipse

407 5315 598 5367 autem
627 5299 962 5360 valetudinis
983 5299 1249 5354 Zardanis
1265 5316 1458 5354 curam
1481 5301 2000 5370 gerens,celeberri-

406 5414 562 5455 mum
585 5395 657 5450 ad
683 5408 814 5448 eum
845 5387 1126 5443 medicum
1155 5387 1346 5453 mittit,
1379 5403 1619 5458 eumque
1635 5394 1700 5442 ut
1717 5407 1998 5446 summam

401 5489 480 5546 ad
497 5485 676 5560 ipsius
695 5477 1045 5536 curationem
1072 5474 1505 5531 sollicitudinem
1529 5477 1794 5533 adhibeat
1815 5485 1995 5550 rogat.

477 5575 728 5634 Medicus
749 5569 945 5643 igitur,
960 5564 1226 5640 quoniam
1247 5580 1378 5619 eum
1386 5565 1508 5636 regi
1531 5571 1759 5636 gratum
1770 5573 1828 5624 et
1847 5585 2001 5624 acce-

2076 4501 2182 4556 hoc
2213 4501 2411 4556 nuntio
2439 4519 2582 4573 pene
2609 4503 3046 4557 exanimaretur.
3075 4502 3157 4555 Ac
3193 4499 3382 4554 statim
3412 4498 3678 4552 Arachen

2078 4591 2398 4660 quemdam,
2423 4591 2520 4662 qui
2547 4591 2719 4645 etiam
2739 4591 3046 4646 secundum
3056 4589 3126 4644 ab
3147 4605 3212 4643 eo
3227 4586 3520 4658 dignitatis
3539 4602 3681 4657 gra-

2079 4679 2214 4744 dum
2242 4678 2550 4747 obtinebat,
2574 4679 2903 4750 primusque
2931 4678 2991 4732 in
3019 4675 3278 4732 omnibus
3302 4675 3526 4729 arcanis
3547 4690 3681 4728 con-

2077 4767 2216 4822 siliis
2228 4773 2366 4834 erat,
2383 4784 2448 4822 ac
2469 4773 2745 4839 praeterea
2769 4765 3084 4838 astrologiae
3106 4764 3397 4820 scientiam
3417 4760 3677 4825 tenebat,

2077 4857 2149 4910 ad
2178 4873 2237 4910 se
2265 4855 2478 4922 accivit,
2491 4856 2656 4927 eique
2674 4870 3010 4934 magnocum
3037 4869 3276 4908 mmrore
3299 4855 3471 4922 atque
3495 4847 3680 4903 animi

2079 4946 2530 5001 consternatione
2559 4945 2708 5016 quod
2737 4944 3018 4998 acciderat
3052 4941 3320 4996 narravit.
3353 4939 3454 4995 Ille
3480 4943 3680 4992 autem

2078 5035 2256 5108 ipsius
2269 5035 2690 5106 perturbatione
2708 5035 2996 5105 animique
3011 5031 3333 5086 confusione
3351 5033 3676 5099 conspecta:

2078 5126 2296 5191 Mmsto,
2321 5125 2522 5196 inquit,
2551 5141 2584 5178 ο
2612 5141 2726 5190 rex,
2760 5140 2824 5178 ac
2853 5120 3179 5194 perturbato
3207 5119 3398 5173 animo
3429 5133 3554 5170 esse
3585 5115 3684 5168 de-

2081 5215 2221 5280 sine;
2246 5233 2427 5286 neque
2445 5215 2593 5270 enim
2617 5214 2904 5286 meipsum
2924 5213 2993 5267 de
3007 5209 3287 5266 sententia
3298 5208 3684 5262 deducturum

2080 5303 2292 5368 difﬁdo,
2327 5303 2463 5374 quin
2499 5303 2684 5375 potius
2713 5303 2851 5357 illud
2880 5299 3256 5360 cctissimum
3283 5297 3478 5363 habeo,
3516 5293 3681 5348 brevi

2080 5391 2197 5446 fore
2211 5392 2379 5446 utille
2407 5392 2732 5464 impostoris
2759 5392 2909 5446 illius
2927 5389 3242 5445 doctrinam
3269 5387 3507 5458 abjuret,
3531 5389 3679 5439 tue-

2081 5498 2192 5554 que
2218 5482 2492 5536 voluntati
2515 5499 2728 5537 morem
2770 5486 2951 5552 gerat.

2151 5569 2294 5625 Cum
2321 5571 2496 5642 igitur
2521 5571 2612 5628 his
2626 5571 2806 5628 verbis
2827 5571 3074 5626 Araches
3101 5567 3377 5642 regemad
3395 5563 3576 5621 animi
3592 5563 3684 5618 hi-
