3876 6190
264 268 363 350 529

635 296 806 352 VITA
844 299 1286 361 SANCTORUM
1320 290 1667 371 BAI’tLAAM
1702 317 2041 381 ΕΒΕΜἹΤᾸΕ
2079 321 2170 381 ET
2207 323 2574 381 JOSAPHAT
2611 323 2836 381 INDUE
2873 323 3107 382 REGIS.

3405 328 3512 389 530

248 416 522 474 laritatem
541 423 916 493 convertisset,
952 428 1021 482 ad
1053 430 1376 501 hujusmodi
1404 439 1619 506 negotii
1648 444 2118 520 consi-Aspecie,
2143 454 2265 504 tum
2295 449 2492 504 habitu
2516 451 2879 517 venerandos,
2903 451 3278 523 solitariaeque
3306 457 3513 512 exerci-

249 508 579 564 derationem
607 513 860 569 animum
881 517 1105 587 adjecit.
1138 522 1218 574 Ac
1243 524 1508 595 primum,
1544 545 1576 582 ο
1604 548 1725 598 rex,
1748 533 1832 588 in-

251 598 378 668 quit,
412 599 519 653 hoc
563 617 839 671 agamus:
877 605 1076 662 demus
1120 626 1351 681 operam
1398 620 1463 669 ut
1501 620 1829 687 pestiferum

250 686 398 741 illum
423 688 681 745 Barlaam
710 693 1067 764 arripiamus.
1085 698 1244 762 Quod
1259 702 1307 755 si
1337 686 1762 777 consequamur,
1795 728 1831 766 a

248 793 419 847 scopo,
447 778 587 833 mihi
615 782 799 849 crede,
822 800 934 838 non
951 784 1356 858 aberrabimus,
1379 810 1482 848 nec
1509 812 1606 867 spe
1634 807 1829 855 nostra

246 864 510 921 fallemur.
534 869 679 924 Nam
699 871 794 926 ille
811 872 932 943 ipse
939 880 1070 943 ,aut
1090 878 1273 933 verbis
1286 881 1356 935 ad
1373 864 1826 953 persuadendum

245 957 682 1024 accommodatis,
705 966 805 1014 aut
824 963 992 1017 variis
1011 970 1421 1025 tormentorum
1436 972 1827 1034 instrumentis

244 1044 523 1115 impulsus,
539 1046 747 1103 invitus
758 1051 927 1106 etiam
949 1070 1013 1107 ac
1028 1071 1368 1127 repugnans,
1388 1061 1527 1116 falsa
1543 1070 1600 1119 et
1620 1069 1826 1123 erroris

243 1134 395 1203 plena
424 1135 593 1189 verba
630 1154 735 1192 sua
770 1156 891 1195 esse
928 1144 1304 1215 conﬁtebitur,
1338 1154 1507 1221 atque
1536 1154 1826 1212 dominum

242 1240 415 1278 meum
436 1225 615 1280 ﬁlium
635 1231 797 1282 tuum
822 1230 890 1284 de
911 1235 1193 1288 sententia
1212 1236 1535 1306 dimovebit,
1564 1242 1828 1299 adducet-

241 1328 335 1382 que
368 1320 429 1366 ut
454 1315 635 1385 patris
661 1317 1019 1388 dogmatibus
1041 1322 1254 1378 haereat
1278 1342 1290 1376 :
1323 1326 1409 1381 sin
1438 1335 1629 1384 autem
1659 1332 1823 1387 illum

239 1402 468 1472 arripere
480 1409 1031 1476 nequeamus,alium
1048 1428 1150 1482 ego
1162 1430 1353 1469 senem
1366 1419 1659 1474 eremitam
1673 1423 1818 1489 novi,

1911 539 2142 593 tationis
2188 544 2351 593 notas
2401 539 2461 593 in
2496 540 2654 594 vultu
2701 539 2958 605 ferentes,
3002 543 3505 614 comprehendunt,

1911 634 2274 699 raptatosque
2296 628 2502 682 Arachi
2525 628 2803 696 exhibent;
2823 631 2902 684 sic
2922 631 3111 686 animo
3130 640 3503 704 comparatos,

1911 721 1976 770 ut
2001 734 2104 772 nec
2132 718 2245 771 ullo
2276 718 2441 772 modo
2469 717 2950 788 perturbarentur,
2979 737 3081 775 nec
3109 721 3375 792 ignavum
3398 724 3505 780 ali-

1911 807 2044 876 quid
2073 823 2139 861 ac
2162 807 2325 861 triste
2367 807 2453 860 vel
2480 823 2594 877 prie
2624 823 2683 861 se
2724 806 2952 874 ferrent,
2986 811 3072 863 vel
3118 811 3502 882 loquerentur.

1909 895 2017 959 Qui
2048 901 2237 950 autem
2267 897 2419 966 ipsos
2467 912 2661 951 omnes
2688 900 2958 967 tanquam
2983 900 3217 954 antistes
3248 902 3502 972 praaibat,

1908 1000 1975 1038 ex
1999 984 2178 1039 cilicio
2207 990 2523 1040 contextam
2553 1002 2766 1056 peram,
2791 988 3163 1056 quorumdam
3181 996 3505 1047 sanctorum

1908 1074 2161 1137 Patrum,
2188 1074 2284 1145 qui
2314 1091 2379 1128 ex
2411 1075 2515 1128 hac
2542 1075 2658 1129 vita
2685 1074 3075 1144 discesserant,
3098 1078 3348 1150 reliquiis
3375 1097 3505 1136 con-

1907 1162 2108 1217 fertam
2135 1162 2411 1233 gestabat.

1980 1251 2304 1322 Conspectis
2332 1257 2523 1305 autem
2556 1252 2692 1322 ipsis
2737 1253 3003 1319 Araches,
3034 1260 3097 1308 ut
3142 1256 3503 1315 Barlaamum

1906 1340 2140 1394 minime
2165 1341 2304 1394 vidit
2327 1345 2478 1408 (nam
2502 1357 2630 1417 eum
2657 1345 2840 1411 norat)
2873 1358 3112 1398 maerore
3133 1347 3503 1405 conturbatus

1906 1435 2010 1495 est,
2044 1434 2214 1499 atque
2235 1430 2306 1483 ad
2322 1446 2416 1483 eos
2435 1429 2599 1483 dixit:
2634 1430 2873 1485 Ubinam
2896 1437 2983 1486 est
3000 1433 3275 1505 impostor
3291 1436 3387 1490 ille
3408 1438 3505 1508 qui

241 1491 444 1544 Nachor
456 1495 707 1561 nomine,
729 1497 823 1566 qui
844 1498 1231 1555 Barlaamoita
1246 1520 1474 1574 prorsus
1494 1508 1693 1564 similis
1712 1520 1817 1576 est,
1903 1517 2050 1587 regis
2079 1518 2258 1571 filium
2276 1518 2333 1571 in
2349 1535 2599 1572 errorem
2617 1518 2863 1573 induxit?
2885 1521 2940 1575 Is
2959 1528 3150 1576 autem
3180 1524 3279 1593 qui
3306 1542 3500 1595 peram

241 1585 294 1632 ut
319 1581 402 1633 vix
422 1580 492 1634 ab
520 1582 622 1635 illo
664 1584 969 1642 internosci
1011 1590 1204 1659 possit.
1238 1593 1341 1646 Hic
1369 1611 1536 1665 porro
1565 1599 1822 1653 eamdem
1901 1580 2161 1676 gestabat
2187 1607 2475 1677 respondit
2507 1625 2518 1659 :
2548 1609 2674 1661 Non
2691 1614 2777 1662 est
2802 1608 2896 1663 ille
2925 1610 3076 1664 inter
3094 1580 3216 1678 nos,
3246 1580 3393 1669 absit
3414 1616 3503 1687 (si-

242 1668 512 1724 nobiscum
544 1672 854 1728 doctrinam
895 1678 1208 1746 profitetur,
1249 1697 1489 1753 eumque
1523 1684 1581 1739 in
1610 1688 1876 1771 mathe-_
1901 1668 2152 1765 quidem,
2180 1668 2384 1750 Christi
2409 1697 2594 1766 gratia
2618 1698 2831 1767 pulsus,
2863 1715 2896 1751 a
2924 1698 3086 1754 nobis
3103 1668 3288 1771 fugit),
3306 1668 3501 1760 verum

235 1758 473 1812 mathicis
500 1761 845 1831 magistrum
869 1764 1059 1819 habui.
1090 1769 1177 1821 Ad
1208 1770 1356 1824 hunc
1382 1772 1558 1841 igitur
1588 1792 1690 1844 ego
1715 1764 1883 1831 no-B
1900 1758 2049 1855 apud
2068 1758 2166 1839 vos
2193 1758 2540 1839 domicilium
2577 1758 2764 1840 habet.
2796 1758 2939 1841 Eum
2968 1805 3120 1859 ergo,
3152 1758 3339 1862 inquit
3365 1758 3497 1860 dux,

233 1852 312 1899 ctu
339 1864 423 1901 me
451 1850 766 1917 conferam,
799 1852 960 1923 eique
988 1856 1177 1910 omnia
1205 1858 1492 1929 sigillatim
1522 1878 1815 1934 exponam,
1902 1850 2088 1927 nosti?
2112 1874 2296 1940 Certe,
2324 1874 2508 1945 inquit
2526 1876 2779 1942 eremita,
2804 1892 2935 1931 eum
2958 1878 3053 1949 qui
3076 1879 3350 1950 impostor
3367 1881 3501 1937 dici.

233 1953 285 1989 ac
311 1937 506 1992 deinde
560 1957 787 1996 rumore
817 1944 922 1999 hoc
974 1964 1189 2017 sparso,
1222 1948 1583 2006 Barlaamum
1608 1954 1822 2009 scilicet
1902 1967 1997 2016 tur
2024 1962 2171 2028 novi,
2196 1963 2299 2017 hoc
2319 1969 2406 2017 est
2422 1963 2728 2032 diabolum,
2748 1966 2844 2036 qui
2868 1966 2928 2021 in
2951 1968 3135 2022 medio
3152 1970 3323 2024 vestri
3345 1970 3498 2026 habi-

232 2027 687 2096 Comprehensum
715 2047 854 2098 esse,
879 2033 1065 2104 ipsum
1092 2036 1496 2093 exbibebimus-
1515 2041 1623 2104 Qui
1645 2043 1820 2097 etiam
1903 2056 2005 2116 tat,
2038 2027 2208 2122 atque
2227 2068 2261 2105 a
2280 2051 2433 2106 vobis
2460 2027 2731 2108 adoratur
2759 2027 2817 2108 et
2843 2056 3065 2110 colitur.
3098 2058 3200 2112 Hic
3227 2059 3339 2113 dux
3371 2078 3384 2113 :
3416 2060 3498 2114 De

228 2112 329 2184 ipse
366 2115 653 2171 Barlaami
685 2119 789 2173 sibi
830 2138 1033 2176 nomen
1072 2125 1405 2193 attribuens,
1438 2145 1499 2181 se
1542 2130 1815 2185 Christia-
1898 2112 2159 2194 Barlaam
2185 2157 2289 2210 ego
2313 2158 2523 2211 quaero,
2557 2142 2737 2213 deque
2770 2160 2835 2197 eo
2864 2146 3236 2215 percontabar
3266 2148 3494 2205 ubinam

229 2218 405 2257 norum
435 2222 606 2260 sacra
628 2208 811 2263 colere
844 2210 1147 2279 simulabit,
1179 2232 1357 2286 eaque
1386 2217 1595 2272 intueri
1628 2236 1691 2274 ac
1720 2221 1815 2274 de-
1899 2235 2063 2284 esset.
2097 2231 2403 2285 Monachus
2432 2236 2622 2286 autem
2650 2250 2661 2285 :
2698 2234 2812 2286 Cur
2837 2233 3028 2303 igitur,
3059 2234 3262 2307 inquit,
3286 2255 3499 2309 praepo-

229 2291 293 2309 ..,,,
320 2292 333 2309 .
706 2298 729 2309 ..
825 2306 831 2309 _
908 2302 918 2309 .
1105 2308 1109 2309 ,
1243 2305 1252 2309 _
1451 2306 1484 2309 _-

226 2291 427 2347 tendere
454 2312 579 2365 prae
610 2313 672 2350 se
698 2298 859 2353 feret.
891 2302 970 2355 Ac
994 2308 1207 2372 postea,
1242 2305 1408 2375 longa
1432 2306 1815 2379 disputatione
1897 2325 2046 2373 stere
2068 2319 2287 2373 locutus
2303 2336 2362 2373 es
2377 2320 2445 2373 de
2466 2336 2532 2374 eo
2557 2320 2653 2391 qui
2667 2321 2814 2390 regis
2840 2291 2958 2376 filio
2975 2291 3346 2394 imposturain
3367 2291 3499 2381 fecit

228 2379 396 2435 habita
424 2385 666 2439 tandem
693 2386 921 2456 fractus,
956 2407 1157 2446 manus
1180 2393 1354 2447 dabit-
1395 2396 1555 2459 QUOd
1598 2415 1725 2452 cum
1755 2401 1816 2453 ὃ·
1896 2424 1989 2462 me
2017 2408 2408 2479 interrogans?
2437 2379 2650 2463 Nam‘si
2670 2379 3030 2465 Barlaamum
3046 2379 3355 2483 quaerebas,
3377 2431 3497 2470 om-

227 2467 317 2522 lius
350 2476 476 2526 tuus
516 2476 890 2545 perspexerit,
922 2479 1027 2533 hoc
1065 2486 1169 2548 est,
1201 2483 1562 2538 Barlaamum
1605 2487 1814 2543 victum
1895 2496 2029 2551 nino
2059 2497 2140 2550 ita
2166 2467 2320 2567 loqui
2345 2497 2639 2567 oportebat
2670 2517 2681 2551 ε
2718 2498 2960 2554 Ubinam
2989 2467 3083 2554 ille
3115 2507 3201 2556 est
3220 2502 3317 2573 qui
3342 2467 3496 2574 regis

226 2574 346 2625 esse,
388 2577 452 2613 ac
491 2561 819 2619 doctrinam
860 2572 1111 2622 nostram
1167 2571 1415 2640 palmam
1456 2574 1670 2641 tulisse,
1699 2593 1811 2631 non
1896 2586 2074 2640 ﬁlium
2103 2585 2174 2639 ab
2203 2602 2392 2640 errore
2421 2586 2482 2640 in
2498 2586 2644 2640 viam
2665 2587 2905 2654 reduxit,
2937 2605 3007 2643 ac
3034 2590 3216 2645 salute
3232 2592 3496 2647 donavit?

226 2652 297 2699 est
318 2648 553 2704 dubium
575 2652 714 2722 quin
743 2655 814 2708 ad
840 2656 1116 2711 victorum
1136 2665 1326 2729 partes
1356 2678 1479 2715 sese
1509 2663 1811 2734 adjunctu-
1893 2675 2038 2728 Nam
2068 2676 2161 2728 ille
2201 2675 2377 2729 frater
2423 2680 2615 2730 noster
2649 2682 2753 2742 est,
2808 2693 2873 2731 ac
2894 2648 3186 2749 religiosae
3224 2681 3495 2737 exercita-

223 2750 303 2789 τηε
327 2738 413 2794 Sit.
446 2740 641 2803 Quam
671 2742 843 2797 etiam
880 2745 953 2799 ad
982 2762 1103 2800 rem
1131 2747 1279 2802 istud
1312 2751 1505 2820 magni
1537 2756 1809 2809 momenti
1891 2763 2059 2818 tionis
2105 2764 2307 2818 socius.
2340 2765 2503 2819 Multi
2532 2769 2725 2819 autem
2753 2767 2869 2837 jam
2898 2767 3018 2821 dies
3042 2773 3177 2822 sunt
3204 2785 3335 2823 cum
3362 2786 3495 2826 eum

228 2832 312 2889 est,
334 2828 473 2896 quod
504 2829 611 2883 ille
634 2832 988 2902 majestatem
1016 2841 1173 2891 tuam
1203 2844 1445 2905 veretur,
1461 2840 1675 2912 tibique
1717 2844 1812 2898 ob-
1890 2868 2004 2906 non
2032 2852 2292 2906 vidimus.
2326 2853 2468 2907 Tum
2495 2828 2789 2910 Araches':
2827 2855 3069 2910 Domum
3093 2856 3262 2925 illius,
3284 2858 3490 2930 inquit,

225 2915 357 2984 sequi
383 2934 733 2989 magnopere
765 2923 973 2978 studet.
995 2925 1152 2980 Adde
1180 2927 1330 2996 quod
1365 2928 1459 2982 ille
1501 2929 1675 2984 etiam
1707 2932 1808 3003 qui
1889 2940 2027 2994 mihi
2056 2941 2399 2995 demonstra.
2432 2942 2743 3012 Respondit
2766 2945 3077 2999 monachus
3107 2965 3119 2999 :
3154 2946 3213 3001 Si
3251 2915 3491 3018 ipsi‘vos'

224 3001 477 3059 Barlaami
504 3024 816 3078 personam
860 3020 1039 3082 geret,
1082 3015 1388 3087 resipiscet,
1422 3034 1594 3089 seque
1625 3020 1684 3073 in
1715 3037 1805 3075 δι’·
1887 3029 2074 3084 videre
2102 3030 2256 3084 cordi
2283 3035 2447 3095 esset,
2481 3030 2702 3085 obviam
2731 3032 2885 3087 vobis
2901 3033 3484 3113 ipsemet_prodiisset,

222 3107 329 3145 rore
348 3102 638 3150 versatum
667 3114 789 3153 esse
816 3102 1139 3157 atﬁrmabit.
1822 3122 1866 3182 Ο
1887 3117 2050 3173 nobis
2067 3124 2257 3173 autem
2278 3118 2454 3189 ipsius
2473 3119 2701 3173 domum
2722 3121 2969 3175 indicare
2991 3122 3224 3177 minime
3242 3123 3391 3178 licet.

281 3182 385 3237 Hoc
403 3201 672 3241 sermone
688 3204 784 3242 rex
802 3190 1110 3246 delectatus
1125 3198 1227 3259 est,
1256 3194 1610 3267 hominisque
1632 3200 1812 3253 consi-
1964 3208 2089 3271 Qua
2124 3208 2193 3261 de
2231 3224 2400 3261 causa
2439 3208 2825 3279 indignatione
2871 3211 3120 3280 percitus
3147 3212 3278 3279 dux,
3319 3217 3490 3284 atque

223 3268 338 3325 lium
368 3275 655 3344 Optimum
684 3293 806 3332 esse
830 3279 1124 3349 judicavit,
1152 3283 1308 3337 inani
1335 3284 1593 3340 videlicet
1610 3304 1708 3357 spe
1727 3288 1808 3341 ni-
1890 3296 2034 3350 irato
2062 3313 2126 3350 ac
2154 3296 2363 3351 furioso
2402 3297 2560 3351 vultu
2598 3314 2727 3351 eum
2766 3298 3012 3360 intuens.
3046 3300 3119 3353 ad
3147 3317 3277 3356 eum
3304 3301 3445 3357 dixit
3470 3321 3483 3356 :

224 3375 324 3413 ωε·
347 3363 621 3426 Quocirca
636 3382 765 3420 cum
777 3368 1137 3424 Barlaamum
1149 3389 1330 3443 nuper
1344 3375 1643 3428 recessisse
1661 3393 1807 3430 com—
1886 3385 2058 3439 Novis
2085 3391 2143 3439 et
2168 3385 2451 3439 inusitatis
2466 3403 2562 3439 vos
2582 3386 2781 3440 mortis
2799 3387 3101 3458 generibus
3120 3405 3270 3444 nunc
3284 3396 3490 3446 macta-

222 3450 446 3517 perisset.
461 3470 603 3508 eum
625 3457 1099 3527 comprehendere
1118 3460 1437 3516 festinabat.
1457 3464 1806 3534 Itaquemili-
1887 3471 1977 3539 bo,
2015 3473 2123 3527 nisi
2167 3474 2359 3527 statim
2402 3474 2769 3529 Barlaamum
2800 3450 2956 3529 vmihi
3005 3477 3389 3533 exhibueritis.
3417 3480 3488 3534 Et

222 3537 346 3593 tibus
363 3558 424 3595 ac
446 3544 881 3600 centurionibus
901 3547 1107 3615 missis,
1125 3549 1309 3604 varios
1335 3550 1601 3606 itinerum
1623 3554 1805 3609 exitus
1888 3562 2042 3632 quid,
2066 3563 2252 3633 inquit
2269 3564 2596 3630 monachus,
2611 3563 2671 3618 in
2698 3563 2860 3619 nobis
2878 3566 3167 3637 perspicis,
3192 3569 3353 3638 cujus
3371 3572 3488 3624 stu-

223 3632 499 3701 occupavit,
527 3649 600 3686 ea
619 3638 811 3689 autem
838 3635 929 3689 via
945 3654 1115 3707 quam
1136 3655 1201 3692 ex
1221 3640 1480 3694 omnibus
1500 3644 1805 3713 suspectio-
1886 3651 1979 3706 dio
2000 3658 2057 3705 et
2066 3632 2257 3707 arnore
2268 3652 2339 3729 ab
2349 3653 2454 3706 hac
2469 3653 2582 3707 vita
2596 3670 2744 3724 aegre
2763 3655 3114 3722 divellamur,
3132 3662 3486 3728 mortemque

222 3732 319 3771 rem
336 3719 602 3788 habebat,
628 3722 769 3793 ipse.
794 3727 1112 3780 conscenSiS
1125 3728 1305 3799 eqUiS,
1330 3746 1459 3783 cum
1488 3731 1642 3785 omni
1666 3732 1806 3787 cele-
1886 3757 1919 3794 a
1938 3745 1993 3794 te
2014 3741 2174 3795 nobis
2206 3722 2576 3796 invehendam
2614 3744 3107 3814 pertimescamus?
3128 3745 3276 3809 Quin
3297 3747 3487 3817 potius

221 3805 363 3861 ritate
404 3811 876 3881 persequebatur,
921 3819 1090 3885 atque
1132 3816 1286 3870 omni
1327 3817 1546 3872 ratione
1579 3821 1802 3891 assequi
1886 3830 2128 3899 gratiam
2168 3831 2274 3885 tibi
2295 3831 2544 3886 habituri
2581 3805 2794 3899 sumus,
2834 3834 2983 3904 quod
3026 3834 3249 3889 virtutis
3297 3805 3486 3891 studio

220 3897 489 3965 cogitabat
517 3900 824 3967 Caeterum,
849 3920 976 3958 Cum
996 3921 1092 3958 88X
1119 3910 1268 3960 totos
1287 3906 1407 3961 dies
1426 3907 1581 3962 inani
1607 3909 1798 3964 labore
1879 3897 2156 3975 haerentes
2192 3938 2223 3975 e
2252 3921 2364 3975 vita
2395 3921 2671 3976 eduxeris.
2704 3922 2900 3993 Neque
2932 3923 3084 3977 enim
3111 3923 3328 3979 incerta
3364 3926 3480 3979 exi-

219 3987 377 4051 294
400 4005 529 4043 sese
552 3989 863 4060 fatigasset.
894 3992 1014 4063 ipse
1044 3993 1272 4064 quidem
1296 3996 1356 4049 in
1376 3997 1531 4067 regio
1555 3998 1797 4068 quodam
1878 4015 1972 4063 tus
1999 4010 2123 4063 alea
2148 4026 2384 4080 parvum
2408 4010 2570 4065 nobis
2596 3987 3038 4083 metum-injicit,
3069 4014 3216 4084 quod
3248 4014 3477 4082 scilicet,

217 4073 416 4143 palatio,
441 4078 601 4148 quod
622 4080 741 4132 ruri
760 4080 932 4134 situm
957 4087 1096 4149 erat,
1129 4091 1402 4139 remanet.
1425 4087 1682 4141 Arachen
1702 4104 1799 4143 au—
1880 4114 1990 4168 quo
2012 4103 2163 4153 statu
2192 4115 2295 4153 nos
2321 4106 2618 4170 arreptura
2656 4117 2809 4155 mors
2834 4101 2927 4166 sit,
2962 4102 3193 4155 minime
3222 4119 3481 4174 comper—

218 4164 313 4215 tem
332 4180 452 4219 cum
480 4167 773 4238 equitibus
795 4169 947 4224 haud
970 4171 1162 4242 paucis
1183 4173 1253 4226 ad
1272 4173 1453 4244 ipsam
1470 4192 1647 4245 usque
1664 4177 1799 4231 Sen-
1878 4164 1999 4240 tum
2040 4186 2380 4255 habeamus;
2412 4164 2482 4242 ne
2528 4189 2671 4242 forte
2698 4196 2798 4243 aut
2838 4164 3145 4245 voluntatis
3176 4164 3476 4259 lubricum,

217 4253 535 4309 naaritidem
562 4257 927 4313 solitudinem
943 4262 1311 4332 conquirendi
1327 4264 1609 4319 Barlaami
1628 4282 1799 4320 causa
1879 4280 1979 4329 aut
2034 4276 2262 4347 quidam
2304 4253 2512 4330 diaboli
2541 4277 2786 4347 impetus
2806 4278 3049 4332 instituti
3079 4280 3258 4333 nostri
3312 4295 3477 4334 οοηε-

217 4340 363 4395 misit
399 4346 507 4408 Qui
539 4362 668 4400 cum
697 4348 769 4401 ad
795 4365 926 4403 eum
946 4350 1130 4405 locum
1158 4353 1521 4422 pervenisset.
1542 4355 2118 4458 omniuthantiam
2164 4365 2432 4430 inﬂectat,
2474 4365 2751 4435 aliterque
2796 4364 2955 4420 nobis
2993 4383 3162 4437 quam
3209 4372 3273 4421 ut
3298 4367 3477 4439 pactis

219 4426 497 4458 humanm-..
533 4435 1027 4458 ..με-ΑΑμμυΑηαιη
1077 4440 1111 4458 οι
1185 4446 1224 4458 _.
1513 4443 1586 4458 ο...
1649 4445 1659 4455 .
2033 4454 2066 4458 _
2312 4452 2327 4458 -
2354 4453 2364 4458 -
2428 4453 2439 4458 -
2489 4453 2499 4458 -
2535 4453 2545 4458 -

218 4426 504 4488 incolarum
530 4435 752 4490 animos
770 4439 1143 4508 perturbavit;
1172 4446 1341 4512 atque
1361 4459 1488 4497 cum
1510 4443 1590 4497 illi
1613 4445 1795 4499 virum
1813 4426 2006 4506 "cum
2032 4454 2146 4507 Deo
2177 4470 2213 4506 a
2239 4452 2399 4507 nobis
2425 4453 2579 4507 initis
2608 4460 3048 4509 consentaneum
3081 4460 3184 4521 est,
3216 4461 3317 4511 aut
3344 4472 3473 4510 sen-

218 4534 329 4573 eum
355 4538 389 4575 a
424 4541 484 4577 se
516 4524 703 4579 visum
731 4543 855 4581 esse
886 4536 1204 4598 negassent,
1237 4530 1296 4584 in
1320 4531 1699 4599 solitudinem,
1732 4540 1798 4588 ut
1877 4541 1987 4595 tire
2016 4547 2115 4596 aut
2134 4542 2316 4596 facere
2328 4543 2683 4613 persuadeat.
2704 4544 2974 4608 Quocirca
2996 4560 3126 4599 cum
3154 4560 3221 4598 ea
3240 4561 3364 4616 quaa
3383 4561 3476 4600 vo-

215 4605 318 4674 pios
342 4610 482 4667 viros
497 4620 820 4683 venaretur,
845 4634 967 4671 sese
986 4619 1240 4677 contulit.
1265 4620 1517 4692 Cumque
1537 4622 1795 4676 solitudi-
1878 4629 1964 4684 bis
1991 4630 2128 4701 ipsis
2146 4631 2558 4702 pollicebamini
2584 4634 2849 4704 consequi
2876 4634 2998 4704 jam
3019 4632 3247 4687 omnino
3274 4633 3478 4705 despe-

217 4710 327 4750 uem
370 4700 527 4756 illam
561 4720 768 4773 magna
797 4722 863 4759 ex
886 4713 1046 4777 parte
1073 4716 1447 4778 peragrasset,
1482 4728 1547 4764 ac
1578 4716 1798 4766 montes

215 4784 767 4864 dnxisset,vallesque
783 4796 1055 4865 quasdam
1068 4797 1299 4852 minime
1312 4798 1561 4866 tritas,et
1571 4816 1798 4855 accessu

214 4873 464 4947 difﬁciles,
489 4898 705 4936 cunrea
726 4884 1019 4938 hominum
1041 4902 1212 4940 manu
1234 4903 1403 4957 quam
1421 4905 1611 4942 secum
1631 4889 1798 4943 habe-

216 4959 312 5029 bat,
333 4969 568 5038 pedibus
581 4980 939 5042 pervasmset,
961 4975 1028 5028 ad
1054 4976 1335 5030 tumulum
1351 4979 1652 5048 quemdam
1672 4995 1772 5050 pro
1788 5006 1800 5018 -

212 5050 386 5122 fectus,
416 5059 475 5112 in
492 5061 617 5129 ejus
639 5062 863 5132 fastigio
888 5064 1249 5119 eremitarum
1272 5071 1520 5120 turmam
1543 5067 1799 5121 inambu-

212 5140 403 5225 lantem
423 5150 635 5215 cernit;
658 5151 924 5222 nullaque
942 5153 1274 5225 interposita
1294 5172 1471 5222 mora,
1505 5173 1599 5210 eos
1630 5157 1700 5211 ad
1733 5173 1793 5210 se

211 5222 393 5312 adduci
418 5239 602 5309 jubet.
632 5242 837 5297 Milites
867 5244 1056 5315 itaque
1086 5222 1374 5301 celerrimo
1402 5265 1588 5315 cursu,
1622 5254 1792 5319 atque

210 5322 291 5377 alii
302 5327 438 5381 alios
456 5336 806 5386 antevertere
819 5335 1238 5402 contendentes,
1266 5337 1547 5391 tumulum
1569 5344 1787 5409 petunt.

209 5408 385 5485 quue
416 5435 544 5473 cum
578 5422 982 5491 pervenissent,
1015 5424 1507 5480 circumdederunt
1537 5444 1632 5481 eos
1661 5434 1791 5482 tan-

208 5516 361 5571 quam
379 5522 545 5563 canes
571 5510 739 5564 multi
768 5513 933 5581 (Psal.
953 5516 1087 5583 xxt),
1111 5521 1210 5569 aut
1226 5520 1498 5586 tanquam
1516 5516 1795 5587 pestiferae

209 5594 450 5660 quedam
477 5603 533 5652 et
566 5598 843 5655 immanes
871 5600 1097 5672 belluas;
1129 5608 1301 5674 atque
1338 5604 1490 5676 ipsos
1529 5610 1652 5663 tum
1682 5605 1795 5667 oris

1880 4716 2036 4782 retis,
2059 4717 2181 4771 sine
2202 4718 2317 4771 ulla
2342 4718 2696 4772 cunctatione
2725 4718 2873 4789 quod
2894 4717 3050 4772 lubet
3067 4717 3248 4772 facite.
3281 4719 3477 4790 Neque

1880 4804 2029 4859 enim
2059 4806 2138 4877 pii
2175 4805 2366 4861 fratris
2393 4808 2570 4862 nostri
2609 4807 2973 4874 domicilium,
3026 4806 3281 4878 quamvis
3313 4807 3476 4863 nobis

1878 4895 2186 4965 cognitum,
2200 4897 2580 4963 ostendemus,
2599 4913 2703 4950 nec
2720 4896 2831 4950 alia
2844 4896 2960 4950 ulla
2981 4896 3134 4951 vobis
3148 4897 3343 4967 ignota
3360 4914 3478 4953 mo-

1878 4985 2127 5039 nasteria
2152 4985 2474 5056 prodemus,
2501 4991 2566 5040 ut
2586 4985 2842 5039 videlicet
2858 4985 2964 5040 hac
2990 4986 3211 5040 ratione
3232 4992 3473 5042 mortem

1879 5074 2122 5144 turpiter
2151 5074 2482 5145 etl‘ugiamus
2516 5092 2527 5127 :
2559 5074 2696 5145 quin
2722 5074 2911 5145 potius
2939 5075 3204 5146 praeclare
3232 5083 3475 5132 mortem

1881 5168 2230 5233 oppetemus,
2264 5168 2327 5216 ut
2354 5163 2508 5234 prius
2537 5162 2759 5217 virtutis
2788 5164 3040 5232 sudores,
3064 5164 3111 5219 si
3139 5182 3290 5220 nunc
3313 5166 3477 5221 forti-

1874 5252 2087 5308 tudinis
2114 5252 2289 5306 animi
2317 5268 2571 5306 cruorem
2600 5252 2715 5307 Deo
2745 5254 3060 5309 offerentes.

1945 5332 2101 5395 Hanc
2130 5358 2327 5396 eorum
2362 5342 2635 5396 sermonis
2677 5341 2992 5399 libertatem
3036 5346 3341 5400 sceleratus
3379 5345 3473 5399 ille

1876 5429 2111 5484 minime
2139 5430 2341 5497 ferens,
2373 5445 2570 5486 verum
2599 5449 2665 5485 ex
2693 5432 3017 5504 hujusmodi
3043 5435 3219 5489 animi
3248 5433 3470 5504 magni-

1877 5519 2072 5574 tudine
2102 5520 2433 5590 gravissima
2467 5520 2758 5577 iracundia
2786 5530 3119 5590 commotus,
3154 5522 3347 5577 multis
3377 5537 3474 5575 eos

1876 5606 2198 5665 verberibus
2220 5627 2286 5664 ac
2313 5610 2610 5669 tormentis
2648 5612 2851 5669 aﬂ‘ecit.
2884 5613 3020 5679 Quae
3047 5618 3238 5667 tamen
3281 5609 3365 5663 illi
3391 5609 3471 5663 sic
