3954 6190
688 313 861 368 VITA
899 310 1345 379 SANCTORUM
1379 306 1731 375 BWAM
1767 303 2104 375 EREMITE
2142 308 2231 375 ET
2267 311 2635 381 JOSAPHAT
2672 320 2896 379 INDLE
2934 325 3164 384 REGIS.

3459 336 3563 395 534

284 457 317 494 ε
337 444 395 495 te
416 439 712 511 iubam,
744 457 777 494 ο
805 456 921 507 rex,
953 440 1158 507 facere,
1187 442 1417 499 minime
1457 462 1494 499 α
1534 446 1695 504 nobis
1720 445 1871 509 indi-
1886 430 1943 505 Α,
1960 433 2192 491 comites
2205 453 2330 492 eam
2342 440 2691 501 celeritatem
2704 447 3089 507 adhibuerunt
3100 456 3560 521 uthominemar-r

282 536 432 587 ctum
463 536 569 593 est,
595 530 691 585 sed
708 546 831 601 qua:
859 548 897 585 a
913 532 1152 593 Domino
1168 540 1360 591 nostro
1392 536 1670 607 imperata
1699 544 1835 593 sunt
1859 558 1873 603 ;

280 618 375 688 qui
402 635 509 674 nos
533 621 921 691 temperantia
949 623 1193 690 studere,
1223 631 1393 695 atque
1413 643 1608 681 omnes
1626 629 1876 699 volupta-

272 712 356 763 tes
381 713 441 762 et
466 708 802 779 cupiditates
831 710 889 771 in
915 717 1193 782 potestate
1213 720 1423 781 tenere,
1452 716 1871 777 tbrtitudinem-

273 811 381 866 que
396 798 599 864 colere,
612 815 679 852 ac
698 798 947 861 laborem
959 817 1184 857 omnem
1199 810 1257 859 et
1265 805 1625 865 afﬂictionem
1633 812 1869 881 justitize

270 900 445 943 causa
470 888 751 947 sustinere
775 890 956 945 docet.
988 891 1110 956 Quo
1121 893 1296 963 igitur
1310 897 1568 965 graviora
1580 900 1739 958 nobis
1752 903 1867 973 pie-

270 975 405 1033 tatis
431 993 605 1033 causa
640 980 790 1035 mala
816 981 1095 1052 intuleris,
1150 1003 1216 1041 eo
1251 992 1572 1059 praeclarius
1606 996 1675 1048 de
1708 996 1866 1052 nobis

270 1065 509 1158 meritus
535 1068 727 1124 fueris.
756 1071 1028 1134 Quocirca
1055 1076 1324 1147 quidquid
1358 1081 1511 1135 lubet
1529 1083 1616 1138 fac
1640 1103 1652 1152 ;
1685 1104 1867 1158 neque

269 1154 419 1210 enim
441 1158 861 1216 committamus
882 1163 1163 1233 utaliquid
1183 1169 1331 1237 quod
1351 1186 1385 1223 a
1404 1179 1554 1225 recto
1569 1154 1869 1232 abhorreat

265 1241 559 1322 faciamus,
588 1264 653 1302 ac
680 1258 906 1319 peccato
934 1269 1037 1307 nos
1057 1255 1400 1313 addicamus.
1434 1261 1550 1315 Nec
1577 1265 1729 1318 enim
1753 1266 1873 1320 leve

264 1334 370 1389 hoc
398 1338 587 1391 scelus
615 1355 737 1393 esse
766 1348 948 1411 putes,
982 1344 1029 1397 si
1053 1345 1475 1404 colluctatorem
1501 1368 1567 1405 ac
1594 1356 1870 1409 commili-

1958 525 2209 597 riperent
2237 545 2479 602 eumque
2499 533 2571 586 ad
2590 534 2774 604 ipsum
2798 540 3158 598 adducerent.
3190 547 3272 601 De
3300 565 3410 620 quo
3430 568 3565 611 cum

1959 617 2218 686 quisnam
2241 626 2406 686 esset,
2433 639 2714 695 quamque
2742 628 3070 697 religionem
3099 617 3336 703 coleret,
3358 645 3414 694 et
3427 658 3562 712 quo—

1955 722 2084 761 nam
2108 710 2333 766 nomine
2358 721 2669 779 vocaretur,
2691 717 3051 787 quaesivisset,
3070 710 3460 783 Christianuni
3463 732 3558 789 ille

1952 815 2013 852 se
2070 816 2194 854 esse
2229 802 2514 872 professus
2563 810 2667 869 est,
2722 805 3194 882 Barlaamumque
3243 815 3558 891 nuncupari

1951 902 2453 971 (quemadmodum
2474 895 2730 997 videlicet
2758 893 2827 947 ab
2858 896 2994 965 ipsis
3016 901 3327 966 instructus
3352 913 3559 997 fuerat)

1948 1008 2059 1061 quo
2078 992 2305 1046 nomine
2318 989 2527 1060 gaudio
2546 985 2804 1055 perfusus
2824 990 3090 1060 Araches,
3110 1004 3173 1050 ut
3193 999 3420 1067 quidem
3440 985 3556 1072 prie

1948 1097 2008 1134 se
2038 1080 2271 1143 ferebat,
2299 1087 2525 1151 accepto
2536 1097 2622 1145 eo,
2640 1083 3058 1152 quamprimum
3082 1086 3151 1138 ad
3166 1104 3357 1157 regem
3376 1106 3558 1144 rever-

1952 1170 2113 1235 titur,
2144 1170 2308 1240 eique
2346 1171 2531 1240 ipsum
2554 1170 2794 1225 exhibet.
2833 1173 3036 1243 Aitque
3074 1191 3169 1227 rex
3198 1177 3559 1233 audientibus

1954 1258 2023 1312 iis
2049 1260 2145 1329 qui
2175 1259 2461 1313 astabant:
2495 1261 2650 1314 Tunc
2688 1278 2752 1315 es
2787 1262 2881 1315 ille
2918 1263 3187 1317 daemonis
3225 1266 3559 1321 administer

1954 1348 2251 1402 Barlaam?
2280 1349 2381 1402 Ille
2409 1354 2599 1403 autem
2611 1352 2929 1420 respondit:
2950 1352 3052 1405 Dei
3063 1353 3396 1408 administer
3407 1372 3553 1422 sum,

266 1428 459 1478 tonum
486 1434 747 1483 nostrum
776 1430 879 1484 tibi
902 1432 962 1485 in
988 1450 1192 1489 manus
1207 1438 1512 1494 tradamus.
1537 1442 1747 1498 verum
1768 1445 1873 1501 hoc
1954 1454 2021 1491 ac
2048 1454 2160 1492 non
2186 1438 2525 1505 daemonum,
2557 1440 2923 1509 quamobrem
2951 1458 3023 1495 ne
3052 1458 3144 1496 me
3174 1444 3436 1498 conviciis
3464 1445 3557 1499 in-

262 1515 497 1569 nomine
522 1516 752 1572 minime
777 1536 882 1574 nos
908 1521 1185 1586 irridebis,
1229 1529 1483 1596 quamvis
1534 1532 1703 1586 etiam
1745 1550 1870 1587 sex-
1954 1543 2156 1581 cessas.
2182 1528 3378 1600 Plurimasenimmihigratiasageredebes,
3412 1551 3552 1605 quo-

261 1610 460 1658 centas
480 1614 692 1661 mortes
714 1608 875 1664 nobis
895 1611 1123 1667 inferas.
1143 1615 1339 1686 Neque
1358 1618 1506 1673 enim
1523 1621 1665 1675 adeo
1685 1623 1870 1693 ignavi
1954 1615 2109 1669 Iliam
2137 1616 2315 1670 ﬁlium
2337 1623 2496 1671 tuum
2521 1634 2710 1671 θῐῪοΡΘ
2734 1623 2902 1689 atque
2920 1620 3233 1689 ίωροεῐιινα
3254 1622 3554 1678 liberatum

258 1708 479 1760 sumus,
502 1700 565 1749 ut
585 1702 998 1755 tormentorum
1017 1707 1247 1758 tuorum
1265 1712 1420 1761 metu
1444 1709 1854 1783 philosophiam
1886 1746 1934 1783 ,ρ
1953 1705 2025 1759 ad
2054 1705 2155 1759 Dei
2184 1706 2399 1777 cultum
2428 1707 2663 1773 erudivi,
2696 1712 2867 1778 atque
2894 1726 3020 1762 cum
3046 1726 3175 1763 vero
3196 1711 3311 1764 Deo
3339 1712 3399 1765 in
3425 1729 3554 1782 gra-

257 1788 514 1838 uostram
546 1787 869 1856 prodamus,
905 1796 1074 1862 atque
1103 1793 1317 1864 aliquid
1347 1797 1534 1852 divina
1571 1801 1695 1870 lege
1725 1802 1865 1858 indi-
1885 1787 2091 1848 “tiam
2120 1794 2417 1849 reductum
2448 1797 2602 1850 omni
2631 1797 2852 1851 virtutis
2883 1814 3090 1867 genere
3116 1799 3353 1855 institui.
3400 1802 3550 1856 Rur-z

252 1888 435 1941 gnum
466 1882 874 1945 perpetremus.
900 1880 1182 1937 Adversus
1211 1884 1329 1939 haec
1363 1903 1709 1960 quaecunque
1747 1898 1869 1946 tor-
1953 1900 2076 1937 sum
2107 1891 2299 1939 autem
2329 1902 2427 1938 rex
2447 1885 2576 1939 irati
2594 1887 2770 1940 animi
2783 1887 3025 1956 speciem
3042 1890 3542 1959 prmferens,dixit:

254 1966 583 2017 mentorum
612 1964 991 2025 instrumenta
1018 1972 1266 2039 nosti,ea
1294 1977 1557 2045 expedias
1584 1979 1731 2034 licet.
1760 1982 1869 2036 No—
1950 1973 2064 2026 Par
2087 1990 2222 2026 sane
2251 1980 2375 2028 erat
2399 1979 2481 2040 υίν
2516 1975 2617 2029 tibi
2641 1976 2917 2029 sermonis
2944 1978 3126 2031 omnis
3176 1995 3240 2032 ac
3268 1980 3547 2034 ἀείέηείο-

253 2047 341 2103 bis
370 2052 582 2123 quippe
612 2054 796 2109 vivere
826 2057 1083 2115 Christus
1100 2068 1203 2128 est,
1227 2079 1292 2116 ac
1319 2066 1461 2119 mori
1474 2070 1867 2137 praestantissi-
1950 2062 2038 2115 R33
2079 2063 2344 2117 familiam
2393 2065 2641 2135 Ρττέοίεειν
2682 2066 2805 2119 Sine
2853 2067 2969 2120 una
3005 2067 3449 2138 interrogatione
3489 2075 3547 2123 te

254 2155 413 2193 mum
446 2141 666 2197 lucrum
700 2146 919 2215 (Philip.
946 2152 1007 2215 ι).
1950 2157 2131 2206 morte
2160 2154 2706 2211 multarem.Verum
2734 2172 2835 2225 pro
2858 2172 2985 2209 mea
3000 2157 3352 2212 humanitate
3377 2159 3548 2212 tanti-

328 2229 417 2284 Ob
432 2230 760 2301 hujusmodi
775 2235 944 2289 verba
956 2253 1051 2291 rex
1073 2237 1262 2294 furore
1278 2241 1684 2313 inflammatus,
1704 2249 1864 2303 theo-
1944 2258 2076 2312 sper
2100 2246 2158 2295 te
2186 2243 2324 2305 fero,
2358 2261 2651 2314 quousque
2684 2245 2755 2298 ad
2786 2249 3000 2300 certum
3034 2246 3185 2300 diem
3207 2248 3275 2300 de
3303 2253 3361 2301 te
3391 2265 3544 2319 quas-1

248 2319 409 2388 legas
430 2336 629 2375 eorum
657 2323 880 2393 linguas
895 2329 1179 2397 amputari
1188 2330 1369 2400 jubet,
1391 2336 1690 2407 oculosque
1714 2340 1855 2405 erui,
1943 2331 2183 2386 stionem
2199 2333 2465 2387 habuero.
2480 2336 2559 2387 Ac
2579 2334 2858 2405 siquidem
2878 2335 3018 2389 mihi
3039 2335 3543 2407 obtemperantium

246 2424 568 2481 manusque
596 2412 765 2475 simul
792 2430 857 2467 ac
908 2417 1079 2486 pedes
1106 2422 1375 2475 truncari.
1411 2423 1535 2487 Qua
1576 2429 1859 2482 sententia
1941 2422 2185 2486 duxeris,
2216 2423 2793 2493 veniamqobtinebis;
2839 2425 2927 2478 sin
2978 2426 3185 2491 minus,
3237 2428 3543 2497 pessimam

245 2500 638 2568 pronuntiata,
664 2501 956 2559 lictoreset
970 2507 1858 2572 satellitescircumstantesinhm
1940 2517 2181 2566 mortem
2213 2517 2462 2582 οΡΡθῐεει
2496 2514 2626 2567 Haec
2656 2514 2892 2577 locutus,
2929 2515 3131 2568 Aradii
3162 2531 3292 2569 eum
3340 2516 3537 2582 ῐΐῖδάίῒτ

245 2603 417 2641 mane
445 2603 512 2642 ac
539 2590 844 2647 crudeliter
870 2592 1024 2664 ipsos
1050 2596 1478 2655 demutilabant.
1506 2604 1587 2657 Ac
1631 2605 1856 2675 linguas

247 2676 480 2747 quidem
507 2694 703 2733 eorum
721 2682 943 2736 uncinis
959 2699 1027 2738 ex
1046 2701 1143 2739 ore
1164 2694 1440 2745 extractas
1451 2690 1696 2747 belluina
1711 2712 1854 2765 qua-

244 2765 377 2820 dam
407 2766 635 2822 feritate
663 2769 1082 2839 abscindebant,
1115 2777 1306 2832 oculos
1330 2785 1518 2834 autem
1538 2782 1737 2838 ferreis
1751 2801 1856 2840 un-

242 2855 451 2924 guibus
462 2858 757 2926 eruebant,
777 2876 842 2913 ac
858 2862 1099 2934 denique
1114 2864 1503 2923 instrumentis
1514 2872 1852 2942 quibusdam

243 2961 444 3001 eorum
475 2963 678 3002 manus
704 2965 769 3002 ac
799 2950 972 3020 pedes
1012 2952 1287 3022 luxantes,
1337 2960 1742 3029 amputabant:
1794 2970 1854 3018 at

243 3032 393 3088 beati
424 3035 507 3089 illi
528 3052 594 3090 ac
623 3039 921 3093 venerandi
952 3046 1011 3094 et
1033 3045 1291 3111 generosi
1314 3046 1435 3111 viri,
1478 3054 1751 3121 tanquam
1778 3054 1849 3107 ad

241 3124 439 3193 epulas
468 3126 668 3192 vocati,
700 3133 931 3182 strenuo
951 3135 1011 3183 et
1026 3131 1155 3185 forti
1171 3134 1361 3188 animo
1372 3137 1445 3190 ad
1465 3140 1745 3196 cruciatus
1761 3159 1849 3195 ac-

240 3212 537 3278 cedebant,
568 3217 785 3269 mutuis
802 3218 1289 3276 cohortationibus
1315 3240 1438 3279 sese
1463 3234 1744 3295 acuentes,
1764 3237 1847 3286 at-

240 3318 349 3371 que
379 3303 453 3355 ad
476 3310 718 3358 mortem
742 3322 842 3377 pro
876 3308 1100 3362 Christo
1129 3310 1479 3367 subeundam
1507 3315 1637 3369 forti
1674 3324 1847 3390 atque

238 3389 524 3461 intrepido
553 3392 746 3447 animo
765 3401 1082 3466 pergentes.

309 3481 374 3534 In
390 3480 720 3550 hujusmodi
742 3484 909 3538 variis
923 3488 1214 3557 suppliciis
1223 3494 1561 3547 sacrosancti
1583 3498 1842 3551 monachi

239 3567 366 3637 (13),
400 3585 642 3623 numero
667 3572 861 3627 decem
883 3580 943 3627 et
966 3582 1205 3646 septem,
1234 3579 1408 3633 fortes
1433 3598 1499 3635 ac
1539 3585 1840 3641 tolerantia

1938 2602 2280 2672 mandatque
2309 2608 2374 2655 ut
2401 2618 2530 2656 eum
2559 2619 2729 2672 quam
2759 2602 3191 2672 diligentissime
3237 2605 3531 2659 custodiat.

2010 2690 2284 2744 Postridie
2313 2697 2503 2745 autem
2531 2691 2683 2745 illinc
2712 2692 2781 2746 ad
2796 2691 3067 2762 palatium
3091 2709 3256 2747 suum
3281 2709 3541 2748 reversus

1938 2784 2041 2832 est.
2068 2779 2318 2849 Repente
2334 2779 2747 2850 igiturcaptum
2777 2796 2899 2833 esse
2926 2780 3288 2835 Barlaamum
3308 2796 3540 2837 rumore

1935 2866 2234 2921 ferebatur.
2261 2868 2403 2921 adeo
2428 2873 2492 2925 ut
2505 2868 2625 2939 ipse
2640 2885 2863 2940 quoque
2883 2869 3030 2938 regis
3055 2870 3203 2927 illius
3230 2872 3335 2925 hac
3355 2886 3420 2925 re
3437 2887 3534 2929 au-

1934 2956 2053 3009 dita
2081 2956 2412 3025 gravissimo
2442 2957 2616 3011 animi
2647 2958 2841 3012 dolore
2885 2958 3219 3027 afﬁceretur,
3270 2976 3373 3015 nec
3417 2963 3537 3018 ulle

1935 3046 2101 3099 modo
2117 3046 2380 3116 lacrymis
2400 3047 2678 3101 moderari
2702 3054 2909 3117 posset,
2934 3063 3126 3103 verum
3144 3050 3450 3120 gemitibus
3466 3067 3534 3106 ac

1930 3135 2174 3190 luctibus
2206 3136 2383 3190 Deum
2414 3136 2753 3198 obsecraret,
2785 3138 3085 3208 ipsumque
3111 3144 3174 3194 ut
3202 3140 3322 3193 seni
3363 3156 3529 3210 opem

1929 3224 2101 3279 ferret
2126 3225 2518 3278 obtestaretur.
2567 3227 2685 3280 Nec
2709 3243 2843 3280 vero
2872 3226 3158 3296 lugentem
3185 3244 3317 3283 eum
3347 3229 3531 3284 bonus

1927 3313 2022 3367 ille
2052 3314 2203 3367 Dous
2222 3314 2473 3383 despexit
2498 3332 2510 3381 ;
2544 3314 2818 3385 benignus
2847 3316 2998 3370 enim
3016 3323 3103 3370 est
3128 3317 3198 3370 iis
3226 3319 3322 3388 qui
3348 3318 3530 3388 ipsius

1927 3418 2088 3473 epem
2116 3404 2172 3456 in
2204 3403 2291 3457 die
2323 3404 2703 3458 tribulationis
2731 3410 3072 3475 exspectant,
3103 3411 3274 3476 atque
3303 3423 3399 3461 eos
3427 3409 3523 3479 qui

1926 3490 2103 3563 ipsius
2131 3500 2283 3547 metu
2314 3494 2533 3563 praediti
2564 3500 2697 3547 sunt
2720 3496 2992 3563 agnoscit.
3025 3494 3186 3549 Unde
3223 3495 3393 3549 etiam
3424 3497 3520 3565 ju-

1926 3584 2049 3636 veni
2078 3600 2169 3653 per
2196 3589 2533 3637 nocturnum
2551 3584 2728 3643 visum
2744 3584 2931 3637 omnia
2948 3585 3213 3645 declarat,
3237 3584 3523 3656 roburque

235 3658 503 3728 praeditas
538 3661 757 3715 animas
785 3678 920 3718 suas
946 3666 1188 3720 Domino
1226 3674 1706 3730 commendarunt.
1758 3678 1836 3732 Ex
1892 3659 2213 3743 dpsiaddit.
2229 3676 2397 3743 atque
2416 3674 2486 3726 ad
2501 3673 2728 3744 pietatis
2741 3681 3025 3727 certamen
3054 3690 3183 3728 eum
3199 3676 3513 3729 conﬁrmat.

234 3763 342 3817 quo
372 3750 673 3820 perspicue
694 3758 917 3807 constat
941 3754 1192 3809 animum
1213 3758 1422 3828 pietate
1450 3764 1745 3832 praeditum
1761 3767 1839 3820 vi.
1919 3748 2283 3833 Experrectus
2312 3763 2503 3833 itaque
2531 3778 2626 3817 cor
2645 3779 2809 3816 suum
2835 3764 3001 3834 paulo
3024 3768 3155 3817 ante
3168 3765 3436 3819 maestitia
3455 3783 3521 3820 ac

236 3837 396 3891 tiosis
423 3839 813 3895 affectionibus
840 3842 1137 3913 imperare,
1184 3851 1654 3917 quemadmodum
1701 3856 1832 3927 qui-
1918 3852 2113 3906 dolore
2141 3853 2519 3923 proﬂigatum,
2554 3853 2747 3907 latitia
2761 3858 2819 3906 et
2844 3854 3049 3906 ﬁducia
3076 3854 3516 3926 suaviésimoque

234 3925 365 3979 dam
394 3928 649 3982 anostris
666 3930 905 3984 decretis
916 3932 1134 3988 alienus
1153 3938 1398 4006 prodidit
1410 3925 1734 4014 (Josephus),
1751 3963 1834 4000 se-
1916 3942 2131 3996 lumine
2159 3948 2343 4006 ,θη
2365 3943 2651 4013 perfusum
2668 3943 2896 4012 reperit.
2932 3943 3047 3997 Rex
3078 3948 3267 4011 autem
3317 3946 3403 3999 his
3429 3925 3517 4000 ita

232 4014 321 4068 nis
341 4017 653 4072 sacerdotis
670 4036 737 4073 ac
763 4027 979 4091 septem
1001 4023 1244 4079 ﬁliorum
1264 4030 1572 4084 certamina
1594 4048 1834 4088 comme-
1914 4032 2108 4101 gestis,
2139 4038 2308 4102 atque
2326 4032 2465 4086 inita
2480 4032 2802 4101 hujusmodi
2826 4032 3185 4103 cogitatione,
3208 4034 3509 4104 gaudebat,

230 4120 480 4169 moraris,
525 4108 619 4177 qui
648 4124 762 4162 una
791 4126 921 4165 cum
940 4118 1120 4166 matre
1144 4115 1267 4185 pari
1296 4118 1521 4173 omnino
1553 4125 1831 4179 sententia
1914 4123 2181 4193 praeclara
2208 4122 2652 4175 consideratione
2672 4139 2731 4176 se
2751 4122 2833 4175 uti
2856 4123 3200 4187 existimans,
3228 4126 3513 4195 amplissi~

224 4193 469 4263 praedita
486 4210 588 4265 pro
608 4197 802 4266 patriae
823 4198 964 4270 legis
980 4201 1300 4259 defensione
1318 4206 1659 4264 dimicarunt
1693 4212 1830 4276 Qui-
1913 4228 2178 4281 mamque
2205 4212 2410 4265 Arachi
2441 4211 2683 4281 gratiam
2710 4211 2938 4264 habens.
2971 4212 3198 4278 Verum,
3234 4220 3298 4267 ut
3324 4193 3508 4268 divini

227 4280 328 4336 bus
360 4283 665 4339 tolerantia
677 4293 731 4340 et
743 4288 917 4343 animi
938 4292 1329 4361 magnitudine
1346 4296 1828 4358 nihiloinferiores
1911 4280 2137 4354 Davidis
2164 4300 2347 4354 verbis
2376 4280 2521 4364 utar,
2545 4300 2779 4353 mentita
2805 4306 2889 4352 est
2916 4299 3185 4370 iniquitas
3211 4302 3315 4355 sibi
3333 4304 3501 4374 (1)ςαί.

225 4370 284 4425 hi
312 4371 509 4426 eximii
537 4374 733 4429 Patres
760 4393 825 4431 ac
852 4395 1111 4449 supernae
1139 4383 1450 4439 Jerusalem
1480 4388 1625 4443 cives
1655 4392 2076 4483 exsti-nxmx),
2112 4396 2279 4460 atque
2302 4390 2523 4459 justitia
2552 4390 2816 4442 adversus
2854 4388 3209 4459 iniquitatem
3260 4370 3503 4461 palmam

220 4466 437 4518 terunt.
1842 4466 2061 4542 “tulit,
2091 4496 2317 4551 prorsus
2348 4478 2604 4533 videlicet
2641 4495 2763 4531 eam
2802 4484 3061 4532 sternens
3102 4496 3166 4533 ac
3213 4480 3499 4551 dejiciens,

292 4550 435 4645 Car.
468 4551 669 4645 X_XIV.
695 4583 764 4597 -
792 4555 895 4610 His
920 4557 1095 4645 igitur
1124 4561 1218 4631 pia
1274 4571 1452 4619 morte
1497 4568 1819 4639 perfunctis,
1910 4550 2189 4641 petiitque
2240 4569 2509 4622 memoria
2576 4570 2697 4638 ejus
2745 4585 2871 4622 cum
2926 4570 3115 4623 sonitu
3173 4550 3332 4637 (Psut.
3385 4572 3503 4645 Ix)!

219 4651 317 4688 rex
336 4637 412 4689 ad
442 4638 773 4707 primarium
794 4642 1176 4698 consiliarium
1208 4662 1372 4702 suum
1394 4651 1648 4708 Arachen
1660 4637 1816 4712 dixiti
1906 4637 2380 4731 quemadmodum
2414 4659 2689 4712 sermonis
2716 4675 3017 4729 progressu
3047 4676 3081 4713 a
3109 4659 3270 4714 nobis
3310 4668 3499 4716 osten-

219 4725 504 4788 Qnoniam
531 4729 689 4798 prius
715 4732 1010 4786 consilium
1038 4734 1273 4790 minime
1299 4744 1584 4810 successit,
1617 4746 1688 4799 ad
1718 4764 1822 4818 po-
1903 4725 2086 4806 detur.

215 4814 431 4869 sta-ius
455 4818 708 4874 animum
736 4820 934 4890 adjice,
966 4837 1033 4876 ac
1058 4824 1373 4882 Nacborem
1422 4814 1819 4893 accersendum
1973 4840 2152 4894 Biduo
2183 4839 2386 4910 quippe
2416 4843 2541 4908 post
2569 4854 2662 4891 rex
2692 4838 2760 4892 ad
2792 4838 2894 4891 ﬁlii
2933 4838 3204 4910 palatium
3244 4845 3496 4911 accessit,

216 4919 380 5005 cura.
408 4906 654 4962 Araches
682 4909 877 5005 igitur,
908 4911 1247 4984 intempesta
1272 4923 1435 4973 nocte
1457 4922 1525 4975 ad
1549 4925 1670 4993 ejus
1699 4944 1820 4997 spe-
1903 4944 2080 5001 eoque
2108 4906 2217 5005 ipsi
2244 4906 2462 4982 obviam
2484 4929 2811 4999 prodeunte,
2842 4906 3004 4999 pater
3032 4946 3161 4985 eum
3195 4948 3297 4987 suo
3342 4906 3498 4990 more

471 4998 806 5093 se-contulit,
836 4998 1180 5070 siquidemin
1192 5005 1494 5062 solitudine
1506 4992 1813 5080 habitabat,
1903 4992 2434 5072 minime‘osculatus
2447 4992 2549 5079 est,
2576 5034 2787 5080 verum,
2810 4992 3126 5089 indignanti
3155 5029 3325 5093 atque
3351 5023 3497 5079 irato

213 5082 552 5138 divinationi
584 5101 812 5157 operam
839 5088 998 5143 dans.
1030 5091 1284 5164 Cumque
1304 5096 1410 5167 ipsi
1435 5101 1730 5157 consilium
1761 5105 1819 5159 id
1901 5106 2119 5168 similis,
2151 5107 2210 5159 in
2226 5106 2442 5175 regium
2455 5106 2772 5160 cubiculum
2801 5106 3112 5178 ingressus,
3132 5114 3496 5170 mmstovultu

211 5187 389 5263 omne
408 5174 564 5263 quod
589 5175 868 5246 cepissent
890 5179 1248 5250 declarasset,
1281 5186 1453 5240 simul
1478 5194 1647 5260 atque
1675 5192 1817 5247 dilu-
1899 5195 2166 5250 consedit.
2201 5197 2279 5248 Ac
2298 5174 2510 5248 deinde
2537 5195 2710 5248 accito
2736 5174 2890 5263 ﬁlio;
2903 5197 2989 5252 his
3032 5199 3103 5252 ad
3133 5217 3261 5254 eum
3312 5202 3495 5258 verbis

212 5260 427 5360 xittad
454 5279 644 5360 regem
667 5282 729 5319 se
756 5268 984 5338 recepit.
1022 5271 1098 5325 At
1151 5277 1272 5326 tum
1321 5277 1569 5345 quaesitis
1621 5296 1816 5336 rursus
1902 5284 2112 5339 utitur:
2149 5283 2273 5348 Fili,
2313 5300 2566 5353 quaenam
2600 5283 2717 5338 haec
2756 5260 2906 5339 fama
2933 5292 3036 5352 est,
3064 5306 3189 5360 quae
3211 5290 3283 5344 ad
3329 5308 3494 5347 aures

211 5349 399 5420 equis,
424 5351 492 5405 ad
519 5351 1335 5425 investigandumBarlaamum
1348 5366 1818 5425 seseabiresimu—
1899 5390 2053 5427 meas
2082 5372 2409 5442 permeavit,
2448 5373 2811 5447 animumque
2832 5392 3017 5430 meum
3051 5395 3289 5434 maerore
3318 5383 3493 5435 conﬁ--

213 5439 379 5492 lavit.
598 5448 789 5497 autem
819 5445 1063 5515 exiisset,
1099 5465 1163 5504 ac
1203 5451 1323 5505 loca
1345 5454 1599 5510 solitaria
1625 5460 1816 5528 perlu-
1897 5462 1975 5515 cit
1994 5462 2023 5513 ?‘
2043 5439 2224 5531 neque
2251 5461 2401 5514 enim
2431 5461 2686 5516 existimo
2708 5439 2887 5519 ullum
2927 5483 3176 5538 unquam
3206 5468 3491 5523 hominem

209 5534 429 5583 stt-aret
658 5549 838 5587 unum
866 5551 933 5588 ex
953 5539 1219 5608 voragine
1248 5543 1494 5611 quadam
1523 5548 1816 5616 egredien-
1898 5550 1967 5605 ob
1997 5549 2095 5602 ﬁlii
2115 5529 2301 5602 ortum
2322 5552 2695 5621 tantogaudio
2709 5554 2996 5624 perfusum
3017 5529 3207 5623 hnsse,
3220 5562 3487 5625 quantam

210 5626 337 5674 tam
677 5622 860 5685 Quem
884 5638 1013 5679 cum
1038 5630 1297 5700 persequi
1330 5633 1609 5701 jussisset,
1643 5638 1825 5708 ipsius
1896 5656 2001 5711 ego
2024 5644 2125 5691 tua
2152 5654 2319 5693 causa
2354 5620 2985 5713 voluptatem—percepi;
3014 5660 3116 5698 nec
3144 5620 3367 5698 rursum
3396 5643 3485 5697 ul-
