3876 6190
388 312 493 372 535

1421 309 1517 364 DE
1551 309 1741 365 VITIS
1779 309 2077 366 PATRUM
2112 311 2328 366 LIBER
2364 309 2654 366 PRIMUS.

3521 309 3614 366 536

389 442 508 496 lum
547 455 794 510 unquam
838 442 1060 490 tantum
1099 435 1356 488 maeroris
1395 451 1458 488 ex
1499 434 1614 488 ﬁlio
1643 434 2286 495 contraxisseAinlicias
2315 435 2532 489 iverim.
2561 434 2830 490 Tenebris
2877 433 3026 487 enim
3058 433 3189 504 fuga
3205 433 3427 500 relictis,
3456 433 3518 488 ad
3540 435 3615 489 lu-

387 530 574 594 credo,
607 533 880 599 quantum
911 541 1061 578 nunc
1105 541 1169 577 ex
1207 528 1266 577 te
1313 523 1584 576 contraxi.
1616 525 1799 578 Meam
1841 523 1992 577 enim

391 619 654 672 canitiem
675 616 945 670 dedecore
965 612 1216 678 alfecisti,
1239 630 1303 666 ac
1326 613 1506 666 lucem
1529 613 1815 666 oculorum
1845 628 1995 665 meo-

393 725 518 761 rum
551 705 853 768 abstulisti,
895 719 1308 772 nervorumque
1351 719 1603 756 meorum
1653 701 1824 755 robur
1853 701 1996 755 exci-

393 796 545 850 disti.
577 795 770 848 Timor
798 793 966 858 enim,
1017 809 1185 862 quem
1216 797 1315 845 tua
1351 807 1521 844 causa
1555 791 1845 856 timebam,
1875 807 1997 844 eve-

396 883 482 938 nit
509 883 649 937 mihi
674 901 688 938 :
719 889 777 936 et
805 882 953 952 quod
982 880 1233 945 verebar,
1267 880 1468 934 accidit
1487 879 1644 933 mihi.
1679 880 1997 950 Factusque

397 989 521 1026 sum
553 971 810 1026 hostibus
838 971 976 1024 meis
1005 969 1400 1035 inludibrium,
1437 974 1493 1022 et
1521 969 1580 1022 in
1603 968 1780 1022 risum
1809 969 1999 1022 adver-

399 1061 565 1115 sariis
591 1061 734 1114 meis
767 1061 896 1128 (Job.
926 1062 1029 1127 111).
1065 1059 1250 1113 Stulta
1275 1063 1462 1112 mente
1487 1074 1552 1110 ac
1579 1057 1779 1128 puerili
1810 1057 1998 1111 animo

402 1149 772 1221 impostorum
815 1147 997 1201 verbis
1035 1147 1204 1200 ﬁdem
1233 1145 1556 1210 adhibuisti,
1591 1150 1760 1216 atque
1787 1145 1999 1216 impro-

382 1239 602 1293 .borum
631 1243 688 1292 et
715 1238 1114 1292 malevolorum
1143 1237 1434 1290 hominum
1454 1235 1748 1288 consilium
1769 1234 1999 1288 consilio

405 1343 532 1380 meo
556 1327 841 1396 antiquius
859 1326 1088 1389 habens,
1115 1341 1179 1378 ac
1191 1325 1422 1378 deorum
1444 1329 1766 1378 nostrorum
1787 1324 2001 1376 cultum

406 1417 748 1487 relinquens,
784 1417 856 1470 ad
883 1417 1052 1470 alieni
1076 1415 1172 1469 Dei
1196 1416 1406 1468 cultum
1426 1421 1484 1468 te
1503 1414 1810 1468 contulisti.
1835 1413 2006 1476 Quid-

407 1523 542 1560 nam
571 1505 692 1572 tibi,
722 1506 822 1569 ﬁli,
864 1504 922 1558 in
952 1511 1199 1558 mentem
1227 1505 1399 1568 venit,
1435 1510 1498 1558 ut
1525 1505 1644 1558 hazc
1670 1503 1908 1564 faceres;
1943 1519 2007 1555 ac

409 1600 492 1660 tu,
523 1611 689 1666 quem
735 1595 794 1647 in
824 1594 978 1647 omni
1024 1594 1323 1647 securitate
1374 1593 1524 1647 alere
1572 1609 1662 1646 me
1688 1591 2002 1662 sperabam,

411 1699 691 1754 quemque
713 1683 1016 1737 senectutis
1051 1700 1189 1736 meae
1221 1681 1476 1736 baculum
1507 1699 1571 1735 ac
1598 1681 1770 1735 robur
1791 1680 2010 1734 habitu-

2075 541 2198 578 cem
2235 525 2472 587 accurri,
2512 541 2576 578 ac
2606 524 2800 578 relicto
2831 539 3022 578 errore
3051 523 3120 576 ad
3141 522 3418 576 veritatem
3439 539 3516 576 me
3538 525 3620 577 ad-

2071 614 2232 683 junxi
2266 631 2278 666 :
2313 613 2623 684 nuntioque
2671 611 3018 667 damonibus
3061 611 3304 678 remisso,
3353 611 3420 664 ad
3445 611 3622 666 Christi

2075 703 2300 757 ordines
2331 719 2421 757 me
2441 703 2670 769 contuli,
2685 703 2778 773 qui
2801 701 2904 756 Dei
2927 700 3110 755 Patris
3137 700 3303 754 Filius
3329 716 3388 754 ac
3410 699 3623 754 Verbum

2077 799 2181 857 est,
2217 793 2490 862 cujusque
2523 791 2693 846 verbo
2723 791 2914 845 omnia
2947 807 3012 844 ex
3041 789 3214 844 nihilo
3238 789 3295 842 in
3321 794 3492 842 ortum
3516 805 3627 860 pro-

2079 882 2249 936 ducta
2275 886 2426 948 sunt,
2460 881 2668 952 quique
2709 879 2892 934 afﬁcto
2938 895 2968 932 e
3007 883 3158 932 terra
3185 877 3403 932 homine
3433 877 3628 932 vitalem

2079 970 2186 1040 ipsi
2215 970 2476 1041 spiritum
2503 969 2828 1033 insufflavit,
2855 983 3096 1038 eumque
3131 967 3189 1020 in
3202 965 3484 1036 voluptatis
3498 981 3634 1036 para-

2082 1059 2221 1125 diso,
2271 1065 2336 1113 ut
2388 1059 2502 1112 illic
2547 1059 2794 1128 degeret,
2846 1057 3153 1112 collocavit.
3199 1056 3438 1125 Cumque
3484 1055 3634 1126 ipsius

2083 1148 2414 1202 mandatum
2439 1147 2721 1211 violasset,
2744 1145 3026 1216 mortique
3055 1143 3284 1216 proinde
3303 1142 3573 1197 obnoxium
3588 1160 3637 1197 se

2085 1237 2440 1303 reddidisset,
2471 1243 2641 1306 atque
2689 1234 2956 1288 horrendi
2998 1232 3192 1286 mundi
3220 1231 3471 1304 principis
3502 1237 3638 1302 pote-

2085 1325 2218 1378 stati
2245 1323 2595 1393 subjecisset,
2635 1340 2749 1377 non
2780 1329 2972 1377 tamen
3015 1321 3203 1375 omnia
3237 1319 3409 1374 facere
3435 1319 3639 1384 destitit,

2087 1429 2197 1483 quo
2219 1429 2349 1466 eum
2370 1413 2440 1466 ad
2461 1412 2758 1483 pristinam
2784 1411 3118 1480 dignitatem
3138 1414 3425 1463 revocaret.
3456 1409 3528 1461 Ac
3540 1423 3645 1478 pro-

2088 1507 2281 1573 pterea
2308 1502 2403 1555 ille
2443 1519 2632 1554 rerum
2683 1501 2937 1554 omnium
2974 1499 3324 1553 conditarum
3343 1497 3548 1550 effector
3569 1513 3646 1565 ge-

2090 1591 2353 1661 nerisque
2378 1591 2558 1644 nostri
2586 1590 2946 1654 architectus,
2971 1593 3166 1642 nostra
3202 1603 3366 1641 causa
3396 1587 3548 1638 homo
3573 1585 3646 1638 ef-

2089 1682 2268 1736 fectus
2307 1685 2410 1745 est,
2445 1677 2615 1750 atque
2667 1679 2727 1732 in
2771 1683 2986 1731 terram
3033 1677 3278 1742 veniens,
3325 1681 3380 1728 et
3415 1691 3444 1728 e
3482 1679 3649 1728 sancta

411 1788 535 1826 rum
559 1773 946 1843 optimumque
975 1771 1134 1841 regni
1155 1771 1266 1824 mei
1287 1787 1664 1824 successorem
1683 1770 2010 1824 relicturum
2029 1757 2323 1841 BVirgine
2373 1785 2627 1834 nascens,
2679 1784 2807 1822 cum
2862 1765 3189 1820 hominibus
3229 1762 3650 1818 consuetudinem

413 1877 503 1914 me
529 1860 938 1922 existimabam,
969 1860 1184 1912 inimici
1205 1865 1375 1929 atque
1395 1859 1614 1913 hostilis
1635 1859 1692 1912 in
1723 1875 1813 1912 me
1837 1858 2012 1912 animi

415 1955 812 2019 argumentum
843 1948 1101 2001 exhibere
1130 1949 1361 2001 minime
1387 1947 1715 2002 dubitares?

484 2039 574 2091 An
608 2054 722 2092 non
760 2043 1197 2092 consentaneum
1224 2044 1348 2091 erat
1373 2042 1439 2090 ut
1473 2037 1611 2090 mihi
1639 2037 1828 2108 potius
1857 2052 2016 2106 pare-

415 2143 526 2190 res,
555 2143 792 2197 meaque
811 2133 1026 2180 secreta
1054 2127 1387 2196 sequereris,
1418 2143 1584 2197 quam
1613 2125 1921 2197 versipellis
1951 2143 2016 2180 ac

418 2215 599 2286 putidi
643 2215 793 2268 senis
831 2215 995 2285 nugis
1043 2216 1342 2286 stultisque
1381 2214 1732 2269 sermonibus
1765 2215 2012 2281 cederes,

419 2305 515 2372 qui
543 2303 647 2357 tibi
673 2305 776 2358 hoc
800 2303 859 2358 in
888 2303 1139 2358 animum
1175 2303 1428 2369 immisit,
1471 2310 1535 2358 ut
1575 2321 1676 2374 pro
1714 2304 1863 2358 dulci
1901 2304 2018 2357 vita

419 2392 678 2447 acerbam
709 2393 1038 2464 susciperes,
1073 2409 1138 2446 ac
1169 2409 1269 2463 pro
1295 2393 1641 2446 suavissimis
1673 2392 1888 2446 deliciis
1913 2393 2020 2445 du-

419 2498 544 2536 ram
573 2481 730 2534 illam
765 2486 822 2534 et
850 2498 1108 2552 asperam
1137 2481 1304 2547 viam,
1339 2498 1509 2550 quam
1537 2481 1729 2535 Maria:
1760 2481 1908 2536 ﬁlius
1934 2487 2022 2535 te-

420 2586 556 2624 nere
603 2570 886 2636 admonet,
927 2569 1302 2640 ingredereris
1321 2570 1346 2621 7
1377 2571 1466 2623 An
1489 2587 1604 2624 non
1633 2575 1824 2624 autem
1853 2569 2022 2624 etiam

422 2674 772 2713 summorum
801 2658 1033 2712 deorum
1063 2658 1206 2712 iram
1232 2657 1601 2729 pertimescis,
1627 2675 1697 2712 ne
1715 2658 1948 2712 fulmine
1967 2665 2024 2712 te

424 2745 650 2810 feriant,
701 2751 802 2799 aut
845 2745 1096 2800 tonitruo
1144 2746 1490 2812 interimant,
1533 2753 1832 2818 prepterea
1875 2748 2024 2818 quod

426 2833 742 2904 repudiatis
780 2851 846 2888 ac
866 2851 967 2905 pro
985 2834 1159 2888 nihilo
1177 2834 1462 2889 habitisiis
1482 2837 1578 2906 qui
1598 2853 1700 2890 nos
1721 2842 1806 2891 tot
1826 2837 2026 2890 tantis-

425 2939 534 2993 que
562 2921 845 2977 beneﬁciis
874 2924 1200 2988 affecerunt,
1232 2941 1298 2978 ac
1325 2925 1482 2994 regio
1511 2925 1830 2980 diademate
1855 2942 2023 2980 orna-

425 3015 580 3075 runt,
594 3017 905 3080 gentesque
916 3012 1404 3066 numerosissimas
1414 3013 1612 3067 ditioni
1632 3020 1836 3068 nostrae
1855 3020 2024 3084 atque

2092 1859 2292 1914 habuit
2322 1858 2580 1926 (Baruch,
2614 1861 2720 1924 111).
2772 1858 2853 1910 Ac
2901 1872 3002 1926 pro
3049 1853 3212 1908 nobis
3257 1851 3480 1922 ingratis
3505 1849 3650 1903 servis

2093 1948 2367 2004 Dominus
2401 1951 2642 2000 mortem
2687 1944 2876 2010 subiit,
2911 1949 2970 1998 et
2996 1943 3221 2014 quidem
3250 1945 3476 1996 mortem
3500 1938 3651 1992 crucis

2097 2037 2358 2104 (Philipp.
2393 2034 2475 2106 11),
2508 2039 2575 2089 ut
2601 2034 2860 2088 videlicet
2893 2032 3104 2104 peccati
3132 2030 3384 2103 tyrannis
3409 2029 3473 2082 de
3497 2027 3652 2080 medio

2095 2126 2407 2190 tolleretur,
2434 2123 2698 2194 priorque
2719 2122 3114 2177 condemnatio
3143 2121 3435 2182 deleretur,
3467 2134 3528 2172 ac
3551 2115 3654 2170 ccali

2096 2220 2271 2286 portae
2320 2212 2480 2267 nobis
2511 2228 2738 2266 rursum
2783 2216 3061 2283 paterent.
3095 2211 3242 2265 Nam
3279 2209 3406 2262 illuc
3430 2211 3655 2260 naturam

2100 2307 2278 2370 298
2305 2307 2558 2356 nostram
2587 2301 2786 2366 evexit,
2821 2307 2990 2370 atque
3015 2301 3076 2354 in
3095 2298 3286 2369 gloriae
3303 2298 3496 2352 throno
3513 2295 3658 2348 collo-

2103 2393 2269 2457 cavit,
2305 2407 2654 2460 regnumque
2681 2391 2810 2444 ﬁnis
2841 2405 3055 2460 expers,
3089 2389 3159 2442 iis
3189 2387 3284 2458 qui
3310 2385 3476 2458 ipsius
3499 2399 3660 2438 amore

2105 2481 2356 2553 praedicti
2373 2485 2524 2542 sunt,
2549 2479 2795 2542 donavit,
2816 2479 3076 2548 bonaque
3097 2477 3251 2532 omni
3265 2490 3508 2530 sermone
3521 2479 3662 2542 atque

2107 2571 2304 2624 auditu
2335 2568 2730 2640 priestantiora
2751 2569 2798 2637 (Ι
2823 2569 2946 2624 C-or.
2979 2566 3063 2636 I1).
3101 2567 3227 2637 Ipse
3256 2565 3403 2620 enim
3431 2568 3509 2616 est
3531 2559 3664 2614 fortis

2107 2661 2221 2727 ille,
2255 2676 2319 2713 ac
2352 2659 2505 2713 solus
2535 2662 2752 2729 potens,
2787 2657 2902 2711 Rex
2921 2671 3120 2726 regum
3143 2660 3198 2710 et
3231 2653 3492 2710 Dominus
3509 2648 3663 2704 domi-

2107 2748 2365 2804 nantium
2396 2750 2571 2816 (Apoc.
2600 2743 2736 2816 x1x),
2790 2746 2955 2815 cujus
2991 2744 3168 2799 robur
3213 2743 3469 2797 invictum
3494 2743 3586 2803 est,
3619 2741 3666 2791 et

2106 2837 2358 2909 potentia
2383 2835 2661 2906 ejusmodi
2692 2850 2814 2905 quae
2831 2850 3057 2888 omnem
3085 2831 3300 2904 ingenii
3325 2831 3664 2900 conjecturam

2106 2926 2355 2988 excedat;
2376 2925 2470 2996 qui
2505 2924 2657 2978 solus
2677 2929 2906 2977 sanctus
2922 2927 3028 2988 est,
3052 2927 3112 2976 et
3132 2923 3193 2976 in
3223 2919 3426 2975 sanctis
3450 2915 3666 2987 requies-

2105 3032 2266 3081 cens;
2287 3014 2382 3084 qui
2412 3030 2540 3068 cum
2571 3015 2740 3068 Patre
2777 3018 2835 3067 et
2859 3012 3079 3084 Spiritu
3110 3015 3303 3098 sancto
3329 3007 3662 3078 gloriﬁcatur;

425 3099 664 3170 imperio
683 3099 1063 3170 subjecerunt,
1095 3118 1160 3155 ac
1180 3101 1420 3172 denique
1437 3107 1502 3156 ut
1519 3119 1748 3173 precum
1769 3119 2024 3158 mearum
2047 3117 2090 3178 α
2108 3105 2166 3158 in
2199 3119 2440 3174 quorum
2486 3103 2714 3156 nomine
2742 3100 3058 3172 baptizatus
3095 3093 3245 3163 sum,
3282 3105 3340 3152 et
3367 3113 3496 3167 quos
3525 3093 3668 3148 conﬁ-

427 3193 485 3242 et
511 3189 833 3242 orationum
851 3206 1022 3260 opera
1037 3190 1366 3260 gignereris,
1397 3208 1460 3244 ac
1492 3191 1828 3245 dulcissimae
1857 3193 2027 3262 hujus

427 3277 569 3332 lucis
587 3279 865 3350 particeps
894 3281 1076 3345 ﬁeres,
1112 3285 1315 3350 praeter
1332 3298 1488 3351 spem
1518 3281 1839 3347 effecerunt,
1864 3281 1914 3334 ei
1931 3281 2029 3350 qui

428 3367 580 3422 cruci
609 3368 808 3422 afﬁxus
837 3375 924 3422 est
952 3369 1264 3422 arctissime
1293 3376 1350 3423 te
1378 3370 1735 3439 conjunxisti,
1767 3369 2028 3424 inanibus

427 3455 687 3511 videlicet
722 3457 898 3528 ipsius
946 3459 1226 3512 cultorum
1273 3459 1566 3528 promissis
1599 3459 1884 3528 deceptus,
1933 3458 2030 3528 qui

428 3561 573 3600 nova
609 3547 864 3617 quaedam
917 3547 1118 3600 saecula
1171 3548 1516 3618 conﬁngunt,
1567 3553 2032 3617 mortuorumque

431 3650 726 3705 corporum
739 3635 1736 3706 resurrectionemnugantur,aliaque
1749 3643 2027 3702 sexcenta,

432 3727 498 3776 ut
516 3723 736 3777 stolidis
754 3723 1074 3777 hominibus
1096 3725 1284 3778 fucum
1299 3724 1538 3786 faciant,
1561 3724 1962 3779 introducunt?

506 3812 718 3864 Verum
746 3829 894 3866 nunc
923 3813 1140 3878 saltem,
1171 3813 1499 3866 charissima
1525 3813 1625 3879 ﬁli,
1649 3813 1696 3866 si
1728 3813 1863 3884 quid
1895 3813 2032 3868 mihi

437 3899 584 3968 patri
613 3904 710 3954 tuo
754 3899 1252 3971 obtemperantium
1287 3906 1468 3971 putas,
1505 3901 1732 3972 prolixis
1749 3901 1837 3955 his
1865 3903 2032 3973 nugis

435 3987 670 4056 longum
690 3989 872 4043 valere
889 3989 1084 4059 jussis,
1104 3989 1362 4060 benignis
1385 3991 1511 4055 diis,
1530 4007 1735 4060 quaeso,
1755 3991 2026 4058 sacriﬁca,

435 4082 606 4146 atque
625 4093 720 4131 eos
731 4077 990 4148 plurimis
1005 4078 1242 4132 victimis
1271 4085 1329 4132 et
1356 4079 1642 4133 sacriﬁciis
1671 4081 1892 4150 placare
1911 4085 2031 4135 stu-

437 4165 690 4232 deamus,
714 4173 780 4221 ut
810 4167 982 4222 errati
1012 4167 1228 4222 veniam
1255 4167 1325 4222 ab
1363 4167 1500 4240 ipsis
1536 4168 1822 4240 impetres,
1856 4169 2032 4240 siqui-

437 4253 567 4307 dem
599 4255 742 4309 hanc
771 4256 881 4310 vim
912 4256 994 4309 illl
1021 4256 1248 4323 habent,
1273 4262 1338 4312 ut
1364 4263 1422 4311 et
1447 4256 1735 4312 beneﬁciis
1755 4264 1811 4312 et
1829 4258 2036 4330 suppli-

435 4342 536 4397 ciis
563 4343 786 4399 afﬁcere
813 4345 1046 4416 possint.

2108 3200 2250 3258 teor,
2299 3191 2518 3246 celebro
2573 3195 2744 3262 atque
2775 3190 2971 3256 adoro,
3013 3205 3195 3243 unum
3219 3188 3394 3242 Deum
3423 3185 3478 3239 in
3511 3182 3666 3238 tribus

2111 3281 2384 3352 personis,
2437 3279 2992 3346 consubstantialem,
3039 3295 3106 3332 ac
3134 3274 3466 3332 confusionis
3500 3287 3666 3342 exper-

2109 3376 2247 3436 tem,
2277 3371 2608 3437 increatum,
2641 3368 3037 3433 immortalem,
3069 3369 3488 3438 sempiternum,
3507 3359 3668 3414 inﬁni-

2111 3465 2254 3522 tum,
2287 3459 2356 3512 ab
2393 3457 2546 3513 omni
2588 3456 3106 3528 circumscriptione
3137 3458 3436 3518 remotum,
3471 3463 3668 3520 corpore

2117 3554 2425 3614 vacantem,
2459 3565 2494 3601 a
2536 3544 3076 3618 perturbationibus.
3097 3550 3156 3600 et
3194 3542 3494 3599 mutatione
3527 3545 3670 3608 atque

2113 3637 2473 3692 conversione
2503 3636 2770 3702 alienum,
2801 3635 2956 3690 omni
2991 3634 3238 3690 termino
3265 3635 3554 3694 carentem,
3599 3624 3674 3678 bo-

2114 3727 2308 3782 nitatis
2323 3731 2382 3780 et
2395 3726 2630 3796 justitiaa
2647 3741 2713 3778 ac
2729 3725 3088 3796 sempiternas
3103 3724 3248 3778 lucis
3268 3723 3490 3784 fontem,
3511 3729 3672 3772 rerum

2115 3816 2366 3870 omnium
2395 3814 2768 3881 conditarum,
2801 3819 2918 3868 tam
2940 3829 3064 3885 quia
3092 3813 3250 3868 cerni
3273 3813 3498 3884 possunt
3530 3817 3672 3876 quam

2115 3921 2237 3974 quae
2276 3904 2566 3958 oculorum
2603 3919 2832 3956 sensum
2875 3901 3120 3972 fugiunt,
3163 3902 3491 3963 effectorem,
3531 3901 3673 3964 atque

2112 3994 2301 4048 omnia
2329 3993 2709 4046 continentem
2739 3996 2798 4045 et
2831 3997 3277 4062 conservantem,
3304 3985 3548 4042 omnibus
3566 3995 3674 4053 pro-

2114 4081 2460 4152 spicientem,
2484 4086 2652 4151 atque
2671 4079 2729 4133 in
2745 4079 2934 4134 omnia
2953 4095 3196 4148 regnum
3213 4084 3271 4132 et
3295 4073 3574 4147 imperium
3591 4067 3675 4123 ob-

2114 4170 2407 4224 tinentem.
2441 4171 2636 4240 Neque
2665 4169 2818 4223 enim
2865 4167 2987 4222 sine
3025 4167 3149 4238 ipso
3177 4183 3270 4221 res
3293 4165 3408 4221 ulla
3427 4163 3562 4216 facta
3584 4163 3671 4221 est,

2116 4276 2218 4314 nec
2260 4260 2380 4312 sine
2429 4258 2604 4330 ipsius
2641 4257 2992 4329 providentia
3037 4257 3349 4328 quidquam
3393 4247 3603 4308 conﬂari
3626 4261 3675 4299 se

2117 4349 2418 4403 consistere
2447 4352 2650 4418 potest.
2691 4348 2818 4418 Ipse
2855 4345 3135 4416 siquidem
3165 4351 3254 4400 est
3289 4342 3532 4399 omnium
3560 4336 3670 4396 vita,

504 4434 586 4487 Ac
605 4450 707 4488 nos
733 4451 928 4489 eorum
951 4451 1075 4505 quae
1093 4435 1334 4490 diximus
1361 4436 1680 4507 exemplum
1697 4435 1798 4490 tibi
1819 4453 2034 4503 sumus,
2055 4431 2368 4492 Domnium
2400 4435 2833 4505 coagmentatio,
2879 4434 3132 4489 omnium
3162 4430 3513 4494 illuminatio,
3547 4428 3677 4480 totus

435 4521 533 4592 qui
562 4521 814 4594 ipsorum
833 4523 1102 4578 beneficio
1123 4525 1194 4577 ad
1214 4525 1318 4578 hoc
1337 4525 1632 4594 imperium
1657 4525 2030 4595 pervenimus,

435 4617 606 4684 atque
630 4613 775 4667 hanc
801 4613 939 4684 ipsis
969 4612 1224 4666 beneﬁcii
1259 4613 1432 4666 vicem
1474 4613 1854 4683 rependimus,
1887 4621 1952 4668 ut
1979 4621 2036 4668 et

435 4718 629 4756 eorum
646 4701 956 4756 cultoribus
974 4703 1242 4756 honorem
1264 4701 1598 4765 tribuamus,
1628 4709 1686 4756 et
1701 4720 1794 4756 eos
1817 4703 1914 4772 qui
1939 4704 2035 4758 ad-

436 4790 565 4843 duci
586 4797 874 4862 nequeunt
894 4797 959 4844 ut
999 4791 1134 4862 ipsis
1157 4791 1488 4858 sacrificent,
1510 4791 1798 4862 suppliciis
1847 4809 2036 4846 excru-

437 4877 669 4936 ciemus.
701 4880 906 4934 Multas
934 4881 1107 4950 igitur
1135 4880 1456 4950 hujusmodi
1485 4897 1663 4950 nugas
1701 4897 2037 4936 commemo-

436 4971 599 5020 rante
620 4983 770 5037 rege,
794 4985 859 5022 ac
877 4975 1069 5024 nostra
1093 4970 1316 5040 quidem
1338 4970 1603 5040 dogmata
1622 4970 1960 5040 suggillante
1981 4977 2038 5025 et

438 5055 784 5122 traducente,
819 5057 1094 5112 idolorum
1127 5066 1317 5112 autem
1337 5059 1552 5113 cultum
1570 5059 1828 5112 laudibus
1849 5064 1908 5112 et
1935 5077 2034 5114 en-

437 5143 632 5198 comiis
651 5152 1041 5214 prosequente,
1062 5147 1440 5202 divinissimus
1453 5148 1677 5218 juvenis
1698 5164 1816 5202 rem
1832 5165 1898 5202 eo
1915 5149 2034 5203 loco

437 5249 558 5287 esse
577 5232 788 5298 videns,
814 5240 878 5288 ut
898 5251 1010 5289 non
1035 5238 1156 5305 jam
1185 5239 1455 5307 angulum
1479 5242 1536 5291 et
1561 5237 1824 5303 latebras,
1843 5254 2034 5292 verum

433 5319 830 5376 candelabrum
856 5324 1040 5393 potius
1064 5341 1129 5378 ac
1149 5327 1437 5396 speculum
1451 5327 1798 5381 desideraret
1820 5328 2028 5396 (Matth.

432 5415 506 5480 v),
536 5427 646 5482 quo
676 5411 933 5466 omnibus
963 5413 1020 5466 in
1049 5414 1340 5484 perspicuo
1374 5422 1538 5481 esset,
1588 5415 1845 5470 libertate
1875 5432 1940 5470 ac
1967 5417 2034 5470 fi-

432 5501 601 5556 ducia
629 5501 847 5572 plenus,
878 5501 950 5555 ad
978 5501 1129 5555 hunc
1153 5503 1380 5557 modum
1411 5505 1631 5560 locutus
1651 5511 1737 5560 est
1768 5523 1778 5558 :

503 5590 661 5656 Quod
698 5607 734 5644 a
772 5607 864 5645 me
911 5589 1118 5645 factum
1173 5595 1276 5657 est,
1324 5608 1358 5646 ο
1387 5593 1552 5661 here,
1597 5595 2038 5666 haudquaquam

2117 4525 2370 4591 dulcedo,
2413 4542 2478 4578 ac
2505 4531 2658 4579 totus
2693 4525 2814 4579 sine
2841 4525 2958 4578 ulla
2997 4524 3298 4578 saturitate
3330 4510 3674 4575 desiderabilis

2119 4615 2298 4683 (Cant.
2339 4615 2412 4681 v),
2457 4612 2821 4683 omniumque
2860 4627 3052 4666 rerum
3081 4610 3515 4682 expetendarum
3553 4616 3678 4656 sum-

2117 4719 2244 4757 mus
2269 4712 2476 4756 vertex.
2501 4701 2773 4766 Quocirca
2809 4701 2989 4756 Deum
3019 4700 3191 4767 hunc,
3213 4699 3348 4771 quia
3365 4701 3518 4752 tanta
3542 4688 3676 4745 boni-

2115 4797 2232 4846 tate
2258 4809 2323 4845 ac
2342 4791 2594 4863 potentia
2610 4791 2877 4862 praeditus
2904 4795 3008 4856 est,
3047 4789 3389 4860 relinquere,
3412 4791 3568 4856 atque
3589 4780 3678 4834 im-

2117 4897 2286 4952 puros
2309 4881 2593 4934 daemones
2609 4879 2984 4948 vitiorumque
3003 4877 3261 4932 omnium
3280 4876 3594 4930 architectos
3608 4881 3681 4952 mf

2118 4951 2252 5034 lere,
2285 4969 2582 5039 surdisque
2629 4984 2694 5022 ac
2741 4967 2910 5022 mutis
2951 4967 3172 5032 statuis,
3206 4982 3331 5037 qua:
3367 4979 3464 5018 nec
3498 4951 3680 5028 aliquid

2117 5064 2250 5113 sunt
2276 5075 2378 5112 nec
2424 5061 2610 5124 erunt,
2641 5057 2856 5111 cultum
2886 5073 2952 5110 ac
2991 5055 3412 5110 venerationem
3443 5048 3678 5106 tribuere.

2117 5150 2278 5218 Cujus
2305 5148 2554 5213 tandem,
2579 5163 2612 5200 ο
2636 5151 2814 5217 pater,
2830 5145 3082 5200 stultitiae
3110 5160 3176 5198 ac
3201 5141 3496 5198 dementiae
3513 5131 3680 5192 fuerit?

2118 5237 2420 5308 Ecquando
2452 5236 2603 5290 enim
2641 5252 2744 5290 vox
2767 5234 2838 5288 ab
2866 5233 3003 5305 ipsis
3031 5233 3230 5287 audita
3252 5232 3382 5286 est?
3415 5221 3681 5299 Ecquando

2115 5326 2200 5379 vel
2251 5326 2512 5396 exiguum
2557 5325 2644 5391 iis,
2672 5325 2770 5395 qui
2815 5339 3008 5396 preces
3055 5323 3125 5377 ad
3161 5323 3316 5394 ipsos
3354 5314 3678 5374 adhibebant.

2115 5415 2426 5470 dederunt?
2447 5415 2746 5486 Ecquando
2769 5413 3150 5479 ambularunt,
3174 5419 3279 5468 aut
3297 5426 3516 5467 sensum
3527 5405 3680 5461 ullum

2116 5505 2488 5575 acceperunt?
2514 5505 2661 5560 Nam
2681 5519 2862 5573 neque
2883 5502 2942 5556 hi
2967 5503 3063 5574 qui
3085 5500 3315 5556 stabant
3333 5495 3584 5556 sesionis
3598 5505 3681 5546 un-

2115 5610 2286 5665 quam
2305 5595 2702 5659 meminerunt,
2723 5608 2827 5646 nec
2845 5591 2942 5663 qui
2952 5591 3449 5648 sedebantstantes
3457 5594 3680 5656 unquam
