3954 6190
314 330 421 393 537

708 335 882 391 VITA
920 335 1363 393 SANCTORUM
1396 336 1747 393 BARLAAM
1785 337 2123 394 EREMITE
2161 338 2251 394 ET
2288 336 2655 394 JOSAPHAT
2691 337 2915 395 INDIIE
2950 337 3183 395 REGIS.

3503 338 3607 398 538

308 460 416 516 visi
443 466 595 517 sunt.
629 462 843 517 Horum
870 464 1282 535 turpitudinem
1308 481 1373 519 ac
1392 465 1626 519 fetorem
1642 469 1699 519 et
1726 468 1915 536 stupo-
1930 475 1977 532 Α
2000 464 2111 520 est?
2131 467 2247 521 Aut
2274 481 2515 536 quonam
2549 465 2715 519 modo
2736 468 2896 535 pater
2916 463 3030 531 ille,
3055 481 3119 519 ac
3146 482 3259 520 non
3282 465 3475 537 potius
3493 466 3598 520 ho-

308 566 460 615 rem,
513 556 682 621 atque
713 551 887 605 etiam
925 554 1245 608 daemonum
1272 554 1331 608 in
1375 553 1512 625 ipsis
1542 555 1913 625 operantium,

307 656 383 693 ac
409 655 511 711 per
526 640 674 712 ipsos
704 640 1077 712 imposturam
1104 642 1259 697 vobis
1271 643 1919 708 facientium,infirmita—

307 733 435 782 tem
463 736 631 801 atque
658 729 1118 798 imbecillitatem,
1152 749 1281 787 cum
1309 750 1344 787 a
1368 732 1488 787 viro
1517 737 1710 787 sancto
1751 732 1918 785 intel-

302 816 593 881 lexissem,
653 836 961 890 eorumque
1005 820 1425 893 improbitatem
1468 822 1805 892 rejecissem,
1853 837 1919 874 ac

305 907 562 976 perfecto
605 908 732 962 odio
774 909 1079 964 insectatus
1122 910 1375 977 fuissem,
1423 912 1494 965 ad
1522 911 1703 965 Deum
1730 911 1917 965 vivum

303 1012 384 1048 ac
411 1012 604 1050 verum
634 1012 725 1049 me
750 998 1000 1068 adjunxi,
1032 998 1253 1069 ipsique
1283 1000 1354 1054 ad
1385 1005 1699 1054 extremum
1736 1015 1915 1070 usque

302 1083 445 1137 vitae
473 1085 731 1155 spiritum
757 1086 1017 1153 serviam,
1052 1104 1160 1158 quo
1191 1088 1365 1143 etiam
1407 1089 1467 1143 in
1504 1089 1680 1160 ipsius
1715 1104 1916 1143 manus

305 1173 548 1243 spiritus
576 1190 735 1229 meus
763 1175 970 1229 veniat.

390 1264 532 1317 Cum
561 1263 733 1334 igitur
760 1269 921 1319 tanta
934 1264 1099 1333 bona,
1123 1283 1357 1338 quaeque
1385 1268 1541 1322 nulla
1554 1268 1806 1322 oratione
1829 1284 1917 1322 ex-

299 1350 511 1420 plicari
536 1352 768 1423 possint,
821 1353 955 1407 mihi
998 1356 1390 1421 occurrissent,
1434 1356 1749 1427 gaudebam
1788 1355 1918 1426 qui-

297 1439 442 1493 dem
459 1457 547 1494 me
564 1441 950 1512 improborum
971 1445 1288 1499 daemonum
1308 1446 1575 1501 servitute
1593 1446 1912 1510 liberatum,

2000 555 2101 608 stis
2131 558 2308 620 θεοῦ
2336 553 2616 610 vocandus
2646 552 2759 606 sit?
2779 554 2901 617 Quo
2932 553 3081 607 circa
3106 570 3210 608 nec
3230 570 3333 624 ego
3364 554 3596 624 posthac

1999 648 2055 696 te
2089 648 2306 714 patrem
2332 642 2644 714 appellabo,
2668 658 2860 697 verum
2881 658 2916 696 a
2933 647 2990 696 te
3032 642 3349 705 abscedam.
3368 660 3482 698 non
3501 660 3599 697 se—

2000 748 2099 786 cus
2128 738 2298 803 atque
2327 733 2375 786 is
2396 732 2492 803 qui
2513 737 2830 802 serpentem
2852 732 3025 801 fugit:
3059 732 3406 803 siquidemte
3425 732 3592 787 saluti

2001 837 2138 875 mea:
2165 822 2430 887 invidere,
2456 838 2657 892 meque
2682 820 2741 874 in
2778 820 3009 875 exitium
3034 838 3134 892 per
3151 822 3263 876 vim
3306 821 3597 893 impellere

1999 916 2354 982 perspectum
2380 910 2649 964 habuero.
2682 910 2828 964 Nam
2862 909 2910 963 si
2938 911 3078 964 mihi
3123 911 3234 965 vim
3280 911 3496 975 afferre,
3532 928 3594 966 ac

1995 1000 2288 1071 tyrannice
2308 1016 2526 1054 mecum
2552 1015 2721 1069 agere
2741 999 2897 1066 velis,
2922 999 3397 1070 quemadmodum
3425 998 3594 1052 etiam

1998 1089 2208 1156 dixisti,
2262 1089 2402 1143 nihil
2453 1088 2625 1155 aliud,
2669 1088 2810 1143 mihi
2851 1087 3033 1156 crede,
3074 1087 3207 1142 hinc
3244 1087 3382 1142 lucri
3425 1086 3593 1144 facies

1999 1193 2165 1247 quam
2188 1185 2253 1233 ut
2269 1178 2445 1249 patris
2464 1179 2886 1251 loco,tyrannus
2908 1184 2966 1232 et
2998 1177 3242 1232 carnifex
3272 1177 3588 1248 appelleris.

1998 1267 2460 1339 Quandoquidem
2509 1267 2726 1322 facilius
2775 1266 2876 1322 tibi
2932 1266 3104 1321 fuerit
3131 1266 3331 1337 aquila:
3360 1265 3597 1335 vestigia

1997 1358 2285 1427 consequi,
2308 1374 2373 1411 ac
2400 1374 2502 1428 per
2534 1357 2718 1429 ipsum
2749 1373 2937 1411 aerem
2965 1355 3171 1417 volare,
3201 1346 3370 1426 quam
3401 1370 3490 1407 me
3520 1352 3589 1409 de

1996 1461 2123 1499 mea
2142 1446 2201 1499 in
2231 1446 2518 1500 Christum
2547 1447 2657 1500 fide
2680 1463 2744 1500 ac
2772 1446 3037 1517 praeclaro
3066 1445 3271 1499 faedere
3315 1459 3442 1498 cum
3471 1443 3593 1513 ipso

298 1533 483 1598 atque
510 1529 578 1582 ab
608 1530 890 1585 horrenda
916 1533 1236 1603 captivitate
1258 1542 1597 1601 revocatum,
1622 1552 1686 1589 ac
1713 1535 1908 1589 Domi-
1989 1533 2433 1589 initodeducere.
2456 1535 2664 1588 Verum
2688 1533 2956 1631 intellige,
2988 1550 3020 1587 ο
3050 1538 3229 1631 pater,
3261 1537 3450 1631 atque,
3482 1531 3595 1585 ista

296 1616 424 1669 nici
454 1618 637 1671 vultus
668 1619 879 1672 lumine
911 1622 1077 1686 (1)εαί.
1103 1622 1172 1691 Iv)
1204 1623 1595 1677 collustratum
1626 1640 1748 1677 esse
1778 1642 1790 1677 :
1838 1623 1907 1677 il-
1989 1622 2277 1677 oculorum
2320 1623 2526 1677 mentis
2552 1622 2887 1693 lippitudine
2936 1626 2993 1675 et
3038 1621 3277 1690 caligine
3317 1620 3589 1686 discussa,

298 1703 409 1756 Iud
442 1711 628 1759 autem
656 1723 744 1759 me
761 1707 1024 1777 angebat,
1040 1710 1405 1782 animumque
1427 1728 1616 1766 meum
1634 1713 1909 1767 distrahe-
1989 1711 2226 1781 suspice,
2262 1729 2327 1766 ac
2353 1712 2454 1766 Dei
2483 1712 2592 1765 mei
2622 1712 2832 1773 lumen,
2883 1727 3078 1764 omnes
3116 1710 3364 1780 undique
3420 1708 3591 1808 collu-

294 1790 429 1857 bat,
462 1794 606 1864 quod
656 1800 739 1861 tu,
771 1796 1032 1851 dominus
1062 1814 1126 1852 ac
1171 1804 1333 1869 pater
1375 1817 1552 1865 meus,
1590 1802 1910 1872 hujusmodi
1930 1794 2617 1871 Bstrans,intuere,atque
2638 1801 2756 1898 ipse
2775 1800 3003 1898 tandem
3041 1799 3342 1898 aliquando
3375 1797 3587 1898 suavis-

296 1877 709 1936 beneficiorum
729 1884 961 1939 minime
988 1887 1267 1958 particeps
1297 1905 1466 1943 esses.
1491 1891 1700 1945 Verum
1731 1891 1905 1946 animi
1985 1889 2128 1943 simo
2159 1890 2309 1944 illius
2343 1891 2640 1961 splendore
2674 1890 3015 1944 illuminare.
3058 1890 3133 1943 Ut
3176 1888 3309 1959 quid
3340 1888 3491 1943 enim
3528 1892 3586 1942 te

298 1969 397 2022 tui
422 1971 481 2023 in
509 1973 788 2026 sententia
802 1980 902 2027 tua
921 1976 1285 2045 pertinaciam
1304 1985 1581 2046 metuens,
1608 1997 1902 2036 maerorem
1986 1977 2171 2049 ipsum
2195 1979 2379 2034 carnis
2403 1979 2790 2034 affectionibus
2810 1995 2875 2033 ac
2902 1977 3489 2077 v'oluntatibusnto‘t‘um
3508 1982 3586 2077 .te

300 2074 503 2113 meum
523 2067 745 2131 pectore
766 2063 1107 2133 premebam,
1129 2067 1279 2137 quod
1298 2066 1401 2122 tibi
1421 2071 1773 2125 stomachum
1793 2087 1908 2125 mo-
1986 2068 2291 2136 tradidisti,
2315 2085 2417 2122 nec
2438 2070 2552 2123 ullo
2579 2068 2744 2123 modo
2765 2085 2837 2167 ex
2858 2068 2994 2138 ipsis
3019 2066 3300 2136 emergis?
3335 2066 3479 2167 illud
3504 2065 3587 2167 in-

298 2163 443 2202 vere
474 2149 703 2204 minime
743 2152 1144 2208 vellem.Deum
1165 2160 1353 2211 autem
1381 2175 1544 2213 orare
1565 2166 1734 2230 atque
1751 2159 1906 2214 obse-
1985 2157 2194 2227 t‘ellige,
2229 2159 2377 2228 quod
2398 2158 2581 2212 omnis
2600 2174 2729 2211 caro
2757 2156 2950 2212 fenum
2970 2163 3074 2223 est,
3103 2162 3160 2210 et
3198 2155 3381 2210 omnis
3400 2156 3585 2225 gloria

294 2251 469 2291 crare
518 2255 629 2293 non
666 2240 1128 2310 intermittebam,
1186 2251 1249 2299 ut
1293 2263 1327 2299 a
1354 2247 1658 2319 longinquo
1684 2249 1895 2315 exsilio,

297 2327 461 2398 quod
488 2327 586 2381 tibi
612 2329 717 2399 ipsi
760 2332 1115 2400 accersivisti,
1148 2351 1275 2388 cum
1332 2336 1557 2406 pietatis
1612 2337 1896 2408 fugitivus,

293 2415 539 2487 Vitiique
567 2419 749 2473 omnis
781 2426 838 2475 et
858 2421 1169 2492 impietatis
1205 2424 1465 2480 minister
1489 2426 1718 2480 effectus
1739 2443 1817 2494 es,
1840 2433 1897 2482 te

292 2514 610 2560 revocaret.
642 2508 916 2571 Quoniam
933 2517 1122 2565 autem
1138 2518 1200 2566 tu
1220 2513 1360 2584 ipse,
1384 2530 1417 2567 ο
1430 2520 1607 2585 pater,
1626 2532 1716 2569 res
1740 2532 1894 2570 meas

289 2593 360 2646 in
390 2601 648 2665 apertum
687 2598 987 2667 protulisti,
1021 2618 1144 2670 qua}
1172 2618 1298 2656 mea
1349 2603 1579 2658 omnino
1617 2605 1895 2659 sententia

289 2683 396 2746 sit,
429 2684 590 2738 audi:
628 2686 795 2740 Pacta
831 2704 959 2741 cum
982 2689 1097 2743 Deo
1128 2707 1253 2745 meo
1284 2692 1428 2746 inita
1455 2710 1568 2747 non
1595 2693 1889 2764 frangam;

279 2788 427 2837 non,
459 2772 709 2842 inquam,
735 2792 835 2846 per
862 2793 992 2831 eum
1022 2779 1119 2849 qui
1166 2796 1256 2834 me
1286 2782 1533 2852 pretioso
1566 2799 1764 2838 cruore
1791 2801 1893 2840 suo

287 2877 331 2913 a
351 2863 622 2916 servitute
648 2864 964 2920 vindicavit.
1011 2867 1406 2937 Quamobrem,
1425 2888 1551 2926 cum
1573 2872 1707 2944 quid
1719 2873 1893 2928 animi

280 2948 531 3003 habeam
544 2951 647 3005 tibi
669 2954 1016 3024 exploratum
1043 2956 1133 3021 sit,
1172 2959 1461 3029 negotium
1482 2960 1584 3014 tibi
1599 2961 1706 3033 ipsi
1726 2962 1896 3017 faces-

281 3054 419 3093 sere
463 3039 674 3106 desine,
731 3058 767 3095 a
806 3044 1076 3113 praeclara
1120 3047 1468 3102 confessione
1496 3066 1587 3103 me
1617 3050 1893 3107 deducere

1982 2247 2105 2316 ejus
2131 2254 2402 2319 tanquam
2435 2249 2538 2302 flos
2587 2247 2719 2305 feni.
2772 2246 3122 2301 Exsiccatum
3151 2250 3237 2300 est
3262 2244 3472 2310 fenum,
3528 2248 3587 2298 et

1983 2336 2086 2390 flos
2111 2338 2235 2407 ejus
2263 2337 2497 2405 decidit;
2531 2336 2760 2392 verbum
2789 2342 2980 2391 autem
3008 2335 3234 2390 Domini
3264 2334 3397 2399 mei,
3431 2333 3580 2404 quod

1980 2425 2242 2481 omnibus
2286 2426 2685 2481 annuntiatum
2744 2430 2847 2493 est,
2919 2430 3112 2479 manet
3175 2424 3234 2477 in
3310 2428 3583 2477 aeternum
3669 2466 3675 2477 .

1978 2515 2025 2575 (Ι
2042 2516 2151 2568 Pet.
2186 2516 2268 2586 II).

2046 2611 2189 2674 Quid
2219 2612 2394 2683 igitur
2419 2614 2498 2669 ita
2514 2615 2732 2686 perdite
2761 2621 2933 2687 atque
2965 2616 3166 2671 insane
3187 2614 3426 2686 gloriam
3451 2627 3577 2667 eam

1976 2699 2184 2754 retines
2205 2704 2642 2774 etamplecteris,
2669 2721 2792 2776 quae
2821 2705 3005 2759 instar
3030 2704 3339 2759 recentium
3371 2703 3573 2756 ﬂorum

1976 2789 2269 2843 marcescit
2282 2797 2450 2863 atque
2462 2792 2765 2862 deletur,et
2785 2790 3157 2848 exsecrandas
3172 2809 3237 2847 ac
3253 2786 3453 2846 fetidas
3482 2790 3575 2845 dea

1975 2874 2150 2943 licias,
2184 2880 2506 2951 ventrisque
2534 2888 2591 2936 et
2614 2900 2809 2937 eorum
2840 2900 2962 2954 quae
2991 2883 3136 2937 infra
3163 2886 3413 2936 ventrem
3445 2884 3575 2934 sunt

1976 2964 2316 3033 affectiones,
2352 2986 2473 3039 quae
2503 2970 2731 3040 quidem
2759 2972 2829 3025 ad
2855 2972 3083 3043 aliquod
3117 2977 3339 3042 tempus
3371 2969 3574 3021 stulto-

1975 3069 2102 3107 rum
2126 3072 2325 3111 sensus
2353 3058 2653 3125 oblectant,
2678 3066 2940 3115 caeterum
2963 3060 3210 3114 amarius
3237 3058 3363 3113 felle
3379 3060 3575 3129 postea

282 3127 551 3183 moliens.
583 3130 727 3183 Nam
758 3134 1232 3202 quemadmodum
1251 3137 1299 3189 si
1319 3138 1521 3192 coelum
1547 3156 1720 3193 manu
1750 3117 1950 3197 arri-0
1974 3143 2325 3213 digeruntur,
2361 3152 2482 3202 tum
2513 3148 2783 3203 nimirum
2814 3166 2944 3203 cum
2968 3149 3182 3204 umbrae
3210 3149 3350 3214 istae,
3401 3152 3572 3217 atque

286 3233 449 3287 pere,
484 3224 586 3272 aut
614 3225 796 3274 totum
827 3238 984 3276 mare
1015 3224 1290 3279 exsiccare
1306 3226 1365 3280 in
1382 3227 1635 3282 animum
1663 3228 1893 3285 induxe-

286 3306 393 3371 ris,
421 3305 618 3362 irritus
637 3314 805 3379 atque
832 3310 1051 3366 inutilis
1077 3312 1179 3367 tibi
1205 3315 1296 3368 hic
1329 3322 1562 3372 conatus
1580 3317 1769 3385 fuerit,
1794 3337 1887 3374 eo-

283 3394 421 3449 dem
451 3397 618 3451 modo
656 3398 762 3452 hoc
804 3416 1029 3471 quoque
1060 3402 1284 3457 irritum
1312 3404 1414 3458 tibi
1444 3405 1562 3461 fore
1591 3410 1884 3477 persuade.

281 3486 367 3539 Ac
396 3492 717 3556 propterea,
770 3494 869 3542 aut
896 3489 1017 3560 ipse
1045 3492 1278 3546 consilio
1306 3510 1431 3547 meo
1460 3494 1793 3567 obsequens,
1818 3499 1890 3553 ad

228 3594 235 3603 ν
283 3572 578 3627 Christum
600 3580 657 3629 te
699 3576 766 3629 ad
768 3578 963 3648 junge,
986 3584 1049 3632 ut
1071 3578 1220 3634 bona
1253 3597 1318 3635 ea
1340 3599 1463 3653 quas
1483 3585 1882 3655 cogitationem

280 3658 515 3716 omnem
566 3670 835 3735 superant
883 3668 1180 3739 percipias,
1214 3671 1460 3742 sociique
1483 3672 1633 3727 inter
1658 3691 1781 3742 nos,
1822 3683 1889 3732 ut

278 3757 524 3816 naturae,
552 3752 632 3806 ita
660 3754 833 3808 etiam
875 3757 1006 3811 fidei
1055 3758 1250 3825 simus,
1311 3766 1410 3815 aut
1438 3778 1473 3815 a
1499 3767 1601 3817 tua
1632 3764 1882 3834 filietate,

277 3839 425 3892 mihi
463 3841 647 3906 crede,
697 3842 1012 3912 abscedam,
1058 3864 1311 3919 puraque
1339 3852 1678 3908 conscientia
1705 3855 1884 3910 Deum

275 3943 471 3982 meum
505 3930 703 3985 colam.

352 4018 489 4071 Hzec
518 4018 692 4089 igitur
710 4022 901 4076 omnia
922 4029 986 4079 ut
1003 4041 1099 4078 rex
1114 4026 1344 4093 audivit,
1379 4029 1676 4101 impotenti
1695 4031 1880 4088 furore

273 4106 572 4161 confestim
604 4110 872 4179 percitus,
914 4113 1182 4169 iracunde
1243 4116 1314 4170 ad
1349 4133 1479 4172 eum
1520 4120 1874 4190 loquebatur,

274 4196 656 4269 dentibusque
677 4199 914 4256 furentis
933 4202 1405 4271 instarfrendens,
1431 4208 1522 4262 his
1542 4209 1724 4264 verbis
1749 4227 1883 4266 usus

275 4290 385 4338 est:
433 4285 707 4349 Quisnam
728 4290 872 4344 alius
909 4291 1050 4345 mihi
1070 4299 1357 4349 tantorum
1389 4298 1667 4352 malorum
1689 4308 1885 4355 auctor

276 4378 385 4441 est;
413 4380 481 4427 ut
500 4391 603 4445 ego
624 4377 762 4448 ipse,
796 4380 894 4449 qui
913 4384 970 4434 te
992 4386 1149 4436 tanto
1170 4399 1361 4439 amore
1386 4388 1707 4458 complexus
1732 4406 1875 4459 sum,

277 4478 459 4533 eaque
484 4470 586 4518 tua
606 4482 776 4521 causa
798 4468 923 4535 feci,
976 4486 1097 4539 quae
1119 4473 1308 4527 nullus
1341 4491 1590 4546 unquam
1618 4483 1782 4548 pater
1806 4480 1882 4534 fe-

276 4550 398 4605 cit?
418 4553 545 4616 Qua
567 4554 738 4609 etiam
782 4557 851 4611 de
872 4574 1041 4612 causa
1070 4561 1275 4615 mentis
1317 4568 1426 4617 tua:
1451 4567 1787 4635 perversitas
1814 4586 1879 4623 ac

276 4641 609 4710 pervicacia,
644 4661 709 4698 ex
739 4645 965 4701 licentia
1003 4664 1128 4703 mea
1170 4651 1414 4706 collectis
1456 4653 1687 4719 viribus,
1728 4662 1791 4710 ut
1818 4659 1878 4712 in

276 4745 472 4783 meum
504 4741 674 4802 caput
713 4734 1010 4802 insanires,
1041 4737 1190 4792 fecit.
1236 4739 1367 4794 Non
1404 4740 1503 4795 abs
1528 4760 1590 4797 re
1618 4744 1792 4815 igitur
1819 4747 1877 4802 in

274 4823 405 4872 ortu
428 4824 529 4873 tuo
548 4823 816 4893 astrologi
832 4825 1040 4879 malum
1067 4832 1124 4880 et
1150 4827 1468 4898 improbum
1496 4832 1674 4886 virum
1707 4839 1876 4899 atque

272 4914 663 4978 arrogantem,
697 4918 753 4966 et
800 4913 1067 4968 adversus
1107 4922 1370 4986 parentes
1404 4925 1788 4977 contumacem
1820 4931 1877 4979 te

268 4994 688 5054 foredixerunt.
719 5000 850 5054 Atsi
871 5017 1020 5056 nunc
1041 5019 1263 5075 quoque
1291 5008 1635 5063 commiseris
1655 5016 1720 5064 ut
1737 5028 1874 5067 con-

265 5084 465 5138 silium
487 5103 674 5141 meum
698 5088 908 5144 frustra
934 5091 1119 5158 cadat,
1146 5094 1407 5149 hostilem
1444 5097 1504 5151 in
1533 5103 1591 5153 te
1620 5100 1873 5156 animum

264 5181 663 5246 geram,atque
682 5178 763 5232 ita
779 5183 836 5234 te
855 5181 1129 5250 multabo,
1164 5190 1229 5238 ut
1247 5202 1317 5239 ne
1337 5186 1396 5240 in
1428 5188 1616 5244 hostes
1645 5192 1872 5262 quidem

263 5278 403 5317 suos
430 5269 604 5320 tantae
628 5268 849 5323 saevitia;
871 5271 1153 5340 specimen
1183 5274 1480 5346 quisquam
1518 5279 1796 5334 exhibeat.

340 5352 589 5407 Rursum
611 5361 799 5410 autem
830 5357 960 5414 ille:
995 5361 1274 5426 Quidnam
1297 5370 1400 5432 est,
1426 5383 1458 5421 ο
1490 5384 1604 5435 rex,
1636 5384 1737 5424 cur
1760 5370 1869 5424 ira—

263 5441 479 5495 cundia
532 5443 920 5515 inflammeris,
996 5466 1173 5522 eoque
1221 5455 1447 5509 nomine
1493 5457 1861 5529 discrucieris,

263 5532 418 5601 quod
452 5536 614 5587 tanta
642 5533 790 5590 bona
815 5538 1083 5595 divinitus
1123 5543 1229 5598 sim
1259 5547 1628 5601 consecutus?
1654 5550 1723 5604 Et
1744 5550 1870 5621 quis

262 5635 520 5690 unquam
550 5628 710 5693 pater
727 5625 830 5681 filii
859 5627 1122 5686 felicitate
1150 5632 1339 5689 dolere
1366 5640 1535 5711 atque
1555 5639 1686 5708 augi
1718 5640 1872 5695 visus

1973 3232 2157 3287 inanis
2188 3235 2419 3305 hujusce
2449 3238 2573 3291 vitae
2590 3239 2869 3292 insomnia
2897 3239 3287 3310 praeterierint,
3311 3242 3481 3308 atque
3507 3235 3569 3289 in

1969 3328 2239 3393 perpetuo
2266 3324 2412 3394 ignis
2438 3343 2725 3397 nunquam
2755 3327 3144 3398 exstinguendi
3171 3344 3237 3381 ac
3282 3325 3567 3381 tenebrosi

1972 3411 2223 3467 cruciatu
2252 3430 2445 3468 eorum
2474 3422 2773 3483 amatores,
2806 3430 2864 3471 et
2892 3417 2988 3488 qui
3016 3416 3301 3488 iniquitati
3337 3432 3564 3487 operam

1972 3500 2543 3573 dant,provolventur,
2566 3505 2663 3559 ubi
2683 3506 2741 3559 in
2762 3507 2974 3561 somnis
2994 3506 3199 3560 vermis
3219 3505 3429 3576 absque
3448 3504 3564 3558 ullo

1970 3590 2081 3644 fine
2099 3591 2250 3662 ipsos
2264 3594 2540 3663 corrodet,
2559 3612 2623 3649 ac
2648 3602 2953 3667 perpetuus
2978 3596 3123 3667 ignis
3144 3595 3198 3649 in
3219 3594 3443 3649 inﬁnita
3462 3609 3566 3647 saa-

1968 3679 2095 3732 cula
2122 3697 2217 3735 eos
2247 3683 2667 3738 concremabit?
2687 3686 2843 3740 Inter
2862 3702 3021 3756 quos,
3049 3701 3082 3739 o
3106 3701 3226 3739 rem
3249 3688 3566 3754 gravem,tu

1969 3784 2189 3839 quoque
2216 3772 2529 3839 conclusus,
2562 3773 2631 3828 ob
2668 3775 2941 3829 scelerata
2981 3774 3215 3829 consilia
3255 3779 3356 3828 tua
3406 3771 3564 3843 gravi

1967 3858 2299 3928 paanitentia
2325 3860 2601 3930 afficieris,
2636 3870 2805 3936 atque
2832 3865 2936 3918 hos
2963 3864 3084 3919 dies
3105 3864 3349 3918 multum
3381 3861 3566 3934 requi-

1966 3963 2072 4011 res,
2107 3964 2475 4022 meorumque
2505 3953 2799 4008 verborum
2828 3953 3230 4009 recordaberis.
3247 3953 3456 4007 Verum
3476 3951 3562 4006 ni-

1962 4035 2042 4089 hil
2071 4053 2137 4091 ex
2166 4040 2783 4113 ejusmodipuanitentia
2795 4044 3056 4099 utilitatis
3084 4042 3376 4114 percipies,
3395 4040 3566 4111 siqui-

1965 4125 2091 4180 dem
2122 4127 2178 4181 in
2210 4129 2426 4185 inferno
2466 4132 2808 4203 paenitentiae
2837 4140 3006 4204 atque
3035 4131 3370 4187 confessioni
3407 4130 3560 4184 locus

1965 4231 2078 4269 non
2107 4223 2193 4271 est
2223 4221 2446 4286 (Psalm.
2468 4226 2561 4290 vI).

2034 4306 2181 4360 Nam
2217 4324 2462 4379 praesens
2489 4315 2712 4382 tempus
2732 4311 2907 4365 labori
2938 4312 3313 4383 praestitutum
3343 4316 3447 4376 est,
3470 4310 3559 4363 fu-

1962 4398 2154 4449 turum
2167 4402 2355 4451 autem
2376 4400 2640 4453 mercedi.
2660 4402 2736 4454 Ac
2753 4401 2999 4472 profecto
3016 4401 3237 4455 etiamsi
3257 4403 3560 4472 praesentes
3647 4451 3650 4455 .

1961 4483 2275 4555 voluptates
2304 4487 2533 4541 fluxioni
2559 4494 2614 4543 et
2638 4489 2894 4545 interitui
2916 4490 3145 4545 minime
3174 4489 3437 4560 subjecta
3464 4504 3553 4541 es-

1961 4578 2104 4637 sent,
2119 4589 2313 4628 verum
2334 4592 2460 4629 cum
2482 4577 2723 4633 dominis
2741 4580 2858 4634 suis
2880 4579 2939 4635 in
2961 4584 3235 4635 aeternum
3259 4579 3551 4643 durarent,

1961 4677 2073 4715 non
2098 4666 2289 4717 tamen
2312 4671 2611 4737 propterea
2638 4685 2733 4723 eas
2762 4670 2971 4724 Christi
2991 4668 3275 4723 beneficiis
3297 4684 3362 4721 ac
3390 4666 3553 4721 bonis

1960 4752 2113 4804 omni
2142 4753 2480 4823 cogitatione
2524 4759 3006 4828 praestantioribus
3032 4759 3310 4812 anteferre
3336 4761 3557 4828 Oporte-

1958 4837 2081 4894 bat?
2097 4841 2238 4896 Nam
2262 4850 2470 4914 quanto
2490 4847 2573 4900 sol
2590 4848 2864 4918 profunda
2880 4853 3041 4901 nocte
3055 4848 3259 4902 clarior
3277 4852 3365 4902 est
3383 4852 3553 4917 atque

1958 4929 2321 4998 splendidior,
2342 4937 2498 4987 tanto
2523 4951 2744 5006 quoque
2765 4942 2935 5007 atque
2956 4936 3125 4991 etiam
3158 4938 3336 4991 multo
3368 4936 3552 5007 magis

1957 5015 2104 5072 bona
2123 5036 2190 5073 ea
2205 5022 2427 5091 quaaDei
2450 5039 2642 5077 amore
2657 5025 2905 5095 praeditis
2917 5026 3190 5096 promissa
3207 5032 3342 5081 sunt
3352 5026 3551 5097 quovis

1954 5112 2180 5162 terreno
2209 5126 2381 5180 regno
2414 5111 2721 5167 illustriora
2760 5119 2818 5168 et
2865 5115 3349 5185 magniﬁcentiam
3390 5123 3544 5171 sunt.

1955 5195 2307 5269 Proindeque
2328 5200 2555 5254 omnino
2574 5208 3013 5259 consentaneum
3030 5211 3152 5260 erat
3181 5224 3249 5261 ea
3275 5224 3398 5279 quae
3427 5224 3543 5263 ma-

1948 5285 2077 5354 jora
2105 5291 2161 5340 et
2185 5289 2576 5357 praestantiora
2602 5299 2736 5347 sunt
2774 5293 3133 5351 inferioribus
3162 5312 3228 5351 ac
3256 5297 3545 5352 vilioribus

1950 5375 2269 5445 antiquiora
2306 5378 2529 5433 habere.
2569 5381 2710 5435 Cum
2737 5389 2927 5437 autem
2952 5401 3148 5440 omnes
3168 5388 3399 5457 hujusce
3417 5388 3542 5441 vita;

1949 5481 2039 5518 res
2069 5471 2126 5519 et
2149 5468 2492 5538 corruptioni
2525 5468 2779 5527 obnoxia:
2814 5473 2927 5528 sint
2970 5476 3100 5543 (Job.
3133 5480 3260 5543 xIv),
3293 5483 3351 5531 et
3387 5476 3540 5531 inso-

1952 5553 2089 5606 mnii
2119 5558 2287 5625 amne
2317 5555 2530 5612 umbrae
2570 5558 2750 5614 instar
2778 5568 3214 5633 praetereant‘ac
3247 5566 3541 5619 deleantur

1952 5644 2116 5714 (Psal.
2152 5649 2366 5715 CXLIII),
2407 5647 2547 5709 adeo
2576 5655 2641 5704 ut
2669 5650 3023 5709 instabilibus
3072 5655 3258 5725 potius
3285 5655 3454 5721 auris,
3482 5663 3538 5717 et
