3954 6190
435 313 545 373 530

1474 313 1574 368 DE
1605 314 1793 369 VITIS
1835 315 2130 370 PA'I‘RUM
2165 317 2382 372 LIBER
2416 317 2708 373 PRIMUS.

3550 317 3634 382 ⁵η

435 445 593 500 navis
624 460 724 516 per
747 457 899 496 mare
927 439 1203 494 currentis
1244 437 1507 508 vestigiis,
1541 454 1712 510 quam
1733 439 2024 494 hominum
2047 443 2276 508 Aesset,
2311 449 2478 514 atque
2515 443 2698 497 iratus
2725 439 3066 504 secessisset,
3117 437 3268 496 ﬁlius
3290 438 3347 497 in
3373 437 3641 502 cubiculum

436 531 792 606 prosperitati
813 531 951 583 ﬁdes
969 529 1230 582 habenda
1247 529 1319 582 sit
1339 547 1350 594 ;
1375 545 1496 598 quae
1519 529 1746 582 tandem
1768 519 2032 599 simplici-

433 629 542 688 tas,
575 623 658 675 vel
691 627 753 673 ut
771 619 975 672 rectius
1005 619 1220 688 loquar,
1253 618 1492 670 stultitia
1525 622 1578 670 et
1601 617 1888 672 dementia
1915 618 2032 674 haec

434 716 535 776 est,
562 726 628 764 ea
644 725 766 779 quae
791 708 1000 763 caduca
1029 712 1086 761 et
1117 707 1396 761 imbecilla
1437 707 1894 777 corruptionique
1929 706 2028 759 ob-

433 799 598 853 noxia
616 803 766 863 sunt,
795 798 910 850 imo
944 797 1086 852 nihil
1111 813 1339 867 prorsus
1358 801 1510 857 sunt,
1535 795 1604 850 iis
1625 813 1748 866 quae
1771 812 1803 848 a
1833 813 2028 850 corru-

433 888 625 958 ptione
647 887 832 940 aliena
853 903 917 939 ac
928 886 1272 956 sempiterna
1301 892 1450 949 sunt,
1485 885 1705 956 potiora
1721 886 1943 950 ducere,
1965 901 2034 939 ac

432 982 664 1048 propter
703 975 1042 1042 caducarum
1091 989 1278 1028 rerum
1311 974 1574 1036 fructum,
1608 973 1884 1027 bonarum
1911 975 2032 1028 illo-

435 1081 562 1119 rum
577 1065 761 1118 fructu
787 1065 860 1118 ab
878 1065 1032 1117 omni
1052 1064 1404 1117 successione
1425 1069 1642 1117 remoto
1674 1063 1916 1134 privari?
1947 1065 2033 1116 An

431 1171 544 1208 non
573 1155 708 1218 haec,
739 1171 770 1207 ο
795 1159 973 1223 pater,
1005 1153 1332 1222 intelliges?
1371 1155 1458 1206 An
1494 1169 1606 1206 non
1637 1153 2037 1223 praetereuntis

435 1241 766 1314 praeteribis,
791 1247 959 1312 atque
987 1243 1059 1295 ad
1099 1259 1165 1295 ea
1185 1259 1307 1311 qum
1329 1241 1436 1294 ﬁxa
1455 1248 1512 1295 et
1544 1247 1693 1295 certa
1715 1246 1876 1306 sunt,
1909 1243 2032 1296 ani-

435 1347 590 1384 mum
619 1331 928 1401 adjunges?
945 1331 1031 1384 An
1056 1347 1167 1384 non
1199 1331 1439 1401 patriam
1468 1330 1908 1401 peregrinationi
1939 1347 2038 1384 an-

434 1421 688 1492 tepones,
742 1421 920 1474 lucem
960 1419 1228 1482 tenebris,
1259 1419 1518 1490 spiritum
1553 1419 1727 1484 carni,
1757 1420 1929 1472 vitam
1959 1435 2037 1472 aa-

436 1515 654 1564 ternam
677 1508 889 1564 umbrae
903 1509 1119 1574 mortis,
1149 1525 1215 1562 ea
1239 1524 1360 1578 quae
1379 1524 1494 1562 non
1517 1508 1846 1562 dilabuntur
1871 1509 2040 1562 ﬂuxis

439 1603 496 1652 et
508 1597 797 1668 fragilibus
817 1597 842 1649 ?
883 1601 966 1651 An
996 1613 1108 1650 non
1133 1613 1200 1651 ex
1223 1597 1397 1652 atroci
1426 1598 1532 1650 hac
1561 1597 1823 1650 horrendi
1843 1597 2038 1650 mundi

438 1688 723 1758 principis,
753 1688 857 1740 hoc
879 1693 968 1740 est
990 1687 1234 1757 perversi
1261 1686 1468 1740 diaboli
1492 1687 1784 1752 servitute,
1816 1686 1951 1756 fuga
1980 1692 2041 1740 te

2112 529 2416 600 ingressus,
2440 531 2678 588 sublatis
2698 531 2770 585 ad
2784 529 2872 584 sui
2891 527 3214 585 certaminis
3237 527 3486 585 arbitrum
3503 530 3644 589 oculis

2111 637 2178 673 ex
2208 621 2406 674 intimo
2450 621 2615 674 corde
2646 617 3008 674 exclamavit:
3059 616 3288 672 Domine
3331 615 3466 676 Deus
3497 634 3642 683 meus,

2111 710 2290 763 dulcis
2311 710 2807 782 spes,minimeque
2818 707 3060 763 mendax
3073 705 3441 776 promissio,ac
3461 706 3646 768 ﬁrmum

2113 815 2308 854 eorum
2329 799 2425 871 qui
2449 817 2513 858 se,
2530 797 2634 854 tibi
2663 803 2812 853 totos
2841 797 3182 852 devoverant
3219 795 3526 866 perfugium,
3548 814 3650 868 pro-

2113 888 2250 958 pitio
2291 905 2356 942 ac
2401 888 2643 958 benigno
2692 887 2854 942 oculo
2900 884 3145 956 pectoris
3171 884 3278 941 mei
3305 884 3650 947 contritiones;

2113 993 2300 1040 cerne,
2315 993 2419 1030 nec
2435 993 2526 1030 me
2543 977 2924 1046 derelinquas,
2952 989 3056 1029 nec
3084 972 3332 1032 discedas
3355 989 3390 1030 a
3413 989 3493 1028 me
3515 976 3648 1041 Q-Psal.

2085 1140 2095 1148 .
2115 1070 2321 1134 xxxvn)
2345 1085 2358 1132 ;
2384 1083 2597 1130 verum,
2621 1067 2786 1135 juxta
2803 1061 3260 1134 pollicitationem
3271 1067 3436 1125 tuam,
3455 1059 3652 1121 abomni

2115 1155 2406 1208 mendacio
2435 1155 2699 1220 alienam,
2749 1169 2990 1218 mecum,
3044 1152 3148 1207 hoc
3197 1155 3298 1212 est,
3322 1165 3442 1204 cum
3463 1149 3653 1220 indigno

2115 1251 2284 1314 atque
2305 1243 2522 1314 abjecto
2535 1243 2876 1298 homunculo
2896 1241 3074 1296 sis.Te
3085 1239 3234 1296 enim
3245 1254 3425 1294 rerum
3441 1238 3652 1294 omnium

2115 1333 2468 1387 conditarum
2487 1333 2806 1388 effectorem
2845 1336 2902 1386 et
2926 1329 3354 1400 gubernatorem
3378 1343 3590 1397 agnoseo
3611 1333 3658 1386 et

2117 1423 2406 1476 conﬁteor.
2439 1421 2712 1485 Quocirca
2738 1421 2798 1475 in
2817 1421 2922 1475 hac
2951 1419 3222 1490 praeclara
3242 1415 3558 1472 confessione
3581 1433 3655 1472 ve-

2116 1511 2215 1566 lim
2245 1527 2336 1566 me
2361 1513 2676 1578 conﬁrmes,
2711 1517 2776 1566 ut
2799 1511 2872 1565 ad
2919 1515 3232 1564 extremum
3250 1523 3420 1578 usque
3442 1505 3662 1577 spiritum

2117 1601 2177 1654 in
2208 1618 2275 1655 ea
2305 1617 2686 1672 permaneam.
2721 1600 2955 1671 Respice
2984 1599 3045 1652 in
3078 1613 3187 1663 me,
3221 1604 3278 1651 et
3305 1596 3550 1650 miserere
3570 1594 3662 1651 mei

2119 1693 2285 1758 (Psal.
2318 1694 2470 1757 xxrv)
2506 1709 2518 1757 ;
2565 1691 2818 1760 mihique
2863 1694 3004 1752 asta,
3036 1687 3274 1742 illaesum
3301 1692 3462 1756 atque
3485 1684 3659 1739 incolu-

440 1777 734 1842 subduces,
754 1782 921 1846 teque
937 1777 1006 1829 ad
1028 1775 1236 1828 bonum
1260 1780 1317 1828 et
1343 1776 1415 1828 ad
1446 1775 1890 1828 misericordiam
1916 1762 2103 1846 pro-B
2123 1795 2272 1832 mem
2301 1779 2372 1840 ab
2399 1779 2552 1834 omni
2586 1781 2808 1834 Satanas
2845 1777 3170 1848 operatione
3220 1792 3309 1830 me
3354 1791 3662 1830 conservans.

435 1865 833 1937 pensissimum
863 1865 1164 1918 Dominum
1196 1864 1494 1917 conferas?
1526 1865 1614 1917 An
1644 1881 1755 1918 non
1779 1881 1813 1917 a
1843 1865 2042 1918 multo-
2121 1869 2412 1938 Respice,o
2443 1870 2576 1933 Rex,
2604 1868 2883 1940 siquidem
2913 1867 3104 1921 anima
3123 1882 3252 1919 mea
3278 1863 3568 1918 vehementi
3585 1863 3659 1918 tui

437 1971 566 2008 rum
579 1953 1092 2008 commentitiorum
1105 1953 1335 2007 deorum
1349 1953 1504 2008 cultu
1516 1953 1760 2023 teipsum
1772 1952 2034 2019 abduces,
2120 1957 2400 2010 desiderio
2429 1958 2650 2028 ﬂagrat,
2679 1964 2850 2028 atque
2869 1956 2949 2010 ita
2968 1956 3198 2010 incensa
3219 1958 3322 2018 est,
3356 1958 3595 2023 tanquam
3620 1953 3665 2006 in

442 2048 612 2114 atque
632 2044 730 2096 uni
768 2043 888 2096 vivo
909 2059 973 2096 ac
993 2059 1126 2096 vero
1146 2043 1262 2096 Deo
1290 2043 1502 2096 cultum
1531 2041 1820 2096 adhibebis
1841 2043 1866 2095 ’ἴ
1893 2043 2038 2096 Nam
2125 2045 2248 2100 sitis
2272 2046 2472 2100 ardore
2491 2047 2550 2099 in
2568 2053 2724 2100 terra
2741 2047 3032 2116 inaqnosa,
3060 2049 3118 2098 te
3133 2041 3554 2100 immortalitatis
3566 2041 3666 2095 fon-

437 2133 542 2186 etsi
565 2133 624 2186 in
659 2133 836 2186 Deum
871 2132 1130 2202 peccasti,
1157 2148 1282 2184 cum
1314 2133 1522 2185 multas
1542 2131 1600 2185 in
1638 2148 1766 2185 eum
1787 2131 2042 2202 blasphe—

437 2221 580 2274 mias
611 2221 872 2286 eﬁ’udisti,
897 2227 1066 2292 atque
1089 2221 1264 2292 ipsius
1284 2237 1472 2274 servos
1489 2221 1755 2290 gravibus
1792 2227 2040 2277 tormen-

435 2311 510 2364 tis
529 2311 870 2364 excruciatos
888 2311 1121 2376 necasti,
1146 2327 1256 2364 non
1281 2316 1473 2364 tamen
1499 2309 1693 2363 dubito
1713 2311 1850 2380 quin
1879 2314 1934 2363 te
1965 2310 2037 2364 ad

435 2401 726 2454 meliorem
757 2407 999 2454 mentem
1030 2401 1357 2454 redeuntem
1387 2406 1749 2469 suscepturus
1788 2399 1878 2462 sit,
1912 2415 2034 2452 om-

441 2490 645 2560 niaque
670 2489 873 2543 delicta
892 2497 991 2542 tua.
1023 2506 1052 2543 e
1092 2489 1364 2543 memoria
1393 2489 1675 2558 ejecturus
1726 2489 1849 2542 Non
1883 2487 2034 2541 enim

437 2585 674 2632 mortem
699 2578 1126 2648 peccatoris,sed
1140 2578 1320 2646 magis
1339 2583 1403 2632 ut
1413 2583 1770 2632 convertatur
1783 2583 1839 2628 et
1865 2576 2028 2640 vivat,

437 2667 532 2719 ille
559 2667 679 2719 vult
704 2667 920 2735 (Ezech.
943 2669 1123 2732 XVIII),
1156 2665 1250 2735 qui
1288 2671 1354 2719 ut
1380 2681 1482 2720 nos
1507 2682 1543 2719 a
1583 2670 1735 2721 recta
1761 2666 1850 2718 via.
1877 2665 2035 2720 aber-

437 2760 628 2808 rantes
645 2755 976 2824 requireret,
995 2771 1060 2808 ex
1072 2771 1139 2808 ea
1157 2753 1502 2810 sublimitate
1526 2771 1647 2824 quae
1659 2754 1830 2810 nullis
1849 2753 2031 2808 verbis

437 2843 638 2914 exponi
665 2848 850 2914 potest
875 2843 1180 2910 descendit,
1213 2859 1548 2913 crucemque
1579 2849 1636 2899 et.
1659 2849 1898 2899 mortem
1927 2861 2032 2898 no-

437 2939 556 2988 stra
579 2949 750 2986 causa
789 2932 1037 3004 pertulit,
1067 2949 1132 2986 ac
1160 2950 1264 2986 nos
1295 2933 1390 3003 qui
1419 2932 1524 2987 sub
1555 2939 1783 3003 peccato
1821 2933 2033 2988 venditi

438 3039 681 3088 eramus,
707 3023 953 3093 pretioso
974 3039 1074 3076 suo
1107 3022 1380 3092 sanguine
1405 3023 1662 3080 redemit.
1689 3023 1801 3093 Ipsi
1821 3023 1944 3078 laus
1981 3028 2039 3077 et

435 3113 618 3182 gloria
644 3112 704 3166 in
733 3112 936 3166 saacula
957 3112 1306 3166 saeculorum.
1338 3113 1518 3167 Amen
1537 3114 1711 3182 (Rom.
1737 3114 1854 3181 v11).

2121 2141 2240 2188 tem
2273 2136 2670 2206 concupiscens
2708 2137 2873 2204 (Psal.
2897 2139 3058 2203 LXII).
3081 2135 3164 2188 Ne
3174 2132 3366 2186 tradas
3381 2131 3556 2186 bestiis
3571 2133 3669 2184 ani.

2123 2240 2273 2277 mam
2302 2225 2666 2282 conﬁtentem
2710 2223 2847 2278 tibi:
2891 2229 2950 2277 et
2992 2223 3196 2276 animae
3249 2220 3499 2292 pauperis
3520 2219 3593 2273 tui
3613 2234 3672 2272 ne

2121 2313 2461 2368 obliviscaris
2491 2314 2548 2367 in
2577 2314 2746 2366 ﬁnem
2781 2315 2942 2382 (Paul.
2974 2308 3190 2382 LXXIII).
3226 2311 3427 2364 Verum
3457 2308 3578 2362 mihi
3599 2307 3672 2360 be-

2117 2403 2316 2456 neﬁcio
2347 2409 2445 2456 tuo
2494 2403 2783 2472 contingat
2837 2409 2904 2456 ut
2948 2418 3052 2473 per
3080 2416 3308 2454 omnem
3334 2399 3456 2452 vita
3481 2412 3666 2453 cursum

2115 2508 2218 2562 pro
2240 2497 2338 2545 tuo
2357 2493 2584 2546 nomine
2603 2498 2814 2562 tuaque
2834 2490 3182 2545 confessione
3209 2489 3392 2544 omnia
3412 2485 3669 2558 perpetiar.

2115 2597 2318 2651 meque
2343 2586 2525 2635 totum
2554 2581 2658 2635 tibi
2679 2581 2986 2634 immolem.
3009 2580 3088 2634 Te
3107 2579 3262 2633 enim
3290 2577 3454 2632 robur
3479 2576 3672 2629 afferen-

2116 2675 2193 2736 te,
2227 2669 2532 2724 imbecilles
2559 2669 2730 2724 etiam
2761 2669 2973 2722 viribus
3001 2669 3236 2740 pollent,
3251 2666 3502 2738 quoniam
3528 2670 3582 2718 tu
3604 2679 3671 2717 so-

2119 2759 2204 2813 lus
2233 2759 2472 2814 invictus
2519 2775 2580 2812 es
2629 2764 3036 2830 propugnator,
3088 2773 3154 2811 ac
3191 2757 3342 2822 Deus
3373 2753 3666 2817 misericors,

2117 2865 2284 2918 quem
2313 2848 2585 2920 quidquid
2614 2853 2868 2905 creatum
2917 2852 3019 2914 est,
3071 2845 3354 2901 benedicit
3380 2861 3442 2898 ac
3468 2841 3672 2898 celebrat

2116 2938 2176 2992 in
2196 2939 2398 2996 saecula
2421 2939 2774 2994 saeculorum.
2805 2938 3004 2992 Amen.

2194 3115 2314 3169 Hac
2341 3115 2594 3170 oratione
2619 3115 2866 3182 functus,
2903 3115 3157 3169 divinam
3191 3111 3607 3168 consolationem
3626 3108 3676 3161 in

506 3201 626 3256 Rex
651 3206 838 3255 autem
861 3207 1090 3270 stupore
1110 3201 1278 3255 simul
1309 3206 1478 3272 atque
1497 3201 1582 3258 ira
1605 3207 1896 3272 correptus
1915 3207 2001 3257 est
2023 3220 2034 3256 :
2064 3202 2108 3262 Ο
2123 3211 2318 3276 pectus
2333 3221 2498 3259 suum
2515 3205 2672 3258 illabi
2692 3205 2888 3272 sensit;
2911 3204 3230 3273 ﬁduciaque
3260 3201 3675 3273 perﬁisus.totam

432 3291 572 3344 illud
595 3306 815 3360 nempe,
841 3289 911 3343 ob
927 3289 1027 3344 ﬁlii
1050 3290 1602 3361 prudentiam,atque
1619 3291 1895 3360 ejusmodi
1921 3308 2038 3347 ser-

433 3396 648 3446 mones,
683 3379 780 3449 qui
807 3379 962 3434 nullo
989 3386 1150 3450 pacto
1176 3380 1355 3437 refelli
1380 3384 1606 3450 possent
1640 3398 1653 3445 ;
1688 3380 1793 3433 hoc
1821 3386 2033 3445 autem,

437 3469 568 3539 quia
585 3468 761 3538 ipsius
783 3469 916 3522 deos
955 3470 1250 3522 traducere
1275 3485 1338 3522 ac
1363 3468 1648 3524 criminari
1681 3484 1793 3522 non
1822 3468 2038 3523 desine-

435 3556 551 3622 bat,
567 3563 858 3628 totamque
894 3557 1068 3628 ipsius
1087 3557 1256 3612 vitam
1279 3556 1617 3627 suggillabat
1645 3575 1708 3614 ac
1723 3557 2038 3628 proscinde-

441 3646 553 3702 bat.
589 3647 772 3716 Atque
793 3645 1116 3714 hujusmodi
1129 3645 1352 3714 quidem
1375 3646 1650 3700 sermonis
1679 3647 2034 3717 splendorem

438 3735 508 3788 ob
537 3735 822 3793 internam
852 3732 1210 3792 tenebrarum
1242 3735 1551 3793 crassitiem
1597 3735 2034 3806 haudquaquam

439 3823 685 3892 admisit.
719 3823 858 3877 Cum
891 3828 1078 3878 autem
1099 3821 1168 3876 ob
1189 3823 1398 3880 amoris
1425 3841 1458 3878 a
1481 3829 1684 3880 natura
1707 3824 1863 3882 insiti
1889 3826 2026 3882 alie-

438 3919 589 3966 ctum
611 3913 668 3965 in
691 3911 874 3982 ipsum
893 3911 1358 3978 animadvertere,
1387 3917 1487 3968 aut
1511 3929 1642 3966 eum
1672 3913 1818 3970 malo
1843 3913 2032 3984 aliquo

435 4001 674 4054 multare
695 4017 804 4055 non
825 4007 1030 4072 posset,
1040 4017 1376 4070 rursumque
1395 4001 1581 4071 ipsum
1595 4001 1664 4056 de
1687 4007 1878 4067 2300
1907 4019 2030 4060 sen~

436 4090 613 4144 tentia
634 4089 916 4146 dimovere
933 4107 994 4144 se
1012 4107 1174 4160 posse
1199 4106 1429 4160 prorsus
1445 4090 1787 4160 desperaret,
1820 4092 2030 4149 veritus

435 4196 507 4233 ne
538 4180 583 4233 si
601 4179 855 4251 pluribus
881 4197 1009 4234 eum
1036 4178 1386 4234 sermonibus
1410 4179 1728 4245 lacesseret,
1758 4196 1824 4234 eo
1855 4180 2028 4238 libere

435 4286 502 4324 ac
530 4269 772 4325 ﬁdenter
799 4270 1082 4340 loquente,
1102 4268 1347 4339 deosque
1377 4268 1718 4339 suggillante
1743 4275 1914 4340 atque
1943 4287 2033 4324 ca-

433 4360 578 4415 villis
591 4359 1148 4428 insectante,majore
1177 4358 1296 4428 ipse
1320 4358 1611 4418 iracundia
1628 4358 2032 4425 inﬂammatus,

431 4450 638 4503 hostile
659 4447 874 4517 aliquid
894 4448 948 4500 in
976 4463 1103 4500 sum
1133 4447 1476 4516 designaret,
1511 4447 1660 4502 irato
1693 4448 1881 4504 animo
1911 4465 2036 4504 sur-

429 4555 568 4608 gens
597 4535 844 4599 secessit,
879 4534 965 4588 his
1001 4535 1275 4594 duntaxat
1313 4535 1495 4590 verbis
1529 4542 1695 4596 utens
1743 4556 1754 4591 :

433 4640 724 4694 nunquam
757 4629 923 4682 natus
949 4622 1170 4686 fuisses,
1209 4639 1311 4678 nec
1338 4623 1395 4678 in
1421 4623 1602 4678 lucem
1631 4627 1953 4695 prodiisses,
1986 4628 2034 4684 si

433 4713 661 4783 quidem
671 4711 1060 4768 futurumerat
1079 4717 1142 4766 ut
1163 4711 1220 4766 in
1239 4712 1373 4766 deos
1392 4717 1509 4774 tam
1527 4713 1734 4784 impius
1759 4721 1816 4769 et
1845 4722 2035 4773 contu—

435 4801 702 4866 meliosus
733 4818 900 4868 esses,
931 4807 1102 4872 atque
1131 4818 1165 4856 a
1192 4807 1429 4871 paterna
1459 4802 1710 4860 amicitia
1753 4811 1810 4862 et
1834 4805 2034 4861 admo-

435 4889 648 4945 nitione
675 4891 1020 4950 abscederes.
1052 4891 1262 4948 Verum
1297 4892 1604 4953 adversarii
1632 4893 1766 4948 deos
1795 4910 2034 4963 quorum

436 4979 706 5036 invictum
751 4981 922 5036 robur
967 4987 1071 5046 est,
1121 4997 1234 5042 non
1279 4988 1556 5051 perpetuo
1588 4981 2032 5049 subsannabunt,

436 5084 541 5125 nec
566 5067 663 5122 diu
689 5069 1034 5138 gaudebunt,
1064 5087 1166 5124 nec
1195 5087 1390 5126 eorum
1412 5069 1710 5141 praestigiae
1739 5071 1848 5126 vim
1875 5071 2036 5128 habi-

437 5164 579 5212 tune
608 5163 758 5216 sunt.
792 5159 934 5220 Nam
981 5159 1087 5212 nisi
1121 5159 1261 5219 mihi
1293 5160 1440 5214 dicto
1497 5160 1824 5216 audientem
1869 5165 2038 5230 atque

440 5262 576 5316 erga
613 5245 748 5299 deos
773 5252 998 5316 gratum
1014 5252 1070 5302 te
1102 5247 1426 5318 praebueris,
1463 5248 1656 5302 multis
1677 5247 1832 5318 prius
1861 5265 1926 5302 ac
1941 5265 2036 5307 γῆς

441 5335 542 5393 riis
566 5335 864 5389 tormentis
883 5336 1144 5391 allectum
1175 5335 1537 5390 acerbissima
1561 5344 1741 5393 morte
1753 5343 1810 5392 te
1825 5338 1894 5391 de
1925 5355 2038 5392 me-

443 5425 534 5480 dio
564 5425 778 5488 tollam,
813 5440 920 5487 nec
941 5429 1128 5478 tecum
1157 5432 1222 5479 ut
1247 5441 1374 5478 cum
1397 5425 1530 5491 ﬁlio,
1565 5426 1666 5480 sed.
1694 5433 1757 5482 ut
1785 5443 1914 5484 cum
1943 5427 2037 5481 ho-

443 5521 530 5574 ste
562 5514 752 5585 aliquo
771 5531 837 5569 ac
865 5512 1058 5570 rebelli
1087 5530 1271 5583 agam.

518 5605 651 5670 Cap.
685 5604 856 5662 XXV.
892 5635 956 5646 -—
993 5603 1292 5666 Hisminis
1321 5620 1448 5660 cum
1467 5605 1527 5664 in
1555 5621 1685 5668 eum
1715 5594 1876 5677 pater
1903 5623 2038 5664 usus

2118 3299 2344 3348 noctem
2373 3293 2432 3348 in
2463 3293 2721 3364 precibus
2737 3294 3000 3348 traduxit.
3022 3294 3141 3348 Rex
3167 3297 3358 3346 autem
3380 3305 3498 3344 cum
3514 3288 3578 3342 de
3593 3284 3676 3340 ﬁlii

2120 3387 2274 3437 statu
2303 3400 2432 3437 cum
2461 3383 2680 3438 Aracha
2699 3399 2985 3437 sermones
3013 3381 3365 3443 contulisset,
3387 3377 3583 3449 ipsique
3607 3374 3668 3428 ri-

2119 3473 2310 3541 gidam
2325 3473 2504 3542 ipsius
2517 3472 2836 3526 libertatem
2857 3471 3141 3542 animique
3154 3471 3218 3524 in
3244 3468 3514 3525 sententia
3523 3463 3674 3536 peni-

2122 3561 2330 3615 caciam
2361 3562 2720 3627 declarasset,
2774 3563 2879 3616 hoc
2906 3561 3203 3615 consilium
3255 3558 3421 3630 capit,
3451 3563 3512 3610 ut
3533 3567 3672 3624 quam

2120 3650 2242 3704 ﬁeri
2263 3657 2450 3720 posset
2458 3651 2795 3706 amicissime
2811 3656 2980 3721 atque
2999 3647 3484 3720 obsequiosissime
3503 3659 3612 3698 cum
3623 3656 3676 3694 eo

2119 3739 2551 3810 colloqueretur,
2610 3739 2896 3794 blanditiis
2950 3739 3214 3812 videlicet
3259 3738 3608 3809 perfecturum
3630 3743 3680 3782 se

2121 3844 2357 3900 sperans
2382 3835 2448 3883 ut
2477 3845 2608 3883 eum
2637 3829 2708 3882 ad
2737 3846 2799 3882 se
2831 3829 3208 3900 pertraheret.
3245 3825 3495 3882 Crastino
3519 3822 3680 3890 itaque

2115 3918 2208 3972 die
2247 3918 2317 3971 ad
2350 3919 2530 3972 ﬁlium
2561 3935 2620 3972 se
2649 3919 2884 3985 confert,
2926 3934 2990 3970 ac
3017 3917 3252 3988 propius
3283 3915 3494 3978 sedens,
3523 3913 3674 3982 ipsum

2118 4007 2373 4070 accersit,
2397 4013 2570 4077 atque
2593 4007 2984 4077 complectitur
3013 4011 3072 4060 et
3098 4005 3470 4068 exosculatur,
3489 3999 3677 4055 leniter.

2113 4113 2224 4166 que
2235 4112 2299 4150 ac
2317 4095 2533 4166 placide
2544 4096 2798 4166 irrepens
2822 4114 2833 4149 :
2851 4095 2900 4150 Ο
2919 4095 3252 4148 charissime
3269 4100 3328 4148 et
3337 4088 3678 4148 amantissime

2112 4185 2214 4248 ﬁli,
2250 4185 2454 4256 inquit,
2487 4185 2664 4255 patris
2691 4184 2955 4238 canitiem
2976 4184 3192 4238 honore
3220 4184 3404 4249 afﬁce,
3431 4175 3676 4253 precibus-

2117 4289 2227 4342 que
2256 4273 2402 4326 meis
2417 4273 2628 4326 auditis
2655 4273 2878 4338 accede,
2895 4288 2959 4326 ac
2990 4272 3102 4325 diis
3126 4271 3462 4326 sacriﬁcium
3486 4263 3674 4322 adhibe.

2119 4361 2210 4416 Sic
2241 4361 2391 4416 enim
2421 4368 2478 4416 et
2507 4361 2632 4416 illos
2655 4361 2928 4432 benignos
2957 4367 3016 4415 et
3035 4360 3228 4415 faciles
3259 4359 3545 4414 habiturus
3560 4356 3678 4418 eset

2118 4450 2339 4506 dierum
2363 4450 2814 4515 diuturnitatem,
2850 4451 3203 4520 gloriamque
3232 4464 3474 4510 omnem,
3501 4439 3677 4498 etinsi-

1805 4538 2030 4594 Utinam
2052 4525 2340 4594 1)fensum
2388 4556 2646 4610 regnum,
2679 4539 2974 4610 omnisque
3024 4537 3251 4609 generis
3280 4537 3428 4591 bona
3453 4533 3518 4588 ab
3565 4528 3678 4602 ipsis

2116 4629 2409 4700 percipies,
2423 4635 2483 4682 et
2503 4629 2644 4682 mihi
2659 4628 2807 4699 patri
2826 4635 2926 4682 tuo
2954 4644 3054 4699 per
3073 4643 3302 4681 omnem
3317 4626 3481 4680 vitam
3509 4623 3682 4676 chains

2118 4719 2249 4784 eris;
2278 4734 2348 4776 ac.
2373 4718 2614 4788 denique
2655 4719 2758 4772 hoc
2789 4716 3108 4788 assequeris
3131 4722 3198 4770 ut
3235 4732 3432 4770 omnes
3458 4709 3680 4766 homines

2117 4814 2174 4862 te
2197 4807 2256 4861 in
2285 4807 2496 4860 honore
2526 4806 2788 4873 habeant,
2831 4805 3210 4876 laudibusque
3234 4806 3488 4860 eliciant.
3519 4795 3674 4868 Siqui-

2119 4897 2246 4952 dem
2275 4895 2346 4950 ad
2377 4896 2602 4950 laudem
2627 4896 3046 4966 adipiscendam
3085 4894 3280 4965 magni
3302 4895 3536 4948 interest
3557 4883 3677 4960 patri

2119 4985 2365 5051 obedire,
2389 5002 2454 5039 ac
2481 4985 2794 5056 praesertim
2822 4987 2882 5040 in
2921 4985 2990 5040 iis
3033 4984 3219 5050 rebus,
3256 5001 3382 5054 quae
3410 4981 3478 5036 ad
3503 4979 3678 5032 bonum

2121 5081 2178 5130 et
2200 5075 2270 5129 ad
2291 5075 2522 5128 deorum
2544 5073 2992 5129 benevolentiam
3014 5079 3290 5146 spectant.
3314 5071 3583 5137 Quidnam
3601 5079 3681 5118 au-

2118 5171 2254 5229 tem,
2278 5163 2377 5226 ﬁli,
2407 5179 2620 5228 censes,
2669 5167 2936 5217 utrumne
2964 5180 3059 5218 me
3077 5165 3334 5218 consulto
3356 5178 3422 5216 ac
3448 5160 3513 5214 de
3537 5154 3678 5211 indu-

2119 5254 2305 5307 striaa
2323 5252 2470 5307 bona
2498 5252 2586 5306 via
2601 5251 2912 5315 deﬂexisse,
2931 5257 3103 5320 atque
3123 5251 3467 5305 contrariam
3486 5241 3678 5316 ingredi

2119 5342 2404 5409 maluisse,
2458 5358 2531 5396 an
2583 5357 2712 5394 vero
2766 5339 2895 5394 boni
2933 5339 3284 5410 ignoratione
3327 5343 3384 5392 et
3422 5331 3673 5406 imperitia

2119 5431 2398 5502 meipsum
2426 5430 2706 5502 pestiferis
2729 5427 3086 5498 dogmatibus
3115 5427 3394 5482 dedidisse
3417 5427 3439 5478 Υ
3474 5425 3620 5478 Certe
3643 5417 3684 5470 si

2120 5537 2210 5577 me
2239 5527 2438 5592 sponte
2465 5537 2529 5575 ac
2585 5520 2658 5574 de
2685 5518 2986 5578 industria,
3013 5523 3210 5572 contra
3235 5532 3411 5588 quam
3449 5512 3582 5568 utile
3601 5507 3680 5570 sit,

2119 5607 2274 5664 mala
2301 5606 2459 5664 bonis
2488 5605 2775 5677 praeferre,
2802 5609 3154 5674 mortemque
3181 5603 3296 5658 vita
3311 5600 3582 5673 potiora
3601 5593 3682 5648 hl-
