3954 6190
222 326 327 382 541⁸

624 326 793 381 VITA
831 325 1271 383 SANCTORUM-
1304 324 1655 381 B'ARLALAM‘
1687 322 2026 382 EREMI'PIE
2066 322 2151 381 ET
2192 324 2554 381 JIOSAPIIAT
2595 328 2818 381 INDle
2858 326 3090 381 REGIS.

3390 322 3504 382 542»

219 451 343 505 bere
366 449 670 516 existimas,
708 451 1082 517 vehementer,
1117 468 1148 506 ο
1178 451 1275 518 ﬂli,
1322 468 1355 507 a
1396 459 1546 507 recto
1589 453 1799 525 judicio
1817 454 2094 512 Abonum
2125 460 2209 508 est
2226 454 2455 512 invenit,
2480 453 2822 523 obtempera.
2849 454 2931 507 En
2954 453 3104 506 enim
3129 453 3484 507 demonstra-

216 540 469 594 aberrare
498 539 722 592 videris.

274 631 360 682 An
390 645 502 682 non
522 629 676 681 vides
703 633 839 698 quot
864 629 1129 683 {erumnis
1162 636 1219 683 et
1256 630 1650 686 afflictionibus
1682 649 1801 685 me-

208 719 387 793 ipsum
419 732 665 789 persaepe
698 718 938 785 tradam,
965 724 1090 772 tum
1129 720 1187 773 in
1226 720 1673 791 expeditionibus
1698 723 1799 775 ad-

208 824 401 860 versus
428 807 631 871 hostes,
664 813 786 861 tum
820 809 875 861 in
906 808 1256 878 publicorum
1286 811 1641 880 negotiorum
1668 830 1800 883 pro-

204 897 490 951 curatione
508 897 785 967 meipsum
816 913 1110 969 occupans,
1145 900 1284 952 adeo
1311 906 1373 953 ut
1402 900 1606 954 famem
1629 902 1799 955 etiam

207 1004 267 1039 ac
295 986 470 1049 sitim,
499 1003 628 1039 cum
648 987 727 1040 ita
757 1003 983 1040 necesse
1016 994 1118 1053 est,
1152 989 1449 1059 perferam.
1475 1006 1538 1042 ac
1564 991 1799 1060 pedibus

206 1075 506 1138 ambulem,
541 1076 807 1145 humique
833 1093 1091 1144 somnum
1115 1079 1378 1148 carpam?
1408 1079 1591 1149 Opum
1609 1088 1795 1133 autem

204 1173 257 1219 et
282 1165 650 1236 pecuniarum
680 1170 839 1218 tanta
854 1166 911 1218 in
932 1182 1021 1219 me
1045 1167 1385 1238 contemptio
1405 1184 1467 1220 ac
1488 1169 1798 1239 despicien-

201 1256 277 1307 tia
309 1262 416 1314 est,
448 1260 515 1307 ut
542 1254 825 1308 interdum
851 1254 1078 1325 profusa
1107 1272 1277 1309 manu
1308 1257 1500 1327 palatii
1530 1258 1639 1311 mei
1670 1260 1796 1312 the-

199 1360 393 1397 sauros
424 1344 767 1408 exhauriam,
789 1360 898 1413 quo
928 1344 1275 1414 amplissima
1304 1345 1410 1398 diis
1439 1346 1671 1400 delubra
1702 1362 1795 1400 ex-

201 1439 437 1499 struam,
468 1432 735 1502 omnique
763 1438 966 1486 ornatu
996 1434 1291 1497 illustrem,
1316 1439 1414 1488 aut
1432 1437 1795 1505 pecuniarum

228 1523 414 1593 ggeris
444 1522 715 1576 militibus
736 1522 1125 1575 liberalissime
1146 1523 1497 1577 distribuam.
1532 1527 1670 1579 Cum
1696 1526 1796 1579 ita-

194 1629 294 1682 que
317 1617 517 1665 tantus
544 1612 601 1664 in
637 1628 726 1664 me
759 1612 1104 1681 voluptatum
1136 1617 1509 1682 contemptus,
1538 1620 1696 1668 tanta
1737 1615 1795 1668 in

195 1702 455 1772 periculis
488 1700 786 1754 tolerantia
808 1701 897 1767 sit,
923 1701 969 1754 si
987 1702 1343 1756 Galilzeorum
1366 1704 1711 1773 religionem,
1733 1722 1800 1760 ea

1881 549 2003 598 tum
2030 549 2115 598 est
2143 561 2232 597 me
2262 560 2363 597 nec
2381 549 2578 613 sponte
2596 560 2699 596 nec
2720 560 2819 613 per
2845 542 3257 612 ignorationem
3284 559 3318 595 a
3340 541 3484 595 bono

1882 633 2188 697 aberrasse,
2203 650 2392 685 verum
2418 638 2473 685 et
2499 632 2638 685 illud
2669 632 2944 685 invenisse
2972 636 3028 684 et
3059 631 3356 702 accepisse.
3379 632 3486 685 Cu-

1881 722 1976 792 pio
1988 728 2178 776 autem
2198 727 2254 775 te
2273 738 2494 792 quoque
2512 721 2571 773 in
2592 721 2765 774 stulto
2787 738 2974 774 errore
2993 721 3224 774 minime
3251 720 3482 787 versari,

1880 827 2073 865 verum
2086 812 2227 864 meis
2245 810 2492 879 vestigiis
2509 812 2718 863 haerere
2746 829 2759 875 ;
2786 810 3151 879 quamobrem
3165 809 3251 863 fac
3267 815 3489 879 patrem

1883 906 2038 954 tuum
2084 900 2343 953 verearis.
2383 900 2470 952 An
2493 898 2674 952 nescis
2696 904 2970 967 quantum
3002 897 3209 952 bonum
3234 898 3308 951 sit
3336 897 3481 968 patri

1882 988 2290 1059 obtemperare,
2324 992 2493 1057 atque
2536 987 2641 1057 ipsi
2673 987 2727 1039 in
2756 972 3017 1040 omnibus
3034 988 3199 1041 rebus
3229 986 3480 1056 obsequi,

1882 1078 2357 1147 qnemadmodum
2387 1083 2582 1130 contra
2611 1092 2781 1145 quam
2803 1075 3096 1129 exitiosum
3119 1082 3176 1129 et
3195 1092 3483 1129 exsecran-

1881 1168 2013 1220 dum
2036 1172 2212 1236 patrls
2243 1167 2495 1219 animum
2526 1164 2879 1229 exacerbare,
2907 1165 3192 1234 ipsiusque
3209 1166 3367 1232 jussa
3381 1181 3482 1234 pro

1880 1256 2055 1309 nihilo
2086 1254 2332 1307 habere?
2355 1255 2564 1308 Omnes
2589 1255 2736 1307 enim
2772 1254 2867 1324 qui
2897 1254 3014 1306 haec
3044 1254 3311 1315 fecerunt,
3334 1254 3481 1306 malo

1880 1345 2075 1399 mortis
2097 1360 2302 1414 genere
2331 1343 2682 1397 interierunt.
2710 1344 2833 1407 Quo
2872 1344 2930 1396 in
2951 1359 3207 1408 numero,
3244 1342 3343 1406 illi,
3376 1342 3485 1395 uti-

1878 1450 2009 1487 nam
2038 1449 2109 1486 ne
2135 1434 2441 1487 censearis!
2464 1449 2655 1486 verum
2672 1448 2739 1485 ea
2760 1450 2882 1502 quae
2903 1432 3123 1502 parenti
3138 1437 3302 1502 grata
3325 1435 3475 1497 sunt,

1878 1523 2103 1586 faciens,
2154 1523 2428 1576 bonorum
2477 1523 2727 1575 omnium
2775 1538 3000 1591 compos
3038 1524 3157 1587 tias,
3209 1522 3479 1591 regnique

1878 1612 1988 1665 mei
2018 1612 2195 1665 haeres
2223 1612 2317 1665 sis.

1951 1727 2344 1797 Magnanimus
2390 1731 2597 1791 autem,
2633 1742 2696 1779 ac
2724 1742 2852 1779 vere
2894 1724 3096 1779 nobilis
3131 1725 3471 1791 adolescens,

193 1808 356 1861 quam
382 1790 647 1844 mambus
666 1796 924 1844 tenemus
947 1797 1403 1887 ΑΡΓῘῩΒἛἾΠΠΟΓΘΥῺ
1435 1810 1556 1847 esse
1585 1809 1853 1869 cognO‘B
1878 1835 2003 1871 cum
2056 1832 2523 1887 supervacaneam
2571 1815 2748 1885 patris
2788 1815 3099 1868 orationem
3131 1831 3193 1868 ac
3236 1816 3473 1867 stultum

193 1896 427 1943 scercm,
446 1897 518 1933 an
540 1895 650 1932 non
666 1896 887 1933 summo
910 1880 1096 1933 studio
1114 1880 1168 1933 id
1189 1898 1432 1951 agerem,
1458 1888 1521 1936 ut
1541 1890 1793 1937 contem-

192 1969 294 2040 ptis
314 1968 582 2021 omnibus
610 1969 796 2034 rebus,
821 1970 1058 2022 salutem
1081 1970 1219 2022 mihi
1240 1987 1622 2041 compararem
1646 1973 1670 2024 ?
1698 1974 1796 2026 Sin

192 2064 374 2112 autem
398 2057 539 2111 mihi
552 2057 681 2111 boni
700 2057 1110 2127 ignorationem
1129 2060 1650 2130 atqueimperitiam
1663 2062 1797 2116 vitio

191 2147 373 2212 vertis,
412 2147 552 2200 illud
601 2153 788 2201 tecum
849 2151 1066 2218 reputa,
1119 2153 1255 2218 quot
1296 2155 1486 2203 noctes
1525 2151 1798 2205 insomnis

192 2236 494 2306 exegerim,
544 2237 853 2307 quaestione
900 2236 1089 2306 aliqua
1132 2240 1437 2308 proposita,
1472 2245 1527 2293 et
1564 2241 1789 2310 quidem

192 2325 475 2379 interdum
495 2325 643 2379 haud
659 2325 963 2379 admodum
984 2328 1539 2394 necessariamullam
1562 2330 1790 2384 omnino

190 2415 323 2469 mihi
352 2415 612 2485 requiem
641 2415 966 2479 concedens,
996 2416 1324 2487 priusquam
1350 2419 1702 2488 perspicuam
1735 2425 1791 2472 et

192 2504 770 2557 accomodatissimam
818 2508 994 2568 θῦε
1044 2505 1223 2575 ipsius
1254 2507 1591 2562 solutionem
1634 2510 1790 2563 inve-

191 2593 418 2646 nissem.

257 2681 535 2746 Quocirca
562 2698 687 2735 cum
728 2681 1067 2736 caduearum
1085 2684 1284 2737 harum
1314 2701 1502 2739 rerum
1527 2703 1597 2740 ne
1626 2689 1789 2743 mini-

190 2787 333 2825 mam
372 2771 605 2841 quidem
629 2773 1095 2825 contemnendam
1116 2773 1336 2837 ducam,
1351 2791 1545 2828 verum
1562 2778 1790 2832 omnino

190 2860 617 2914 conducibiliter
631 2865 800 2930 atque
812 2861 887 2913 ad
898 2862 1151 2915 omnium
1169 2863 1469 2917 utilitatem
1490 2881 1613 2919 eam
1632 2883 1791 2921 excu-

186 2950 319 3002 tiam
356 2953 420 3003 et
441 2948 722 3002 absolvam
744 2950 844 3012 (sic
864 2951 1015 3004 enim
1043 2952 1192 3005 inter
1211 2968 1404 3007 omnes
1423 2960 1680 3009 constare
1706 2974 1791 3010 ar-

190 3037 385 3099 bitror,
422 3038 707 3092 neminem
754 3039 1006 3093 omnium
1042 3041 1136 3111 qui
1175 3041 1278 3095 sub
1309 3043 1425 3096 sole
1454 3050 1604 3110 sunt,
1637 3062 1791 3101 arca—

190 3144 391 3181 narum
413 3144 606 3181 rerum
636 3128 1011 3199 cognitionem
1032 3131 1344 3185 accuratius
1364 3148 1614 3203 unquam
1635 3135 1791 3189 inve—

189 3217 428 3287 stigasse
446 3234 615 3287 quam
632 3218 751 3288 ipse
768 3218 1042 3289 fecerim),
1068 3235 1310 3276 quonam
1334 3227 1496 3292 pacto
1528 3240 1618 3277 res
1647 3225 1790 3278 divi-

191 3324 304 3369 nas,
329 3312 393 3361 et
422 3324 491 3360 ea
521 3322 641 3377 quae
680 3308 933 3361 venerari
964 3325 1027 3361 ac
1056 3308 1285 3362 deorum
1318 3311 1529 3365 honore
1570 3313 1791 3369 afﬁcere

190 3402 429 3467 oportet,
466 3397 877 3450 contemnenda
897 3396 1199 3461 duxissem,
1223 3416 1285 3452 ac
1300 3416 1411 3454 non
1434 3402 1620 3471 potius
1638 3404 1791 3458 omni

189 3486 399 3549 studio,
435 3485 696 3539 omnibus
726 3485 1086 3549 viribus,toto
1116 3488 1355 3559 denique
1377 3490 1565 3544 animo
1595 3509 1659 3546 ac
1673 3498 1792 3547 tota

192 3582 377 3628 mente
395 3567 453 3627 in
475 3591 668 3628 eorum
689 3575 1119 3645 investigatione
1134 3581 1357 3647 tempus
1374 3585 1543 3649 atque
1563 3597 1791 3651 operam

190 3664 525 3734 posuissem,
565 3668 630 3717 ut
678 3680 800 3734 quae
848 3681 981 3718 vera
1026 3671 1081 3718 et
1130 3667 1369 3720 maxime
1417 3677 1794 3725 consentanea

191 3758 337 3813 sunt,
389 3752 739 3806 invenirem?
779 3753 1000 3807 Etenim
1032 3770 1238 3824 magno
1267 3771 1391 3809 cum
1413 3757 1601 3813 labore
1627 3760 1706 3813 sic
1726 3778 1793 3815 ea

193 3841 442 3911 qumsivi,
479 3844 544 3893 ut
580 3846 636 3894 et
678 3842 883 3895 multas
912 3848 1103 3896 noctes
1131 3860 1195 3897 ac
1233 3845 1440 3899 multos
1469 3847 1588 3901 dies
1617 3849 1675 3903 in
1706 3850 1793 3903 his

191 3927 659 3997 consumpserim,
682 3934 739 3980 et
772 3928 978 3981 multos
1000 3928 1133 3982 item
1156 3928 1438 3999 sapientes
1459 3938 1514 3985 et
1544 3935 1792 3989 eruditos

189 4014 337 4068 viros
363 4015 435 4068 ad
469 4016 761 4069 consilium
811 4017 1182 4082 adhibuerim,
1236 4025 1403 4090 atque
1452 4022 1618 4075 etiam
1664 4041 1791 4079 cum

190 4104 387 4157 multis
423 4120 618 4158 eorum
651 4104 745 4175 qui
792 4105 1098 4159 Christiani
1130 4109 1484 4177 appellantur
1508 4127 1796 4170 sermones

189 4193 549 4246 contulerim.
578 4195 656 4247 Ac
682 4210 782 4263 per
802 4193 1103 4265 impigram
1132 4198 1599 4266 conquisitionem
1632 4209 1687 4255 et
1708 4220 1794 4257 ar-

1879 1907 2173 1960 consilium
2215 1905 2504 1969 audiisset,
2548 1910 2715 1974 atque
2740 1904 2967 1960 ﬂexuosi
2998 1905 3271 1973 serpentis
3323 1908 3478 1957 artes

1880 1994 2386 2061 animadvertisset,
2410 2010 2607 2063 nempe
2631 1993 2777 2063 quod
2809 2009 2842 2045 a
2871 1992 3079 2046 dextris
3097 1994 3361 2063 laqueum
3384 2008 3476 2062 pe-

1879 2085 2041 2139 dibus
2070 2084 2249 2154 ipsius
2278 2088 2548 2153 parasset,
2579 2083 2635 2135 id
2671 2082 2882 2135 scilicet
2911 2099 3082 2150 agens
3119 2098 3181 2134 ac
3213 2082 3469 2146 moliens,

1880 2182 1941 2229 ut
1959 2168 2200 2226 divinam
2231 2171 2405 2242 ipsius
2433 2172 2676 2223 animam
2709 2171 3039 2235 inﬂecteret,
3066 2176 3234 2241 atque
3264 2171 3370 2240 ipsi
3401 2171 3471 2223 ad

1874 2262 2214 2333 propositam
2252 2262 2497 2331 palmam
2539 2260 3002 2329 impedimentum
3046 2260 3288 2316 afferret,
3332 2259 3469 2311 illud

1873 2351 2097 2406 Domini
2112 2354 2453 2421 praeceptum
2475 2349 2579 2401 sibi
2608 2354 2737 2401 ante
2761 2349 2947 2402 oculos
2959 2348 3173 2419 posuit:
3200 2349 3324 2401 Non
3345 2348 3469 2401 veni

1873 2441 2097 2494 mittere
2132 2456 2343 2510 pacem,
2378 2438 2474 2491 sed
2513 2438 2784 2507 gladium.
2826 2436 2966 2490 Veni
3014 2437 3162 2489 enim
3212 2452 3473 2507 separare

1876 2530 2052 2583 lilium
2076 2529 2342 2582 adversus
2360 2534 2577 2598 patrem
2599 2544 2781 2589 suum,
2809 2532 2864 2579 et
2880 2526 3049 2579 ﬁliam
3069 2526 3336 2579 adversus
3358 2541 3474 2577 ma-

1875 2626 2016 2672 trem
2045 2634 2226 2683 suam,
2260 2624 2316 2670 et
2344 2633 2467 2687 quae
2502 2616 2763 2686 deinceps
2791 2622 3106 2685 sequuntur
3133 2615 3355 2687 (Matth.
3388 2617 3466 2680 x).

1944 2743 2200 2814 Illudque
2228 2742 2360 2796 item
2388 2761 2398 2795 :
2427 2740 2533 2805 Qui
2550 2746 2705 2794 amat
2726 2746 2943 2811 patrem
2966 2744 3066 2795 aut
3094 2745 3331 2793 matrem
3349 2739 3477 2811 plus

1874 2849 2041 2903 quam
2062 2849 2173 2895 me,
2206 2847 2315 2884 non
2332 2836 2417 2884 est
2443 2846 2531 2885 me
2556 2830 2779 2900 dignus.
2805 2830 2882 2883 Ac
2905 2846 3129 2884 rursum
3150 2828 3323 2883 illud:
3344 2828 3477 2897 Qui-

1873 2938 2092 2993 cunque
2114 2938 2201 2973 me
2221 2920 2509 2989 negaverit
2521 2936 2709 2973 coram
2726 2917 3289 2989 hominibus,negabo
3305 2917 3474 2973 etiam

1872 3028 1998 3065 eum
2032 3026 2220 3064 coram
2250 3010 2414 3065 Patre
2446 3024 2589 3073 meo,
2622 3007 2719 3078 qui
2746 3007 2807 3061 in
2844 3008 2995 3061 caelis
3027 3012 3131 3060 est.
3176 3008 3315 3086 Haec.
3346 3023 3475 3060 cum

1811 3125 1854 3184 C
1873 3114 2062 3153 secum
2084 3096 2201 3167 ipse
2225 3100 2563 3167 reputasset,
2585 3095 2881 3166 divinoque
2905 3099 3058 3151 metu
3079 3094 3325 3147 animam
3347 3111 3476 3147 cons

1873 3187 2204 3247 strinxisset,
2232 3184 2369 3238 illud
2399 3184 2711 3238 Salomonis
2730 3184 2947 3237 dictum
2966 3199 3237 3255 perquam
3257 3190 3473 3253 tempe-

1874 3276 2012 3331 stive
2034 3274 2325 3345 usurpavit
2349 3292 2359 3325 :
2389 3274 2631 3343 Tempus
2648 3273 2895 3335 amandi,
2916 3278 2973 3325 et
2983 3278 3205 3343 tempus
3222 3270 3466 3337 odiendi;

1874 3372 2096 3436 tempus
2124 3364 2274 3428 belli,
2291 3368 2347 3417 et
2376 3367 2598 3433 tempus
2628 3362 2777 3432 pacis
2799 3363 2982 3427 (Ecclc.
3003 3363 3107 3429 ω).
3128 3362 3205 3419 Ac
3225 3360 3473 3430 primum,

1876 3454 2104 3525 quidem
2130 3458 2316 3505 mente
2338 3452 2406 3505 ad
2429 3452 2575 3504 hunc
2606 3451 2835 3505 modum
2862 3456 3122 3520 precatus
3145 3456 3229 3502 est
3262 3465 3275 3499 :
3308 3449 3471 3503 Mise-

1874 3560 1998 3596 rere
2021 3542 2149 3607 mei,
2182 3543 2346 3606 Deus,
2372 3541 2639 3594 miserere
2663 3540 2793 3603 mei,
2820 3539 3155 3609 quoniamin
3169 3545 3223 3592 te
3244 3537 3477 3611 conﬁdit

1875 3632 2067 3686 anima
2090 3648 2240 3697 mea;
2270 3636 2327 3684 et
2362 3631 2419 3682 in
2455 3629 2657 3683 umbra
2688 3630 2906 3683 alarum
2939 3634 3165 3682 tuarum
3211 3625 3467 3697 sperabo,

1875 3722 2050 3774 donec
2080 3726 2329 3774 transeat
2353 3718 2639 3790 iniquitas.
2677 3716 2941 3771 Clamabo
2971 3717 3041 3773 ad
3061 3718 3241 3771 Deum
3260 3714 3469 3770 altissi-

1875 3826 2053 3876 mum,
2087 3809 2265 3863 Deum
2288 3809 2383 3878 qui
2404 3807 2545 3862 bene
2566 3807 2696 3861 fecit
2734 3807 2869 3860 mihi
2902 3808 3063 3873 (Psal.
3092 3805 3219 3876 Lvl);
3250 3821 3315 3859 ac
3344 3803 3471 3857 reli-

1877 3915 1989 3969 qua
2013 3915 2134 3971 quae
2156 3897 2415 3968 deinceps
2436 3897 2496 3951 in
2519 3897 2733 3967 psalmo
2762 3901 3092 3965 sequuntur.

1948 4024 2082 4076 Post
2115 4028 2303 4075 autem
2345 4021 2411 4075 ad
2443 4027 2663 4090 patrem
2709 4019 2796 4073 his
2826 4020 3008 4073 verbis
3040 4035 3175 4073 usus
3204 4024 3326 4072 est:
3370 4017 3474 4070 Pa-

1879 4117 2024 4165 trem
2056 4110 2278 4181 quidem
2310 4111 2509 4174 colere,
2550 4116 2719 4178 atque
2745 4109 2922 4179 ipsius
2960 4107 3211 4177 imperiis
3252 4122 3468 4176 parere,

1880 4201 2097 4270 ipsique
2126 4198 2307 4252 amico
2332 4204 2389 4251 et
2414 4198 2681 4251 benevolo
2703 4197 2891 4253 animo
2912 4197 3199 4261 inservire,
3228 4211 3474 4248 commu-

188 4281 418 4335 dentem
450 4282 954 4351 investigationem,
988 4285 1077 4337 via
1105 4286 1415 4341 veritatis‘a
1456 4306 1545 4343 me
1570 4290 1796 4347 inventa
1879 4289 1964 4342 nis
1990 4288 2259 4356 magister
2285 4292 2477 4340 noster
2505 4286 2666 4338 docet
2688 4286 2873 4343 (Exod.
2892 4288 3005 4351 xx),
3036 4285 3216 4354 utqui
3248 4291 3475 4336 natura-

187 4377 290 4433 est,
314 4371 638 4441 sapientum
671 4371 912 4426 virorum
940 4379 1109 4443 atque
1133 4380 1254 4428 tum
1273 4376 1683 4444 doctrina,turn
1713 4382 1796 4435 in-
1814 4413 1864 4473 Β
1881 4379 1990 4432 lem
2002 4375 2325 4446 hujusmodi
2343 4373 2741 4428 charitatemin
2755 4372 2958 4425 animis
2970 4371 3473 4428 nostrisinseverit.

188 4461 359 4530 genio
395 4459 758 4530 praeditorum
802 4463 1123 4517 testimonio
1165 4466 1513 4520 conﬁrmata.
1544 4469 1794 4532 Quorum
1816 4459 1862 4473 ’³
1882 4469 1953 4520 At
1982 4483 2109 4519 cum
2136 4470 2432 4536 parentum
2463 4478 2623 4515 amor
2639 4468 2808 4532 atque
2825 4478 2958 4531 erga
2973 4478 3066 4515 eos
3090 4460 3475 4514 benevolentia

190 4550 1124 4614 haecsententiaeshnullamaliam
1142 4560 1609 4624 essepraeteream
1626 4575 1794 4629 quam
1879 4556 2081 4610 animae
2110 4554 2216 4624 ipsi
2254 4553 2562 4623 periculum
2601 4557 2773 4615 creat,
2803 4568 3037 4621 eamque
3071 4567 3105 4602 a
3139 4566 3357 4603 summo
3377 4549 3473 4602 illo

192 4638 472 4692 hodierno
512 4638 603 4691 die.
644 4645 918 4705 tenemus,
970 4654 1220 4695 summos
1250 4642 1383 4697 deos
1425 4646 1689 4713 colentes,
1735 4665 1799 4704 ac

191 4729 420 4782 dulcem
452 4734 510 4781 et
528 4744 655 4782 cum
675 4729 959 4799 voluptate
979 4732 1333 4801 conjunctam
1353 4733 1521 4787 vitam
1540 4737 1799 4791 omnibus

191 4817 523 4871 hominibus
552 4818 802 4888 ipsorum
822 4835 1055 4873 munere
1079 4836 1417 4887 concessam,
1446 4839 1510 4876 ac
1533 4825 1799 4893 jucundi-

191 4910 311 4958 tate
361 4905 647 4976 animique
702 4905 1110 4961 oblectamento
1157 4908 1441 4978 perfusam
1489 4914 1800 4968 arctissime

192 4994 654 5065 complectentes.
690 4996 871 5059 Quam
904 4997 1128 5067 quidem
1150 4997 1507 5053 Galilaeorum
1540 5002 1709 5056 duces
1745 5009 1803 5057 et

190 5085 485 5139 antistites
531 5084 701 5139 stulte
727 5088 1078 5157 repulerunt,
1109 5088 1249 5142 adeo
1280 5095 1344 5143 ut
1367 5107 1535 5145 suave
1583 5092 1688 5146 hoc
1716 5093 1805 5146 lu-

192 5189 353 5255 men,
388 5181 556 5245 atque
583 5191 778 5229 omnes
808 5177 1142 5248 voluptates,
1177 5194 1316 5249 quas
1347 5180 1507 5234 nobis
1540 5182 1805 5237 fruendas

190 5265 273 5318 dii
290 5270 716 5343 concesserunt,
734 5266 962 5321 alterius
983 5268 1275 5337 cujusdam
1301 5269 1530 5323 incertae
1557 5271 1684 5326 vitae
1708 5288 1805 5343 spe

192 5359 467 5425 prompto
506 5355 697 5408 aniino
744 5355 1028 5425 abjiciant,
1062 5359 1376 5412 nescientes
1398 5360 1676 5427 videlicet,
1704 5378 1805 5416 nec

191 5445 336 5515 quid
362 5444 575 5510 dicant,
606 5460 711 5497 nec
739 5445 810 5498 de
836 5445 1035 5515 quibus
1073 5446 1357 5501 afﬁrment
1390 5452 1440 5509 (Ι
1465 5450 1605 5503 Tim.
1636 5451 1696 5519 ι).
1746 5460 1749 5461 ⁷

264 5534 359 5586 Ῥη
391 5548 539 5597 vero,
574 5534 901 5588 charissime
925 5535 1028 5599 ﬁli,
1064 5536 1207 5606 patri
1237 5542 1352 5600 tuo,
1389 5538 1485 5608 qui
1515 5556 1619 5609 per
1643 5556 1804 5593 accu-

187 5625 387 5678 ratam
408 5626 482 5676 ac
501 5623 849 5678 verissimam
894 5624 1465 5695 investigationemjd
1495 5628 1645 5699 quod
1676 5644 1804 5684 vere

1881 4646 2137 4699 etfectore
2159 4643 2352 4713 procul
2378 4648 2642 4706 removet,
2668 4642 2821 4695 hunc
2839 4642 3097 4695 affectum
3120 4655 3348 4709 prorsus
3384 4655 3478 4691 ex-

1882 4734 2135 4787 scindere
2161 4732 2444 4802 jubemur,
2478 4748 2543 4785 ac
2580 4732 2734 4784 nullo
2766 4730 2930 4784 modo
2961 4730 3029 4782 iis
3063 4729 3155 4799 qui
3184 4744 3284 4781 nos
3305 4744 3339 4780 a
3363 4728 3480 4781 Deo

1883 4823 2218 4877 abstrahunt
2236 4822 2432 4875 cedere
2461 4837 2525 4874 ac
2554 4837 2755 4877 manus
2775 4820 2928 4883 dare,
2961 4835 3153 4872 verum
3175 4834 3269 4871 eos
3298 4818 3481 4873 odisse

1884 4918 1941 4967 et
1966 4911 2211 4965 aversari
2245 4930 2256 4964 :
2293 4910 2546 4981 quamvis
2574 4910 2744 4963 etiam
2774 4909 2821 4962 is
2850 4908 2945 4978 qui
2977 4907 3313 4961 exsecranda
3334 4923 3477 4977 pra:-

1883 5001 2019 5073 cipit
2046 5006 2208 5072 pater
2235 5000 2326 5063 sit,
2352 4999 2603 5070 quamvis
2631 5004 2830 5064 mater,
2858 4997 3111 5068 quamvis
3142 5014 3256 5063 rex,
3287 5013 3483 5067 quam-

1889 5091 1971 5144 vis
1999 5091 2240 5161 denique
2265 5106 2435 5160 penes
2454 5105 2582 5142 eum
2604 5088 2729 5141 vitae
2748 5094 2954 5141 nostrze
2970 5094 3218 5158 potestas
3237 5088 3331 5141 sit.
3346 5087 3481 5151 Quae

1888 5196 2012 5234 cum
2036 5181 2118 5233 ita
2142 5179 2273 5243 sint,
2307 5188 2553 5249 paternae
2572 5177 2975 5231 benevolentiae
2994 5194 3165 5231 causa
3184 5178 3286 5235 Dei
3300 5179 3480 5247 jactu-

1886 5286 2009 5323 ram
2036 5269 2217 5322 facere
2237 5284 2463 5337 prorsus
2479 5283 2723 5337 nequeo;
2748 5283 2812 5319 ac
2834 5266 3065 5337 proinde
3088 5272 3209 5321 tum
3230 5267 3334 5320 tibi
3354 5267 3479 5337 ipsi,

1885 5366 2008 5413 tum
2058 5357 2195 5411 mihi
2245 5357 2532 5427 negotium
2562 5356 2834 5411 facessere
2862 5356 3084 5422 desine;
3124 5373 3317 5410 verum
3348 5356 3485 5409 mihi

1890 5464 2102 5502 morem
2122 5463 2273 5515 gere,
2314 5462 2377 5499 ac
2406 5446 2590 5499 vivum
2620 5453 2677 5500 et
2706 5462 2899 5500 verum
2930 5447 3108 5500 Deum
3149 5445 3312 5500 ambo
3332 5446 3481 5498 cola-

1889 5554 2033 5591 mus.
2065 5537 2209 5590 Nam
2241 5553 2363 5606 quae
2394 5552 2540 5589 nunc
2570 5537 2870 5604 veneraris,
2890 5537 3188 5590 simulacra
3205 5540 3354 5597 sunt,
3390 5534 3484 5585 ho-

1888 5628 2104 5682 minum
2132 5624 2391 5680 manibus
2414 5626 2630 5687 effecta,
2662 5626 2896 5697 spiritus
2934 5625 3183 5697 expertia
3209 5629 3268 5678 et
3295 5622 3425 5676 surd
