3954 6190
485 283 591 341 543

1511 289 1606 345 DE
1641 289 1832 346 VITIS
1867 287 2164 344 PATRUM
2199 286 2414 343 LIBER
2447 283 2738 342 PRIMUS.

3592 293 3676 350 544

487 407 740 480 nihilque
759 410 987 465 omnino
1007 411 1161 465 aliud
1172 427 1344 482 quam
1364 412 1596 470 exitium
1609 412 2076 483 etsempiternum
2093 413 2144 471 A
2159 410 2305 465 sicut
2331 408 2476 463 liber
2497 409 2828 476 involvetur,
2841 413 2999 464 terra
3017 413 3206 464 autem
3235 410 3448 465 ell'racta
3472 415 3679 470 omnium

489 498 797 554 cruciatum
817 500 1124 555 cultoribus
1151 502 1268 556 suis
1296 503 1656 558 accersentia.

564 586 661 642 Sin
692 595 880 642 autem
904 586 960 643 id
989 607 1234 658 recusas,
1259 591 1529 663 quidquid
1561 591 1732 659 lubet,
1757 593 1895 647 mihi
1915 593 2076 662 infer,

491 691 682 730 servus
701 676 850 730 enim
881 678 1088 733 Christi
1109 697 1254 734 sum.
1277 683 1356 735 Ac
1385 698 1565 752 neque
1587 681 1872 738 blanditiis
1899 699 2081 754 neque

491 765 786 820 tormentis
813 765 884 820 ab
916 769 1040 838 ejus
1069 774 1258 836 302
1287 788 1475 826 amore
1505 772 1806 826 desciscam
1848 791 1860 826 :
1884 789 2080 844 quem-

491 853 794 909 admodum
835 857 1004 911 etiam
1047 859 1228 929 pridie
1269 859 1371 914 tibi
1409 861 1542 928 dixi,
1582 862 1806 917 Domini
1844 863 1956 918 mei
1985 880 2082 918 no-

492 953 623 996 men
651 939 1034 1016 interponens,
1067 965 1134 1002 ac
1169 965 1484 1004 sermonem
1513 951 1844 1022 interposito
1867 953 2082 1023 jureju-

491 1031 666 1086 rando
704 1036 1064 1090 conﬁrmans.
1087 1038 1247 1102 Quod
1275 1045 1465 1094 autem
1491 1057 1594 1094 nec
1621 1047 1678 1096 te
1707 1049 1905 1114 sponte
1934 1044 2080 1098 male

491 1137 679 1192 agere,
711 1139 816 1178 nec
840 1141 1065 1180 rursum
1097 1127 1448 1198 ignoratione
1473 1147 1507 1184 a
1531 1129 1678 1185 bono
1707 1131 1970 1187 aberrare
2001 1133 2081 1186 di-

490 1207 642 1275 xisti,
667 1227 861 1266 verum
890 1213 1104 1284 ingenti
1130 1232 1196 1270 ac
1222 1217 1501 1272 laboriosa
1530 1219 1959 1290 investigatione
1979 1221 2084 1276 hoc

489 1299 832 1367 cognovisse,
863 1317 1065 1374 nempe
1093 1303 1304 1359 bonum
1323 1323 1444 1361 esse
1468 1307 1768 1363 simulacra
1795 1310 1994 1371 colere,
2017 1327 2082 1365 ac

491 1385 787 1444 libidinum
813 1391 1190 1463 voluptatibus
1206 1395 1436 1450 aﬂixum
1455 1414 1595 1462 esse,
1621 1405 1770 1453 certe
1798 1404 1854 1454 te
1883 1405 2082 1471 sponte

491 1478 640 1532 male
663 1495 829 1550 agere
856 1479 1040 1536 dicere
1069 1482 1220 1538 haud
1239 1501 1474 1556 nequeo.
1489 1487 1648 1550 Quod
1669 1493 1856 1542 autem
1878 1505 2084 1558 magna

2160 499 2474 564 hominum,
2491 498 2586 569 qui
2603 515 2853 569 unquam
2879 499 3095 570 aprimi
3121 499 3355 553 hominis
3379 499 3560 556 Adami
3578 511 3681 559 ortu

2161 604 2342 659 usque
2358 587 2424 641 ad
2440 587 2590 641 diem
2600 588 2760 641 illum
2771 588 3255 658 fuerunt,corpora
3269 605 3474 642 sursum
3487 593 3680 658 emittet,

2163 695 2228 731 ac
2256 684 2378 731 tum
2399 677 2714 748 omnes,qui
2731 676 2800 731 ab
2813 677 2948 732 orbe
2969 677 3194 731 condito
3206 684 3378 732 morte
3391 677 3546 733 functi
3562 689 3681 747 sunt,

2161 766 2221 821 in
2264 767 2380 822 ictu
2426 767 2572 822 oculi
2619 767 2690 820 ad
2726 766 2950 821 Domini
2983 765 3228 820 tribunal
3255 767 3520 835 sistentur,
3553 776 3688 841 atque

2161 856 2546 928 unusquisque
2575 872 2764 910 rerum
2791 855 2852 910 in
2879 854 2994 910 vita
3010 861 3297 926 gestarum
3321 857 3569 911 rationem
3593 860 3688 912 red-

2163 946 2260 1000 det
2291 947 2598 1014 (100nm).
2616 945 2773 1000 Tunc
2795 945 2958 1016 justi,
2991 945 3088 1015 qui
3125 945 3186 998 in
3211 945 3426 999 Patrem
3450 950 3501 999 et
3524 946 3690 1001 Filium

2162 1053 2226 1090 ac
2268 1035 2539 1106 Spiritum
2579 1041 2836 1090 sanctum
2867 1033 3244 1100 crediderunt,
3271 1039 3431 1104 atque
3466 1034 3516 1088 in
3542 1035 3695 1104 probis

2162 1124 2470 1180 actionibus
2505 1125 2796 1196 praesentis
2831 1125 2959 1180 vitae
2998 1123 3335 1178 curriculum
3372 1123 3692 1192 confecerunt,

2165 1215 2297 1269 solis
2326 1215 2508 1268 instar
2537 1213 2832 1284 fulgebunt
2851 1215 3072 1280 (Matth.
3105 1217 3248 1281 xm).
3281 1213 3517 1277 Quonam
3541 1220 3692 1267 autem

2163 1309 2325 1375 pacto
2373 1303 2615 1374 gloriam
2659 1319 2783 1357 eam
2828 1319 2950 1374 quae
2989 1302 3141 1373 ipsos
3187 1305 3472 1372 exceptura
3503 1307 3592 1367 est,
3615 1301 3696 1356 tibi

2163 1392 2643 1448 commemorabo?
2665 1393 2808 1447 Nam
2821 1389 3041 1446 etiamsi
3054 1390 3303 1462 ipsorum
3319 1390 3632 1460 splendorem
3647 1407 3697 1444 ac

2164 1481 2640 1554 pulchritudinem
2682 1481 2817 1535 solis
2853 1479 3077 1546 lumini,
3111 1484 3212 1532 aut
3237 1478 3402 1532 etiam
3429 1477 3697 1531 clarissimae

492 1565 726 1622 inscitia:
741 1570 978 1640 caligine
999 1571 1366 1628 circumfusus
1379 1575 1475 1642 sis,
1502 1593 1568 1633 ac
1593 1583 1862 1648 tanquam
1885 1579 1943 1632 in
1970 1586 2082 1632 tra-
2162 1571 2414 1642 fulgetra?
2436 1587 2778 1641 εοωρίινθω,
2811 1569 2954 1623 nihil
2981 1573 3192 1634 tamen:
3227 1567 3368 1638 quod
3399 1566 3518 1620 δυίο
3545 1567 3696 1637 splen-

490 1657 786 1711 ctabilibus
811 1659 1056 1715 tenebris
1084 1662 1398 1731 ambulans,
1422 1681 1492 1719 ne
1519 1666 1814 1721 minimum
1852 1668 2077 1738 quidem
2098 1690 2145 1750 Β
2163 1660 2286 1715 dori
2314 1677 2418 1732 par
2430 1660 2506 1714 sit
2523 1659 2733 1713 dixero.
2759 1658 2972 1714 Oculus
2999 1657 3153 1711 enim
3180 1673 3292 1710 non
3312 1656 3564 1720 νίάἱῑνῐιθο
3579 1655 3697 1708 auris

490 1745 718 1802 luminis
736 1748 1088 1820 splendorem
1110 1754 1432 1824 perspicias,
1461 1754 1531 1808 ob
1586 1756 1773 1826 idque,
1805 1764 1958 1812 recta
1993 1757 2079 1812 via
2102 1743 2141 1750 ⁷
2163 1749 2394 1814 audivit,
2427 1765 2530 1802 nec
2558 1748 2614 1801 in
2644 1765 2740 1802 cor
2765 1746 3012 1801 hominis
3047 1745 3418 1800 ascenderunt
3443 1760 3552 1814 quae
3583 1743 3700 1796 Deus

491 1833 718 1903 amissa,
759 1837 819 1893 in
861 1839 1167 1914 praecipitia
1205 1850 1263 1898 et
1289 1843 1556 1898 barathra
1584 1844 1828 1913 oberres,
1861 1846 1918 1900 id
1953 1863 2082 1901 vero

2165 1839 2222 1892 in
2241 1839 2507 1892 caelorum
2527 1853 2720 1908 regno,
2753 1838 2812 1890 in
2840 1833 3266 1906 incomparabili
3291 1834 3427 1898 luce,
3456 1832 3510 1886 in
3535 1848 3698 1885 arcana

489 1927 864 1983 certissimum
885 1947 949 1984 ac
968 1933 1478 2004 compertissimum
1494 1934 1690 2001 habeo,
1708 1940 1876 2006 teque
1889 1937 2078 2004 etiam,

493 2033 527 2070 ο
555 2021 734 2088 pater,
765 2017 822 2072 id
851 2019 1162 2092 intelligere
1181 2023 1362 2095 cupio.
1395 2025 1475 2078 Ac
1500 2030 1797 2096 propterea
1823 2025 2084 2080 tenebras

491 2105 633 2160 lucis
653 2107 770 2162 loco
788 2114 1006 2176 tenens;
1025 2128 1089 2165 ac
1099 2118 1338 2167 mortem
1347 2113 1664 2169 vitaainstar
1685 2116 2077 2187 complectens,

493 2193 658 2250 utilia
679 2197 908 2252 consilia
931 2199 1572 2274 iniisse,fructuosasque
1584 2204 1948 2274 cogitationes
1969 2223 2084 2260 sus-

492 2284 705 2356 cepisse
727 2285 830 2340 tibi
859 2287 1082 2343 videris.
1105 2291 1180 2344 At
1216 2307 1328 2344 non
1357 2292 1438 2346 ita
1467 2298 1569 2359 est,
1597 2309 1710 2348 non
1739 2293 1969 2365 inquam
1999 2301 2084 2349 est

491 2372 590 2428 ita.
623 2375 770 2430 Nam
796 2393 900 2431 nec
927 2395 994 2432 ea
1021 2396 1143 2450 quae
1161 2382 1445 2436 veneraris
1465 2383 1542 2436 dii
1571 2389 1721 2448 sunt,
1749 2385 1846 2436 sed
1873 2385 2083 2438 daemo-

491 2478 628 2518 num
655 2467 873 2532 statuaa,
907 2482 1130 2522 omnem
1158 2486 1353 2524 eorum
1383 2472 1778 2526 exsecrandam
1809 2473 2085 2544 operatio-

497 2567 628 2606 nem
658 2553 812 2608 intus
841 2557 1227 2625 continentes;
1277 2575 1380 2613 nec
1416 2577 1640 2614 rursum
1671 2561 1785 2616 vita
1817 2579 1886 2616 ea
1912 2579 2083 2633 quam

491 2657 719 2696 suavem
739 2645 1175 2716 etvoluptariam
1201 2649 1950 2722 appellas,jucunditatisque
1969 2669 2085 2706 om-

2164 1934 2222 1982 et
2249 1928 2376 1982 fmis
2406 1933 2634 1999 experte
2658 1926 2858 1998 gloria,
2886 1925 2957 1979 iis
2983 1925 3081 1996 qui
3103 1923 3283 1995 ipsius
3310 1939 3490 1976 amore
3527 1921 3700 1992 pnediti

2166 2024 2300 2072 sunt
2327 2017 2662 2088 praeparavit
2678 2015 2736 2086 (Ι
2741 2016 2864 2070 Cor.
2883 2019 2966 2082 II).
2983 2017 3062 2069 Ac
3079 2013 3223 2084 justi
3239 2011 3457 2084 quidem
3476 2009 3702 2080 ejusmodi

2166 2106 2314 2161 bona
2335 2113 2505 2178 atque
2531 2104 2807 2176 ejusmodi
2835 2103 3248 2158 beatitudinem
3275 2107 3662 2171 consequentur.

2235 2197 2342 2262 Qui
2362 2201 2550 2250 autem
2579 2211 2772 2248 verum
2799 2195 2978 2248 Deum
2995 2193 3350 2264 abjurarunt,
3361 2207 3424 2244 ac
3440 2190 3652 2243 ﬁctorem
3661 2191 3703 2241 et

2164 2287 2418 2358 Opificem
2431 2283 3148 2356 ignorarunt,impurosque
3157 2281 3437 2335 daemones
3445 2278 3703 2340 coluerunt,

2163 2393 2230 2430 ac
2253 2393 2314 2430 su
2325 2375 2436 2430 rdis
2451 2375 2764 2430 simulacris
2784 2372 3204 2428 venerationem
3221 2369 3544 2432 tribuerunt,
3558 2367 3706 2436 volup-

2163 2471 2456 2536 tatumque
2470 2466 2639 2536 hujus
2673 2480 2830 2518 vanza
2857 2463 2986 2517 vita:
3013 2460 3324 2533 cupiditate
3338 2460 3634 2528 llagrarunt,
3644 2461 3707 2508 at-

2165 2571 2272 2627 que
2289 2556 2344 2609 in
2365 2555 2693 2608 vitiosarum
2710 2551 3069 2607 aﬂ‘ectionum
3092 2567 3253 2604 cceno
3266 2563 3546 2621 porcorum
3561 2546 3706 2600 instar

2164 2661 2287 2700 sese
2305 2644 2630 2698 volutarunt
2656 2657 2898 2712 suasque
2909 2640 3129 2694 animas
3147 2639 3274 2694 vitii
3293 2637 3466 2693 omnis
3474 2633 3704 2691 ofﬁcinam

491 2728 582 2784 nis
611 2735 669 2784 et
694 2731 994 2788 hilaritatis
1011 2733 1232 2806 plenam
1253 2752 1374 2792 esse
1399 2719 1609 2806 censes,
1632 2719 1909 2810 ejusmodi
1924 2745 2084 2796 natu-
2165 2735 2487 2798 elfecerunt,
2513 2732 2648 2788 nudi
2665 2737 2723 2786 et
2734 2729 2916 2804 aperti
2940 2729 3190 2796 stabunt,
3213 2725 3511 2800 ignominia
3528 2719 3702 2784 suﬁusi,

492 2829 617 2872 ram
641 2815 828 2888 habet,
847 2822 946 2876 sed
973 2823 1019 2878 si
1052 2825 1304 2881 veritatis
1325 2827 1540 2898 judicio
1563 2829 1828 2884 standum
1858 2836 1961 2896 est,
1995 2847 2084 2885 εχ.
2166 2824 2368 2890 mmsti,
2389 2839 2454 2877 ac
2482 2828 2606 2876 tum
2622 2826 2805 2893 gestu,
2824 2825 2948 2874 tum
2975 2836 3038 2873 re
3059 2818 3181 2890 ipsa
3209 2815 3707 2882 miserabiles.Atque

492 2908 764 2963 secranda
781 2927 847 2965 ac
870 2912 1050 2968 modis
1069 2915 1327 2970 omnibus
1347 2919 1654 2972 aversanda
1688 2926 1790 2974 est.
1820 2919 2084 2984 Quamvis
2165 2929 2360 2967 omnes
2373 2912 2624 2984 ipsorum
2643 2926 2948 2976 sermones.
2969 2913 3027 2962 et
3040 2907 3313 2976 30501188,
3328 2901 3704 2975 θιοοεὶπέιιίοηθε

493 2996 643 3051 enim
677 2999 755 3056 ad
799 3001 1026 3073 aliquod
1058 3009 1280 3076 tempus
1315 3007 1503 3062 fauces
1542 3007 1794 3076 deliniat,
1827 3015 1955 3080 post
1993 3015 2080 3063 ta-

493 3097 641 3154 men,
679 3091 743 3142 ut
771 3106 806 3143 a
836 3089 1104 3163 magistro
1132 3109 1258 3150 meo
1283 3095 1496 3151 dictum
1543 3103 1646 3165 est,
1676 3097 1804 3151 felle
1833 3100 2082 3152 amarius

489 3174 782 3246 digeritur,
813 3180 1112 3253 gladioque
1143 3184 1372 3256 ancipiti
1399 3187 1618 3241 acutior
1645 3193 1747 3241 est.

560 3265 631 3320 Et
659 3283 904 3338 quonam
927 3272 1156 3327 tandem
1184 3281 1346 3345 pacto
1369 3277 1492 3347 ejus
1517 3276 1776 3331 malatibi
1795 3293 2082 3332 recensere

489 3355 750 3426 possem?
781 3357 1159 3416 Dinumerabo
1181 3379 1266 3430 ea,
1281 3369 1338 3418 et
1360 3381 1531 3436 super
1558 3381 1789 3420 arenam
1814 3365 2084 3436 multipli-

489 3445 768 3502 cabuntur
809 3449 970 3518 (Psal.
1009 3467 1289 3522 cxxxvm);
1323 3453 1525 3508 diaboli
1559 3455 1708 3508 enim
1746 3455 1948 3508 hamus
1977 3459 2078 3520 est,

489 3537 829 3590 exsecranda
842 3538 1145 3610 voluptate,
1161 3547 1428 3612 tanquam
1452 3542 1714 3596 illecebra
1729 3544 1971 3612 quadam
1993 3543 2086 3596 ob-

490 3623 712 3692 ductus,
727 3643 828 3696 per
855 3644 1021 3699 quam
1045 3645 1139 3683 eos
1170 3631 1266 3701 qui
1286 3631 1344 3684 in
1363 3631 1618 3686 fraudem
1645 3632 2084 3697 inducuntur,ad

492 3713 668 3770 imum
684 3714 888 3770 inferni
907 3718 1189 3788 gurgitem
1209 3719 1403 3774 trahit.
1420 3721 1573 3774 Bona
1592 3726 1780 3774 autem
1798 3737 1832 3774 a
1848 3721 2084 3776 Domino

493 3817 618 3854 meo
662 3803 960 3872 promissa,
993 3822 1116 3876 quae
1157 3808 1384 3878 quidem
1421 3815 1486 3864 tu
1523 3809 1750 3864 incertae
1779 3809 1905 3864 vitae
1929 3826 2086 3881 spem

493 3892 850 3962 nuncupasti,
874 3893 944 3947 ab
965 3895 1119 3949 omni
1153 3897 1444 3951 mendacio
1475 3903 1532 3952 et
1562 3897 1874 3952 mutatione
1903 3899 2088 3954 aliena

493 3979 830 4045 sunt,ﬁnem
857 3983 1131 4050 nesciunt,
1151 3986 1495 4056 corruptioni
1515 3987 1888 4058 subjectanon
1919 3993 2085 4042 sunt:

493 4067 737 4140 denique
769 4071 924 4126 nulla
942 4078 1028 4126 est
1047 4073 1374 4146 oratio,qua:
1397 4075 1548 4130 illius
1566 4076 1760 4145 gloriae
1771 4083 1829 4130 et
1832 4077 2090 4147 jucundi-

491 4157 646 4224 tatis,
679 4158 831 4214 illius
853 4160 1243 4218 inenarrabilis
1257 4165 1451 4234 gaudii
1480 4182 1544 4220 ac
1574 4172 1856 4236 perpetuae
1879 4165 2090 4220 laetitiae

2165 3007 2296 3056 ante
2324 3001 2577 3072 ipsorum
2601 3016 2702 3056 ora
2731 2999 2982 3066 venient;
3017 3014 3082 3052 ac
3109 2997 3316 3051 deinde
3349 2998 3468 3067 post
3490 2988 3708 3063 gravissi-

2167 3107 2318 3146 mam
2330 3089 2698 3161 ignominiam
2711 3094 2882 3160 atque
2898 3087 3319 3142 intolerandum
3338 3083 3470 3138 illud
3489 3079 3707 3153 probrum

2161 3182 2436 3252 gehennae
2456 3179 2573 3251 igni
2588 3195 2878 3250 nunquam
2902 3175 3332 3247 exstinguenda,
3349 3190 3411 3227 ac
3421 3171 3549 3226 lucis
3561 3167 3707 3223 omnis

2163 3270 2397 3342 experti,
2432 3268 2800 3324 exterioribus
2847 3265 3118 3331 tenebris,
3134 3264 3394 3319 dentium
3437 3258 3706 3322 stridori,ac

2163 3366 2438 3415 venenato
2451 3358 2626 3414 vermi
2653 3357 3003 3412 addicentur.
3026 3355 3156 3409 Haec
3172 3355 3402 3408 illorum
3419 3349 3584 3422 portio
3606 3347 3706 3408 erit,

2167 3450 2283 3504 haec
2297 3447 2596 3503 haereditas
2613 3465 2624 3500 :
2659 3447 2718 3500 in
2751 3446 2838 3500 his
2869 3462 2968 3516 per
2985 3443 3338 3514 sempiterna
3355 3439 3544 3496 saecula
3560 3449 3712 3490 versa-

2165 3538 2396 3606 buntur,
2429 3537 2700 3591 scelerum
2731 3551 2925 3607 pcenas
2953 3534 3170 3598 dantes,
3189 3537 3480 3604 propterea
3498 3524 3624 3597 quod
3642 3521 3712 3574 bo-

2168 3629 2256 3682 nis
2283 3627 2352 3681 iis
2369 3644 2492 3698 quae
2519 3625 2578 3679 in
2598 3624 3000 3696 pollicitatione
3027 3621 3322 3676 recondita
3341 3623 3516 3682 erunt,
3531 3617 3717 3687 propter

2167 3717 2389 3772 brevem
2417 3717 2760 3786 voluptatem
2783 3712 3095 3786 repudiatis
3115 3716 3173 3766 et
3194 3710 3446 3781 abjectis,
3484 3713 3712 3760 aeternum

2167 3805 2273 3861 sibi
2302 3805 2437 3877 ipsis
2476 3803 2813 3876 supplicium
2853 3801 3288 3856 accersiverunt.
3321 3800 3428 3854 Pro
3453 3795 3533 3850 his
3558 3791 3713 3863 igitur.

2166 3896 2272 3950 hoc
2300 3899 2481 3961 est,ut
2513 3900 2571 3948 et
2585 3893 2858 3963 gaudium
2886 3891 3025 3946 illud
3046 3889 3202 3945 omni
3228 3903 3482 3945 sermone
3499 3884 3716 3956 prmstan-

2166 3987 2280 4040 tius
2307 3999 2736 4054 consequamur,
2753 3988 2811 4036 et
2827 3996 3034 4035 arcana
3060 3979 3158 4033 illa
3182 3977 3368 4050 gloria
3393 3975 3716 4032 fruamur,an-

2168 4075 2434 4144 gelosque
2445 4072 2743 4144 splendore
2757 4071 3208 4141 aquuemusmc
3217 4068 3366 4123 bono
3381 4059 3715 4120 etdulcissimo

2171 4163 2410 4217 Domino
2423 4161 2616 4215 ﬁdenti
2647 4161 2834 4214 animo
2855 4162 3306 4228 astemus,atque
3321 4151 3663 4210 atrocissimas
3675 4149 3718 4196 et

488 4246 937 4316 magnitudinem
966 4251 1276 4322 exprimere
1293 4259 1480 4324 queat.
1497 4234 1706 4308 omnes
1721 4253 2092 4325 enim,quem-
2174 4268 2464 4323 nunquam
2479 4249 2754 4304 ﬁniendas
2767 4266 2981 4320 pinnas,
2998 4253 3056 4302 et
3069 4245 3490 4302 acerbissimam
3505 4241 3640 4294 illam
3655 4234 3718 4286 in-

489 4335 792 4392 admodum
824 4338 943 4410 ipse
988 4339 1158 4408 vides,
1199 4343 1493 4408 morimur,
1524 4358 1628 4397 nec
1655 4348 1741 4397 est
1776 4343 1944 4397 homo
1985 4341 2080 4414 qui
2172 4341 2401 4395 famiam
2422 4339 2774 4408 elfugiamus,
2804 4355 2944 4410 quas
2969 4353 3083 4391 non
3112 4339 3308 4402 303
3336 4331 3600 4406 pecunias,
3620 4336 3716 4395 quae

489 4426 658 4494 vivat,
717 4433 774 4482 et
827 4434 1068 4484 mortem
1115 4431 1335 4486 visurus
1385 4449 1498 4486 non
1546 4432 1620 4486 sit
1669 4432 1754 4505 (ΙΙ
1787 4433 1912 4500 Reg.
1963 4429 2141 4498 xxv;D
2164 4448 2278 4486 non
2306 4447 2560 4501 corpora,
2575 4429 2688 4483 imo
2711 4427 2885 4482 etiam
2914 4427 3066 4498 ipsas
3085 4419 3718 4496 animasprofunderepal‘

492 4519 636 4572 Psal.
686 4523 966 4582 Lxxxvm);
1016 4519 1272 4574 futurum
1308 4527 1394 4575 est
1433 4527 1624 4577 autem
1655 4527 1718 4576 ut
1749 4537 1978 4575 rursum
2015 4520 2086 4574 ad

492 4605 665 4660 vitam
684 4607 1000 4674 redeamus,
1019 4614 1141 4662 tum
1161 4609 1448 4676 nimirum,
1471 4627 1597 4664 cum
1627 4609 1900 4664 Dominus
1927 4610 1956 4663 J
1961 4626 2088 4664 esus

495 4695 752 4752 Christus
765 4699 866 4753 Dei
878 4699 1050 4754 Filius
1071 4699 1128 4754 in
1145 4701 1476 4771 gloria,quae
1497 4699 1666 4754 nullis
1685 4699 1869 4753 verbis
1898 4700 2086 4753 decla-

493 4785 608 4838 rari
622 4792 824 4856 potest,
843 4805 908 4843 ac
925 4791 1222 4844 tremenda
1240 4790 1496 4862 potentia
1508 4788 1691 4843 veniet
1707 4790 1919 4850 (Matth.
1935 4791 2080 4855 xxv),

491 4871 606 4939 me.
638 4875 888 4946 inquam,
922 4879 1037 4934 Rex
1065 4896 1263 4950 regum
1285 4895 1349 4934 ac
1377 4879 1651 4934 Dominus
1677 4877 2090 4932 dominantium

491 4957 676 5029 (Apoc.
696 4965 924 5032 χιχ),οαί
953 4985 1120 5024 omne
1145 4987 1296 5040 genu
1327 4967 1952 5035 ﬂectetur,cmlestium,
1971 4973 2087 5022 ter-

493 5051 780 5119 restrium,
813 5061 870 5110 et
898 5057 1243 5114 infernorum
1275 5060 1498 5130 (Philip.
1521 5064 1612 5127 n);
1638 5057 1844 5128 quique
1863 5062 2088 5111 tantum

493 5139 755 5195 omnibus
784 5159 1046 5214 pavorem
1080 5147 1468 5216 commovebit,
1499 5153 1564 5202 ut
1594 5147 1763 5202 etiam
1801 5147 1936 5218 ipsae
1973 5163 2084 5201 coe-

492 5229 665 5284 lestes
713 5231 952 5288 virtutes
997 5235 1396 5308 obstupescant
1437 5238 1590 5307 (Luc.
1640 5236 1770 5305 xxx).
1806 5234 2088 5290 Astabunt

490 5335 660 5391 porro
679 5320 730 5374 ei
753 5337 878 5376 cum
904 5322 1106 5379 timore
1135 5327 1315 5380 millia
1341 5326 1600 5392 millium,
1625 5331 1684 5380 et
1697 5325 1882 5380 decies
1901 5331 2085 5378 cente-

488 5426 565 5464 na
591 5409 770 5465 millia
807 5413 1138 5483 angelorum
1167 5421 1224 5470 et
1249 5416 1734 5486 archangelorum,
1771 5420 2082 5484 cunctaque

487 5505 644 5555 metu
671 5516 736 5554 ac
754 5505 1000 5557 tremore
1030 5503 1196 5574 plena
1225 5510 1392 5559 erunt
1417 5507 1572 5573 (Dan.
1607 5507 1720 5572 vn).
1758 5503 1916 5559 Unus
1935 5503 2087 5557 enim

489 5591 953 5662 archangelorum
999 5591 1235 5650 buccina
1257 5595 1514 5666 clanget;
1546 5611 1611 5654 ac
1639 5594 1834 5659 statim
1878 5593 2086 5647 coelum

2169 4519 2375 4575 fuerit?
2405 4519 2541 4582 Quis
2567 4523 2686 4572 tam
2713 4517 2900 4588 ignavi
2921 4515 3096 4570 animi
3125 4521 3230 4580 est,
3252 4513 3380 4585 quis
3406 4519 3516 4565 tam
3543 4518 3711 4561 excors,

2171 4610 2306 4680 quin
2317 4613 2604 4662 sexcentas
2619 4605 2991 4678 temporarias
3009 4609 3222 4658 mortes
3234 4603 3425 4658 subire
3435 4601 3491 4654 in
3507 4596 3714 4652 animum

2169 4699 2400 4752 inducat
2419 4701 2484 4751 ut
2501 4713 2536 4751 a
2554 4684 2898 4767 sempiterna
2917 4699 2972 4749 et
2993 4693 3122 4748 ﬁnis
3135 4693 3321 4747 omnis
3342 4694 3556 4761 experte
3573 4685 3717 4737 morte

2171 4786 2458 4853 liberetur,
2496 4785 2834 4856 beatamque
2859 4789 2917 4838 et
2943 4782 3014 4837 ab
3043 4782 3199 4837 omni
3227 4781 3462 4836 interitu
3490 4777 3718 4830 remotam

2170 4875 2343 4930 vitam
2371 4874 2725 4929 hmreditario
2747 4873 3052 4944 possideat,
3085 4889 3149 4926 ac
3171 4877 3382 4926 sancta
3415 4874 3470 4922 et
3497 4866 3606 4918 vitae
3632 4857 3717 4912 ini-

2167 4964 2322 5019 tium.
2343 4963 2624 5018 all‘erentis
2650 4962 2940 5017 Trinitatis
2968 4961 3182 5016 lumine
3220 4951 3610 5014 collustretur?

2241 5057 2372 5110 CAP.
2403 5056 2600 5110 XXVI.
2624 5084 2690 5093 —
2726 5054 2856 5108 Haec
2885 5051 3052 5106 verba
3091 5067 3217 5106 cum
3249 5067 3349 5104 rex
3379 5045 3641 5104 audiisset,
3671 5036 3720 5087 ﬁ-

2167 5145 2341 5216 liique
2377 5135 2701 5198 ﬁrmitatem
2745 5147 2915 5212 atque
2957 5139 3334 5195 constantiam
3372 5129 3718 5209 perspexisset»

2170 5251 2272 5289 nec
2299 5232 2606 5299 blanditiis,
2635 5248 2736 5286 nec
2747 5247 3072 5286 sermonum
3099 5227 3507 5292 lenocinio,nec
3520 5217 3720 5286 denique

2167 5323 2572 5394 suppliciorum
2596 5321 2762 5376 minis
2791 5320 3060 5384 cedentis,
3085 5316 3358 5373 orationis
3370 5311 3584 5386 quidem
3604 5302 3722 5360 illius

2166 5411 2636 5484 probabilitatem,
2650 5427 2716 5465 ac
2735 5425 3007 5482 responsa
3031 5423 3156 5478 quae
3171 5405 3353 5460 refelli
3373 5419 3482 5457 non
3510 5395 3717 5470 possent,

2170 5501 2574 5566 admirabatur,
2595 5505 2764 5573 atque
2776 5499 2946 5554 etiam
2967 5514 3004 5552 a
3029 5495 3255 5568 propria
3273 5487 3721 5573 conscientia,qu8

2168 5591 2356 5664 ipsum
2370 5607 2499 5652 vera
2517 5595 2574 5645 et
2584 5592 2606 5666 j
2615 5570 2742 5652 usta
2753 5589 2941 5651 dicere
2953 5582 3396 5648 demonstrabat,
3421 5570 3721 5646 coargueba-
