3876 6190
191 277 273 335 545

546 275 716 330 VITA
752 272 1191 329 SANCTORUM
1225 264 1572 329 BARLAAM
1607 272 1947 331 EREMITE
1984 276 2072 331 ET
2105 275 2471 332 JOSAPHAT
2508 277 2733 334 INDLE
2767 279 3003 337 REGIS.

3307 284 3417 342 546

188 411 282 469 tur;
310 416 534 456 veruma
551 417 721 471 prava
738 400 1143 455 consuetudine
1163 405 1333 472 atque
1362 418 1397 455 a
1424 400 1638 455 vitiosis
1654 400 1732 455 af-
1751 404 1798 461 Α
1815 402 1906 456 sit.
1940 403 2079 457 Cum
2101 402 2277 473 igitur
2307 420 2402 458 rex
2426 405 2483 459 in
2514 405 2627 460 alto
2656 412 2825 478 atque
2854 409 3004 464 edito
3044 411 3185 466 solio
3217 429 3415 468 conse-

186 491 494 556 fectionibus,
537 506 775 561 quarum
823 490 1083 544 habitum
1123 496 1496 555 contraxerat,
1532 496 1590 545 et
1617 508 1738 562 quae

186 599 289 636 eum
323 581 463 634 velut
489 596 643 633 camo
680 585 737 633 et
767 580 924 633 freno
959 579 1307 647 coercebant,
1340 597 1443 635 nec
1490 581 1739 635 veritatis

185 673 342 725 lumen
360 669 663 740 perspicere
686 664 960 733 sinebant,
986 669 1046 722 in
1074 669 1355 723 diversum
1386 669 1733 724 trahebatur.

184 763 244 814 Ac
267 764 539 830 propterea
567 757 784 811 nullum
815 774 927 811 non
944 754 1208 828 lapidem,
1233 763 1297 811 ut
1315 758 1421 812 dici
1444 759 1603 824 solet,
1623 774 1739 812 mo-

185 866 308 911 vens,
337 847 391 900 in
417 863 481 901 eo
523 846 669 917 quod
714 845 869 917 prius
906 845 1013 900 sibi
1053 853 1423 918 proposuerat
1464 848 1732 913 haerebat,

184 936 434 991 consilium
472 936 758 1001 nimirum,
792 936 938 1006 quod
968 953 1097 989 cum
1145 937 1363 990 Arache
1402 942 1645 1007 ceperat,
1676 936 1735 990 in

185 1044 297 1097 opus
315 1025 604 1096 perducere
619 1026 867 1095 cupiens.
892 1027 1089 1095 Itaque
1103 1026 1173 1079 ad
1206 1026 1381 1079 filium
1412 1026 1527 1079 ait:
1563 1026 1736 1096 Opor-

184 1114 308 1169 tebat
319 1113 554 1185 quidem,
572 1114 672 1179 fili,
702 1120 757 1167 te
784 1112 924 1166 meis
940 1113 1191 1184 imperiis
1212 1114 1470 1168 omnibus
1487 1115 1546 1168 in
1568 1114 1735 1168 rebus

182 1203 469 1274 simpliciter
494 1203 746 1274 obsequi.
768 1203 1044 1266 Quoniam
1062 1209 1251 1257 autem
1283 1220 1383 1274 pro
1411 1209 1510 1258 tua
1528 1204 1738 1258 duritia

184 1298 320 1364 atque
359 1292 708 1346 contumacia
746 1292 885 1345 mihi
933 1292 1015 1346 ita
1056 1293 1415 1347 vehementer
1456 1294 1732 1359 restitisti,

182 1383 263 1436 hoc
278 1398 434 1435 unum
455 1382 821 1447 contendens,
842 1387 906 1435 ut
924 1386 1022 1435 tua
1033 1382 1314 1435 sententia
1338 1383 1567 1452 majoris
1588 1383 1737 1453 apud

184 1478 390 1541 te,quam
406 1469 595 1523 omnia
608 1470 1007 1540 alia,ponderis
1021 1475 1189 1540 atque
1206 1471 1556 1525 auctoritatis
1568 1478 1733 1538 esset,

181 1576 276 1629 age,
306 1559 447 1612 inani
490 1559 850 1612 contentione
896 1560 1078 1613 valere
1116 1561 1293 1630 jussa,
1328 1560 1638 1614 rationibus
1667 1562 1734 1614 ad

181 1648 594 1717 persuadendum
623 1648 769 1718 aptis
801 1665 1053 1717 agamus.
1100 1650 1183 1703 Ac
1227 1649 1359 1719 quia
1390 1650 1670 1715 Barlaam,
1704 1667 1738 1703 a

1820 491 2011 557 disset,
2041 492 2220 546 filium
2239 508 2355 546 una
2372 494 2567 548 sedere
2591 496 2781 565 jussit.
2813 498 2887 551 At
2906 498 2998 553 ille
3020 516 3121 570 pro
3152 517 3253 556 suo
3282 519 3418 574 erga

1820 586 2039 651 patrem
2058 581 2269 636 honore
2297 599 2361 636 ac
2390 584 2704 638 reverentia
2732 585 2789 638 id
2814 586 2991 641 facere
3021 591 3416 654 recusavit,at-

1822 687 1930 740 que
1950 670 2007 723 in
2032 676 2187 725 terra
2210 688 2321 725 non
2351 672 2516 742 longe
2543 672 2611 726 ab
2631 690 2696 726 eo
2725 674 2885 728 sedit.
2903 677 3222 733 Astiterunt
3239 680 3415 750 igitur

1819 758 1924 812 viri
1964 759 2250 813 infatuatae
2279 777 2311 813 a
2346 760 2461 814 Deo
2507 761 2794 831 sapientiae
2824 765 3009 834 periti,
3050 784 3310 837 quorum,
3352 775 3416 823 ut

1817 848 2069 919 Apostoli
2093 848 2272 902 verbis
2291 854 2439 909 utar,
2458 849 2727 921 insipiens
2754 868 2849 905 cor
2877 854 3083 909 erravit
3114 859 3165 922 (Ι
3192 857 3314 911 Cor.
3346 860 3410 926 1).

1818 937 2089 991 Putantes
2116 938 2265 991 enim
2298 955 2357 992 se
2388 956 2509 992 esse
2529 940 2830 1010 sapientes,
2862 943 3019 996 stulti
3041 943 3171 998 facti
3195 952 3344 1010 sunt,
3359 952 3417 1001 et

1818 1032 2177 1080 mutaverunt
2220 1027 2458 1097 gloriam
2513 1028 2952 1100 incorruptibilis
3002 1032 3102 1086 Dei
3138 1034 3195 1086 in
3225 1035 3416 1089 simili-

1817 1116 2071 1169 tudinem
2083 1116 2532 1187 corruptibilium
2551 1117 2863 1184 hominum,
2888 1125 2945 1173 et
2964 1121 3427 1193 quadrupedum,.

1819 1209 1876 1258 et
1903 1204 2244 1275 serpentium
2266 1208 2436 1273 (Rom.
2472 1208 2530 1271 ι).
2565 1207 2654 1271 Ili,
2686 1213 2750 1261 ut
2773 1224 2900 1261 cum
2921 1210 3069 1279 regis
3086 1210 3220 1277 filio,
3246 1219 3415 1282 atque

1818 1292 1887 1346 iis
1912 1293 2007 1363 qui
2032 1293 2102 1345 ab
2126 1293 2301 1365 ipsius
2326 1294 2578 1364 partibus
2606 1295 2849 1361 stabant,
2877 1314 3193 1352 sermonem
3228 1316 3418 1355 conse-

1818 1388 2024 1445 rerent,
2059 1383 2119 1435 in
2146 1399 2322 1436 unum
2341 1387 2931 1456 convenerunt.Atque
2950 1386 3008 1440 in
3031 1387 3111 1441 eis
3132 1388 3268 1442 illud
3288 1389 3419 1443 ada-

1818 1471 1975 1541 gium
1998 1470 2337 1542 implebatur
2368 1490 2380 1524 :
2417 1473 2632 1543 Caprea
2661 1491 2788 1527 cum
2820 1475 2979 1529 leone
3014 1493 3260 1546 pugnam
3292 1478 3419 1533 iniit

1818 1558 1951 1628 (14).
1996 1560 2217 1614 Etenim
2260 1560 2378 1631 ipse
2424 1562 2776 1616 Altissimum
2826 1571 3091 1634 posuerat
3135 1566 3416 1635 refugium

1820 1666 2003 1715 suum,
2027 1654 2084 1701 et
2110 1649 2167 1702 in
2185 1649 2401 1703 alarum
2415 1650 2590 1720 ipsius
2604 1651 2804 1705 umbra
2823 1652 3085 1722 sperabat
3102 1654 3272 1722 (Psal.
3305 1663 3413 1725 xc).

181 1754 265 1807 quo
289 1737 379 1790 tibi
405 1736 569 1790 fucus
598 1736 776 1790 factus
804 1742 908 1802 est,
943 1737 1158 1791 vinctus
1183 1754 1217 1791 a
1242 1752 1331 1792 me
1350 1743 1595 1805 tenetur,
1620 1755 1797 1819 am-B
1819 1738 1907 1792 Illi
1936 1743 2124 1791 autem
2146 1738 2203 1791 in
2234 1738 2403 1808 hujus
2420 1740 2605 1793 szeculi
2632 1740 2973 1811 principibus
3004 1742 3099 1812 qui
3119 1743 3416 1799 destruun-

179 1825 386 1894 plissimo
413 1830 564 1879 cmtu
596 1825 805 1891 habito,
841 1832 1012 1896 atque
1044 1826 1306 1881 omnibus
1358 1832 1479 1881 tum
1526 1827 1735 1881 nostris

179 1922 270 1968 tum
282 1914 518 1968 Galilmis
536 1915 597 1968 in
613 1931 789 1968 unum
808 1915 1014 1969 coactis
1028 1915 1487 1987 prieconibusque
1509 1917 1735 1971 disertis

178 2003 323 2057 verbis
348 2004 564 2057 edicere
584 2003 775 2073 jussis,
828 2020 898 2057 ne
948 2004 1243 2075 quisquam
1288 2006 1734 2060 Christianorum

180 2091 311 2145 ullius
336 2091 569 2162 periculi
599 2096 755 2144 metu
800 2090 1096 2157 afficiatur,
1130 2109 1322 2146 verum
1363 2109 1556 2147 omnes
1583 2093 1737 2147 omni

180 2187 302 2233 metu
329 2180 473 2234 vacui
530 2197 631 2251 per
676 2180 938 2234 sodalitia
978 2185 1036 2234 et
1070 2181 1431 2251 cognationes
1470 2182 1528 2235 in
1562 2199 1737 2235 unum

180 2275 354 2334 coeant,
370 2269 657 2323 communi
689 2268 921 2323 consilio
943 2286 1061 2323 rem
1092 2270 1528 2325 consideremus.
1552 2272 1735 2341 Atque

180 2362 256 2411 aut
273 2375 355 2411 vos
381 2364 436 2412 et
463 2364 656 2412 vester
682 2358 964 2424 Barlaam,
1005 2358 1165 2413 nobis
1194 2360 1254 2413 in
1281 2360 1617 2414 sententiam
1643 2377 1737 2413 ve-

180 2452 318 2499 stram
344 2447 623 2512 adductis,
656 2464 724 2501 ea
751 2464 876 2517 qum
920 2448 1125 2518 optatis
1165 2449 1603 2520 consequimini;
1639 2455 1739 2503 aut

181 2542 339 2590 contra
374 2554 469 2590 vos
510 2537 572 2589 in
614 2536 952 2590 sententiam
1000 2541 1251 2591 nostram
1291 2538 1538 2603 adducti,
1566 2539 1737 2608 jussis

181 2624 290 2677 meis
310 2632 503 2696 Sponte
539 2643 605 2679 ac
632 2632 892 2697 prompto
916 2626 1105 2681 animo
1135 2627 1421 2698 parebitis.

232 2715 458 2769 Prudens
487 2721 689 2769 autem
719 2732 913 2769 revera
932 2720 989 2768 et
1008 2716 1272 2770 cordatus
1281 2716 1501 2786 juvenis
1530 2733 1631 2787 per
1657 2717 1740 2770 vi-

181 2818 275 2855 sum
298 2804 433 2873 quod
451 2804 844 2875 divinitusipsi
869 2804 1198 2874 contigerat,
1223 2805 1370 2875 regis
1391 2805 1635 2861 versutia
1653 2822 1740 2860 co-

178 2892 319 2960 gnita,
346 2893 424 2947 ait
449 2912 462 2945 :
494 2893 731 2947 Domini
750 2894 1005 2947 voluntas
1026 2895 1143 2959 ﬂat,
1161 2893 1343 2964 sitque
1374 2896 1739 2965 quemadmo-

180 2979 285 3033 dum
307 2982 543 3051 jussisti.
560 2983 687 3052 Ipse
717 2986 906 3036 autem
930 2982 1108 3036 bonus
1128 2983 1277 3037 Deus
1302 3000 1367 3037 ac
1385 2984 1606 3038 divinus
1635 2984 1740 3038 hoc

1819 1832 1933 1891 tur,
1977 1844 2042 1880 ac
2096 1827 2291 1881 mundi
2341 1827 2590 1899 principe
2633 1829 3018 1896 tenebrarum,
3051 1831 3141 1885 cui
3171 1849 3231 1886 se
3261 1832 3410 1903 ipsos

1819 1916 2022 1970 misere
2089 1915 2449 1986 subjecerunt
2473 1957 2486 1982 ,
2538 1918 2801 1971 fiduciam
2853 1936 3014 1973 suam
3070 1921 3416 1977 collocabant

1822 2006 1981 2074 (Psal.
2013 2020 2135 2072 va;
2170 2006 2358 2073 Ephcs.
2391 2008 2485 2071 vi).

1890 2094 2224 2148 Producitur
2239 2094 2429 2165 itaque
2450 2096 2690 2153 Nachor.
2725 2096 2821 2167 qui
2838 2098 3194 2153 Barlaamum
3212 2117 3271 2154 se
3292 2116 3414 2156 esse

1820 2182 2140 2236 simulabat.
2171 2184 2250 2237 Ac
2279 2200 2374 2236 rex
2402 2184 2629 2254 quidem
2660 2185 2763 2238 hoc
2795 2186 2900 2239 sibi
2936 2188 3282 2257 pr0positum
3312 2190 3416 2243 ha--

1818 2270 2012 2337 bebat;
2043 2288 2238 2325 verum
2260 2272 2483 2343 sapiens
2503 2273 2603 2326 Dei
2629 2274 2978 2343 providentia
3006 2276 3223 2330 caelitus
3252 2277 3404 2332 aliud

1820 2360 2610 2415 administrabat.Astantibus
2641 2361 2790 2415 enim
2820 2363 2907 2417 his
2925 2364 3204 2430 omnibus,
3221 2382 3315 2419 rex
3343 2366 3414 2420 ad

1820 2456 2071 2504 oratores
2091 2466 2221 2504 suos
2236 2455 2293 2504 ct
2321 2450 2697 2521 philosophos,
2716 2452 2803 2504 vel
2828 2452 3015 2523 potius
3044 2453 3219 2523 plebis
3246 2455 3415 2509 seduv

1822 2544 2004 2592 ctores
2032 2545 2090 2592 et
2114 2539 2314 2593 stolido
2327 2539 2494 2593 corde
2516 2540 2798 2611 praeditos,
2813 2540 2922 2594 ait:
2950 2548 3136 2607 304
3160 2544 3239 2597 En
3260 2543 3419 2598 vobis

1822 2633 2128 2693 certamen,
2148 2633 2205 2682 et
2225 2628 2450 2699 quidem
2472 2629 2776 2683 maximum
2799 2630 3146 2701 pr0positum
3164 2633 3419 2687 est.Duo-

1822 2733 1949 2769 rum
1979 2717 2129 2770 enim
2161 2717 2399 2771 alterum
2440 2717 2595 2771 vobis
2631 2718 2935 2787 continget,
2984 2736 3184 2791 nempe
3230 2726 3294 2775 ut
3333 2721 3418 2775 vel

1822 2805 2077 2859 doctrina
2097 2812 2291 2859 nostra
2308 2806 2657 2870 confirmata,
2684 2808 3001 2879 errorisque
3021 2810 3270 2864 convicto
3286 2811 3419 2865 Bar-

1822 2894 2309 2965 laamoipsiusque
2329 2894 2512 2961 sociis,
2546 2895 2848 2949 maximam
2888 2897 3125 2966 gloriam
3155 2905 3212 2952 et
3238 2899 3417 2954 hono-

1820 2999 1940 3037 rem
1970 2988 2093 3037 tum
2115 2999 2150 3036 a
2177 2983 2336 3037 nobis
2357 2989 2477 3037 tum
2507 3000 2541 3037 a
2569 2990 2769 3038 senatu
2789 2987 3309 3056 consequamini,ac
3336 2988 3419 3042 vi-

179 3068 307 3124 nobis
331 3071 621 3137 concedat,
662 3088 733 3125 ne
763 3088 798 3125 a
826 3077 981 3125 recta
1013 3072 1102 3125 via
1122 3071 1478 3140 aberremus;
1521 3090 1652 3127 nam
1681 3074 1740 3127 in
1762 3072 2083 3137 ()ctricibus
2106 3072 2325 3127 coronis
2354 3072 2663 3138 ornemini;
2713 3074 2797 3127 vel
2843 3073 3004 3128 fracti
3052 3091 3118 3128 ac
3146 3076 3414 3146 superati,

179 3158 272 3228 ipso
293 3161 514 3215 conﬁdit
541 3160 734 3214 anima
774 3176 921 3226 mea,
963 3166 1020 3215 et
1066 3161 1187 3232 ipse
1216 3161 1328 3215 mei
1362 3161 1737 3217 miserebitur.

180 3245 477 3317 'I‘uncigitur
508 3266 631 3315 rex,
655 3266 849 3303 omnes
863 3254 984 3303 tam
1011 3249 1292 3305 idolorum
1315 3252 1555 3306 cultores
1575 3268 1744 3322 quam

182 3335 486 3393 Christianos
503 3339 569 3393 in
586 3355 765 3392 unum
778 3339 1058 3392 conveniri
1070 3338 1461 3410 jubet,litteris
1475 3340 1743 3394 nimirum

182 3441 599 3495 quaquaversum
621 3426 824 3493 missis,
858 3444 923 3481 ac
950 3428 1297 3499 praeconibus
1314 3429 1409 3500 qui
1432 3446 1532 3501 per
1558 3430 1747 3483 omnia

182 3515 347 3583 oppida
372 3517 812 3587 proclamarent,
855 3533 926 3569 ne
963 3516 1087 3587 quis
1122 3517 1590 3585 Christianorum,
1624 3524 1746 3573 tan-

183 3617 318 3670 quam
339 3605 617 3677 inopinati
639 3604 851 3675 aliquid
870 3621 1258 3675 perpessurus,
1291 3606 1350 3660 in
1379 3613 1532 3661 metu
1562 3625 1746 3662 versa-

182 3699 329 3760 retur;
357 3712 558 3749 verum
587 3710 783 3748 omnes
813 3711 915 3764 per
937 3694 1198 3749 sodalitia
1218 3701 1276 3749 et
1297 3697 1658 3767 cognationes
1685 3698 1744 3751 in

184 3794 323 3834 unum
340 3784 577 3848 coirent,
604 3783 753 3853 quod
775 3782 1026 3837 veritatis
1055 3784 1325 3850 studiosa,
1344 3802 1408 3838 ac
1428 3802 1539 3839 non
1555 3791 1747 3840 coacta

182 3874 226 3920 et
243 3869 464 3925 violenta
498 3871 793 3942 inquisitio
832 3888 946 3925 una
995 3889 1122 3927 cum
1165 3890 1360 3928 eorum
1402 3874 1542 3929 duce
1577 3881 1746 3946 atque

182 3959 512 4030 antesignano
536 3961 835 4014 Barlaamo
850 3961 1041 4015 futura
1061 3966 1226 4016 esset.
1242 3963 1563 4034 Eodemque
1581 3966 1746 4019 modo

180 4044 419 4103 idolorum
448 4050 633 4105 etiam
673 4050 914 4104 cultores
967 4067 1031 4105 ac
1072 4051 1411 4119 sacerdotes,
1455 4053 1746 4108 Chaldae-

180 4151 380 4208 rumque
392 4146 449 4194 et
467 4140 747 4195 Indorum
768 4140 1068 4211 sapientes,
1085 4142 1180 4213 qui
1208 4142 1266 4196 in
1291 4142 1550 4197 universo
1570 4143 1746 4214 ipsius

178 4221 378 4295 imperio
406 4232 595 4292 erant,
635 4228 1020 4299 quosdamque
1049 4228 1219 4283 etiam
1250 4235 1584 4301 augures,et
1604 4248 1745 4302 prae-

178 4311 482 4382 stigiatores,
512 4332 583 4370 ac
616 4320 769 4370 vates
801 4317 1138 4385 convocavit,
1180 4323 1242 4373 ut
1285 4319 1551 4373 adversus
1591 4318 1747 4374 Chri-

179 4400 355 4457 stianos
390 4404 688 4460 victoriam
718 4404 1055 4460 obtinerent.

234 4489 291 4543 Et
315 4493 545 4563 quidem
573 4494 772 4563 ingens
796 4494 864 4548 ad
887 4512 1076 4565 regem
1094 4497 1442 4551 exsecranda:
1467 4497 1642 4568 ipsius
1663 4513 1748 4551 re-

180 4574 371 4647 ligionis
390 4582 700 4636 multitudo
728 4584 997 4638 conﬂuxit
1028 4603 1039 4638 :
1084 4585 1530 4640 Christianorum
1558 4591 1747 4640 autem

179 4680 297 4720 unus
324 4677 568 4731 tantum,
606 4671 905 4727 Barachias
936 4674 1183 4739 nomine,
1214 4673 1472 4729 inventus
1510 4680 1612 4741 est,
1652 4675 1748 4745 qui

179 4752 442 4813 Baarlamo
455 4762 546 4827 (ut
563 4760 787 4829 quidem
800 4761 1242 4831 existimabatur)
1261 4764 1547 4834 suppetias
1557 4764 1746 4818 ferret.

177 4840 295 4898 Nam
320 4847 395 4917 pii
428 4848 537 4901 viri
557 4850 765 4919 partim
796 4856 1045 4905 extremo
1066 4852 1190 4905 vita:
1210 4852 1301 4906 die
1314 4852 1493 4907 functi
1505 4852 1747 4917 fuerant,

176 4931 435 4990 afuriosis
483 4937 701 4992 scilicet
740 4938 965 4993 urbium
1018 4940 1348 5011 przetoribus
1394 4941 1746 5005 obtruncati;

176 5023 352 5087 partim
374 5026 826 5097 impendentium
847 5028 1222 5099 periculorum
1235 5035 1389 5084 metu
1401 5030 1458 5084 in
1470 5030 1751 5085 montibus

175 5125 227 5161 ac
250 5114 527 5181 speluncis
548 5116 981 5183 delitescebant;
1002 5120 1209 5189 partim
1229 5120 1468 5191 denique
1488 5121 1637 5190 regis
1650 5121 1752 5173 mi-

175 5214 257 5251 nas
282 5203 746 5271 pertimescentes
772 5206 831 5260 in
858 5207 1041 5261 lucem
1068 5208 1292 5278 prodire
1324 5209 1556 5262 minime
1584 5209 1753 5263 aude-

174 5283 441 5347 bant.veru
450 5309 507 5347 m
520 5296 780 5349 nocturni
792 5296 1019 5366 pietatis
1028 5298 1267 5351 cultores
1284 5304 1461 5365 erant,
1470 5298 1527 5352 in
1539 5299 1752 5352 occulto

1824 3177 1951 3215 cum
1964 3160 2115 3215 omni
2137 3160 2444 3231 ignominia
2463 3161 2852 3231 gravissimam
2868 3168 3105 3217 mortem
3118 3164 3415 3234 oppetatis,

1826 3256 1995 3322 atque
2024 3266 2218 3304 omnes
2248 3255 2447 3304 vestra!
2484 3250 2777 3305 facultates
2817 3252 3023 3322 populo
3060 3252 3417 3320 addicantur,

1826 3357 1936 3411 quo
1966 3339 2241 3393 memoria
2262 3345 2448 3393 vestra
2477 3355 2705 3409 prorsus
2732 3356 2765 3393 a
2785 3345 2938 3393 terra
2967 3340 3239 3395 deleatur.
3274 3342 3421 3396 Nam

1827 3436 1884 3483 et
1910 3446 2147 3499 corpora
2177 3434 2359 3482 vestra
2388 3427 2581 3481 bestiis
2609 3428 2924 3482 devoranda
2954 3428 3232 3499 objiciam,
3274 3436 3331 3484 et
3358 3430 3422 3485 li-

1826 3518 1990 3572 beros
2012 3524 2222 3572 vestros
2254 3522 2524 3588 perpetua
2554 3517 2820 3571 servitute
2849 3517 3119 3571 multabo.

1896 3607 2015 3660 Hac
2042 3606 2295 3660 oratione
2325 3623 2359 3659 a
2388 3622 2519 3676 rege
2538 3605 2750 3672 habita,
2766 3605 2940 3676 ipsius
2960 3607 3109 3660 filius
3131 3606 3217 3660 his
3239 3606 3421 3662 verbis

1825 3712 1960 3749 usus
1984 3701 2069 3749 est
2098 3715 2114 3749 :
2143 3696 2378 3766 {Equam
2410 3694 2747 3748 sententiam
2793 3695 3063 3749 hodierno
3100 3695 3190 3749 die
3218 3696 3418 3763 tulisti,

1828 3802 1860 3838 ο
1886 3802 2001 3850 rex,
2033 3801 2270 3856 eamque
2300 3784 2465 3837 velim
2486 3784 2636 3837 Deus
2651 3785 2973 3851 confirmet;
3006 3790 3176 3855 atque
3206 3802 3308 3855 ego
3324 3802 3421 3840 ea-

1828 3875 1956 3928 dem
1971 3874 2241 3945 magistro
2259 3889 2382 3927 meo
2402 3873 2544 3927 dico.
2571 3874 2991 3944 Conversusque
3004 3874 3073 3927 ad
3090 3874 3422 3941 Nachorem,

1830 3964 1927 4034 qui
1954 3964 2212 4017 Barlaam
2235 3980 2356 4017 esse
2378 3962 2701 4033 putabatur,
2728 3962 2799 4016 ad
2828 3979 2958 4016 eum
2975 3963 3084 4017 ait:
3116 3964 3242 4017 Non
3266 3969 3323 4018 te
3343 3965 3427 4019 fu-

1831 4052 1931 4121 git,
1966 4069 1998 4106 o
2023 4052 2301 4116 Barlaam,
2332 4051 2391 4105 in
2423 4067 2535 4122 qua
2561 4051 2743 4122 gloria
2763 4051 3075 4123 quibusque
3097 4052 3310 4107 deliciis
3334 4070 3424 4109 me

1828 4141 2125 4195 inveneris.
2155 4141 2239 4194 Tu
2266 4146 2458 4193 tamen
2488 4140 2783 4210 permultis
2812 4140 3164 4194 sermonibus
3203 4158 3294 4195 me
3321 4142 3424 4195 ad-

1828 4229 2035 4284 duxisti
2058 4235 2120 4283 ut
2143 4246 2178 4282 a
2204 4228 2403 4299 patriis
2426 4228 2643 4297 legibus
2664 4233 2721 4281 et
2740 4228 3012 4281 institutis
3042 4228 3421 4297 abscederem,

1827 4324 1996 4390 atque
2025 4318 2279 4389 ignotum
2308 4317 2484 4371 Deum
2510 4316 2769 4373 colerem.
2794 4332 3126 4370 arcanorum
3158 4332 3425 4386 quorum-

1760 4396 1808 4454 D
1828 4408 1955 4461 dam
1978 4407 2311 4461 videlicetac
2341 4406 2813 4477 sempiternorum
2843 4404 3117 4459 bonorum
3147 4422 3244 4476 spe
3271 4421 3427 4460 men-

1826 4502 1941 4551 tem
1971 4512 2157 4549 meam
2178 4495 2248 4548 ad
2269 4494 2555 4565 sequenda
2578 4499 2676 4547 tua
2694 4495 2979 4565 dogmata,
3017 4500 3074 4549 et
3095 4493 3428 4549 exacerban-

1828 4586 1961 4640 dum
1994 4584 2171 4656 patris
2200 4584 2311 4638 mei
2340 4601 2405 4637 ac
2433 4584 2647 4638 domini
2669 4584 2918 4638 animum
2951 4600 3041 4637 me
3070 4583 3421 4654 pertrahens.

1829 4674 2100 4739 Quocirca
2119 4674 2196 4727 ita
2211 4673 2489 4739 existima,
2512 4679 2567 4727 te
2585 4690 2733 4727 nunc
2762 4673 2915 4727 velut
2933 4672 2991 4726 in
3021 4672 3236 4726 trutina
3250 4675 3421 4726 stare.

1830 4764 1976 4817 Nam
2004 4763 2052 4816 si
2074 4780 2138 4816 ex
2162 4762 2447 4833 proposito
2476 4761 2785 4815 certamine
2802 4760 3060 4831 superior
3080 4760 3421 4826 discesseris,

1832 4868 1956 4906 eam
1987 4851 2197 4905 scilicet
2236 4868 2405 4921 quam
2436 4850 2573 4903 mihi
2595 4849 2873 4903 tradidisti
2897 4849 3210 4903 doctrinam
3237 4866 3428 4904 veram

1833 4958 1954 4995 esse
1973 4941 2384 5005 demonstrans,
2408 4944 2576 5010 atque
2612 4955 2707 4992 eos
2734 4938 2829 5009 qui
2860 4938 3133 4992 hodierna
3159 4939 3249 4992 die
3269 4938 3431 4993 nobis

1833 5031 2218 5094 adversantur,
2235 5029 2292 5083 in
2314 5045 2502 5082 errore
2532 5027 2741 5081 versari
2765 5028 3089 5094 ostendens,
3112 5033 3176 5082 tu
3202 5028 3431 5099 quidem

1834 5121 2108 5189 majorem
2126 5134 2295 5189 quam
2319 5118 2468 5171 ullus
2497 5132 2747 5187 unquam
2776 5116 3056 5183 habuerit,
3074 5117 3314 5187 gloriam
3347 5134 3432 5172 re-

1831 5209 1996 5271 feres,
2034 5224 2098 5261 ac
2144 5206 2393 5260 veritatis
2445 5222 2625 5276 praeco
2659 5206 2980 5273 vocaberis;
3021 5213 3190 5277 atque
3241 5223 3345 5277 ego
3372 5206 3432 5260 in

1832 5304 1932 5352 tua
1953 5284 2207 5351 doctrina
2222 5294 2501 5366 perstabo,
2521 5294 2939 5365 Christumque,
2959 5295 3432 5366 quemadmodum

171 5372 423 5435 duntaxat
447 5383 739 5437 Christum
757 5385 1022 5451 colentes,
1056 5402 1169 5440 non
1189 5386 1564 5441 autemlibere
1580 5387 1755 5457 ipsius
1835 5384 2170 5458 praedicasti,
2186 5384 2257 5438 ad
2290 5389 2600 5438 extremum
2622 5400 2800 5455 usque
2821 5383 3084 5455 spiritum
3098 5385 3293 5438 colam.
3334 5383 3434 5438 Sin

172 5463 315 5521 ﬁdem
346 5472 818 5540 profitentesllle
839 5480 1030 5528 autem
1050 5475 1223 5543 solus,
1257 5480 1453 5546 utpote
1482 5492 1755 5546 generoso
1837 5480 2045 5539 autem,
2097 5473 2213 5527 sive
2269 5472 2414 5540 dolo,
2464 5472 2577 5527 sive
2633 5473 2778 5529 serio
2837 5491 2902 5529 ac
2940 5490 3069 5528 vere
3117 5476 3430 5544 superatus,

169 5554 338 5613 animo
364 5560 636 5631 praeditus
662 5562 737 5618 ad
765 5565 1235 5636 propugnandam
1252 5565 1545 5620 veritatem
1578 5582 1758 5621 acces-
1837 5562 2208 5635 ignominiam
2252 5562 2392 5617 mihi
2439 5563 2787 5632 conflaveris,
2826 5562 3225 5619 contumeliam
3249 5574 3433 5615 meam
