3954 6190
497 297 606 360 547

1484 297 1600 362 -DE
1635 302 1826 358 VITIS
1865 301 2163 356 PATRU-M
2195 295 2416 354 LIBER
2445 295 2742 352 PRIMUS.

3667 292 3762 351 548

494 433 694 486 statim
725 430 978 484 ulciscar.
1014 424 1233 483 Etenim
1255 425 1516 478 meismet
1542 426 1800 481 manibus
1827 443 1923 481 cor
1935 432 2098 480 tuum
2111 427 2161 484 Α
2181 422 2449 493 quidquid
2475 428 2740 476 moveteo
2756 421 2902 492 quod
2923 419 3394 477 movetunfortius
3413 423 3529 483 est;
3563 424 3618 471 et
3631 417 3762 488 quod

502 539 566 576 ac
593 520 837 588 linguam
871 517 1122 576 evellam,
1179 531 1356 584 eaque
1411 532 1537 568 cum
1583 517 1798 586 reliquo
1837 522 1934 570 tuo
1980 532 2097 569 cor-

503 626 636 680 pore
665 607 894 660 canibus
925 606 983 658 in
1004 605 1252 676 prmdam
1281 603 1444 666 dabo,
1478 610 1540 658 ut
1565 611 1662 658 tuo
1693 605 1944 674 exemplo
1973 621 2095 658 om-

497 713 600 751 nes
628 711 828 764 regum
855 693 986 747 ﬁliis
1027 692 1398 764 imposturam
1427 692 1660 746 minime
1695 693 1877 746 facere
1909 693 2096 746 condi-

495 791 658 838 scant
669 827 683 841 .

566 873 666 928 His
695 873 878 927 verbis
907 872 1135 935 auditis,
1161 871 1382 926 Nachor
1409 871 1692 941 ingentem
1714 871 2004 925 tristitiam
2031 887 2094 925 ac

490 979 799 1018 maerorem
831 961 1102 1032 concepit,
1131 967 1194 1014 ut
1225 961 1318 1030 qui
1345 959 1590 1030 seipsum
1611 959 1668 1012 in
1685 960 1900 1014 foveam
1923 977 2093 1031 quam

497 1050 710 1104 fecerat
727 1050 993 1115 incidere,
1024 1067 1089 1102 ac
1115 1050 1312 1118 laqueo
1331 1065 1498 1118 quem
1519 1047 1887 1101 absconderat
1911 1047 2094 1118 impli-

503 1139 639 1204 cari,
667 1155 881 1208 suoque
901 1139 1087 1208 gladio
1099 1155 1163 1191 se
1187 1136 1407 1190 confodi
1430 1135 1788 1206 perspiceret.
1821 1137 1961 1190 Cum
1987 1135 2092 1205 igi-

494 1233 590 1282 tur
628 1245 746 1281 rem
775 1245 964 1281 secum
997 1231 1330 1296 reputasset,
1383 1225 1452 1278 ad
1485 1225 1586 1278 ﬁlii
1617 1225 1764 1294 regis
1795 1232 2000 1294 partes,
2033 1230 2097 1278 ut

498 1315 829 1387 impendens
858 1317 982 1369 vitae
1008 1315 1306 1369 discrimen
1334 1314 1761 1383 eﬁ'ugeret,sose
1787 1314 1971 1384 potius
1994 1313 2096 1366 ad-

495 1406 752 1474 jungere,
780 1403 1064 1474 ipsiusque
1079 1404 1344 1473 dogmata
1364 1404 1697 1456 conﬁrmare
1717 1403 1931 1460 statuit,
1949 1401 2098 1472 quod

499 1494 759 1548 videlicet
780 1493 876 1547 ille
896 1494 1106 1563 optimo
1123 1495 1251 1562 jure
1265 1493 1548 1570 suppliciq
1569 1509 1698 1546 eum
1718 1492 1938 1546 afﬁcere
1967 1508 2095 1562 pos-

500 1589 603 1646 set,
637 1584 684 1636 si
713 1583 938 1653 quidem
961 1582 1136 1652 ipsius
1163 1583 1416 1635 animum
1448 1582 1785 1636 offendisset.
1812 1584 1888 1634 At
1915 1581 1980 1634 id'
1999 1586 2098 1634 to-

498 1677 620 1726 tum
647 1672 846 1725 divina:
878 1671 1240 1741 providentia:
1269 1685 1409 1733 erat,
1425 1688 1547 1741 quae
1577 1671 1865 1740 religionis
1894 1676 2097 1723 nostra:

2179 512 2431 565 continet
2455 519 2626 581 atque
2660 516 2952 564 conservat
2979 509 3176 563 fortius
3204 514 3290 562 est
3317 525 3384 562 eo
3423 507 3572 578 quod
3609 507 3765 560 conti-

2181 607 2349 654 netur
2377 607 2434 654 et
2468 605 2846 654 conservatur.
2897 598 3170 662 Quocirca
3209 598 3404 668 ipsum
3442 597 3623 650 Deum
3661 612 3764 648 esse

2180 689 2304 742 dico
2336 688 2433 758 qui
2462 689 2654 742 omnia
2677 693 2869 753 305
2897 687 3212 758 procreavit
3253 693 3426 756 atque
3465 690 3760 747 conservat,

2180 777 2387 846 quique
2417 777 2704 848 principiis
2724 792 2919 846 expers
2961 782 3062 838 est,
3104 781 3162 828 et
3187 774 3571 844 sempiternus
3599 783 3658 827 et
3682 773 3763 826 im-

2174 866 2450 930 mortalis,
2479 873 2536 920 et
2566 866 2721 918 nulla
2750 882 2810 918 re
2832 864 3119 934 indigens,
3152 863 3527 933 omnibusque
3554 869 3761 932 pertur-

2176 953 2495 1008 bationibus
2525 972 2589 1008 ac
2627 954 2934 1008 defectibus
2977 953 3288 1016 sublimior,
3337 953 3444 1005 hoc
3485 956 3574 1005 est
3615 951 3697 1004 ira
3717 959 3764 1005 et

2178 1043 2454 1097 oblivione
2464 1050 2634 1114 amne
2643 1042 3334 1114 ignorantia,reliquisque
3344 1040 3606 1096 omnibus
3618 1040 3763 1094 rebus

2174 1133 2400 1202 generis
2421 1133 2694 1202 ejusdem.
2719 1133 2828 1186 Per
2855 1133 3039 1204 ipsum
3069 1137 3258 1185 autem
3279 1130 3471 1184 omnia
3487 1146 3765 1200 coagmen-

2179 1227 2297 1275 tata
2328 1229 2384 1275 et
2412 1229 2674 1282 concreta
2701 1228 2835 1275 sunt
2849 1223 3014 1288 (Psal.
3050 1232 3160 1288 ιγ).
3191 1221 3308 1274 Nec
3333 1235 3466 1273 vero
3494 1218 3765 1272 sacriﬁciis

2179 1317 2280 1365 aut
2307 1311 2684 1376 libaminibus,
2699 1317 2802 1364 aut
2812 1311 2928 1364 ulla
2947 1310 3058 1363 alia
3079 1326 3141 1363 re
3161 1309 3219 1362 in
3232 1315 3520 1380 aspectum
3544 1309 3764 1362 cadente

2180 1417 2320 1471 opus
2349 1399 2518 1453 habet
2544 1402 2686 1469 (Act.
2710 1407 2862 1470 XVII),
2894 1416 3089 1454 verum
3119 1404 3316 1453 contra
3335 1413 3530 1452 omnes
3547 1413 3614 1450 eo
3641 1413 3764 1468 opus

2179 1489 2409 1542 habent.

2252 1579 2378 1632 Cm.
2411 1579 2634 1633 XXVII.
2678 1608 2738 1617 —
2777 1579 2878 1632 His
2923 1579 3006 1631 ita
3041 1579 3112 1631 de
3160 1579 3275 1631 Deo
3311 1575 3764 1634 commemoratis,

2181 1667 2654 1737 quemadmodum
2684 1668 2862 1738 ipsxus
2892 1666 3159 1720 beneﬁcio
3207 1666 3345 1719 mihi
3374 1665 3444 1718 de
3475 1665 3601 1735 ipso
3631 1664 3765 1734 loqui

497 1761 722 1816 decreta
751 1761 1034 1830 sapienter
1055 1777 1155 1830 per
1174 1760 1522 1812 adversarios
1543 1759 1930 1816 conﬁrmabat.
1955 1761 2096 1812 Nam
2114 1781 2162 1840 B
2184 1773 2507 1810 concessum
2537 1763 2642 1821 est,
2677 1757 2748 1810 ad
2795 1757 3107 1810 humanum
3153 1771 3331 1825 genus
3377 1754 3685 1816 veniamus,
3713 1760 3768 1808 ut

489 1866 625 1904 .cum
657 1849 934 1903 idolorum
963 1849 1243 1902 antistites
1265 1854 1321 1900 et
1349 1849 1572 1902 Nachor
1599 1864 1885 1901 sermones
1905 1865 2100 1901 conse-
2185 1845 2416 1914 quinam
2431 1844 2678 1916 ipsorum
2703 1845 2976 1910 veritatis,
2995 1845 3226 1916 quinam
3241 1843 3449 1898 erroris
3478 1842 3764 1913 participas

493 1954 626 1994 .rere
675 1937 1010 2007 inciperent,
1041 1943 1106 1990 ut
1141 1938 1397 1990 Barlaam
1440 1937 1552 2000 illc,
1587 1953 1712 1990 cum
1755 1936 1860 1990 sub
1899 1937 2102 1990 Balaac

499 2027 766 2080 Israclem
791 2026 1074 2096 quondam
1105 2025 1378 2079 exsecrari
1407 2042 1472 2078 ac
1501 2025 1639 2078 diris
1669 2025 1940 2079 devovere
1970 2041 2099 2079 con-

497 2115 990 2178 stituisset,multis
1005 2121 1198 2168 tamen
1216 2131 1345 2168 eum
1359 2131 1424 2168 ac
1435 2113 2100 2168 variisbenedictionibus

497 2204 804 2259 cumulavit
835 2205 1018 2272 (Num.
1064 2207 1220 2270 xm),
1263 2203 1332 2256 ad
1363 2203 1622 2256 eumdem
1662 2204 1832 2257 etiam
1869 2204 2100 2257 modum

498 2293 723 2347 Nachor
745 2291 1141 2362 insipientibus
1189 2309 1255 2345 ac
1295 2292 1513 2346 stolidis
1553 2292 1902 2364 sapientibus
1939 2294 2100 2346 vehe-

489 2383 720 2436 menter
730 2377 1847 2432 obluctabatur.Cumenimrexinthrono
1857 2378 2096 2444 sederet,

495 2472 668 2536 atque
695 2466 870 2536 ipsius
902 2467 1068 2531 ﬁlius,
1096 2466 1179 2520 uti
1203 2468 1323 2536 jam
1357 2483 1391 2519 a
1428 2466 1587 2520 nobis
1617 2465 1826 2521 dictum
1854 2473 1957 2530 est,
1989 2467 2098 2537 ipsi

489 2555 791 2620 assideret,
826 2555 988 2626 eique
1018 2555 1189 2609 etiam
1219 2556 1376 2609 stulti
1416 2556 1669 2609 rhetores
1699 2562 1968 2620 astarent,
2004 2556 2100 2626 qui

485 2649 565 2698 -ut
590 2643 840 2713 gladium
873 2643 1094 2713 linguas
1123 2661 1252 2698 suas
1280 2643 1350 2698 ad
1385 2644 1811 2715 opprimendam
1855 2651 1912 2698 et
1942 2662 2100 2698 ever-

487 2733 728 2791 .tendam
761 2732 1053 2786 veritatem
1086 2739 1355 2786 acuerant
1377 2736 1542 2798 (Psal.
1571 2730 1743 2804 LXIII).
1778 2733 2004 2804 quique,
2037 2741 2102 2788 ut

487 2838 628 2878 .cum
650 2822 796 2876 Isaia
818 2823 1035 2892 loquar,
1049 2821 1296 2876 laborem
1321 2823 1723 2892 parturiunt,et
1743 2822 2097 2892 iniquitatem

500 2911 730 2980 pariunt
753 2913 929 2980 (Isaia:
953 2915 1081 2976 LIX),
1113 2911 1290 2982 plebis
1329 2912 1498 2964 etiam
1528 2912 1597 2964 ad
1619 2912 1942 2966 certaminis
1971 2930 2098 2982 spe-

501 3002 779 3056 ctaculum
812 2999 1234 3056 innumerabilis
1281 3001 1582 3054 multitudo
1615 3001 1992 3067 conﬁuxisset,
2035 3007 2100 3055 ut

2183 1933 2299 1987 sint
2321 1934 2750 2004 conspiciamus.
2785 1933 2930 1988 Illud
2951 1934 3122 1998 enim,
3154 1950 3186 1986 ο
3215 1949 3332 1997 rex,
3357 1932 3506 1985 inter
3525 1948 3630 1985 nos
3653 1947 3765 1984 eon-

2183 2028 2315 2088 stat,
2334 2023 2446 2076 tria
2479 2023 2539 2076 in
2557 2023 2768 2078 mundo
2798 2023 3091 2078 hominum
3113 2038 3324 2093 genera
3343 2037 3484 2084 esse,
3509 2020 3764 2074 nimirum

2184 2128 2279 2166 eos
2307 2113 2402 2182 qui
2431 2111 2581 2182 apud
2611 2129 2706 2166 vos
2733 2112 2970 2166 deorum
3012 2111 3255 2165 cultores
3283 2110 3567 2175 dicuntur,
3599 2115 3658 2163 et
3679 2109 3764 2162 Ju~

2183 2201 2350 2266 deos,
2385 2206 2442 2254 et
2471 2201 2848 2258 Christianos.
2883 2202 2966 2254 Ac
2990 2217 3218 2254 rursum
3241 2215 3435 2256 eorum
3461 2199 3558 2269 qui
3577 2199 3766 2252 multos

2183 2289 2317 2346 deos
2345 2290 2541 2344 colunt
2567 2290 2768 2361 triplex
2816 2307 2995 2360 genus
3037 2305 3180 2356 esse,
3223 2305 3428 2359 nempe
3467 2288 3756 2352 Chaldaeos,

2183 2379 2406 2432 Graecos
2421 2385 2480 2432 et
2502 2379 2812 2450 Egyptios.
2829 2380 2972 2433 Nam
2990 2379 3048 2433 hi
3066 2379 3299 2449 reliquis
3318 2377 3640 2431 nationibus
3660 2377 3766 2446 plu-

2182 2466 2328 2521 rium
2356 2468 2592 2521 deorum
2604 2468 2788 2522 cultus
2809 2473 2866 2521 et
2884 2467 3230 2524 adorationis
3250 2467 3422 2520 duces
3444 2483 3508 2519 ac
3527 2466 3763 2536 magistri

2183 2555 2431 2610 fuerunt.
2468 2557 2743 2620 Quocirca
2767 2557 2998 2628 quinam
3028 2557 3280 2626 ipsorum
3307 2556 3364 2609 in
3386 2556 3638 2616 veritate,
3660 2555 3766 2625 qui-

2183 2661 2316 2698 nam
2345 2645 2402 2699 in
2432 2662 2621 2700 errore
2639 2651 2948 2711 versentur,
2966 2645 3273 2700 videamus.
3292 2646 3372 2698 Ac
3394 2644 3636 2699 Chaldaei
3660 2646 3766 2714 qui-

2181 2733 2310 2787 dem
2341 2735 2520 2790 Deum
2545 2735 2888 2804 ignorantes,
2909 2740 3036 2805 post
3051 2735 3330 2788 elementa
3353 2733 3756 2796 aberraverunt,

2183 2807 2384 2893 resque
2402 2823 2655 2878 conditas
2669 2825 2952 2878 Creatoris
2971 2824 3091 2877 loco
3106 2823 3288 2878 colere
3307 2829 3600 2894 cteperunt
3617 2840 3629 2873 :
3646 2837 3764 2891 qua-

2183 2929 2309 2966 rum
2333 2912 2503 2966 etiam
2523 2929 2650 2966 cum
2671 2913 2880 2966 formas
2892 2913 3165 2982 quasdam
3188 2910 3764 2971 cﬁ‘ecissenueascmli,

2181 3006 2452 3066 etterraz,
2478 3008 2536 3055 et
2553 3003 2830 3067 maris,.et
2859 3001 3010 3066 solis,
3035 3018 3102 3055 ac
3127 3001 3292 3068 lunae,
3323 3001 3766 3070 reliquorumque

489 3095 629 3146 .utra
659 3106 788 3160 pars
810 3088 1097 3143 victoriam
1112 3088 1518 3158 adipisceretur
1533 3090 2102 3158 cognosceret,rheto-
2119 3099 2164 3159 ο
2181 3089 2588 3145 elementorum
2604 3097 2665 3144 et
2674 3091 2924 3145 siderum
2937 3093 3177 3161 ﬁguram
3194 3090 3766 3161 appellarunueasque

487 3195 626 3238 ,rum
656 3195 822 3241 unus,
848 3178 942 3248 qui
965 3177 1222 3232 omnibus
1248 3178 1504 3232 doctrina
1531 3178 1852 3248 praestabat,
1888 3179 1958 3232 ad
1979 3179 2096 3233 Na-

487 3267 730 3326 .ohorem
761 3267 903 3320 dixit
925 3286 936 3320 :
956 3268 1112 3321 Tune
1133 3284 1192 3319 es
1207 3266 1300 3320 ille
1326 3279 1504 3337 usque
1523 3267 1664 3320 adeo
1693 3267 1897 3332 audax,
1926 3273 2096 3338 atque

487 3355 558 3411 .in
589 3357 724 3412 deos
743 3362 964 3412 nostros
981 3355 1418 3410 contumeliosus
1449 3355 1728 3420 Barlaam,
1764 3357 1859 3426 qui
1889 3357 2099 3410 charis-

499 3435 706 3502 s'imum
737 3445 886 3515 regis
917 3445 1094 3498 ﬁlium
1125 3444 1183 3498 in
1212 3445 1486 3513 ejusmodi
1509 3461 1756 3499 errorem
1787 3447 2092 3515 conjecisti,

503 3550 746 3604 eumque
772 3533 1093 3588 cruciﬁxum
1125 3535 1305 3587 colere
1334 3533 1610 3587 docuisti?
1643 3534 1952 3604 Respondit
1981 3535 2096 3588 Na-

482 3622 632 3678 .chor
659 3640 669 3673 :
706 3623 872 3686 Sane,
896 3640 998 3691 ego
1018 3638 1143 3676 sum
1167 3623 1446 3686 Barlaam,
1464 3622 1561 3692 qui
1581 3622 1714 3675 deos
1739 3629 1884 3686 tuos,
1905 3639 2097 3692 quem-

497 3711 802 3766 admodum
833 3711 1042 3776 dixisti,
1074 3711 1235 3764 nihili
1267 3711 1468 3781 pendo,
1505 3711 1710 3781 quique
1739 3711 1887 3779 regis
1916 3712 2096 3766 ﬁlium

485 3816 608 3856 non
637 3801 695 3854 in
717 3817 966 3854 errorem
987 3797 1220 3870 conjeci,
1243 3801 1341 3853 sed
1361 3816 1550 3853 errore
1571 3799 1819 3866 liberavi,
1837 3807 2006 3870 atque
2025 3802 2095 3854 ad

498 3905 688 3944 verum
724 3890 905 3943 Deum
934 3888 1186 3958 adjunxi.
1209 3889 1351 3942 Tum
1383 3889 1574 3942 rhetor
1599 3888 1692 3942 ille
1713 3889 1782 3942 ad
1802 3890 1950 3943 hunc
1979 3906 2094 3944 mo-

493 3977 629 4037 dum
669 3979 889 4032 locutus
912 3983 1032 4030 est:
1068 3977 1347 4040 Quoniam
1378 3977 1568 4046 magni
1597 3983 1655 4031 et
1683 3978 1871 4032 eximii
1900 3978 2024 4042 viri,
2060 3994 2096 4032 a

481 4067 698 4138 quibus
713 4067 894 4123 omnis
916 4065 1194 4136 sapientia
1212 4072 1270 4119 et
1285 4065 1517 4120 scientia
1537 4066 1763 4120 inventa
1781 4072 1883 4130 est,
1917 4066 2090 4121 subli—

481 4173 617 4210 mes
637 4157 772 4212 deos
800 4163 970 4226 atque
999 4155 1347 4210 immortales
1375 4171 1470 4209 eOs
1499 4161 1843 4226 nuncupent,
1867 4172 2092 4210 omnes-

497 4261 605 4315 que
633 4245 784 4300 orbis
805 4250 970 4301 tcrrte
989 4262 1149 4315 reges
1170 4249 1227 4298 et
1246 4244 1492 4300 illustres
1509 4245 1614 4298 viri
1633 4244 1781 4315 ipsos
1815 4245 2002 4298 colant
2027 4261 2093 4298 ac

481 4340 1106 4403 .venerentur,quonam
1121 4333 1289 4387 modo
1309 4334 1428 4404 ipse
1451 4334 1700 4403 linguam
1721 4334 2091 4388 adversuseos

2167 3195 2270 3232 .res
2300 3179 2358 3232 in
2387 3180 2612 3250 templis
2641 3181 2934 3234 conclusas
2956 3180 3214 3246 adorant,
3230 3197 3296 3233 ac
3311 3179 3448 3233 deos
3469 3179 3760 3250 appellant.

2180 3268 2332 3331 Quos
2361 3268 2534 3322 etiam
2557 3269 2863 3338 diligenter
2886 3286 2950 3323 ac
2979 3268 3228 3323 studiose
3243 3275 3470 3322 servant
3491 3285 3562 3322 ne
3587 3285 3622 3321 a
3642 3267 3761 3322 furi-

2180 3355 2283 3411 bus
2311 3355 2714 3428 subripiantur.
2744 3359 2858 3412 Nec
2897 3358 3035 3412 illud
3064 3358 3200 3428 ipsis
3228 3358 3288 3410 in
3317 3363 3565 3411 mentem
3607 3357 3764 3418 venit,

2181 3445 2453 3516 quidquid
2473 3453 2662 3500 servat
2673 3463 2740 3501 eo
2761 3447 2910 3517 quod
2931 3454 3190 3501 servatur
3205 3447 3392 3516 majus
3406 3463 3549 3511 esse,
3571 3457 3630 3500 et
3641 3446 3764 3500 item

2179 3535 2425 3604 eumqui
2456 3535 2668 3606 aliquid
2701 3536 2874 3590 efﬁcit
2901 3553 2966 3590 eo
2998 3536 3144 3606 quod
3169 3535 3411 3590 efﬁcitur
3435 3535 3766 3606 praestantio-

2179 3639 2300 3676 rem
2329 3639 2472 3680 esse.
2506 3626 2650 3678 Nam
2671 3624 2720 3678 si
2743 3625 2992 3695 ipsorum
3023 3624 3104 3678 dii
3133 3641 3201 3678 ea
3229 3623 3759 3686 imbecillitatesunt,

2181 3718 2246 3766 ut
2277 3713 2449 3768 saluti
2477 3730 2592 3767 sure
2626 3715 2915 3768 consulere
2943 3718 3246 3783 nequeant,
3280 3730 3529 3784 quonam
3552 3714 3760 3766 tandem

2180 3809 2341 3872 pacto
2380 3803 2505 3856 aliis
2529 3803 2772 3856 salutem
2803 3803 3080 3856 afferent?
3116 3803 3314 3873 Itaque
3356 3819 3563 3873 magno
3589 3817 3761 3856 errore

2179 3891 2424 3945 Chaldaei
2453 3891 2597 3962 lapsi
2645 3897 2797 3956 sunt,
2831 3897 3083 3944 mortuas
3125 3896 3184 3944 et
3223 3890 3485 3945 utilitatis
3527 3896 3761 3961 expertes

2176 3985 2391 4035 statuas
2420 3987 2771 4034 venerantes.
2802 3983 2987 4050 Atque
3015 3981 3188 4034 etiam
3218 3980 3357 4033 mihi
3389 3981 3583 4034 mirari
3603 3978 3757 4035 subit.

2175 4085 2208 4122 ο
2237 4086 2353 4134 rex,
2377 4085 2623 4140 quonam
2651 4069 2818 4122 modo
2833 4068 2875 4121 ii
2906 4068 3003 4138 qui
3020 4068 3168 4138 apud
3193 4084 3290 4121 eos
3311 4069 3761 4139 philosophorum

2175 4173 2379 4212 nomen
2401 4157 2675 4222 obtinent,
2711 4157 2848 4212 illud
2879 4157 3318 4227 haudquaquam
3366 4157 3761 4211 animadverte-

2174 4247 2306 4311 rint,
2343 4248 2620 4302 elementa
2648 4262 2871 4317 quoque
2899 4245 3156 4300 interitui
3175 4245 3416 4300 obnoxia
3443 4263 3586 4300 esse.
3612 4243 3759 4308 Quod

2174 4335 2221 4388 si
2258 4335 2538 4389 elementa
2565 4335 2821 4390 interitui
2857 4335 3084 4388 omnino
3132 4334 3368 4389 obnoxia
3412 4351 3478 4389 ac
3523 4333 3760 4404 subjecta

479 4422 669 4484 acuis,
703 4428 873 4490 atque
891 4423 1120 4476 omnino
1141 4439 1207 4475 eo
1228 4423 1474 4477 audacia:
1504 4423 1843 4493 prorumpis,
1876 4429 1939 4476 ut
1971 4416 2156 4477 hmcD
2173 4431 2322 4488 sunt,
2353 4425 2448 4495 qui
2467 4425 2694 4478 tandem
2726 4424 2803 4477 dii
2824 4441 2946 4478 esse
2973 4423 3220 4494 queant?
3249 4424 3410 4487 Quod
3427 4426 3474 4478 si
3495 4425 3758 4477 elementa

483 4509 790 4578 proferas?
817 4509 1075 4572 Quonam
1093 4509 1229 4563 item
1257 4518 1589 4578 argumento
1609 4513 1811 4582 probas
1841 4529 1936 4566 eos
1956 4512 2090 4567 deos

493 4613 607 4655 non
635 4613 776 4659 esse,
811 4597 912 4652 sed
955 4613 1085 4651 eum
1115 4597 1211 4666 qui
1239 4599 1388 4652 cruci
1417 4599 1620 4654 afﬁxus
1638 4601 1759 4654 est?
1801 4601 2092 4672 Excipiens

493 4691 685 4744 autem
710 4702 1027 4744 sermonem
1058 4686 1300 4752 Nachor,
1351 4687 1634 4741 rhetorem
1677 4689 1903 4758 quidem
1931 4689 2090 4746 illum

491 4777 648 4834 nullo
672 4793 938 4849 responso
969 4775 1234 4846 dignatus
1255 4781 1370 4841 est;
1397 4793 1590 4830 verum
1606 4793 1734 4830 cum
1757 4777 1906 4848 plebi
1927 4779 2090 4834 silen-

491 4865 634 4922 tium
665 4883 838 4921 manu
863 4865 1176 4930 indixisset,
1207 4869 1378 4935 atque
1397 4882 1460 4919 os
1485 4882 1670 4932 suum,
1698 4871 1968 4937 tanquam
1993 4867 2092 4922 illa

476 4953 652 5010 ,asina
678 4955 928 5022 Balaam,
957 4955 1289 5026 aperuisset,
1304 4972 1372 5009 ea
1397 4971 1521 5026 qua:
1551 4955 1734 5010 dicere
1763 4956 1996 5011 minime
2009 4957 2091 5012 in-

481 5041 753 5100 stituerat
782 5044 1107 5114 prolocutus
1137 5050 1242 5109 est,
1259 5044 1452 5115 aitque
1479 5043 1550 5098 ad
1573 5062 1762 5114 regem
1786 5046 2084 5116 :ngo,rex,

481 5130 960 5200 .Deiprovidentia
989 5132 1048 5187 in
1076 5133 1353 5189 mundum
1373 5133 1533 5201 veni;
1566 5141 2092 5205 conspectoquecce-

487 5217 564 5285 lo,
597 5224 766 5283 terra,
811 5220 973 5286 mari,
1022 5223 1155 5287 sole,
1214 5239 1278 5276 ac
1335 5223 1488 5288 luna,
1537 5223 1880 5294 reliquisque
1937 5225 2088 5294 ejus-

487 5307 640 5362 modi
679 5307 866 5374 rebus,
900 5325 1094 5364 earum
1123 5317 1386 5366 ornatum
1418 5312 1729 5368 admiratus
1755 5329 1900 5367 sum.
1931 5314 2090 5368 Mun-

2173 4513 2251 4567 dii
2289 4530 2403 4568 non
2431 4513 2564 4577 sint,
2599 4529 2844 4584 quonam
2871 4513 3036 4566 modo
3061 4517 3280 4577 statuae,
3305 4530 3430 4584 quae
3451 4529 3640 4576 eorum
3671 4527 3760 4564 no-

2174 4602 2327 4656 mine
2349 4608 2772 4668 construuntur,
2804 4601 2882 4654 dii
2913 4602 3124 4655 erunt?

2243 4692 2329 4746 Ad
2357 4692 2480 4762 ipsa
2500 4691 2675 4761 igitur
2709 4691 3006 4756 elementa,
3038 4707 3074 4744 o
3103 4707 3218 4756 rex,
3243 4691 3590 4756 accedamus,
3625 4695 3758 4743 utea

2171 4779 2306 4834 deos
2335 4797 2448 4834 non
2468 4797 2590 4834 esse
2609 4781 3080 4844 demonstremus,
3093 4779 3196 4839 sed
3206 4780 3553 4850 corruptioni
3569 4796 3630 4834 ac
3645 4793 3758 4831 mu-

2173 4869 2377 4923 tationi
2406 4869 2679 4940 subjecta,
2709 4875 2878 4939 atque
2905 4885 2972 4922 ex
2995 4867 3172 4922 nihilo
3211 4869 3270 4922 in
3300 4875 3490 4924 ortum
3519 4869 3624 4926 veri
3664 4866 3754 4921 Dei

2166 4959 2330 5029 jussu
2359 4959 2632 5030 producta
2653 4975 2796 5024 esse,
2813 4957 2909 5028 qui
2939 4957 3166 5028 quidem
3197 4959 3573 5030 corruptionis
3590 4965 3646 5011 et
3661 4955 3756 5009 im-

2175 5047 2505 5102 mutationis
2533 5064 2733 5118 expers
2761 5053 2866 5112 est,
2899 5045 3300 5111 etinvisibilis,
3330 5053 3630 5118 contraque
3643 5046 3754 5116 ipse

2174 5137 2366 5191 omnia
2394 5137 2594 5202 cernit,
2627 5142 2685 5191 et
2711 5135 3120 5190 arbitratusuo
3145 5135 3411 5190 immutat
3434 5144 3753 5207 atque,con-

2175 5226 2360 5280 vertit.
2387 5227 2532 5290 Quid
2562 5226 2738 5296 igitur
2761 5225 2833 5280 de
2863 5224 3155 5278 elementis
3183 5224 3342 5278 dico?

2242 5316 2350 5380 Qui
2371 5316 2574 5370 coelum
2603 5316 2774 5370 deum
2804 5330 2926 5369 esse
2955 5312 3324 5378 arbitrantur,
3367 5323 3574 5370 errant.
3613 5314 3748 5367 Nam

486 5397 863 5463 dumautem,
879 5413 1062 5467 eaque
1083 5399 1275 5459 omnia
1299 5417 1422 5471 quae
1451 5400 1628 5471 ipsius
1646 5402 1938 5473 complexu
1949 5419 2085 5458 eon-
2173 5405 2359 5476 ipsum
2387 5405 2654 5470 converti,
2685 5402 3093 5459 aenecessario
3109 5395 3345 5468 'moveri,
3363 5409 3532 5475 atque
3545 5421 3604 5457 ex
3617 5400 3749 5454 mul-

475 5485 758 5552 tinentur,
790 5487 1106 5542 necessario
1132 5490 1343 5543 moveri
1372 5491 1740 5562 conspiciens,
1764 5508 2084 5563 eumaquo
2152 5494 2240 5548 itis
2267 5494 2434 5554 rebus
2461 5501 2718 5550 constare
2737 5493 3033 5558 videmus;
3067 5499 3365 5562 propterea
3399 5493 3550 5548 enim
3579 5491 3748 5560 κόσμος

473 5582 749 5638 immatur
775 5578 1418 5636 etcomervatur-Deum
1437 5581 1846 5636 esseintellaxi.
1861 5582 2084 5644 Etenim
2166 5583 2224 5638 id
2249 5591 2335 5640 est
2358 5585 2604 5641 mundus
2625 5584 2962 5655 appellatur.
2981 5580 3236 5648 Mundus
3243 5597 3414 5652 porro
3431 5581 3748 5644 artiﬁciscu-
