3876 6190
208 190 289 248 ὃιθ
577 188 745 245 VITA
782 188 1223 245 SANC’I‘ORUM
1258 191 1605 247 BAEBLAAM
1642 189 1781 247 ERE

1874 186 1990 245 ἨΕ
2026 187 2116 247 ET
2155 187 2522 247 JeSAPHAT
2560 187 2783 244 INDIIE
2822 189 3055 245 REGIS.
3365 193 3472 260 550

202 312 403 383 jundus
439 313 787 367 constructio
810 318 919 367 est.
950 314 1109 378 Quod
1163 321 1352 370 autem
1398 322 1779 371 constructum
1801 318 1844 376 A
1939 312 2229 369 Consimili
2250 314 2421 369 etiam
2442 314 2609 371 modo
2627 314 2666 367 ii
2689 314 2783 384 qui
2805 314 2996 371 lunam
3018 314 3181 371 deam
3204 333 3325 370 esse
3349 334 3471 389 opi-

205 408 285 473 est,
314 402 655 473 principium
673 419 737 455 ac
768 404 936 456 ﬁnem
971 403 1159 457 habet.
1193 407 1267 460 At
1299 407 1507 460 cmlum
1526 424 1640 460 una
1660 422 1785 460 cum
1870 408 2097 468 nantur,
2123 408 2330 456 errant.
2353 404 2495 461 Nam
2526 403 2702 472 ipsam
2730 405 3040 461 necessario
3064 406 3272 459 moveri
3294 407 3469 461 etim-

202 470 455 544 sideribus
484 492 600 545 suis
650 494 967 545 necessario
996 500 1255 547 movetur
1280 514 1294 561 ;
1330 496 1605 565 siquidem
1634 502 1789 549 astra
1869 492 2079 547 mutari
2114 492 2379 557 videmus,
2416 498 2585 562 atque
2613 509 2644 545 a
2672 500 2879 563 puncto
2902 494 2958 547 in
2980 501 3251 563 punctum
3269 495 3471 565 migra—

202 584 329 634 certo
353 580 551 633 oriine
581 598 645 633 ac
700 580 883 651 spatio
939 580 1203 652 impulsa,
1236 600 1267 636 a
1308 592 1515 654 puncto
1546 584 1602 637 in
1640 602 1785 655 pun-

199 676 351 731 ctum,
380 670 593 740 partim
616 670 897 734 occidunt,
914 671 1119 740 partim
1134 673 1480 738 exoriuntur,
1506 673 1784 743 certisque

196 766 496 829 temporum
519 760 717 829 spatiis
747 759 857 813 iter
906 776 1072 813 suum
1119 760 1350 827 obeunt,
1384 767 1444 817 ut
1472 767 1691 815 aestates
1730 769 1786 816 et

196 848 407 912 hiemes,
444 848 922 918 quemadmodum
943 848 1079 918 ipsis
1109 866 1143 902 a
1171 850 1286 903 Deo
1309 850 1649 921 imperatum
1677 856 1780 916 est,

201 936 443 991 efﬁciant.
477 938 593 990 Nec
621 937 772 1006 leges
802 937 908 990 sibi
948 938 1110 1007 juxta
1159 938 1541 992 inevitabilem
1571 946 1784 993 natura:

197 1026 573 1080 necessitatem
601 1026 933 1079 constitutas
958 1043 1087 1080 eum
1121 1026 1328 1080 scelesti
1355 1034 1557 1081 ornatu
1580 1028 1783 1082 infrin-

193 1120 333 1186 gunt.
368 1115 451 1168 Ex
482 1132 593 1185 quo
642 1115 1000 1186 perspicuum
1048 1122 1151 1182 est,
1186 1117 1386 1169 coelum
1435 1134 1544 1171 non
1592 1117 1778 1183 deum,

196 1204 275 1258 sed
300 1204 403 1258 Dei
436 1218 578 1275 opus
608 1222 747 1259 esse.

250 1293 351 1357 Qui
382 1299 575 1347 autem
600 1300 813 1347 terram
835 1295 999 1347 deam
1028 1310 1151 1347 esse
1180 1300 1426 1360 censent,
1445 1300 1655 1348 errant.
1690 1295 1781 1349 Vi—

197 1381 373 1435 demus
400 1383 552 1435 enim
583 1399 707 1436 eam
736 1382 805 1436 ab
834 1382 1155 1436 hominibus
1182 1382 1391 1453 injuria
1418 1383 1583 1449 aﬂici,
1615 1392 1673 1437 et
1699 1401 1783 1438 eo-

1869 599 1948 645 re,
1982 588 2039 634 et
2067 581 2137 634 ad
2168 581 2459 634 hominum
2501 581 2799 634 utilitatem
2850 599 2997 636 nunc
3053 584 3280 649 exoriri,
3324 602 3473 643 nunc

1864 670 2219 736 occidme,ac
2251 671 2367 724 sole
2397 670 2671 723 minorem
2702 687 2821 723 esse
2846 690 2858 735 ;
2891 673 3083 741 augeri
3107 679 3279 726 etiam
3301 680 3471 744 atque

1864 761 2144 821 imminui,
2180 777 2242 815 ac
2271 761 2519 830 deliquia
2544 760 2828 815 interdum
2846 762 2987 830 pati.
3008 763 3192 826 Quare
3214 764 3333 817 ﬁeri
3356 781 3467 819 non

1858 855 2052 919 potest
2081 856 2144 903 ut
2170 851 2305 905 luna
2333 850 2440 904 dea
2461 850 2551 911 sit,
2582 866 2772 902 verum
2798 850 2902 905 Dei
2933 867 3090 920 opus.

1936 938 2189 1008 Denique
2217 940 2314 1008 qui
2346 940 2630 995 hominem
2659 939 2827 992 deum
2850 956 2979 993 esse
3010 940 3358 996 arbitrantur
3371 959 3459 995 er-

1868 1034 2013 1082 rant.
2034 1028 2177 1083 Nam
2201 1044 2331 1082 eum
2342 1029 2657 1084 necessario
2690 1028 2917 1093 moveri,
2943 1035 3000 1081 et
3036 1030 3132 1091 ali,
3156 1035 3213 1083 et
3231 1031 3468 1101 invitum

1860 1116 2037 1169 etiam
2068 1134 2358 1173 senescere
2390 1118 2661 1181 videmus,
2679 1124 2849 1187 atque
2868 1117 3151 1172 interdum
3182 1118 3466 1183 delectari,

1865 1205 2147 1259 interdum
2208 1224 2449 1259 maerore
2496 1206 2660 1267 afﬁci,
2711 1205 2945 1276 ciboque
2978 1223 3043 1265 ac
3064 1212 3206 1276 potu
3237 1216 3293 1260 et
3324 1214 3470 1263 veste

1856 1293 2133 1363 indigere.
2169 1296 2507 1351 Iracundum
2541 1296 2711 1350 etiam
2740 1302 2913 1365 atque
2936 1296 3193 1355 invidum
3241 1314 3381 1359 esse,
3416 1303 3473 1350 et

1866 1383 2092 1439 libidine
2118 1384 2357 1444 incitari.
2391 1392 2448 1439 et
2462 1384 2797 1454 paenitentia
2826 1385 2972 1449 duci,
3008 1402 3073 1437 ac
3103 1385 3294 1438 multis
3316 1385 3470 1441 defe-

190 1486 297 1523 ram
322 1471 568 1541 imperio
597 1471 907 1541 subjectam
936 1489 1075 1536 esse,
1112 1472 1275 1526 effodi
1303 1472 1469 1527 etiam
1503 1478 1559 1526 et
1586 1480 1779 1527 conta-
1862 1472 2044 1527 ctibns
2066 1473 2337 1527 laborare.
2369 1474 2574 1527 Verum
2598 1473 2789 1527 multis
2820 1473 2988 1529 etiam
3014 1474 3193 1527 modis
3225 1491 3472 1529 corrum-

190 1558 400 1623 minari,
424 1567 596 1629 atque
627 1559 883 1614 inutilem
906 1560 1206 1616 fieri.Nam
1241 1560 1287 1615 si
1319 1560 1448 1631 igne
1477 1568 1775 1628 torreatur,
1863 1560 2033 1630 pitur,
2086 1562 2355 1617 nimirum
2402 1562 2471 1616 ab
2516 1561 2827 1625 elementis,
2890 1568 2947 1616 et
2973 1562 3372 1627 animantibus,
3396 1580 3470 1619 .ac

190 1647 465 1713 emoritur,
520 1648 797 1718 siquidem
827 1666 891 1702 ex
922 1655 1069 1703 testa
1116 1648 1255 1703 nihil
1304 1650 1438 1704 oriri
1468 1658 1668 1720 potest.
1705 1653 1784 1705 Ac
1807 1639 2147 1720 Bpostremo
2178 1668 2211 1705 a
2232 1659 2421 1706 .morte
2467 1651 2573 1720 ipsi
2604 1650 2954 1704 imminente.
2984 1651 3061 1704 Ex
3092 1668 3200 1720 quo
3232 1651 3471 1713 efﬁcitur

190 1744 457 1807 pnnterea
485 1737 533 1790 si
552 1737 829 1791 imbribus
842 1739 1083 1792 nimium
1104 1738 1493 1809 perfundatur,
1507 1739 1777 1809 tumipsa,
1865 1745 1929 1793 ut
1954 1740 2125 1793 homo
2155 1741 2293 1794 deus
2324 1758 2444 1794 esse
2471 1746 2731 1809 nequeat,
2768 1740 2865 1792 sed
2900 1740 2997 1792 Dei
3017 1741 3462 1809 opus.Quocirca

188 1831 295 1878 tum
322 1825 509 1896 ipsius
538 1827 754 1881 fructus
780 1834 1239 1898 corrumpuntur.
1270 1828 1416 1891 Quin
1442 1828 1511 1882 ab
1540 1828 1781 1883 homini-

194 1913 280 1967 bus
304 1915 652 1987 reliquisque
673 1916 1052 1970 animantibus
1078 1917 1448 1987 proculcatur,
1468 1918 1781 1972 interfecto—

191 2019 299 2056 mm
325 2005 609 2074 sanguine
638 2005 983 2076 inquinatur.
1017 2006 1296 2072 effoditur,
1332 2007 1660 2077 completur,
1694 2022 1781 2059 ca-

194 2092 446 2147 daverum
466 2094 634 2147 theca
653 2095 911 2149 efﬁcitur.
946 2095 1078 2158 Quae
1108 2112 1236 2149 cum
1264 2095 1348 2149 ita
1373 2095 1505 2162 sint,
1522 2096 1650 2150 ﬁeri
1668 2102 1779 2151 non

188 2187 361 2250 potest
388 2188 456 2236 ut
482 2188 636 2237 terra
664 2184 769 2238 dea
806 2185 898 2251 sit,
931 2184 1029 2238 sed
1060 2201 1152 2238 res
1180 2201 1214 2238 a
1236 2185 1357 2238 Deo
1389 2184 1460 2237 ad
1489 2184 1780 2240 hominum

190 2285 335 2323 usum
348 2270 582 2325 effecta.

250 2359 467 2414 Eodem
476 2360 666 2426 modo,
698 2360 792 2430 qui
804 2376 1008 2431 aquam
1023 2361 1185 2415 deam
1200 2377 1320 2414 esse
1332 2365 1775 2431 putant,.errant.

203 2446 327 2501 Nam
354 2465 684 2520 earquoque
713 2450 781 2502 ad
830 2450 1130 2504 hominum
1162 2467 1324 2504 usum
1356 2456 1649 2520 procreata
1674 2456 1777 2516 est,

198 2552 493 2608 eorumque
517 2537 889 2592 dominationi
914 2538 1125 2592 subest.
1150 2539 1589 2593 Contaminatur
1609 2540 1781 2593 etiam

198 2634 244 2679 et
268 2626 655 2691 labefactatur,
686 2635 744 2681 et
769 2644 896 2681 cum
914 2627 1047 2697 igne
1071 2633 1259 2683 coacta
1286 2633 1388 2693 est,
1414 2628 1776 2683 immutatur:

192 2714 317 2769 alios
343 2722 521 2787 atque
551 2716 691 2770 alios
715 2716 950 2770 subinde
976 2718 1188 2771 colores
1226 2717 1418 2781 sumit,
1438 2722 1631 2787 utpote
1660 2733 1781 2786 quae

192 2808 245 2857 et
264 2804 470 2875 frigore
495 2812 837 2870 concrescat,
871 2811 930 2860 et
956 2822 1026 2860 ex
1056 2823 1253 2861 cruore
1292 2806 1616 2877 spurcitiem
1647 2822 1780 2859 con-

184 2893 379 2960 trahat,
400 2898 464 2948 et
486 2894 558 2948 ad
578 2895 932 2965 imperaram
953 2896 1205 2949 omnium
1225 2912 1415 2949 rerum
1437 2893 1781 2949 ablutionem

1856 1827 2074 1897 ingenti
2110 1846 2298 1882 errore
2332 1829 2576 1883 Chaldaei
2603 1828 2744 1898 lapsi
2777 1835 2931 1887 sunt,
2974 1829 3107 1881 dum
3140 1829 3467 1899 opinionum

1863 1933 2095 1971 suarum
2140 1924 2460 1973 commenta
2511 1924 2848 1987 sequuntur.
2879 1918 3169 1971 Elementa
3208 1918 3377 1983 enim,
3411 1918 3469 1971 in

1865 2023 1986 2075 qua:
2018 2007 2276 2060 interitus
2296 2008 2463 2071 cadit.
2497 2024 2561 2060 ac
2587 2013 2840 2063 mortuas
2865 2012 3078 2060 statuas
3108 2013 3466 2074 venerantur,

1855 2110 1965 2148 nec
1993 2112 2052 2149 se
2068 2096 2135 2149 in
2163 2097 2393 2152 deorum
2421 2112 2721 2151 numerum
2744 2112 2811 2149 ea
2839 2096 3045 2149 referre
3075 2095 3342 2151 sentiunt.

1934 2185 2017 2238 Ad
2050 2186 2275 2240 Graecos
2298 2186 2416 2255 jam
2440 2185 2747 2248 veniamus,
2774 2189 2836 2237 ut
2866 2184 2910 2237 si
2934 2184 3063 2254 quid
3092 2184 3233 2237 forte
3264 2185 3332 2238 de
3354 2184 3469 2240 Deo

1854 2281 2013 2329 recte
2036 2274 2285 2330 sentiant
2314 2274 2618 2329 videamus.
2648 2272 2825 2328 Graeci
2847 2272 3021 2342 igitur
3048 2273 3337 2342 sapientiae
3353 2273 3469 2337 lau-

1864 2364 1990 2418 dem
2036 2363 2141 2417 sibi
2189 2370 2539 2433 arrogantes,
2571 2363 2859 2417 stultiores
2890 2362 3059 2417 etiam
3090 2362 3362 2415 Chaldaeis
3404 2378 3465 2421 se

1863 2453 2240 2524 praebuerunt,
2292 2453 2608 2522 complures
2664 2451 2921 2505 videlicet
2948 2451 3082 2505 deos
3109 2451 3457 2515 inducentes,

1854 2543 2067 2613 .partim
2102 2541 2621 2611 masculos,partim
2652 2541 2907 2603 feminas,
2934 2540 3257 2595 vitiosarum
3282 2540 3464 2595 omnis

1862 2631 2087 2701 generis
2098 2631 2478 2693 aliectionum,
2498 2646 2561 2683 ac
2582 2630 2855 2689 scelerum
2869 2629 3220 2686 architectos.
3243 2629 3464 2689 Etenim

1856 2720 2195 2786 -ridicula,et
2208 2720 2399 2784 stulta,
2415 2718 2673 2788 etimpia,
2692 2736 2856 2786 orex,
2895 2719 3074 2772 Graeci
3105 2718 3467 2785 induxerunt,

1867 2826 1962 2862 eos
1985 2809 2077 2879 qui
2128 2825 2239 2862 non
2269 2814 2401 2861 sunt
2442 2809 2601 2877 juxta
2636 2824 2923 2877 perversas
2973 2824 3102 2860 suas
3132 2807 3465 2877 cupiditates

1852 2897 2392 2967 rdeosappellantes.
2426 2902 2487 2950 ut
2516 2896 2785 2953 nimirum
2844 2912 2939 2949 eos
2968 2895 3087 2950 vitii
3114 2901 3382 2965 patronos
3407 2912 3470 2948 ac

184 2981 533 3038 (adhibeatur.
569 2984 649 3037 Ex
706 3001 815 3054 quo
862 2984 1078 3054 liquido
1132 2988 1355 3039 constat
1381 2983 1842 3058 aquamdeamc
1864 2988 2185 3040 defensores
2202 2984 2502 3049 habentes,
2535 2984 2813 3041 adulteria
2838 2988 3182 3053 perpetrent,
3215 2983 3456 3053 rapiant,

182 3086 297 3125 ese
317 3089 429 3127 non
462 3089 651 3143 posse.
670 3073 782 3127 sed
812 3073 912 3127 Dei
944 3090 1105 3144 opus.

251 3161 365 3215 Jam
395 3179 534 3215 vero
586 3162 682 3232 qui
710 3162 897 3232 ignem
925 3163 1091 3217 deum
1120 3179 1243 3216 esse
1271 3160 1640 3227 arbitrantur,
1674 3161 1781 3232 ipsi

182 3264 394 3321 quoque
423 3258 640 3305 errant.
674 3252 893 3305 Etenim
932 3251 1089 3322 ignis
1142 3251 1211 3305 ad
1260 3251 1561 3307 hominum
1616 3267 1783 3307 usum

192 3346 395 3394 creatus
426 3347 532 3404 est,
570 3340 1335 3411 ipsorumquedominationi
1375 3340 1584 3404 subest,
1619 3348 1676 3393 et
1700 3339 1781 3397 .ab

189 3426 415 3497 ipsisad
472 3431 657 3484 omnis
688 3431 927 3499 generis
966 3447 1195 3495 carnes,
1240 3429 1445 3500 partim
1474 3430 1779 3497 elixandas,

192 3519 698 3586 partimassandas,
750 3525 919 3589 atque
976 3520 1143 3574 etiam
1192 3519 1262 3572 ad
1292 3525 1514 3573 mortua
1546 3535 1780 3589 corpora

186 3609 604 3673 mmemanda,
640 3626 671 3661 e
699 3608 818 3661 loco
848 3608 907 3661 in
932 3608 1117 3661 locum
1150 3606 1577 3672 circumfertur;
1611 3614 1781 3677 atque

180 3694 401 3767 insuper
423 3698 623 3751 multis
652 3697 836 3751 modis
864 3696 1263 3767 corrumpitur,
1288 3704 1345 3750 et
1363 3695 1433 3749 ab
1462 3696 1781 3751 hominibus

190 3785 675 3857 exstinguitur;.ac
702 3786 935 3856 proinde
962 3785 1110 3855 ignis
1130 3786 1268 3839 deus
1290 3802 1411 3839 esse
1441 3802 1551 3840 non
1578 3790 1778 3855 potest.

186 3873 389 3929 εειὶῦθί
421 3892 589 3946 opus.

244 3964 330 4016 Ad
362 3964 631 4018 eumdem
678 3964 850 4018 etiam
880 3964 1107 4018 modum
1131 3963 1227 4033 qui
1256 3968 1549 4017 ventorum
1586 3963 1782 4019 ﬂatum

186 4050 343 4107 deum
373 4070 501 4107 esse
527 4053 868 4119 existimant,
898 4058 1106 4107 errant.
1132 4052 1499 4123 Perspicuum
1520 4052 1784 4106 enimest

179 4152 406 4196 ventum
470 4143 635 4196 alteri
689 4141 975 4205 inservire,
1021 4147 1216 4207 που
1267 4146 1437 4211 atque
1490 4141 1782 4197 hominum

1856 3076 2163 3140 trucidant,
2186 3080 2357 3145 atque
2377 3073 2725 3127 atrocissima
2745 3088 2979 3143 quaeque
2990 3073 3198 3126 scelera
3218 3072 3471 3126 commit-

1854 3169 2006 3218 tant.
2037 3165 2185 3218 Nam
2209 3180 2334 3219 cum
2358 3163 2610 3232 ipsorum
2640 3162 2717 3219 dii
2746 3160 3066 3231 hujusmodi
3089 3159 3460 3230 llagitiadesi-

1863 3254 2111 3324 gnarint,
2126 3269 2371 3323 quonam
2393 3258 2554 3322 pacto
2582 3251 2688 3321 ipsi
2720 3267 2941 3320 quoque
2971 3267 3083 3304 non
3106 3251 3301 3303 eadem
3332 3265 3462 3319 per-

1864 3342 2214 3413 petrabant?
2242 3342 2322 3395 Ex
2346 3328 2646 3409 this'igitur
2675 3339 2881 3393 erroris
2911 3338 3111 3393 studiis
3140 3343 3197 3391 et
3222 3337 3461 3392 institu-

1865 3432 1957 3497 tis,
1992 3430 2313 3485 hominibus
2336 3429 2481 3483 bella
2504 3436 2559 3485 et
2588 3429 2788 3494 caedes,
2814 3435 2983 3498 atque
3015 3427 3243 3481 acerbas
3283 3427 3462 3497 capti-

1861 3521 2062 3575 vitates
2090 3520 2283 3574 crebro
2332 3518 2569 3588 experiri
2610 3517 2863 3586 contigit.
2889 3518 3033 3580 Quin
3082 3518 3272 3582 etiam,
3315 3516 3361 3569 si
3399 3515 3468 3568 de

1852 3610 2113 3681 ipsorum
2135 3610 2242 3665 diis
2270 3608 2559 3679 sigillatim
2587 3606 2754 3661 verba
2782 3607 2963 3661 facere
2993 3606 3248 3670 velimus,
3274 3605 3467 3675 ingen-

1851 3704 1979 3757 tem
2012 3699 2416 3755 ubsurditatem
2447 3703 2843 3768 perspecturus
2873 3712 2957 3751 es.

1937 3789 2227 3858 Siquidem
2260 3789 2565 3843 Saturnum
2589 3786 2697 3856 ipsi
2724 3794 2853 3841 ante
2879 3801 3075 3838 omnes
3107 3784 3276 3837 deum
3306 3784 3469 3838 indu-

1866 3883 2018 3938 cunt,
2047 3878 2210 3947 eique
2236 3877 2380 3931 ﬁlios
2405 3893 2536 3931 suos
2557 3881 2827 3933 mactant.
2847 3874 2955 3938 Qui
2981 3873 3207 3944 quidem
3233 3890 3298 3926 ex
3312 3873 3469 3928 Rhea

1854 3968 2073 4023 multos
2103 3966 2247 4021 ﬁlios
2276 3965 2490 4029 habuit,
2524 3982 2663 4034 quos
2690 3964 2861 4019 etiam
2916 3963 3035 4033 ipse
3078 3962 3265 4015 furore
3284 3961 3469 4033 perci-

1854 4061 1955 4111 tus
1983 4055 2300 4111 devorabat.
2342 4054 2516 4108 Aiunt
2569 4061 2758 4106 autem
2804 4053 2997 4105 Jovem
3056 4050 3161 4121 ipsi
3224 4050 3470 4119 genitale

1864 4143 2180 4196 membrum
2217 4143 2536 4206 abscidisse,
2566 4147 2734 4211 atque
2781 4140 2837 4193 in
2871 4156 3025 4193 mare
3052 4138 3371 4209 projecisse,
3401 4156 3466 4193 ex

186 4232 441 4286 musaad
470 4232 1106 4285 transvehendasmaves
1137 4247 1201 4283 ac
1224 4228 1784 4301 frumentacompor—
1852 4250 1974 4303 quo
2006 4233 2279 4286 Venerem
2310 4238 2491 4287 ortam
2523 4248 2644 4285 esse
2674 4229 3014 4283 fabulantur.
3038 4226 3256 4297 Jupiter
3277 4230 3465 4279 autem

187 4320 364 4385 tanda,
397 4321 768 4391 reliquosque
802 4321 1067 4392 ipsorum
1097 4336 1247 4374 usus
1292 4336 1324 4373 a
1352 4320 1468 4374 Deo
1495 4320 2085 4412 conditumIDpatrem
2111 4337 2274 4383 suum
2298 4320 2528 4375 vinculis
2559 4318 2940 4382 constrictum,
2960 4316 3016 4369 in
3038 4320 3315 4369 tartarum
3330 4329 3467 4383 prae-

176 4411 477 4464 esse;an
504 4411 917 4481 accedit,pquod
946 4427 1047 4481 pro
1084 4411 1187 4465 Dei
1220 4412 1581 4482 jussuatque
1611 4409 1783 4480 impe-
1803 4404 2096 4481 ".cipitem
2128 4408 2299 4463 dedit.
2333 4408 2500 4461 Vides
2544 4424 2791 4463 errorem
2845 4423 2909 4460 ac
2959 4404 3262 4466 libidinem,
3299 4418 3467 4472 quam

177 4497 409 4553 rimtum
448 4499 699 4570 augessit
730 4506 850 4553 tum
888 4499 1262 4554 imminuitur.
1294 4500 1633 4564 Quareﬁeri
1670 4516 1783 4553 non
1849 4500 2129 4557 adversus
2158 4499 2323 4552 deum
2350 4514 2519 4555 suum
2544 4497 2830 4557 invehunt.
2860 4497 2986 4549 Non
3016 4494 3164 4547 enim
3194 4491 3317 4545 ﬁeri
3339 4496 3465 4561 pot-

186 4592 363 4656 pctest
394 4596 469 4644 ut
496 4596 699 4643 ventus
726 4590 876 4643 Deus
900 4588 992 4653 sit,
1027 4606 1221 4643 verum
1246 4590 1346 4643 Dei
1371 4606 1531 4660 opus.

248 4678 426 4733 Porro
459 4679 559 4749 qui
600 4679 783 4733 solem
827 4678 996 4735 deum
1024 4694 1145 4732 esse
1174 4684 1398 4750 putant,
1430 4678 1535 4749 ipsi
1566 4693 1787 4748 quoque

182 4776 389 4822 errant.
410 4768 727 4839 :Siqnidem
756 4768 1235 4822 eumnecessario
1266 4767 1475 4821 moveri
1518 4766 1787 4839 perspici-

180 4866 598 4929 musratquea
628 4864 834 4928 puncto
865 4857 923 4911 in
948 4862 1220 4929 punctum
1268 4857 1515 4927 migrare
1542 4862 1597 4910 et
1636 4872 1789 4909 com-

168 4948 405 5013 mutari,
440 4954 503 5001 et
520 4947 860 5001 occidereet
886 4946 1109 5011 exoriri,
1127 4952 1191 5000 ut
1218 4946 1288 5013 ad
1316 4946 1609 5000 hominum
1632 4945 1787 4999 utili-

172 5042 347 5090 tatem
368 5039 584 5107 stirpcs
616 5037 927 5107 etplantas
944 5035 1383 5101 caloreufticiat,
1420 5041 1590 5105 atque
1629 5035 1788 5088 insu-

176 5141 270 5194 per
291 5143 430 5179 eum
463 5125 951 5178 divisionem-cum
982 5124 1211 5195 reliquis
1252 5121 1781 5189 sideribus‘habere,

172 5229 237 5266 ac
263 5215 472 5268 multis
490 5213 763 5285 .parti'ous
791 5214 931 5267 coelo
960 5213 1234 5267 minorem
1261 5230 1403 5280 esse,
1420 5212 1669 5282 .luceque
1698 5212 1785 5266 in-

172 5303 622 5367 teniumdeﬁci,
640 5320 759 5357 .nec
790 5303 965 5356 ullum
994 5302 1298 5373 imperium
1324 5308 1380 5356 et
1410 5300 1785 5373 principatum

172 5394 461 5448 obtinere.
496 5393 573 5446 Ex
600 5391 881 5463 quoillud
911 5392 1141 5463 planum
1194 5398 1281 5446 est
1306 5391 1447 5445 itieri
1472 5406 1584 5445 non
1625 5406 1787 5460 posse

170 5482 533 5537 utsohthns
546 5480 783 5547 sit,«sed
809 5479 917 5535 Dei.
932 5497 1092 5550 opus.

1850 4594 1955 4645 .est
1979 4595 2044 4642 ut
2071 4589 2209 4643 deus
2239 4586 2453 4641 catenis
2478 4586 2772 4645 vinciatur,
2804 4584 3021 4654 ipsique
3045 4581 3319 4652 genitales
3340 4596 3466 4651 par-

1852 4682 1952 4733 tes
1977 4676 2390 4749 amputentur?
2420 4675 2465 4730 Ο
2521 4675 2861 4743 singularem
2919 4670 3264 4733 amentiam!
3329 4669 3465 4733 Quis

1870 4773 2057 4820 mente
2088 4767 2350 4837 praeditus
2378 4766 2495 4818 hmc
2520 4762 2768 4819 dixerit?

1944 4856 2231 4911 Secundus
2255 4855 2475 4925 Jupiter
2504 4853 2807 4916 inducitur,
2832 4866 2999 4920 quem
3023 4849 3080 4903 in
3110 4865 3306 4903 omnes
3335 4848 3468 4902 deos

1870 4962 2001 5000 suos
2020 4962 2258 5015 regnum
2287 4949 2478 4997 tenere
2503 4941 2681 5006 aiunt,
2713 4945 2883 5009 atque
2912 4939 2971 4992 in
2996 4938 3175 4993 varias
3219 4938 3471 4993 animan-

1854 5035 2237 5104 *tiumiiguras
2251 5030 2561 5105 immutari,
2582 5035 2645 5085 ut
2664 5027 2994 5085 mortalibus
3016 5026 3344 5083 mulieribus
3355 5033 3472 5082 stu-

1870 5140 2034 5192 prum
2063 5122 2285 5176 infcrat.
2319 5119 2537 5175 Etenim
2567 5135 2694 5173 eum
2726 5117 2783 5173 in
2809 5122 3035 5173 taurum
3092 5132 3213 5169 sese
3264 5115 3470 5171 immu-

1869 5220 2018 5267 tasse
2038 5211 2288 5273 tradunt,
2320 5215 2383 5265 ut
2432 5209 2655 5277 Europa
2692 5206 3002 5277 potiretur;
3048 5205 3107 5261 in
3152 5221 3375 5269 aurum,
3410 5208 3471 5256 ut

1870 5303 2096 5367 Danae;
2132 5300 2186 5352 in
2220 5315 2482 5370 cygnum,
2518 5303 2579 5350 ut
2622 5296 2773 5350 Leda
2807 5314 2818 5363 ;
2860 5295 2917 5348 in
2948 5300 3319 5365 satyrum,.ut
3355 5293 3469 5347 An-

1855 5390 2052 5460 tiopa;
2096 5389 2156 5443 in
2190 5389 2535 5452 .fulmen,.ut
2564 5386 2803 5443 Semela.
2835 5386 2913 5440 Ac
2940 5388 3135 5455 postea
3162 5382 3368 5437 multos
3405 5394 3470 5429 ex

1856 5477 2105 5535 -ii$lﬁljDS
2127 5476 2427 5542 exstitisse,
2452 5475 2741 5535 Bacchum
2795 5473 3025 5533 scilicet.
3044 5466 3469 5541 .Zethum,,m-
