3876 6190
455 207 556 267 551

1476 202 1572 260 DE
1607 204 1798 261 VITIS
1833 203 2131 260 PATRUM
2166 203 2383 260 LIBER
2417 203 2708 261 PRIMUS.

3547 222 3629 282 552

451 335 739 407 phionem,
773 331 1090 395 Herculem,
1119 327 1731 402 Apollinem,Dianam.
1757 327 2112 394 Perseum,A
2129 330 2245 381 tras
2272 325 2592 393 habentem,
2622 327 2914 399 solamque
2969 343 3095 383 cum
3139 331 3348 387 canibus
3369 345 3634 410 vagantem,

456 425 745 479 Castorem
783 426 840 475 et
865 420 1169 486 Pollucem,
1204 420 1494 485 Helenam,
1534 417 1800 482 Minoem,
1827 416 2048 470 Rhada—
2125 420 2192 470 ut
2217 432 2441 471 cervum
2498 421 2598 470 aut
2633 433 2832 488 aprum
2873 417 3205 489 intercipiat.
3237 421 3460 485 Quonam
3499 428 3639 500 igitur

455 517 730 576 mantum,
763 509 1164 580 Sarpedonem,
1199 513 1256 562 et
1286 523 1484 562 novem
1532 505 1668 560 item
1713 505 1874 572 ﬁlias,
1907 521 2046 576 quas
2127 506 2293 560 modo
2319 507 2424 560 dea
2452 506 2560 560 erit
2580 506 2832 561 venatrix
2857 507 3078 575 mulier,
3093 513 3281 564 etcum
3299 513 3500 570 canibus
3517 518 3642 572 ober-

452 603 640 656 Musas
668 604 1012 670 nuncupant.

521 692 604 744 Ac
629 689 855 743 demum
904 687 973 742 de
1005 686 1332 759 Ganymede
1379 701 1694 740 sermonem
1753 683 2044 738 inducunt.

451 779 594 834 Hinc
626 779 832 848 itaque,
867 793 898 831 o
947 793 1062 842 rex,
1108 774 1429 830 hominibus
1472 772 1723 842 contigit,
1771 776 1837 826 ut
1859 771 1930 826 ad
1959 769 2049 824 dei

452 867 540 923 sui
569 867 942 921 imitationem
964 866 1082 920 haec
1097 865 1286 918 omnia
1313 863 1685 926 imitarentur,
1700 865 1868 932 atque
1889 860 2050 914 adul-

449 956 556 1012 teri
586 961 789 1022 essent,
805 961 863 1009 et
877 955 1076 1008 insano
1101 953 1479 1007 masculorum
1498 967 1688 1004 amore
1699 954 2047 1016 tenerentur,

447 1051 506 1101 et
535 1045 649 1100 alia
666 1045 948 1099 horrenda
976 1043 1192 1113 ﬂagitia
1219 1045 1628 1114 perpetrarent.
1647 1039 1924 1104 Quoniam
1940 1037 2036 1108 igi-

448 1142 544 1190 tur
571 1135 738 1189 modo
765 1133 890 1188 ﬁeri
913 1137 1098 1206 potest
1146 1137 1210 1186 ut
1249 1131 1399 1184 Deus
1445 1129 1666 1184 adulter
1689 1129 1780 1195 sit,
1812 1133 1912 1182 aut
1939 1143 2046 1198 pte-

447 1223 589 1290 dico,
625 1227 725 1278 aut
750 1221 1066 1293 parricida?

521 1311 668 1377 Quin
700 1310 1008 1365 Vulcanum
1039 1309 1211 1364 etiam
1240 1307 1540 1378 quemdam
1583 1305 1751 1360 deum
1781 1321 1902 1360 esse
1931 1309 2044 1358 tra-

449 1399 610 1468 dunt,
627 1415 868 1470 eumque
889 1397 1170 1460 claudum,
1193 1396 1571 1465 malleumque
1592 1409 1656 1447 ac
1669 1393 1935 1464 forcipem
1955 1397 2044 1446 te-

449 1495 696 1555 nentem,
734 1493 792 1542 et
813 1487 1030 1542 ferarize
1060 1486 1168 1540 arti
1224 1485 1401 1540 victus
1455 1499 1624 1538 causa
1652 1498 1880 1554 operam
1911 1482 2047 1535 dan-

446 1584 582 1632 tem.
603 1579 748 1648 Ergo
768 1593 958 1632 rerum
977 1575 1216 1648 penuria
1229 1572 1538 1628 laborabat.
1563 1571 1734 1642 Atqui
1759 1587 1794 1624 a
1819 1571 1934 1625 Deo
1953 1569 2049 1624 ab-

2129 611 2260 650 rans
2277 593 2302 648 ?

2199 684 2490 739 Postremo
2537 685 2812 740 Venerem
2863 685 3033 740 etiam
3071 687 3226 742 deam
3253 706 3364 744 esse
3389 692 3653 750 adulteram

2130 771 2344 830 dicunt.
2385 773 2701 845 Aliquando
2729 774 2878 828 enim
2913 791 3043 828 cum
3083 779 3248 832 Marte
3273 779 3552 848 concubuit,
3577 784 3656 837 ali-

2133 863 2356 933 quando
2379 879 2508 917 cum
2527 863 2790 929 Anchise,
2807 863 3109 935 aliquando
3129 882 3249 920 cum
3271 868 3658 942 Adonide,cujus

2132 951 2304 1004 etiam
2332 956 2572 1006 mortem
2589 952 2868 1022 deplorat,
2911 953 3183 1007 amasium
3207 971 3359 1009 suum
3388 958 3654 1028 requirens.

2131 1039 2280 1104 Quin
2308 1040 2480 1094 etiam
2505 1057 2630 1094 eam
2689 1041 2760 1094 ad
2799 1041 3008 1096 inferos
3059 1042 3393 1099 descendisse
3435 1047 3588 1110 aiunt,
3609 1054 3661 1103 ut

2127 1129 2442 1184 Adonidem
2479 1146 2515 1184 a
2542 1129 2881 1201 Proserpina
2935 1131 3257 1190 redimeret.
3307 1133 3554 1189 Vidistine
3583 1153 3666 1190 un-

2127 1234 2319 1288 quam,
2349 1235 2382 1272 o
2409 1233 2526 1284 rex,
2557 1218 2898 1273 dementiam
2948 1219 3053 1274 hac
3098 1221 3408 1291 majorem?
3426 1223 3569 1276 deam
3591 1223 3663 1277 ni-

2094 1307 2332 1390 ,mirum
2361 1307 2644 1374 inducere,
2666 1325 2788 1378 quae
2815 1307 3079 1363 adulterii
3105 1309 3334 1364 crimine
3374 1328 3430 1364 se
3469 1311 3669 1366 obstrin-

2124 1399 2240 1466 gat,
2275 1401 2332 1450 et
2354 1396 2537 1467 ploret
2554 1414 2620 1452 ac
2643 1398 3000 1452 lamentetur.

2196 1485 2507 1540 Adonidem
2545 1491 2736 1541 autem
2791 1487 2966 1541 etiam
3016 1487 3183 1542 deum
3213 1495 3517 1544 venatorem
3540 1490 3674 1544 indu-

2128 1579 2282 1640 cunt,
2319 1591 2559 1646 eumque
2609 1575 2678 1630 ab
2724 1593 2860 1648 apro
2903 1595 3231 1648 percussum
3272 1579 3503 1634 violenta
3525 1587 3674 1634 morte

445 1667 658 1734 horret,
681 1667 942 1722 claudum
967 1682 1106 1729 esse,
1139 1669 1310 1734 atque
1338 1661 1632 1716 hominum
1653 1677 1757 1731 ope
1773 1659 2043 1730 indigere.
2063 1661 2407 1744 Binteriisse
2437 1665 2613 1726 aiunt,
2643 1682 2746 1719 nec
2774 1665 2834 1719 in
2861 1666 3186 1736 hujusmodi
3205 1667 3510 1722 calamitate
3543 1685 3678 1739 opem

519 1756 727 1810 Adhmc
747 1754 1086 1810 Mercurium
1115 1753 1285 1807 etiam
1297 1750 1455 1805 nobis
1464 1750 1632 1804 deum
1652 1747 2045 1818 inducunt,qui

445 1845 684 1917 cupidus
712 1844 806 1910 sit,
833 1849 889 1897 et
937 1843 1046 1909 fur,
1093 1847 1151 1896 et
1177 1857 1398 1906 avarus,
1435 1845 1492 1894 et
1533 1854 1750 1909 magus,
1794 1842 1852 1891 et
1877 1837 2046 1891 versi-

443 1935 625 2006 pellis,
657 1949 723 1987 ac
749 1947 1074 1986 sermonum
1115 1929 1414 2000 interpres.
1447 1927 1606 1993 Quod
1653 1927 1880 1998 quidem
1909 1926 2043 1980 item

443 2022 504 2077 in
533 2021 637 2078 Dei
663 2025 924 2076 naturam
950 2019 1183 2074 minime
1211 2018 1380 2074 cadit.

517 2109 895 2180 Esculapium
925 2109 1156 2180 insuper
1194 2107 1256 2161 in
1283 2107 1513 2160 deorum
1547 2121 1782 2160 numero
1809 2103 2038 2171 habent,

445 2199 541 2270 qui
563 2199 812 2253 medicus
837 2203 977 2264 erat,
1021 2201 1078 2250 et
1124 2195 1429 2267 pharmaca
1473 2199 1658 2262 θον
1691 2192 2036 2259 conficiebat,

441 2293 614 2359 atque
646 2288 970 2358 emplastra,
1000 2285 1178 2340 victus
1205 2284 1445 2356 parandi
1467 2299 1638 2338 causa
1660 2283 1812 2351 (nam
1839 2282 1896 2336 in
1917 2298 2042 2352 ege-

441 2381 587 2430 state
614 2375 962 2444 versabatur)
985 2371 1370 2444 componebat,
1394 2376 1522 2442 post
1549 2377 1739 2425 autem
1767 2386 1898 2425 eum
1908 2386 2040 2441 pro-

439 2469 567 2536 pter
589 2463 870 2535 Tyndarei
907 2461 1313 2517 Lacedaemonii
1361 2460 1540 2514 filium
1579 2477 1613 2514 a
1641 2461 1776 2514 Jove
1802 2457 2040 2513 fulmine

443 2569 771 2624 percussum
801 2551 1080 2606 interiisse
1118 2555 1370 2604 narrant.
1404 2548 1564 2613 Quod
1597 2549 1644 2602 si
1664 2547 2035 2618 Esculapius,

439 2659 567 2696 cum
589 2642 728 2696 deus
765 2646 931 2707 esset,
967 2657 1032 2694 ac
1061 2639 1295 2694 fulmine
1347 2642 1758 2709 percuteretur,
1789 2635 1896 2690 sibi
1931 2635 2040 2708 ipsi

435 2730 702 2802 Opitulari
729 2729 996 2801 nequivit,
1029 2728 1126 2800 qui
1152 2728 1382 2782 tandem
1405 2727 1531 2781 aliis
1551 2742 1715 2798 opem
1751 2724 1900 2780 ferre
1935 2742 2040 2796 po-

440 2819 576 2874 terit
595 2821 620 2872 ?

511 2910 657 2964 Mars
685 2908 856 2962 etiam
882 2907 952 2962 ab
980 2907 1051 2961 iis
1079 2907 1218 2961 deus
1245 2904 1374 2960 belli
1404 2905 1688 2960 studiosus
1733 2910 1791 2958 et
1813 2904 2038 2958 iracun-

2126 1751 2230 1806 sibi
2260 1752 2365 1824 ipsi
2387 1753 2586 1808 afferre
2611 1751 2880 1824 potuisse.
2912 1755 3172 1818 Quonam
3209 1755 3394 1828 itaque
3433 1762 3578 1828 pacto
3602 1758 3682 1810 ho-

2126 1841 2342 1896 minum
2368 1859 2559 1896 curam
2584 1847 2745 1913 geret
2773 1843 2994 1897 adulter
3017 1849 3076 1898 et
3099 1850 3349 1912 venator,
3382 1845 3574 1916 quique
3587 1845 3680 1899 vio-

2126 1930 2278 1985 lenta
2307 1936 2486 1986 morte
2512 1931 2766 1986 interiit?

2197 2019 2328 2074 Haec
2355 2019 2546 2074 omnia
2566 2036 2630 2074 ac
2650 2021 2830 2074 multa
2853 2019 2967 2074 alia
2986 2020 3456 2090 ejusmodiadhuc
3479 2022 3679 2076 foediora

2125 2113 2182 2162 et
2208 2109 2584 2176 sceleratiora,
2615 2126 2648 2164 ο
2690 2127 2806 2178 rex,
2839 2113 2910 2166 de
2937 2112 3045 2166 diis
3075 2111 3196 2166 suis
3225 2111 3402 2166 Graeci
3428 2111 3683 2176 inducunt,

2125 2214 2248 2268 quae
2275 2215 2378 2252 nec
2404 2199 2609 2266 dicere,
2642 2217 2746 2254 nec
2773 2201 3045 2256 memoria
3087 2201 3205 2254 ullo
3234 2201 3400 2254 modo
3446 2212 3686 2270 usurpare

2123 2286 2206 2339 fas
2235 2292 2336 2341 est.
2372 2287 2530 2342 Unde
2559 2288 2815 2344 homines
2845 2307 2880 2344 a
2907 2290 3016 2344 diis
3042 2289 3164 2344 suis
3211 2289 3552 2344 occasionem
3575 2288 3690 2342 arri-

2122 2375 2358 2446 pientes,
2387 2393 2552 2431 omne
2580 2377 2804 2432 sceleris
2831 2383 2887 2432 et
2931 2378 3185 2434 libidinis
3222 2384 3391 2450 atque
3419 2377 3688 2449 impietatis

2118 2481 2298 2535 genus
2318 2472 2733 2537 perpetrarunt,
2763 2467 3060 2522 horrendis
3111 2467 3346 2539 ﬂagitiis
3369 2467 3482 2522 suis
3507 2472 3692 2522 terram

2121 2558 2179 2607 et
2206 2570 2395 2608 aerem
2421 2555 2889 2612 contaminantes.

2192 2643 2439 2715 [Egyptii
2467 2651 2657 2698 autem
2679 2661 2775 2699 eos
2787 2645 3029 2700 stultitia
3047 2651 3109 2700 et
3127 2646 3438 2701 stoliditate
3462 2660 3699 2716 superan-

2121 2737 2226 2798 tes,
2256 2732 2510 2803 gravius
2538 2749 2708 2805 quam
2748 2735 2879 2788 ulla-3
2923 2734 3047 2790 alia:
3077 2735 3346 2789 nationes
3377 2735 3696 2790 aberrarunt.

2120 2821 2316 2892 Neque
2343 2821 2494 2876 enim
2526 2823 2848 2878 Graecorum
2903 2823 3037 2877 deos
3067 2823 3334 2878 venerari
3363 2823 3496 2878 satis
3521 2820 3704 2876 habue-

2118 2915 2272 2977 runt;
2298 2926 2495 2964 verum
2509 2910 2741 2982 insuper
2757 2911 2924 2966 bruta
2944 2912 3291 2980 animantia,
3307 2919 3426 2967 tam
3441 2909 3705 2966 terrestria

437 2999 563 3066 dus,
597 3015 664 3052 ac
689 2997 967 3068 pecudum
997 2996 1349 3066 aliarumque
1403 3011 1594 3048 rerum
1621 2993 1856 3065 cupidus
1880 2993 2040 3047 indu-
2059 3005 2287 3068 aquam
2317 2998 2378 3052 in
2409 2999 2570 3070 aquis
2597 2999 2876 3071 degentia,
2908 3007 3026 3055 tam
3059 3003 3276 3074 stirpes
3314 3018 3483 3074 quam
3508 3001 3705 3072 plantas

436 3087 600 3142 citur.
625 3087 806 3150 Quem
837 3086 971 3141 item
997 3090 1212 3157 postea,
1240 3101 1370 3139 cum
1397 3083 1676 3138 Venerem
1713 3087 2039 3154 constupra-

435 3184 540 3245 ret,
571 3195 608 3232 a
635 3195 810 3249 puero
823 3176 1098 3248 Cupidine
1130 3175 1456 3230 acVulcano
1486 3173 1722 3228 vinculis
1743 3173 2036 3228 astrictum

433 3268 606 3323 fuisse
634 3267 846 3321 dicunt.
879 3265 988 3330 Qui
1013 3265 1188 3336 igitur
1215 3265 1365 3318 Deus
1381 3263 1428 3317 is
1457 3280 1578 3318 esse
1603 3268 1792 3335 queat,
1818 3262 1913 3333 qui
1943 3278 2038 3316 cu-

432 3357 666 3429 piditate
691 3359 913 3428 ﬂagrat,
947 3372 1012 3409 ac
1039 3354 1198 3409 bellis
1223 3353 1554 3420 delectatur,
1585 3352 2035 3423 adulteriumque

435 3455 740 3522 perpetrat,
774 3467 838 3505 a':
869 3447 1103 3502 vinculis
1133 3445 1572 3516 constringitur?

506 3541 750 3594 Rursum
781 3543 971 3592 autem
1003 3537 1282 3591 Bacchum
1337 3535 1488 3588 inter
1529 3535 1664 3589 deos
1707 3540 2028 3601 numerant,

433 3629 864 3685 nocturnafesta
886 3626 1282 3693 celebrantem,
1298 3625 1646 3680 temulentiae
1671 3623 2028 3694 magistrum,

433 3719 785 3788 aliorumque
807 3733 1004 3771 uxores
1023 3715 1462 3780 abstrahentem,
1478 3714 1666 3767 furore
1677 3717 2029 3780 aestuantem,

430 3807 758 3879 fugientem,
791 3823 856 3860 ac
908 3810 1192 3876 postremo
1222 3821 1257 3858 a
1281 3803 1578 3858 Titanibus
1615 3801 2029 3856 obtruncatum.

431 3897 592 3962 Quod
615 3895 666 3950 si
695 3895 945 3949 Bacchus
973 3911 1101 3948 cum
1129 3893 1576 3958 interimeretur,
1617 3889 1724 3945 sibi
1768 3890 1876 3961 ipsi
1905 3891 2028 3961 opi-

429 3987 602 4042 tulari
633 4001 744 4040 non
771 3985 972 4056 potuit,
1001 3999 1198 4038 verum
1229 3988 1286 4036 et
1324 3981 1512 4036 furore
1553 3997 1800 4052 praeceps
1828 3979 2033 4050 ageba-

429 4081 542 4144 tur,
573 4085 631 4129 et
658 4073 918 4128 ebrietati
964 4070 1242 4138 studebat,
1288 4074 1346 4125 et
1376 4067 1746 4141 profugiebat,
1782 4085 2026 4140 quonam

427 4169 592 4236 pacto
621 4163 760 4218 deus
783 4179 906 4217 esse
936 4166 1107 4232 queat
1125 4161 1150 4213 ?

495 4254 642 4308 Tum
671 4257 863 4306 autem
893 4251 1190 4305 Herculem
1218 4247 1518 4314 inducunt,
1548 4247 1643 4319 qui
1675 4265 1735 4304 se
1775 4247 1902 4302 vino
1932 4247 2024 4302 ob-

2117 3086 2176 3140 in
2208 3087 2442 3142 deorum
2469 3105 2706 3143 numero
2734 3088 3074 3153 habuerunt,
3108 3097 3290 3162 atque
3323 3091 3476 3144 omni
3502 3087 3708 3142 insaniae

2117 3176 2440 3231 aclibidinis
2455 3193 2662 3248 genere
2679 3178 2906 3248 gravius
2945 3195 3124 3250 quam
3146 3181 3282 3235 ullae
3297 3185 3464 3234 terra:
3479 3177 3732 3258 natioqu

2117 3282 2238 3320 sese
2273 3271 2734 3337 conspurcarunt.
2762 3267 3096 3338 Antiquitas
3129 3270 3290 3322 enim
3346 3269 3550 3323 Isidem
3591 3265 3713 3320 cole-

2116 3354 2270 3421 bant,
2305 3354 2486 3410 virum
2523 3355 2691 3410 simul
2719 3372 2783 3410 ac
2809 3356 3042 3410 fratrem
3077 3357 3374 3412 Osiridem
3405 3356 3706 3416 habentem,

2117 3444 2213 3515 qui
2245 3461 2280 3498 a
2297 3443 2470 3498 fratre
2489 3461 2592 3498 suo
2609 3445 2878 3516 Typhone
2906 3444 3296 3502 obtruncatus
3317 3453 3426 3501 est.
3445 3447 3624 3516 anue
3657 3443 3714 3496 de

2114 3549 2286 3588 causa
2304 3533 2408 3589 Isis
2428 3550 2554 3588 cum
2575 3533 2689 3587 ﬁlio
2713 3551 2814 3588 suo
2836 3535 2947 3589 Oro
2983 3535 3046 3588 in
3079 3535 3338 3608 Byblum
3373 3535 3550 3606 Syria:
3571 3531 3710 3602 fugit.

2115 3621 2394 3676 Osiridem
2423 3639 2700 3693 quaerens,
2723 3627 2892 3694 atque
2925 3623 3134 3679 acerbe
3175 3625 3528 3689 lamentans,
3557 3619 3719 3694 quoad

2113 3711 2342 3765 tandem
2371 3711 2518 3766 Orus
2531 3711 2812 3775 crevisset,
2845 3729 2911 3766 ac
2930 3712 3283 3783 Typhonem
3313 3715 3387 3768 de
3415 3705 3595 3768 medio
3619 3726 3720 3764 sus-

2113 3799 2354 3854 tulisset.
2387 3800 2532 3870 Ergo
2561 3816 2663 3854 nec
2712 3800 2815 3854 Isis
2852 3801 3013 3854 fratri
3041 3819 3156 3856 suo
3188 3819 3260 3857 ac
3288 3803 3416 3858 viro
3459 3799 3723 3874 suppetias

2112 3888 2258 3943 ferre
2282 3889 2483 3960 potuit,
2515 3905 2618 3943 nec
2649 3888 2848 3955 Osiris,
2881 3906 3007 3944 cum
3043 3907 3081 3944 a
3112 3891 3406 3963 Typhone
3436 3891 3723 3947 trucidare-

2111 3983 2224 4044 tur,
2251 3977 2357 4032 sibi
2385 3977 2493 4049 ipsi
2547 3977 2754 4032 auxilio
2803 3995 2924 4032 esse
2953 3980 3173 4049 potuit,
3207 3998 3321 4038 nec
3369 3981 3611 4053 denique
3632 3978 3727 4050 Ty-

2109 4067 2258 4139 phon
2285 4065 2591 4147 fratricida,
2619 4083 2748 4122 cum
2775 4067 2826 4121 ei
2846 4067 2916 4121 ab
2947 4067 3062 4123 Oro
3113 4075 3179 4124 et
3209 4071 3370 4126 Iside
3401 4071 3628 4126 exitium
3654 4067 3726 4120 af-

2107 4156 2336 4223 feretur,
2369 4155 2615 4227 seipsum
2645 4173 2680 4210 a
2709 4161 2888 4211 morte
2916 4156 3243 4214 vindicare.
3284 4161 3362 4216 Et
3388 4167 3584 4215 tamen
3615 4171 3731 4212 cum

2107 4245 2167 4298 hi
2195 4245 2264 4300 ob
2294 4245 2618 4316 hujusmodi
2647 4245 2996 4300 calamitates
3023 4247 3104 4302 ad
3138 4249 3460 4304 hominum
3489 4248 3730 4304 notitiam

428 4347 577 4405 ruat,
610 4344 780 4409 atque
801 4339 860 4392 in
888 4339 1135 4393 furorem
1166 4343 1314 4401 ruat,
1346 4354 1588 4408 suosque
1617 4337 1764 4392 ﬁlios
1777 4337 2022 4408 jugulet,
2039 4361 2089 4420 Β
2107 4333 2510 4405 pervenissent,
2535 4350 2570 4388 a
2593 4334 2782 4388 stultis
2809 4335 3094 4406 Egyptiis
3127 4337 3214 4391 dii
3247 4338 3442 4394 habiti
3470 4342 3619 4393 sunt.

427 4446 494 4484 ac
522 4426 724 4482 deinde
768 4427 1011 4480 ﬂammis
1039 4425 1369 4498 absumptus
1397 4427 1658 4481 intereat.
1691 4427 1799 4492 Qui
1835 4432 2025 4480 autem

427 4518 578 4574 Deus
609 4532 731 4570 esse
757 4515 808 4570 is
855 4521 1042 4586 queat,
1068 4514 1166 4586 qui
1195 4532 1254 4569 se
1302 4515 1431 4570 vino
1475 4514 1681 4582 obruit,
1729 4532 1794 4570 ac
1818 4515 2024 4570 liberos

425 4623 558 4662 suos
579 4603 896 4670 obtruncat,
917 4603 1173 4674 ignisque
1191 4602 1391 4657 ardore
1413 4603 1756 4672 conﬂagrat?
1771 4603 1886 4657 Aut
1913 4619 2024 4674 quo

424 4695 654 4750 tandem
685 4693 850 4748 modo
880 4693 1003 4747 aliis
1033 4691 1238 4747 auxilio
1263 4707 1384 4746 esse
1407 4690 1632 4763 poterit,
1669 4691 1764 4762 qui
1793 4690 1901 4745 sibi
1928 4707 2024 4746 au-

423 4779 620 4834 xilium
649 4779 849 4833 aﬂ‘erre
871 4794 985 4831 non
1015 4775 1241 4848 potuit?

495 4867 775 4921 Praeterea
821 4866 1138 4936 Apollinem
1193 4861 1484 4931 inducunt,
1507 4863 1717 4920 invidia
1766 4863 2022 4919 laboran-

423 4961 561 5021 tem,
589 4961 758 5026 atque
809 4971 1001 5008 arcum
1033 4960 1092 5009 et
1142 4955 1488 5025 pharetram.
1521 4970 1585 5007 ac
1612 4969 2018 5024 nonnunquam

423 5042 598 5097 etiam
619 5042 893 5096 citharam
923 5048 982 5096 et
1021 5042 1218 5096 tibiam
1248 5048 1555 5108 tenentem,
1587 5041 2020 5114 hominibusque

421 5136 667 5204 quaestus
693 5147 862 5185 causa
887 5131 1148 5186 vaticinia
1169 5132 1448 5186 edentem.
1473 5129 1686 5200 Egebat
1715 5130 1907 5201 igitur.
1923 5134 2022 5187 At-

419 5220 517 5293 qui
538 5219 662 5274 ﬁeri
685 5237 798 5274 non
825 5225 1008 5290 potest
1035 5225 1100 5274 ut
1126 5220 1276 5274 Deus
1305 5226 1470 5292 egeat
1491 5225 1550 5274 et
1574 5219 1842 5288 invideat,
1860 5227 1918 5276 et
1947 5222 2020 5276 ci-

414 5309 705 5366 tharmdus
733 5309 826 5362 sit.

2180 4423 2326 4487 Quin
2355 4439 2538 4493 neque
2584 4422 2673 4476 his
2701 4428 2802 4477 aut
2831 4423 3070 4494 reliquis
3102 4428 3390 4496 gentium
3423 4425 3734 4484 numinibus

2108 4511 2377 4576 contenti,
2391 4511 2557 4565 bruta
2570 4511 2726 4565 enim
2739 4512 3059 4566 animantia
3069 4514 3368 4572 invexeru
3377 4525 3462 4573 nt.
3481 4511 3735 4572 Nonnulli

2107 4600 2316 4655 etenim
2345 4600 2596 4672 ipsorum
2625 4617 2803 4666 ovem,
2837 4601 2934 4654 alii
2964 4601 3234 4674 hircum,
3271 4607 3378 4662 alii
3428 4607 3660 4662 vitulum
3687 4607 3736 4656 et

2107 4706 2288 4756 suem,
2319 4689 2416 4744 alii
2462 4706 2690 4744 corvum
2732 4694 2789 4744 et
2830 4690 3193 4761 accipitrem,
3229 4696 3340 4750 alii
3373 4697 3654 4750 vulturem
3688 4694 3738 4742 et

2105 4778 2374 4850 aquilam,
2407 4777 2504 4832 alii
2531 4777 2872 4833 crocodilum
2895 4797 2908 4846 ;
2942 4779 3194 4850 quidam
3219 4785 3427 4852 felem,
3459 4791 3519 4840 et
3538 4797 3737 4844 canem,

2105 4872 2164 4922 et
2189 4867 2404 4938 lupum,
2437 4872 2494 4922 et
2520 4866 2760 4933 simiam,
2791 4872 2849 4921 et
2875 4867 3224 4934 draconem,
3256 4879 3323 4928 et
3340 4875 3632 4946 aspidem;
3654 4868 3737 4924 alii

2103 4973 2288 5028 cepas,
2318 4961 2376 5010 et
2414 4956 2544 5022 alia,
2577 4963 2635 5010 et
2689 4956 2900 5028 spinas,
2931 4963 3316 5035 ceterasque
3365 4982 3464 5019 res
3502 4961 3742 5019 conditas

2101 5045 2414 5099 coluerunt.
2433 5046 2548 5099 Nec
2562 5045 2819 5100 homines
2853 5045 3047 5102 miseri
3082 5051 3248 5106 nihil
3283 5054 3530 5108 omnino
3553 5050 3741 5105 virium

2102 5133 2192 5188 his
2219 5133 2479 5188 omnibus
2507 5133 2676 5188 rebus
2707 5134 2891 5189 inesse
2925 5137 3230 5196 sentiunt.
3255 5143 3420 5198 Nam
3465 5159 3596 5198 cum
3623 5141 3744 5195 deos

2101 5239 2232 5278 suos
2263 5223 2334 5276 ab
2361 5222 2484 5278 aliis
2518 5223 2839 5278 hominibus
2859 5230 2916 5278 et
2941 5229 3205 5295 comedi,
3237 5238 3304 5286 et
3327 5233 3473 5304 igne
3493 5228 3739 5291 cremari.

2101 5315 2158 5366 et
2178 5312 2429 5382 jugulari
2448 5317 2618 5383 atque
2648 5313 2932 5384 corrumpi
2955 5313 3234 5387 videant,
3251 5337 3382 5377 non
3410 5326 3613 5378 tamen
3625 5333 3746 5392 pro-

487 5397 696 5454 Eodem
719 5397 891 5452 etiam
917 5397 1084 5452 modo
1103 5397 1339 5454 Dianam
1361 5398 1538 5471 ipsius
1571 5415 1821 5455 sororem
1852 5399 2013 5454 indu—
2095 5399 2226 5455 inde
2251 5417 2345 5456 eos
2372 5402 2507 5457 deos
2525 5418 2641 5456 non
2668 5417 2792 5456 esse
2811 5400 3268 5464 intellexerunt.

415 5493 568 5557 cunt,
601 5485 884 5543 venationi
909 5486 1252 5555 studentem,
1281 5493 1455 5560 atque
1501 5504 1696 5544 arcum
1724 5493 1782 5544 et
1811 5489 2014 5561 phare-

2167 5490 2438 5554 Quocirca
2466 5507 2672 5562 magno
2700 5506 2892 5546 errore
2919 5497 3045 5546 tum
3081 5495 3401 5572 Egyptii,
3439 5507 3571 5558 tum
3599 5495 3752 5555 Chal-
