  <div class='ocr_page' id='page_1' title='image "/cluster/home/n/w/nwhite01/storage/ocr_20150623/73/hvd.32044054758776/282.png"; bbox 0 0 3954 6190; ppageno 0'>
   <div class='ocr_carea' id='block_1_1' title="bbox 228 320 345 376">
    <p class='ocr_par' dir='ltr' id='par_1_1' title="bbox 228 320 345 376">
     <span class='ocr_line' id='line_1_1' title="bbox 228 320 345 376; baseline 0.026 -3"><span class='ocrx_word' id='word_1_1' title='bbox 228 320 345 376; x_wconf 78' lang='grc'>553</span> 
     </span>
    </p>
   </div>
   <div class='ocr_carea' id='block_1_2' title="bbox 642 324 3115 396">
    <p class='ocr_par' dir='ltr' id='par_1_2' title="bbox 642 324 3115 396">
     <span class='ocr_line' id='line_1_2' title="bbox 642 324 3115 396; baseline 0.007 -19"><span class='ocrx_word' id='word_1_2' title='bbox 642 324 819 379; x_wconf 83' lang='lat' dir='ltr'>Vl&#39;l‘A</span> <span class='ocrx_word' id='word_1_3' title='bbox 860 324 1299 380; x_wconf 82' lang='lat' dir='ltr'>SANCTORUM</span> <span class='ocrx_word' id='word_1_4' title='bbox 1339 326 1681 382; x_wconf 82' lang='lat' dir='ltr'>BARLAAM</span> <span class='ocrx_word' id='word_1_5' title='bbox 1720 329 2058 386; x_wconf 63' lang='lat' dir='ltr'>EREMITAE</span> <span class='ocrx_word' id='word_1_6' title='bbox 2097 333 2184 388; x_wconf 90' lang='lat' dir='ltr'>ET</span> <span class='ocrx_word' id='word_1_7' title='bbox 2221 333 2585 389; x_wconf 85' lang='lat' dir='ltr'>JOSAPHAT</span> <span class='ocrx_word' id='word_1_8' title='bbox 2624 336 2845 392; x_wconf 63' lang='lat' dir='ltr'>INDLIE</span> <span class='ocrx_word' id='word_1_9' title='bbox 2884 338 3115 396; x_wconf 82' lang='lat' dir='ltr'>REGIS.</span> 
     </span>
    </p>
   </div>
   <div class='ocr_carea' id='block_1_3' title="bbox 3401 346 3509 404">
    <p class='ocr_par' dir='ltr' id='par_1_3' title="bbox 3401 346 3509 404">
     <span class='ocr_line' id='line_1_3' title="bbox 3401 346 3509 404; baseline 0.028 -3"><span class='ocrx_word' id='word_1_10' title='bbox 3401 346 3509 404; x_wconf 75' lang='grc'>554</span> 
     </span>
    </p>
   </div>
   <div class='ocr_carea' id='block_1_4' title="bbox 228 448 3504 543">
    <p class='ocr_par' dir='ltr' id='par_1_4' title="bbox 228 448 3504 543">
     <span class='ocr_line' id='line_1_4' title="bbox 228 448 3504 543; baseline 0.009 -43"><span class='ocrx_word' id='word_1_11' title='bbox 228 448 361 513; x_wconf 67' lang='lat' dir='ltr'>dazi,</span> <span class='ocrx_word' id='word_1_12' title='bbox 382 454 501 501; x_wconf 89' lang='lat' dir='ltr'>tum</span> <span class='ocrx_word' id='word_1_13' title='bbox 517 451 684 518; x_wconf 66' lang='lat' dir='ltr'>graeci</span> <span class='ocrx_word' id='word_1_14' title='bbox 702 449 840 520; x_wconf 82' lang='lat' dir='ltr'>lapsi</span> <span class='ocrx_word' id='word_1_15' title='bbox 865 456 1014 504; x_wconf 91' lang='lat' dir='ltr'>sunt.</span> <span class='ocrx_word' id='word_1_16' title='bbox 1051 451 1183 504; x_wconf 89' lang='lat' dir='ltr'>deos</span> <span class='ocrx_word' id='word_1_17' title='bbox 1202 451 1523 521; x_wconf 74' lang='lat' dir='ltr'>lmjusmddi</span> <span class='ocrx_word' id='word_1_18' title='bbox 1552 453 1822 507; x_wconf 87' lang='lat' dir='ltr'>inducen—</span> <span class='ocrx_word' id='word_1_19' title='bbox 1848 460 1885 514; x_wconf 75' lang='grc' dir='ltr'>Α</span> <span class='ocrx_word' id='word_1_20' title='bbox 1909 462 2077 528; x_wconf 90' lang='lat' dir='ltr'>atque</span> <span class='ocrx_word' id='word_1_21' title='bbox 2108 458 2362 529; x_wconf 89' lang='lat' dir='ltr'>ingratos</span> <span class='ocrx_word' id='word_1_22' title='bbox 2392 477 2513 514; x_wconf 89' lang='lat' dir='ltr'>sese</span> <span class='ocrx_word' id='word_1_23' title='bbox 2539 462 2871 531; x_wconf 66' lang='lat' dir='ltr'>praebentes,</span> <span class='ocrx_word' id='word_1_24' title='bbox 2891 467 3147 536; x_wconf 88' lang='lat' dir='ltr'>gentium</span> <span class='ocrx_word' id='word_1_25' title='bbox 3173 469 3306 525; x_wconf 90' lang='lat' dir='ltr'>deos</span> <span class='ocrx_word' id='word_1_26' title='bbox 3326 488 3504 543; x_wconf 69' lang='lat' dir='ltr'>saepe-</span> 
     </span>
    </p>
   </div>
   <div class='ocr_carea' id='block_1_5' title="bbox 227 537 1833 612">
    <p class='ocr_par' dir='ltr' id='par_1_5' title="bbox 227 537 1833 612">
     <span class='ocr_line' id='line_1_5' title="bbox 227 537 1833 612; baseline 0.005 -24"><span class='ocrx_word' id='word_1_27' title='bbox 227 540 340 593; x_wconf 88' lang='lat' dir='ltr'>tes.</span> <span class='ocrx_word' id='word_1_28' title='bbox 373 544 542 606; x_wconf 83' lang='lat' dir='ltr'>atque</span> <span class='ocrx_word' id='word_1_29' title='bbox 577 537 825 607; x_wconf 80' lang='lat' dir='ltr'>ipsorum</span> <span class='ocrx_word' id='word_1_30' title='bbox 855 545 1072 592; x_wconf 76' lang='lat' dir='ltr'>statuas</span> <span class='ocrx_word' id='word_1_31' title='bbox 1104 540 1424 605; x_wconf 83' lang='lat' dir='ltr'>efﬁcientes,</span> <span class='ocrx_word' id='word_1_32' title='bbox 1474 542 1753 612; x_wconf 77' lang='lat' dir='ltr'>surdaque</span> <span class='ocrx_word' id='word_1_33' title='bbox 1777 548 1833 595; x_wconf 92' lang='lat' dir='ltr'>et</span> 
     </span>
    </p>
   </div>
   <div class='ocr_carea' id='block_1_6' title="bbox 226 612 1826 699">
    <p class='ocr_par' dir='ltr' id='par_1_6' title="bbox 226 612 1826 699">
     <span class='ocr_line' id='line_1_6' title="bbox 226 612 1826 699; baseline 0.004 -22"><span class='ocrx_word' id='word_1_34' title='bbox 226 642 434 678; x_wconf 83' lang='lat' dir='ltr'>sensus</span> <span class='ocrx_word' id='word_1_35' title='bbox 477 627 725 696; x_wconf 82' lang='lat' dir='ltr'>expertia</span> <span class='ocrx_word' id='word_1_36' title='bbox 752 626 1050 682; x_wconf 85' lang='lat' dir='ltr'>simulacra</span> <span class='ocrx_word' id='word_1_37' title='bbox 1070 633 1258 694; x_wconf 66' lang='lat'>308</span> <span class='ocrx_word' id='word_1_38' title='bbox 1281 612 1382 699; x_wconf 76' lang='lat' dir='ltr'>pro</span> <span class='ocrx_word' id='word_1_39' title='bbox 1414 631 1519 683; x_wconf 82' lang='lat' dir='ltr'>diis</span> <span class='ocrx_word' id='word_1_40' title='bbox 1539 631 1826 686; x_wconf 82' lang='lat' dir='ltr'>habentes.</span> 
     </span>
    </p>
   </div>
   <div class='ocr_carea' id='block_1_7' title="bbox 225 715 1832 787">
    <p class='ocr_par' dir='ltr' id='par_1_7' title="bbox 225 715 1832 787">
     <span class='ocr_line' id='line_1_7' title="bbox 225 715 1832 787; baseline 0.006 -19"><span class='ocrx_word' id='word_1_41' title='bbox 225 715 315 768; x_wconf 76' lang='lat' dir='ltr'>Ac</span> <span class='ocrx_word' id='word_1_42' title='bbox 344 715 592 769; x_wconf 81' lang='lat' dir='ltr'>demiror</span> <span class='ocrx_word' id='word_1_43' title='bbox 611 734 719 787; x_wconf 92' lang='lat' dir='ltr'>quo</span> <span class='ocrx_word' id='word_1_44' title='bbox 748 723 928 787; x_wconf 85' lang='lat' dir='ltr'>pacto,</span> <span class='ocrx_word' id='word_1_45' title='bbox 965 736 1091 771; x_wconf 91' lang='lat' dir='ltr'>cum</span> <span class='ocrx_word' id='word_1_46' title='bbox 1113 719 1246 771; x_wconf 87' lang='lat' dir='ltr'>deos</span> <span class='ocrx_word' id='word_1_47' title='bbox 1268 736 1398 772; x_wconf 85' lang='lat' dir='ltr'>suos</span> <span class='ocrx_word' id='word_1_48' title='bbox 1426 720 1495 772; x_wconf 89' lang='lat' dir='ltr'>ab</span> <span class='ocrx_word' id='word_1_49' title='bbox 1524 722 1832 778; x_wconf 82' lang='lat' dir='ltr'>artificibus</span> 
     </span>
    </p>
   </div>
   <div class='ocr_carea' id='block_1_8' title="bbox 227 803 1834 880">
    <p class='ocr_par' dir='ltr' id='par_1_8' title="bbox 227 803 1834 880">
     <span class='ocr_line' id='line_1_8' title="bbox 227 803 1834 880; baseline 0.006 -25"><span class='ocrx_word' id='word_1_50' title='bbox 227 803 496 865; x_wconf 78' lang='lat' dir='ltr'>secari,et</span> <span class='ocrx_word' id='word_1_51' title='bbox 510 804 778 865; x_wconf 82' lang='lat' dir='ltr'>dolari,ac</span> <span class='ocrx_word' id='word_1_52' title='bbox 790 806 1231 876; x_wconf 87' lang='lat' dir='ltr'>truncari,atque</span> <span class='ocrx_word' id='word_1_53' title='bbox 1244 808 1509 877; x_wconf 85' lang='lat' dir='ltr'>temporis</span> <span class='ocrx_word' id='word_1_54' title='bbox 1523 809 1834 880; x_wconf 85' lang='lat' dir='ltr'>longinqui-</span> 
     </span>
    </p>
   </div>
   <div class='ocr_carea' id='block_1_9' title="bbox 228 896 1832 967">
    <p class='ocr_par' dir='ltr' id='par_1_9' title="bbox 228 896 1832 967">
     <span class='ocr_line' id='line_1_9' title="bbox 228 896 1832 967; baseline 0.006 -22"><span class='ocrx_word' id='word_1_55' title='bbox 228 900 351 946; x_wconf 80' lang='lat' dir='ltr'>tate</span> <span class='ocrx_word' id='word_1_56' title='bbox 396 901 801 949; x_wconf 85' lang='lat' dir='ltr'>inveterascere</span> <span class='ocrx_word' id='word_1_57' title='bbox 822 896 1207 961; x_wconf 88' lang='lat' dir='ltr'>etimmutari,</span> <span class='ocrx_word' id='word_1_58' title='bbox 1249 902 1419 967; x_wconf 87' lang='lat' dir='ltr'>atque</span> <span class='ocrx_word' id='word_1_59' title='bbox 1441 898 1569 967; x_wconf 84' lang='lat' dir='ltr'>igne</span> <span class='ocrx_word' id='word_1_60' title='bbox 1602 901 1832 954; x_wconf 82' lang='lat' dir='ltr'>conflari</span> 
     </span>
    </p>
   </div>
   <div class='ocr_carea' id='block_1_10' title="bbox 226 984 1832 1045">
    <p class='ocr_par' dir='ltr' id='par_1_10' title="bbox 226 984 1832 1045">
     <span class='ocr_line' id='line_1_10' title="bbox 226 984 1832 1045; baseline 0.005 -11"><span class='ocrx_word' id='word_1_61' title='bbox 226 988 547 1045; x_wconf 79' lang='lat' dir='ltr'>cernerent,</span> <span class='ocrx_word' id='word_1_62' title='bbox 590 984 719 1037; x_wconf 88' lang='lat' dir='ltr'>hinc</span> <span class='ocrx_word' id='word_1_63' title='bbox 744 1001 838 1038; x_wconf 90' lang='lat' dir='ltr'>eos</span> <span class='ocrx_word' id='word_1_64' title='bbox 870 985 1106 1038; x_wconf 89' lang='lat' dir='ltr'>minime</span> <span class='ocrx_word' id='word_1_65' title='bbox 1137 986 1271 1038; x_wconf 89' lang='lat' dir='ltr'>deos</span> <span class='ocrx_word' id='word_1_66' title='bbox 1293 1003 1415 1039; x_wconf 88' lang='lat' dir='ltr'>esse</span> <span class='ocrx_word' id='word_1_67' title='bbox 1446 1004 1556 1041; x_wconf 92' lang='lat' dir='ltr'>non</span> <span class='ocrx_word' id='word_1_68' title='bbox 1576 988 1832 1042; x_wconf 88' lang='lat' dir='ltr'>animad-</span> 
     </span>
    </p>
   </div>
   <div class='ocr_carea' id='block_1_11' title="bbox 228 1072 1832 1145">
    <p class='ocr_par' dir='ltr' id='par_1_11' title="bbox 228 1072 1832 1145">
     <span class='ocr_line' id='line_1_11' title="bbox 228 1072 1832 1145; baseline 0.006 -24"><span class='ocrx_word' id='word_1_69' title='bbox 228 1072 528 1127; x_wconf 76' lang='lat' dir='ltr'>verterint.</span> <span class='ocrx_word' id='word_1_70' title='bbox 552 1073 694 1126; x_wconf 77' lang='lat' dir='ltr'>Nam</span> <span class='ocrx_word' id='word_1_71' title='bbox 728 1073 823 1143; x_wconf 89' lang='lat' dir='ltr'>qui</span> <span class='ocrx_word' id='word_1_72' title='bbox 851 1073 910 1127; x_wconf 91' lang='lat' dir='ltr'>in</span> <span class='ocrx_word' id='word_1_73' title='bbox 946 1091 1059 1128; x_wconf 60' lang='lat' dir='ltr'>suae</span> <span class='ocrx_word' id='word_1_74' title='bbox 1098 1075 1295 1129; x_wconf 87' lang='lat' dir='ltr'>salutis</span> <span class='ocrx_word' id='word_1_75' title='bbox 1344 1076 1567 1145; x_wconf 86' lang='lat' dir='ltr'>negotio</span> <span class='ocrx_word' id='word_1_76' title='bbox 1619 1078 1832 1131; x_wconf 86' lang='lat' dir='ltr'>nullam</span> 
     </span>
    </p>
   </div>
   <div class='ocr_carea' id='block_1_12' title="bbox 227 1160 1832 1233">
    <p class='ocr_par' dir='ltr' id='par_1_12' title="bbox 227 1160 1832 1233">
     <span class='ocr_line' id='line_1_12' title="bbox 227 1160 1832 1233; baseline 0.006 -22"><span class='ocrx_word' id='word_1_77' title='bbox 227 1160 343 1212; x_wconf 84' lang='lat' dir='ltr'>vim</span> <span class='ocrx_word' id='word_1_78' title='bbox 376 1160 606 1225; x_wconf 77' lang='lat' dir='ltr'>habent,</span> <span class='ocrx_word' id='word_1_79' title='bbox 640 1179 883 1233; x_wconf 90' lang='lat' dir='ltr'>quonam</span> <span class='ocrx_word' id='word_1_80' title='bbox 904 1163 1130 1216; x_wconf 83' lang='lat' dir='ltr'>tandem</span> <span class='ocrx_word' id='word_1_81' title='bbox 1159 1164 1324 1217; x_wconf 89' lang='lat' dir='ltr'>modo</span> <span class='ocrx_word' id='word_1_82' title='bbox 1352 1164 1644 1219; x_wconf 89' lang='lat' dir='ltr'>hominum</span> <span class='ocrx_word' id='word_1_83' title='bbox 1666 1167 1832 1220; x_wconf 90' lang='lat' dir='ltr'>saluti</span> 
     </span>
    </p>
   </div>
   <div class='ocr_carea' id='block_1_13' title="bbox 224 1250 1832 1326">
    <p class='ocr_par' dir='ltr' id='par_1_13' title="bbox 224 1250 1832 1326">
     <span class='ocr_line' id='line_1_13' title="bbox 224 1250 1832 1326; baseline 0.005 -25"><span class='ocrx_word' id='word_1_84' title='bbox 224 1250 570 1304; x_wconf 86' lang='lat' dir='ltr'>consulent?</span> <span class='ocrx_word' id='word_1_85' title='bbox 598 1252 673 1304; x_wconf 86' lang='lat' dir='ltr'>At</span> <span class='ocrx_word' id='word_1_86' title='bbox 717 1268 846 1305; x_wconf 89' lang='lat' dir='ltr'>vero</span> <span class='ocrx_word' id='word_1_87' title='bbox 887 1258 1064 1322; x_wconf 62' lang='lat' dir='ltr'>poetae</span> <span class='ocrx_word' id='word_1_88' title='bbox 1114 1252 1382 1322; x_wconf 89' lang='lat' dir='ltr'>ipsorum,</span> <span class='ocrx_word' id='word_1_89' title='bbox 1415 1260 1472 1307; x_wconf 91' lang='lat' dir='ltr'>et</span> <span class='ocrx_word' id='word_1_90' title='bbox 1515 1254 1832 1326; x_wconf 83' lang='lat' dir='ltr'>philosophi</span> 
     </span>
    </p>
   </div>
   <div class='ocr_carea' id='block_1_14' title="bbox 224 1338 1831 1412">
    <p class='ocr_par' dir='ltr' id='par_1_14' title="bbox 224 1338 1831 1412">
     <span class='ocr_line' id='line_1_14' title="bbox 224 1338 1831 1412; baseline 0.004 -21"><span class='ocrx_word' id='word_1_91' title='bbox 224 1343 347 1391; x_wconf 83' lang='lat' dir='ltr'>tam</span> <span class='ocrx_word' id='word_1_92' title='bbox 381 1338 775 1394; x_wconf 72' lang='lat' dir='ltr'>Chaldaeorum</span> <span class='ocrx_word' id='word_1_93' title='bbox 809 1357 978 1410; x_wconf 89' lang='lat' dir='ltr'>quam</span> <span class='ocrx_word' id='word_1_94' title='bbox 1007 1342 1416 1412; x_wconf 68' lang='lat' dir='ltr'>JEgyptiorum,</span> <span class='ocrx_word' id='word_1_95' title='bbox 1435 1360 1558 1396; x_wconf 78' lang='lat' dir='ltr'>cum</span> <span class='ocrx_word' id='word_1_96' title='bbox 1585 1345 1831 1399; x_wconf 79' lang='lat' dir='ltr'>versibus</span> 
     </span>
    </p>
   </div>
   <div class='ocr_carea' id='block_1_15' title="bbox 225 1427 1829 1488">
    <p class='ocr_par' dir='ltr' id='par_1_15' title="bbox 225 1427 1829 1488">
     <span class='ocr_line' id='line_1_15' title="bbox 225 1427 1829 1488; baseline 0.005 -9"><span class='ocrx_word' id='word_1_97' title='bbox 225 1427 345 1480; x_wconf 87' lang='lat' dir='ltr'>suis</span> <span class='ocrx_word' id='word_1_98' title='bbox 366 1446 436 1482; x_wconf 88' lang='lat' dir='ltr'>ac</span> <span class='ocrx_word' id='word_1_99' title='bbox 460 1429 775 1483; x_wconf 88' lang='lat' dir='ltr'>litterarum</span> <span class='ocrx_word' id='word_1_100' title='bbox 809 1430 1187 1484; x_wconf 85' lang='lat' dir='ltr'>monumentis</span> <span class='ocrx_word' id='word_1_101' title='bbox 1233 1430 1366 1485; x_wconf 90' lang='lat' dir='ltr'>deos</span> <span class='ocrx_word' id='word_1_102' title='bbox 1394 1448 1524 1486; x_wconf 89' lang='lat' dir='ltr'>suos</span> <span class='ocrx_word' id='word_1_103' title='bbox 1559 1450 1829 1488; x_wconf 89' lang='lat' dir='ltr'>exornare</span> 
     </span>
    </p>
   </div>
   <div class='ocr_carea' id='block_1_16' title="bbox 223 1516 1826 1589">
    <p class='ocr_par' dir='ltr' id='par_1_16' title="bbox 223 1516 1826 1589">
     <span class='ocr_line' id='line_1_16' title="bbox 223 1516 1826 1589; baseline 0.005 -21"><span class='ocrx_word' id='word_1_104' title='bbox 223 1516 593 1581; x_wconf 83' lang='lat' dir='ltr'>studuerunt,</span> <span class='ocrx_word' id='word_1_105' title='bbox 627 1534 819 1570; x_wconf 90' lang='lat' dir='ltr'>eorum</span> <span class='ocrx_word' id='word_1_106' title='bbox 854 1517 1220 1587; x_wconf 82' lang='lat' dir='ltr'>ignominiam</span> <span class='ocrx_word' id='word_1_107' title='bbox 1263 1520 1445 1589; x_wconf 86' lang='lat' dir='ltr'>magis</span> <span class='ocrx_word' id='word_1_108' title='bbox 1475 1520 1826 1588; x_wconf 85' lang='lat' dir='ltr'>detexerunt,</span> 
     </span>
    </p>
   </div>
   <div class='ocr_carea' id='block_1_17' title="bbox 221 1604 1827 1677">
    <p class='ocr_par' dir='ltr' id='par_1_17' title="bbox 221 1604 1827 1677">
     <span class='ocr_line' id='line_1_17' title="bbox 221 1604 1827 1677; baseline 0.005 -21"><span class='ocrx_word' id='word_1_109' title='bbox 221 1604 559 1676; x_wconf 81' lang='lat' dir='ltr'>nudamque</span> <span class='ocrx_word' id='word_1_110' title='bbox 591 1607 841 1660; x_wconf 91' lang='lat' dir='ltr'>omnium</span> <span class='ocrx_word' id='word_1_111' title='bbox 865 1606 1039 1660; x_wconf 91' lang='lat' dir='ltr'>oculis</span> <span class='ocrx_word' id='word_1_112' title='bbox 1067 1615 1496 1677; x_wconf 86' lang='lat' dir='ltr'>proposuerunt.</span> <span class='ocrx_word' id='word_1_113' title='bbox 1522 1611 1666 1663; x_wconf 90' lang='lat' dir='ltr'>Nam</span> <span class='ocrx_word' id='word_1_114' title='bbox 1699 1627 1827 1664; x_wconf 88' lang='lat' dir='ltr'>cum</span> 
     </span>
    </p>
   </div>
   <div class='ocr_carea' id='block_1_18' title="bbox 220 1693 1828 1769">
    <p class='ocr_par' dir='ltr' id='par_1_18' title="bbox 220 1693 1828 1769">
     <span class='ocr_line' id='line_1_18' title="bbox 220 1693 1828 1769; baseline 0.004 -23"><span class='ocrx_word' id='word_1_115' title='bbox 220 1693 479 1748; x_wconf 87' lang='lat' dir='ltr'>hominis</span> <span class='ocrx_word' id='word_1_116' title='bbox 519 1712 739 1766; x_wconf 88' lang='lat' dir='ltr'>corpus,</span> <span class='ocrx_word' id='word_1_117' title='bbox 772 1696 1022 1766; x_wconf 85' lang='lat' dir='ltr'>quamvis</span> <span class='ocrx_word' id='word_1_118' title='bbox 1061 1697 1270 1767; x_wconf 82' lang='lat' dir='ltr'>alioqui</span> <span class='ocrx_word' id='word_1_119' title='bbox 1328 1698 1519 1751; x_wconf 90' lang='lat' dir='ltr'>multis</span> <span class='ocrx_word' id='word_1_120' title='bbox 1574 1700 1828 1769; x_wconf 83' lang='lat' dir='ltr'>partibus</span> 
     </span>
    </p>
   </div>
   <div class='ocr_carea' id='block_1_19' title="bbox 1916 548 3508 626">
    <p class='ocr_par' dir='ltr' id='par_1_19' title="bbox 1916 548 3508 626">
     <span class='ocr_line' id='line_1_19' title="bbox 1916 548 3508 626; baseline 0.012 -28"><span class='ocrx_word' id='word_1_121' title='bbox 1916 562 2151 600; x_wconf 85' lang='lat' dir='ltr'>numero</span> <span class='ocrx_word' id='word_1_122' title='bbox 2201 548 2529 614; x_wconf 83' lang='lat' dir='ltr'>adorarunt,</span> <span class='ocrx_word' id='word_1_123' title='bbox 2579 554 2990 626; x_wconf 86' lang='lat' dir='ltr'>prophetasquc</span> <span class='ocrx_word' id='word_1_124' title='bbox 3018 558 3089 611; x_wconf 83' lang='lat' dir='ltr'>ad</span> <span class='ocrx_word' id='word_1_125' title='bbox 3126 575 3186 612; x_wconf 91' lang='lat' dir='ltr'>se</span> <span class='ocrx_word' id='word_1_126' title='bbox 3214 559 3414 616; x_wconf 90' lang='lat' dir='ltr'>missos</span> <span class='ocrx_word' id='word_1_127' title='bbox 3442 578 3508 617; x_wconf 84' lang='lat' dir='ltr'>ac</span> 
     </span>
    </p>
   </div>
   <div class='ocr_carea' id='block_1_20' title="bbox 1907 635 3502 720">
    <p class='ocr_par' dir='ltr' id='par_1_20' title="bbox 1907 635 3502 720">
     <span class='ocr_line' id='line_1_20' title="bbox 1907 635 3502 720; baseline 0.012 -33"><span class='ocrx_word' id='word_1_128' title='bbox 1907 635 2091 703; x_wconf 89' lang='lat' dir='ltr'>justos</span> <span class='ocrx_word' id='word_1_129' title='bbox 2114 637 2259 691; x_wconf 88' lang='lat' dir='ltr'>viros</span> <span class='ocrx_word' id='word_1_130' title='bbox 2280 644 2457 692; x_wconf 85' lang='lat' dir='ltr'>morte</span> <span class='ocrx_word' id='word_1_131' title='bbox 2472 640 2879 696; x_wconf 76' lang='lat' dir='ltr'>alfecerunt.Ac</span> <span class='ocrx_word' id='word_1_132' title='bbox 2892 646 3110 711; x_wconf 90' lang='lat' dir='ltr'>deinde,</span> <span class='ocrx_word' id='word_1_133' title='bbox 3136 654 3502 720; x_wconf 83' lang='lat' dir='ltr'>posteaquam</span> 
     </span>
    </p>
   </div>
   <div class='ocr_carea' id='block_1_21' title="bbox 1915 724 3507 794">
    <p class='ocr_par' dir='ltr' id='par_1_21' title="bbox 1915 724 3507 794">
     <span class='ocr_line' id='line_1_21' title="bbox 1915 724 3507 794; baseline 0.011 -17"><span class='ocrx_word' id='word_1_134' title='bbox 1915 724 1994 777; x_wconf 90' lang='lat' dir='ltr'>ita</span> <span class='ocrx_word' id='word_1_135' title='bbox 2025 726 2124 778; x_wconf 90' lang='lat' dir='ltr'>Dei</span> <span class='ocrx_word' id='word_1_136' title='bbox 2155 727 2409 781; x_wconf 85' lang='lat' dir='ltr'>voluntas</span> <span class='ocrx_word' id='word_1_137' title='bbox 2437 729 2584 791; x_wconf 82' lang='lat' dir='ltr'>tulit,</span> <span class='ocrx_word' id='word_1_138' title='bbox 2619 736 2681 783; x_wconf 91' lang='lat' dir='ltr'>ut</span> <span class='ocrx_word' id='word_1_139' title='bbox 2707 731 2883 785; x_wconf 89' lang='lat' dir='ltr'>Filius</span> <span class='ocrx_word' id='word_1_140' title='bbox 2929 751 3063 788; x_wconf 92' lang='lat' dir='ltr'>suus</span> <span class='ocrx_word' id='word_1_141' title='bbox 3093 735 3151 790; x_wconf 91' lang='lat' dir='ltr'>in</span> <span class='ocrx_word' id='word_1_142' title='bbox 3179 742 3388 793; x_wconf 89' lang='lat' dir='ltr'>terram</span> <span class='ocrx_word' id='word_1_143' title='bbox 3419 756 3507 794; x_wconf 87' lang='lat' dir='ltr'>ve-</span> 
     </span>
    </p>
   </div>
   <div class='ocr_carea' id='block_1_22' title="bbox 1914 813 3506 887">
    <p class='ocr_par' dir='ltr' id='par_1_22' title="bbox 1914 813 3506 887">
     <span class='ocr_line' id='line_1_22' title="bbox 1914 813 3506 887; baseline 0.011 -22"><span class='ocrx_word' id='word_1_144' title='bbox 1914 813 2079 875; x_wconf 89' lang='lat' dir='ltr'>niret,</span> <span class='ocrx_word' id='word_1_145' title='bbox 2132 831 2258 869; x_wconf 91' lang='lat' dir='ltr'>eum</span> <span class='ocrx_word' id='word_1_146' title='bbox 2292 818 2630 872; x_wconf 80' lang='lat' dir='ltr'>contumelia</span> <span class='ocrx_word' id='word_1_147' title='bbox 2666 820 2945 887; x_wconf 70' lang='lat' dir='ltr'>affectum,</span> <span class='ocrx_word' id='word_1_148' title='bbox 2970 823 3167 878; x_wconf 90' lang='lat' dir='ltr'>Pontio</span> <span class='ocrx_word' id='word_1_149' title='bbox 3189 826 3369 880; x_wconf 88' lang='lat' dir='ltr'>Pilato</span> <span class='ocrx_word' id='word_1_150' title='bbox 3400 828 3506 883; x_wconf 83' lang='lat' dir='ltr'>Ro-</span> 
     </span>
    </p>
   </div>
   <div class='ocr_carea' id='block_1_23' title="bbox 1915 905 3509 984">
    <p class='ocr_par' dir='ltr' id='par_1_23' title="bbox 1915 905 3509 984">
     <span class='ocr_line' id='line_1_23' title="bbox 1915 905 3509 984; baseline 0.012 -30"><span class='ocrx_word' id='word_1_151' title='bbox 1915 919 2211 957; x_wconf 88' lang='lat' dir='ltr'>manorum</span> <span class='ocrx_word' id='word_1_152' title='bbox 2241 905 2368 958; x_wconf 89' lang='lat' dir='ltr'>duci</span> <span class='ocrx_word' id='word_1_153' title='bbox 2385 906 2757 967; x_wconf 89' lang='lat' dir='ltr'>tradiderunt.</span> <span class='ocrx_word' id='word_1_154' title='bbox 2790 912 3079 981; x_wconf 88' lang='lat' dir='ltr'>crucisque</span> <span class='ocrx_word' id='word_1_155' title='bbox 3099 914 3509 984; x_wconf 86' lang='lat' dir='ltr'>suppliciocon-</span> 
     </span>
    </p>
   </div>
   <div class='ocr_carea' id='block_1_24' title="bbox 1916 990 3502 1076">
    <p class='ocr_par' dir='ltr' id='par_1_24' title="bbox 1916 990 3502 1076">
     <span class='ocr_line' id='line_1_24' title="bbox 1916 990 3502 1076; baseline 0.011 -32"><span class='ocrx_word' id='word_1_156' title='bbox 1916 990 2438 1053; x_wconf 85' lang='lat' dir='ltr'>demnarunt,nulla</span> <span class='ocrx_word' id='word_1_157' title='bbox 2449 995 2708 1050; x_wconf 85' lang='lat' dir='ltr'>videlicet</span> <span class='ocrx_word' id='word_1_158' title='bbox 2724 997 2899 1067; x_wconf 90' lang='lat' dir='ltr'>ipsius</span> <span class='ocrx_word' id='word_1_159' title='bbox 2920 998 3318 1057; x_wconf 83' lang='lat' dir='ltr'>beneﬁciorum</span> <span class='ocrx_word' id='word_1_160' title='bbox 3333 1010 3502 1076; x_wconf 86' lang='lat' dir='ltr'>atque</span> 
     </span>
    </p>
   </div>
   <div class='ocr_carea' id='block_1_25' title="bbox 1914 1079 3567 1163">
    <p class='ocr_par' dir='ltr' id='par_1_25' title="bbox 1914 1079 3567 1163">
     <span class='ocr_line' id='line_1_25' title="bbox 1914 1079 3567 1163; baseline 0.011 -31"><span class='ocrx_word' id='word_1_161' title='bbox 1914 1079 2412 1136; x_wconf 86' lang='lat' dir='ltr'>innumerabilium</span> <span class='ocrx_word' id='word_1_162' title='bbox 2444 1084 2863 1153; x_wconf 86' lang='lat' dir='ltr'>miraculorum,</span> <span class='ocrx_word' id='word_1_163' title='bbox 2896 1105 3019 1157; x_wconf 64' lang='lat' dir='ltr'>quae</span> <span class='ocrx_word' id='word_1_164' title='bbox 3054 1087 3202 1144; x_wconf 90' lang='lat' dir='ltr'>inter</span> <span class='ocrx_word' id='word_1_165' title='bbox 3229 1092 3378 1163; x_wconf 91' lang='lat' dir='ltr'>ipsos</span> <span class='ocrx_word' id='word_1_166' title='bbox 3405 1095 3505 1150; x_wconf 89' lang='lat' dir='ltr'>de-</span> <span class='ocrx_word' id='word_1_167' title='bbox 3562 1104 3567 1109; x_wconf 71' lang='lat'>‘</span> 
     </span>
    </p>
   </div>
   <div class='ocr_carea' id='block_1_26' title="bbox 1917 1168 3502 1249">
    <p class='ocr_par' dir='ltr' id='par_1_26' title="bbox 1917 1168 3502 1249">
     <span class='ocr_line' id='line_1_26' title="bbox 1917 1168 3502 1249; baseline 0.011 -28"><span class='ocrx_word' id='word_1_168' title='bbox 1917 1168 2185 1238; x_wconf 82' lang='lat' dir='ltr'>signarat,</span> <span class='ocrx_word' id='word_1_169' title='bbox 2221 1170 2415 1225; x_wconf 89' lang='lat' dir='ltr'>habita</span> <span class='ocrx_word' id='word_1_170' title='bbox 2443 1172 2678 1239; x_wconf 84' lang='lat' dir='ltr'>ratione,</span> <span class='ocrx_word' id='word_1_171' title='bbox 2728 1191 2941 1246; x_wconf 90' lang='lat' dir='ltr'>suoque</span> <span class='ocrx_word' id='word_1_172' title='bbox 2967 1177 3175 1232; x_wconf 88' lang='lat' dir='ltr'>scelere</span> <span class='ocrx_word' id='word_1_173' title='bbox 3196 1181 3502 1249; x_wconf 89' lang='lat' dir='ltr'>perierunt.</span> 
     </span>
    </p>
   </div>
   <div class='ocr_carea' id='block_1_27' title="bbox 1916 1257 3507 1339">
    <p class='ocr_par' dir='ltr' id='par_1_27' title="bbox 1916 1257 3507 1339">
     <span class='ocr_line' id='line_1_27' title="bbox 1916 1257 3507 1339; baseline 0.011 -29"><span class='ocrx_word' id='word_1_174' title='bbox 1916 1257 2058 1311; x_wconf 91' lang='lat' dir='ltr'>Nam</span> <span class='ocrx_word' id='word_1_175' title='bbox 2089 1275 2235 1312; x_wconf 93' lang='lat' dir='ltr'>nunc</span> <span class='ocrx_word' id='word_1_176' title='bbox 2291 1276 2512 1330; x_wconf 91' lang='lat' dir='ltr'>quoque</span> <span class='ocrx_word' id='word_1_177' title='bbox 2566 1263 2750 1316; x_wconf 92' lang='lat' dir='ltr'>solum</span> <span class='ocrx_word' id='word_1_178' title='bbox 2800 1264 3025 1334; x_wconf 90' lang='lat' dir='ltr'>quidem</span> <span class='ocrx_word' id='word_1_179' title='bbox 3064 1269 3507 1339; x_wconf 88' lang='lat' dir='ltr'>omnipotentem</span> 
     </span>
    </p>
   </div>
   <div class='ocr_carea' id='block_1_28' title="bbox 1914 1346 3506 1431">
    <p class='ocr_par' dir='ltr' id='par_1_28' title="bbox 1914 1346 3506 1431">
     <span class='ocr_line' id='line_1_28' title="bbox 1914 1346 3506 1431; baseline 0.011 -33"><span class='ocrx_word' id='word_1_180' title='bbox 1914 1346 2090 1400; x_wconf 91' lang='lat' dir='ltr'>Deum</span> <span class='ocrx_word' id='word_1_181' title='bbox 2125 1348 2332 1415; x_wconf 90' lang='lat' dir='ltr'>colunt,</span> <span class='ocrx_word' id='word_1_182' title='bbox 2365 1350 2463 1403; x_wconf 76' lang='lat' dir='ltr'>sed</span> <span class='ocrx_word' id='word_1_183' title='bbox 2485 1366 2597 1404; x_wconf 92' lang='lat' dir='ltr'>non</span> <span class='ocrx_word' id='word_1_184' title='bbox 2635 1352 2945 1407; x_wconf 89' lang='lat' dir='ltr'>secundum</span> <span class='ocrx_word' id='word_1_185' title='bbox 2983 1355 3297 1424; x_wconf 85' lang='lat' dir='ltr'>scientiam,</span> <span class='ocrx_word' id='word_1_186' title='bbox 3332 1359 3506 1431; x_wconf 90' lang='lat' dir='ltr'>siqui-</span> 
     </span>
    </p>
   </div>
   <div class='ocr_carea' id='block_1_29' title="bbox 1913 1434 3504 1518">
    <p class='ocr_par' dir='ltr' id='par_1_29' title="bbox 1913 1434 3504 1518">
     <span class='ocr_line' id='line_1_29' title="bbox 1913 1434 3504 1518; baseline 0.011 -30"><span class='ocrx_word' id='word_1_187' title='bbox 1913 1434 2042 1489; x_wconf 89' lang='lat' dir='ltr'>dem</span> <span class='ocrx_word' id='word_1_188' title='bbox 2074 1435 2355 1491; x_wconf 78' lang='lat' dir='ltr'>(lhristum</span> <span class='ocrx_word' id='word_1_189' title='bbox 2388 1439 2566 1493; x_wconf 82' lang='lat' dir='ltr'>ﬁlium</span> <span class='ocrx_word' id='word_1_190' title='bbox 2594 1441 2694 1494; x_wconf 90' lang='lat' dir='ltr'>Dei</span> <span class='ocrx_word' id='word_1_191' title='bbox 2727 1448 2937 1512; x_wconf 87' lang='lat' dir='ltr'>negant</span> <span class='ocrx_word' id='word_1_192' title='bbox 2968 1447 3140 1510; x_wconf 82' lang='lat' dir='ltr'>(Rom.</span> <span class='ocrx_word' id='word_1_193' title='bbox 3172 1450 3251 1514; x_wconf 73' lang='grc' dir='ltr'>Χ),</span> <span class='ocrx_word' id='word_1_194' title='bbox 3279 1449 3504 1518; x_wconf 87' lang='lat' dir='ltr'>gentili-</span> 
     </span>
    </p>
   </div>
   <div class='ocr_carea' id='block_1_30' title="bbox 1911 1522 3508 1611">
    <p class='ocr_par' dir='ltr' id='par_1_30' title="bbox 1911 1522 3508 1611">
     <span class='ocr_line' id='line_1_30' title="bbox 1911 1522 3508 1611; baseline 0.011 -35"><span class='ocrx_word' id='word_1_195' title='bbox 1911 1522 2127 1595; x_wconf 91' lang='lat' dir='ltr'>busque</span> <span class='ocrx_word' id='word_1_196' title='bbox 2155 1525 2365 1581; x_wconf 90' lang='lat' dir='ltr'>similes</span> <span class='ocrx_word' id='word_1_197' title='bbox 2410 1533 2560 1594; x_wconf 91' lang='lat' dir='ltr'>sunt,</span> <span class='ocrx_word' id='word_1_198' title='bbox 2612 1531 2834 1584; x_wconf 86' lang='lat' dir='ltr'>etiamsi</span> <span class='ocrx_word' id='word_1_199' title='bbox 2864 1533 2935 1585; x_wconf 90' lang='lat' dir='ltr'>ad</span> <span class='ocrx_word' id='word_1_200' title='bbox 2974 1533 3289 1604; x_wconf 85' lang='lat' dir='ltr'>veritatem,</span> <span class='ocrx_word' id='word_1_201' title='bbox 3332 1555 3367 1592; x_wconf 90' lang='lat' dir='ltr'>a</span> <span class='ocrx_word' id='word_1_202' title='bbox 3395 1556 3508 1611; x_wconf 85' lang='lat' dir='ltr'>qua</span> 
     </span>
    </p>
   </div>
   <div class='ocr_carea' id='block_1_31' title="bbox 1910 1615 3504 1694">
    <p class='ocr_par' dir='ltr' id='par_1_31' title="bbox 1910 1615 3504 1694">
     <span class='ocr_line' id='line_1_31' title="bbox 1910 1615 3504 1694; baseline 0.011 -28"><span class='ocrx_word' id='word_1_203' title='bbox 1910 1615 2102 1683; x_wconf 90' lang='lat' dir='ltr'>procul</span> <span class='ocrx_word' id='word_1_204' title='bbox 2129 1630 2189 1668; x_wconf 91' lang='lat' dir='ltr'>se</span> <span class='ocrx_word' id='word_1_205' title='bbox 2218 1622 2592 1682; x_wconf 89' lang='lat' dir='ltr'>removerunt,</span> <span class='ocrx_word' id='word_1_206' title='bbox 2638 1619 2866 1690; x_wconf 90' lang='lat' dir='ltr'>propius</span> <span class='ocrx_word' id='word_1_207' title='bbox 2921 1621 3211 1694; x_wconf 87' lang='lat' dir='ltr'>aliquanto</span> <span class='ocrx_word' id='word_1_208' title='bbox 3240 1628 3504 1683; x_wconf 84' lang='lat' dir='ltr'>accedere</span> 
     </span>
    </p>
   </div>
   <div class='ocr_carea' id='block_1_32' title="bbox 1909 1702 2963 1766">
    <p class='ocr_par' dir='ltr' id='par_1_32' title="bbox 1909 1702 2963 1766">
     <span class='ocr_line' id='line_1_32' title="bbox 1909 1702 2963 1766; baseline 0.011 -13"><span class='ocrx_word' id='word_1_209' title='bbox 1909 1702 2222 1757; x_wconf 86' lang='lat' dir='ltr'>videantur.</span> <span class='ocrx_word' id='word_1_210' title='bbox 2248 1705 2327 1757; x_wconf 84' lang='lat' dir='ltr'>Ac</span> <span class='ocrx_word' id='word_1_211' title='bbox 2353 1705 2421 1759; x_wconf 92' lang='lat' dir='ltr'>de</span> <span class='ocrx_word' id='word_1_212' title='bbox 2442 1706 2648 1760; x_wconf 80' lang='lat' dir='ltr'>Judaeis</span> <span class='ocrx_word' id='word_1_213' title='bbox 2672 1707 2963 1766; x_wconf 83' lang='lat' dir='ltr'>hactenus.</span> 
     </span>
    </p>
   </div>
   <div class='ocr_carea' id='block_1_33' title="bbox 222 1772 3505 1861">
    <p class='ocr_par' dir='ltr' id='par_1_33' title="bbox 222 1772 3505 1861">
     <span class='ocr_line' id='line_1_33' title="bbox 222 1772 3505 1861; baseline 0.008 -26"><span class='ocrx_word' id='word_1_214' title='bbox 222 1787 471 1848; x_wconf 84' lang='lat' dir='ltr'>constet,</span> <span class='ocrx_word' id='word_1_215' title='bbox 505 1785 722 1838; x_wconf 91' lang='lat' dir='ltr'>nullum</span> <span class='ocrx_word' id='word_1_216' title='bbox 742 1789 932 1839; x_wconf 89' lang='lat' dir='ltr'>tamen</span> <span class='ocrx_word' id='word_1_217' title='bbox 959 1785 1338 1840; x_wconf 85' lang='lat' dir='ltr'>membrorum</span> <span class='ocrx_word' id='word_1_218' title='bbox 1359 1804 1589 1841; x_wconf 89' lang='lat' dir='ltr'>suorum</span> <span class='ocrx_word' id='word_1_219' title='bbox 1615 1788 1824 1858; x_wconf 88' lang='lat' dir='ltr'>abjicit,</span> <span class='ocrx_word' id='word_1_220' title='bbox 1851 1772 1897 1832; x_wconf 85' lang='grc' dir='ltr'><strong>Β</strong></span> <span class='ocrx_word' id='word_1_221' title='bbox 1982 1792 2055 1844; x_wconf 78' lang='lat' dir='ltr'>At</span> <span class='ocrx_word' id='word_1_222' title='bbox 2085 1792 2386 1847; x_wconf 86' lang='lat' dir='ltr'>Christiani</span> <span class='ocrx_word' id='word_1_223' title='bbox 2417 1810 2451 1847; x_wconf 90' lang='lat' dir='ltr'>a</span> <span class='ocrx_word' id='word_1_224' title='bbox 2496 1795 2733 1850; x_wconf 90' lang='lat' dir='ltr'>Domino</span> <span class='ocrx_word' id='word_1_225' title='bbox 2763 1805 2955 1853; x_wconf 90' lang='lat' dir='ltr'>nostro</span> <span class='ocrx_word' id='word_1_226' title='bbox 2994 1802 3127 1857; x_wconf 90' lang='lat' dir='ltr'>Jesu</span> <span class='ocrx_word' id='word_1_227' title='bbox 3167 1804 3390 1859; x_wconf 88' lang='lat' dir='ltr'>Christo</span> <span class='ocrx_word' id='word_1_228' title='bbox 3410 1808 3505 1861; x_wconf 92' lang='lat' dir='ltr'>do-</span> 
     </span>
    </p>
   </div>
   <div class='ocr_carea' id='block_1_34' title="bbox 221 1873 1830 1947">
    <p class='ocr_par' dir='ltr' id='par_1_34' title="bbox 221 1873 1830 1947">
     <span class='ocr_line' id='line_1_34' title="bbox 221 1873 1830 1947; baseline 0.005 -24"><span class='ocrx_word' id='word_1_229' title='bbox 221 1888 426 1925; x_wconf 77' lang='lat' dir='ltr'>verum</span> <span class='ocrx_word' id='word_1_230' title='bbox 461 1873 839 1928; x_wconf 68' lang='lat' dir='ltr'>firmissimam</span> <span class='ocrx_word' id='word_1_231' title='bbox 873 1891 999 1929; x_wconf 92' lang='lat' dir='ltr'>cum</span> <span class='ocrx_word' id='word_1_232' title='bbox 1032 1874 1168 1946; x_wconf 90' lang='lat' dir='ltr'>ipsis</span> <span class='ocrx_word' id='word_1_233' title='bbox 1198 1875 1457 1930; x_wconf 87' lang='lat' dir='ltr'>omnibus</span> <span class='ocrx_word' id='word_1_234' title='bbox 1484 1878 1830 1947; x_wconf 88' lang='lat' dir='ltr'>conjunctio-</span> 
     </span>
    </p>
   </div>
   <div class='ocr_carea' id='block_1_35' title="bbox 222 1961 1828 2035">
    <p class='ocr_par' dir='ltr' id='par_1_35' title="bbox 222 1961 1828 2035">
     <span class='ocr_line' id='line_1_35' title="bbox 222 1961 1828 2035; baseline 0.004 -21"><span class='ocrx_word' id='word_1_235' title='bbox 222 1977 359 2014; x_wconf 90' lang='lat' dir='ltr'>nem</span> <span class='ocrx_word' id='word_1_236' title='bbox 402 1961 634 2027; x_wconf 86' lang='lat' dir='ltr'>habens,</span> <span class='ocrx_word' id='word_1_237' title='bbox 688 1980 877 2017; x_wconf 86' lang='lat' dir='ltr'>secum</span> <span class='ocrx_word' id='word_1_238' title='bbox 908 1963 1091 2034; x_wconf 89' lang='lat' dir='ltr'>ipsum</span> <span class='ocrx_word' id='word_1_239' title='bbox 1122 1964 1442 2029; x_wconf 84' lang='lat' dir='ltr'>concordat,</span> <span class='ocrx_word' id='word_1_240' title='bbox 1477 1966 1572 2035; x_wconf 90' lang='lat' dir='ltr'>qui</span> <span class='ocrx_word' id='word_1_241' title='bbox 1602 1966 1828 2021; x_wconf 88' lang='lat' dir='ltr'>tandem</span> 
     </span>
    </p>
   </div>
   <div class='ocr_carea' id='block_1_36' title="bbox 222 2050 1831 2123">
    <p class='ocr_par' dir='ltr' id='par_1_36' title="bbox 222 2050 1831 2123">
     <span class='ocr_line' id='line_1_36' title="bbox 222 2050 1831 2123; baseline 0.004 -20"><span class='ocrx_word' id='word_1_242' title='bbox 222 2050 281 2104; x_wconf 89' lang='lat' dir='ltr'>in</span> <span class='ocrx_word' id='word_1_243' title='bbox 312 2052 424 2104; x_wconf 89' lang='lat' dir='ltr'>Dei</span> <span class='ocrx_word' id='word_1_244' title='bbox 468 2060 671 2106; x_wconf 87' lang='lat' dir='ltr'>natura</span> <span class='ocrx_word' id='word_1_245' title='bbox 717 2057 875 2106; x_wconf 87' lang='lat' dir='ltr'>tanta</span> <span class='ocrx_word' id='word_1_246' title='bbox 897 2069 1086 2123; x_wconf 89' lang='lat' dir='ltr'>pugna</span> <span class='ocrx_word' id='word_1_247' title='bbox 1115 2058 1171 2107; x_wconf 91' lang='lat' dir='ltr'>et</span> <span class='ocrx_word' id='word_1_248' title='bbox 1198 2053 1476 2107; x_wconf 88' lang='lat' dir='ltr'>discordia</span> <span class='ocrx_word' id='word_1_249' title='bbox 1497 2054 1686 2109; x_wconf 89' lang='lat' dir='ltr'>futura</span> <span class='ocrx_word' id='word_1_250' title='bbox 1703 2056 1831 2110; x_wconf 84' lang='lat' dir='ltr'>est?</span> 
     </span>
    </p>
   </div>
   <div class='ocr_carea' id='block_1_37' title="bbox 222 2140 1833 2208">
    <p class='ocr_par' dir='ltr' id='par_1_37' title="bbox 222 2140 1833 2208">
     <span class='ocr_line' id='line_1_37' title="bbox 222 2140 1833 2208; baseline 0.004 -15"><span class='ocrx_word' id='word_1_251' title='bbox 222 2141 374 2194; x_wconf 76' lang='lat' dir='ltr'>Nam</span> <span class='ocrx_word' id='word_1_252' title='bbox 408 2140 455 2193; x_wconf 91' lang='lat' dir='ltr'>si</span> <span class='ocrx_word' id='word_1_253' title='bbox 484 2156 597 2195; x_wconf 85' lang='lat' dir='ltr'>una</span> <span class='ocrx_word' id='word_1_254' title='bbox 614 2142 847 2196; x_wconf 90' lang='lat' dir='ltr'>deorum</span> <span class='ocrx_word' id='word_1_255' title='bbox 877 2147 1079 2196; x_wconf 87' lang='lat' dir='ltr'>natura</span> <span class='ocrx_word' id='word_1_256' title='bbox 1110 2149 1274 2208; x_wconf 87' lang='lat' dir='ltr'>esset,</span> <span class='ocrx_word' id='word_1_257' title='bbox 1308 2143 1445 2197; x_wconf 79' lang='lat' dir='ltr'>deus</span> <span class='ocrx_word' id='word_1_258' title='bbox 1492 2144 1660 2198; x_wconf 88' lang='lat' dir='ltr'>deum</span> <span class='ocrx_word' id='word_1_259' title='bbox 1691 2144 1833 2199; x_wconf 90' lang='lat' dir='ltr'>inse-</span> 
     </span>
    </p>
   </div>
   <div class='ocr_carea' id='block_1_38' title="bbox 222 2229 1831 2302">
    <p class='ocr_par' dir='ltr' id='par_1_38' title="bbox 222 2229 1831 2302">
     <span class='ocr_line' id='line_1_38' title="bbox 222 2229 1831 2302; baseline 0.004 -21"><span class='ocrx_word' id='word_1_260' title='bbox 222 2229 393 2293; x_wconf 80' lang='lat' dir='ltr'>ctari,</span> <span class='ocrx_word' id='word_1_261' title='bbox 444 2236 544 2283; x_wconf 79' lang='lat' dir='ltr'>aut</span> <span class='ocrx_word' id='word_1_262' title='bbox 592 2229 946 2295; x_wconf 87' lang='lat' dir='ltr'>obtruncare,</span> <span class='ocrx_word' id='word_1_263' title='bbox 1008 2235 1108 2284; x_wconf 88' lang='lat' dir='ltr'>aut</span> <span class='ocrx_word' id='word_1_264' title='bbox 1155 2231 1303 2284; x_wconf 90' lang='lat' dir='ltr'>malo</span> <span class='ocrx_word' id='word_1_265' title='bbox 1341 2230 1528 2302; x_wconf 86' lang='lat' dir='ltr'>aliquo</span> <span class='ocrx_word' id='word_1_266' title='bbox 1558 2233 1831 2287; x_wconf 88' lang='lat' dir='ltr'>mulctare</span> 
     </span>
    </p>
   </div>
   <div class='ocr_carea' id='block_1_39' title="bbox 225 2317 1833 2384">
    <p class='ocr_par' dir='ltr' id='par_1_39' title="bbox 225 2317 1833 2384">
     <span class='ocr_line' id='line_1_39' title="bbox 225 2317 1833 2384; baseline 0.003 -13"><span class='ocrx_word' id='word_1_267' title='bbox 225 2318 468 2371; x_wconf 90' lang='lat' dir='ltr'>minime</span> <span class='ocrx_word' id='word_1_268' title='bbox 497 2317 753 2372; x_wconf 88' lang='lat' dir='ltr'>debebat.</span> <span class='ocrx_word' id='word_1_269' title='bbox 788 2318 945 2382; x_wconf 87' lang='lat' dir='ltr'>Quod</span> <span class='ocrx_word' id='word_1_270' title='bbox 971 2318 1018 2372; x_wconf 92' lang='lat' dir='ltr'>si</span> <span class='ocrx_word' id='word_1_271' title='bbox 1059 2318 1133 2372; x_wconf 91' lang='lat' dir='ltr'>dii</span> <span class='ocrx_word' id='word_1_272' title='bbox 1154 2335 1188 2372; x_wconf 86' lang='lat' dir='ltr'>a</span> <span class='ocrx_word' id='word_1_273' title='bbox 1216 2319 1322 2373; x_wconf 89' lang='lat' dir='ltr'>diis</span> <span class='ocrx_word' id='word_1_274' title='bbox 1343 2321 1541 2384; x_wconf 76' lang='lat' dir='ltr'>vexati,</span> <span class='ocrx_word' id='word_1_275' title='bbox 1578 2327 1635 2375; x_wconf 91' lang='lat' dir='ltr'>et</span> <span class='ocrx_word' id='word_1_276' title='bbox 1662 2321 1833 2376; x_wconf 88' lang='lat' dir='ltr'>inter-</span> 
     </span>
    </p>
   </div>
   <div class='ocr_carea' id='block_1_40' title="bbox 222 2408 1830 2482">
    <p class='ocr_par' dir='ltr' id='par_1_40' title="bbox 222 2408 1830 2482">
     <span class='ocr_line' id='line_1_40' title="bbox 222 2408 1830 2482; baseline 0.003 -20"><span class='ocrx_word' id='word_1_277' title='bbox 222 2409 425 2479; x_wconf 87' lang='lat' dir='ltr'>empti,</span> <span class='ocrx_word' id='word_1_278' title='bbox 454 2413 512 2461; x_wconf 91' lang='lat' dir='ltr'>et</span> <span class='ocrx_word' id='word_1_279' title='bbox 536 2408 776 2479; x_wconf 86' lang='lat' dir='ltr'>spoliati,</span> <span class='ocrx_word' id='word_1_280' title='bbox 805 2426 869 2462; x_wconf 87' lang='lat' dir='ltr'>ac</span> <span class='ocrx_word' id='word_1_281' title='bbox 890 2409 1122 2463; x_wconf 86' lang='lat' dir='ltr'>fulmine</span> <span class='ocrx_word' id='word_1_282' title='bbox 1142 2410 1392 2480; x_wconf 89' lang='lat' dir='ltr'>percussi</span> <span class='ocrx_word' id='word_1_283' title='bbox 1414 2416 1565 2473; x_wconf 88' lang='lat' dir='ltr'>sunt,</span> <span class='ocrx_word' id='word_1_284' title='bbox 1589 2429 1701 2466; x_wconf 91' lang='lat' dir='ltr'>non</span> <span class='ocrx_word' id='word_1_285' title='bbox 1712 2412 1830 2482; x_wconf 89' lang='lat' dir='ltr'>jam</span> 
     </span>
    </p>
   </div>
   <div class='ocr_carea' id='block_1_41' title="bbox 224 2499 1832 2563">
    <p class='ocr_par' dir='ltr' id='par_1_41' title="bbox 224 2499 1832 2563">
     <span class='ocr_line' id='line_1_41' title="bbox 224 2499 1832 2563; baseline 0.004 -12"><span class='ocrx_word' id='word_1_286' title='bbox 224 2514 339 2551; x_wconf 86' lang='lat' dir='ltr'>una</span> <span class='ocrx_word' id='word_1_287' title='bbox 373 2515 570 2552; x_wconf 88' lang='lat' dir='ltr'>eorum</span> <span class='ocrx_word' id='word_1_288' title='bbox 603 2504 807 2553; x_wconf 89' lang='lat' dir='ltr'>natura</span> <span class='ocrx_word' id='word_1_289' title='bbox 833 2505 936 2563; x_wconf 89' lang='lat' dir='ltr'>est,</span> <span class='ocrx_word' id='word_1_290' title='bbox 991 2500 1087 2552; x_wconf 92' lang='lat' dir='ltr'>sed</span> <span class='ocrx_word' id='word_1_291' title='bbox 1118 2499 1395 2555; x_wconf 66' lang='lat' dir='ltr'>distinctae</span> <span class='ocrx_word' id='word_1_292' title='bbox 1416 2502 1731 2556; x_wconf 82' lang='lat' dir='ltr'>voluntates</span> <span class='ocrx_word' id='word_1_293' title='bbox 1751 2507 1832 2557; x_wconf 88' lang='lat' dir='ltr'>at-</span> 
     </span>
    </p>
   </div>
   <div class='ocr_carea' id='block_1_42' title="bbox 225 2587 1255 2659">
    <p class='ocr_par' dir='ltr' id='par_1_42' title="bbox 225 2587 1255 2659">
     <span class='ocr_line' id='line_1_42' title="bbox 225 2587 1255 2659; baseline 0.001 -19"><span class='ocrx_word' id='word_1_294' title='bbox 225 2604 335 2657; x_wconf 89' lang='lat' dir='ltr'>que</span> <span class='ocrx_word' id='word_1_295' title='bbox 366 2604 567 2641; x_wconf 89' lang='lat' dir='ltr'>omnes</span> <span class='ocrx_word' id='word_1_296' title='bbox 596 2588 840 2641; x_wconf 69' lang='lat' dir='ltr'>exitiosa:</span> <span class='ocrx_word' id='word_1_297' title='bbox 866 2605 931 2641; x_wconf 91' lang='lat' dir='ltr'>ac</span> <span class='ocrx_word' id='word_1_298' title='bbox 960 2587 1255 2659; x_wconf 70' lang='lat' dir='ltr'>pestiferae.</span> 
     </span>
    </p>
   </div>
   <div class='ocr_carea' id='block_1_43' title="bbox 296 2677 1829 2747">
    <p class='ocr_par' dir='ltr' id='par_1_43' title="bbox 296 2677 1829 2747">
     <span class='ocr_line' id='line_1_43' title="bbox 296 2677 1829 2747; baseline 0.003 -18"><span class='ocrx_word' id='word_1_299' title='bbox 296 2677 379 2730; x_wconf 86' lang='lat' dir='ltr'>Ex</span> <span class='ocrx_word' id='word_1_300' title='bbox 413 2693 523 2747; x_wconf 90' lang='lat' dir='ltr'>quo</span> <span class='ocrx_word' id='word_1_301' title='bbox 552 2677 994 2731; x_wconf 89' lang='lat' dir='ltr'>concludendum</span> <span class='ocrx_word' id='word_1_302' title='bbox 1025 2682 1110 2731; x_wconf 88' lang='lat' dir='ltr'>est</span> <span class='ocrx_word' id='word_1_303' title='bbox 1129 2678 1412 2732; x_wconf 90' lang='lat' dir='ltr'>neminem</span> <span class='ocrx_word' id='word_1_304' title='bbox 1435 2695 1631 2733; x_wconf 86' lang='lat' dir='ltr'>eorum</span> <span class='ocrx_word' id='word_1_305' title='bbox 1661 2680 1829 2734; x_wconf 89' lang='lat' dir='ltr'>deum</span> 
     </span>
    </p>
   </div>
   <div class='ocr_carea' id='block_1_44' title="bbox 223 2767 1829 2836">
    <p class='ocr_par' dir='ltr' id='par_1_44' title="bbox 223 2767 1829 2836">
     <span class='ocr_line' id='line_1_44' title="bbox 223 2767 1829 2836; baseline 0.002 -18"><span class='ocrx_word' id='word_1_306' title='bbox 223 2783 368 2819; x_wconf 90' lang='lat' dir='ltr'>esse.</span> <span class='ocrx_word' id='word_1_307' title='bbox 399 2767 761 2836; x_wconf 87' lang='lat' dir='ltr'>Perspicuum</span> <span class='ocrx_word' id='word_1_308' title='bbox 775 2773 860 2819; x_wconf 91' lang='lat' dir='ltr'>est</span> <span class='ocrx_word' id='word_1_309' title='bbox 882 2767 1071 2836; x_wconf 81' lang='lat' dir='ltr'>igitur,</span> <span class='ocrx_word' id='word_1_310' title='bbox 1107 2784 1265 2832; x_wconf 80' lang='lat' dir='ltr'>orex,</span> <span class='ocrx_word' id='word_1_311' title='bbox 1296 2784 1521 2822; x_wconf 91' lang='lat' dir='ltr'>omnem</span> <span class='ocrx_word' id='word_1_312' title='bbox 1549 2785 1743 2822; x_wconf 90' lang='lat' dir='ltr'>eorum</span> <span class='ocrx_word' id='word_1_313' title='bbox 1760 2769 1829 2823; x_wconf 90' lang='lat' dir='ltr'>de</span> 
     </span>
    </p>
   </div>
   <div class='ocr_carea' id='block_1_45' title="bbox 222 2856 1825 2928">
    <p class='ocr_par' dir='ltr' id='par_1_45' title="bbox 222 2856 1825 2928">
     <span class='ocr_line' id='line_1_45' title="bbox 222 2856 1825 2928; baseline 0.003 -21"><span class='ocrx_word' id='word_1_314' title='bbox 222 2856 465 2909; x_wconf 90' lang='lat' dir='ltr'>deorum</span> <span class='ocrx_word' id='word_1_315' title='bbox 482 2861 686 2909; x_wconf 87' lang='lat' dir='ltr'>natura</span> <span class='ocrx_word' id='word_1_316' title='bbox 704 2856 1141 2926; x_wconf 86' lang='lat' dir='ltr'>disputationem</span> <span class='ocrx_word' id='word_1_317' title='bbox 1181 2858 1388 2912; x_wconf 87' lang='lat' dir='ltr'>erroris</span> <span class='ocrx_word' id='word_1_318' title='bbox 1431 2858 1653 2928; x_wconf 88' lang='lat' dir='ltr'>plenam</span> <span class='ocrx_word' id='word_1_319' title='bbox 1687 2875 1825 2912; x_wconf 92' lang='lat' dir='ltr'>esse.</span> 
     </span>
    </p>
   </div>
   <div class='ocr_carea' id='block_1_46' title="bbox 223 2945 1829 3017">
    <p class='ocr_par' dir='ltr' id='par_1_46' title="bbox 223 2945 1829 3017">
     <span class='ocr_line' id='line_1_46' title="bbox 223 2945 1829 3017; baseline 0.003 -21"><span class='ocrx_word' id='word_1_320' title='bbox 223 2945 488 3007; x_wconf 74' lang='lat' dir='ltr'>Quonam</span> <span class='ocrx_word' id='word_1_321' title='bbox 520 2950 707 2998; x_wconf 89' lang='lat' dir='ltr'>autem</span> <span class='ocrx_word' id='word_1_322' title='bbox 740 2952 900 3016; x_wconf 89' lang='lat' dir='ltr'>pacto</span> <span class='ocrx_word' id='word_1_323' title='bbox 922 2945 960 2999; x_wconf 92' lang='lat' dir='ltr'>ii</span> <span class='ocrx_word' id='word_1_324' title='bbox 983 2947 1077 3016; x_wconf 91' lang='lat' dir='ltr'>qui</span> <span class='ocrx_word' id='word_1_325' title='bbox 1108 2946 1257 3016; x_wconf 87' lang='lat' dir='ltr'>apud</span> <span class='ocrx_word' id='word_1_326' title='bbox 1293 2947 1513 3000; x_wconf 83' lang='lat' dir='ltr'>Graecos</span> <span class='ocrx_word' id='word_1_327' title='bbox 1543 2947 1829 3017; x_wconf 64' lang='lat' dir='ltr'>sapientiae</span> 
     </span>
    </p>
   </div>
   <div class='ocr_carea' id='block_1_47' title="bbox 1913 1879 3505 1951">
    <p class='ocr_par' dir='ltr' id='par_1_47' title="bbox 1913 1879 3505 1951">
     <span class='ocr_line' id='line_1_47' title="bbox 1913 1879 3505 1951; baseline 0.013 -21"><span class='ocrx_word' id='word_1_328' title='bbox 1913 1879 2103 1933; x_wconf 66' lang='lat' dir='ltr'>ctrina;</span> <span class='ocrx_word' id='word_1_329' title='bbox 2123 1897 2239 1933; x_wconf 69' lang='lat' dir='ltr'>sua:</span> <span class='ocrx_word' id='word_1_330' title='bbox 2266 1880 2540 1951; x_wconf 79' lang='lat' dir='ltr'>originem</span> <span class='ocrx_word' id='word_1_331' title='bbox 2569 1883 2801 1939; x_wconf 88' lang='lat' dir='ltr'>ducunt.</span> <span class='ocrx_word' id='word_1_332' title='bbox 2829 1886 2932 1940; x_wconf 87' lang='lat' dir='ltr'>Hic</span> <span class='ocrx_word' id='word_1_333' title='bbox 2960 1894 3152 1944; x_wconf 89' lang='lat' dir='ltr'>autem</span> <span class='ocrx_word' id='word_1_334' title='bbox 3172 1892 3273 1946; x_wconf 90' lang='lat' dir='ltr'>Dei</span> <span class='ocrx_word' id='word_1_335' title='bbox 3302 1894 3505 1949; x_wconf 88' lang='lat' dir='ltr'>altissi-</span> 
     </span>
    </p>
   </div>
   <div class='ocr_carea' id='block_1_48' title="bbox 1913 1967 3505 2053">
    <p class='ocr_par' dir='ltr' id='par_1_48' title="bbox 1913 1967 3505 2053">
     <span class='ocr_line' id='line_1_48' title="bbox 1913 1967 3505 2053; baseline 0.011 -33"><span class='ocrx_word' id='word_1_336' title='bbox 1913 1967 2183 2022; x_wconf 87' lang='lat' dir='ltr'>miFilius</span> <span class='ocrx_word' id='word_1_337' title='bbox 2208 1968 2266 2022; x_wconf 90' lang='lat' dir='ltr'>in</span> <span class='ocrx_word' id='word_1_338' title='bbox 2310 1968 2524 2040; x_wconf 89' lang='lat' dir='ltr'>Spiritu</span> <span class='ocrx_word' id='word_1_339' title='bbox 2563 1979 2757 2028; x_wconf 90' lang='lat' dir='ltr'>sancto</span> <span class='ocrx_word' id='word_1_340' title='bbox 2812 1977 3078 2032; x_wconf 89' lang='lat' dir='ltr'>creditur.</span> <span class='ocrx_word' id='word_1_341' title='bbox 3138 1980 3246 2044; x_wconf 90' lang='lat' dir='ltr'>Qui</span> <span class='ocrx_word' id='word_1_342' title='bbox 3278 1983 3505 2053; x_wconf 90' lang='lat' dir='ltr'>quidem</span> 
     </span>
    </p>
   </div>
   <div class='ocr_carea' id='block_1_49' title="bbox 1914 2056 3507 2141">
    <p class='ocr_par' dir='ltr' id='par_1_49' title="bbox 1914 2056 3507 2141">
     <span class='ocr_line' id='line_1_49' title="bbox 1914 2056 3507 2141; baseline 0.013 -32"><span class='ocrx_word' id='word_1_343' title='bbox 1914 2056 2171 2111; x_wconf 68' lang='lat' dir='ltr'>humanae</span> <span class='ocrx_word' id='word_1_344' title='bbox 2182 2057 2377 2112; x_wconf 89' lang='lat' dir='ltr'>salutis</span> <span class='ocrx_word' id='word_1_345' title='bbox 2393 2074 2562 2114; x_wconf 88' lang='lat' dir='ltr'>causa</span> <span class='ocrx_word' id='word_1_346' title='bbox 2572 2060 2781 2118; x_wconf 73' lang='lat' dir='ltr'>decmlo</span> <span class='ocrx_word' id='word_1_347' title='bbox 2795 2064 3277 2141; x_wconf 88' lang='lat' dir='ltr'>descendit,atque</span> <span class='ocrx_word' id='word_1_348' title='bbox 3292 2088 3358 2127; x_wconf 84' lang='lat' dir='ltr'>ex</span> <span class='ocrx_word' id='word_1_349' title='bbox 3374 2088 3507 2128; x_wconf 88' lang='lat' dir='ltr'>san-</span> 
     </span>
    </p>
   </div>
   <div class='ocr_carea' id='block_1_50' title="bbox 1913 2147 3507 2232">
    <p class='ocr_par' dir='ltr' id='par_1_50' title="bbox 1913 2147 3507 2232">
     <span class='ocr_line' id='line_1_50' title="bbox 1913 2147 3507 2232; baseline 0.013 -34"><span class='ocrx_word' id='word_1_350' title='bbox 1913 2151 2002 2200; x_wconf 89' lang='lat' dir='ltr'>cta</span> <span class='ocrx_word' id='word_1_351' title='bbox 2014 2147 2238 2217; x_wconf 85' lang='lat' dir='ltr'>Virgine</span> <span class='ocrx_word' id='word_1_352' title='bbox 2271 2148 2498 2217; x_wconf 89' lang='lat' dir='ltr'>genitus</span> <span class='ocrx_word' id='word_1_353' title='bbox 2515 2156 2617 2211; x_wconf 85' lang='lat' dir='ltr'>est,</span> <span class='ocrx_word' id='word_1_354' title='bbox 2648 2169 2713 2206; x_wconf 89' lang='lat' dir='ltr'>ac</span> <span class='ocrx_word' id='word_1_355' title='bbox 2723 2152 2843 2208; x_wconf 90' lang='lat' dir='ltr'>sine</span> <span class='ocrx_word' id='word_1_356' title='bbox 2855 2156 3071 2211; x_wconf 88' lang='lat' dir='ltr'>semine</span> <span class='ocrx_word' id='word_1_357' title='bbox 3087 2164 3145 2212; x_wconf 91' lang='lat' dir='ltr'>et</span> <span class='ocrx_word' id='word_1_358' title='bbox 3156 2161 3507 2232; x_wconf 87' lang='lat' dir='ltr'>correptione</span> 
     </span>
    </p>
   </div>
   <div class='ocr_carea' id='block_1_51' title="bbox 1913 2238 3507 2315">
    <p class='ocr_par' dir='ltr' id='par_1_51' title="bbox 1913 2238 3507 2315">
     <span class='ocr_line' id='line_1_51' title="bbox 1913 2238 3507 2315; baseline 0.012 -28"><span class='ocrx_word' id='word_1_359' title='bbox 1913 2251 2138 2289; x_wconf 88' lang='lat' dir='ltr'>carnem</span> <span class='ocrx_word' id='word_1_360' title='bbox 2158 2238 2861 2312; x_wconf 90' lang='lat' dir='ltr'>suscepit,hominibusque</span> <span class='ocrx_word' id='word_1_361' title='bbox 2875 2260 2946 2315; x_wconf 91' lang='lat' dir='ltr'>ap</span> <span class='ocrx_word' id='word_1_362' title='bbox 2950 2247 3225 2315; x_wconf 90' lang='lat' dir='ltr'>paruit,ut</span> <span class='ocrx_word' id='word_1_363' title='bbox 3241 2266 3336 2304; x_wconf 91' lang='lat' dir='ltr'>eos</span> <span class='ocrx_word' id='word_1_364' title='bbox 3347 2267 3382 2305; x_wconf 90' lang='lat' dir='ltr'>a</span> <span class='ocrx_word' id='word_1_365' title='bbox 3400 2250 3507 2306; x_wconf 86' lang='lat' dir='ltr'>fal-</span> 
     </span>
    </p>
   </div>
   <div class='ocr_carea' id='block_1_52' title="bbox 1914 2325 3511 2407">
    <p class='ocr_par' dir='ltr' id='par_1_52' title="bbox 1914 2325 3511 2407">
     <span class='ocr_line' id='line_1_52' title="bbox 1914 2325 3511 2407; baseline 0.013 -31"><span class='ocrx_word' id='word_1_366' title='bbox 1914 2342 1975 2377; x_wconf 92' lang='lat' dir='ltr'>so</span> <span class='ocrx_word' id='word_1_367' title='bbox 1994 2325 2297 2379; x_wconf 91' lang='lat' dir='ltr'>multorum</span> <span class='ocrx_word' id='word_1_368' title='bbox 2308 2326 2540 2382; x_wconf 89' lang='lat' dir='ltr'>deorum</span> <span class='ocrx_word' id='word_1_369' title='bbox 2557 2329 2709 2383; x_wconf 91' lang='lat' dir='ltr'>cultu</span> <span class='ocrx_word' id='word_1_370' title='bbox 2720 2338 3019 2388; x_wconf 88' lang='lat' dir='ltr'>revocaret.</span> <span class='ocrx_word' id='word_1_371' title='bbox 3028 2337 3213 2407; x_wconf 84' lang='lat' dir='ltr'>Atque</span> <span class='ocrx_word' id='word_1_372' title='bbox 3228 2338 3511 2396; x_wconf 84' lang='lat' dir='ltr'>admiran-</span> 
     </span>
    </p>
   </div>
   <div class='ocr_carea' id='block_1_53' title="bbox 1914 2413 3511 2494">
    <p class='ocr_par' dir='ltr' id='par_1_53' title="bbox 1914 2413 3511 2494">
     <span class='ocr_line' id='line_1_53' title="bbox 1914 2413 3511 2494; baseline 0.011 -28"><span class='ocrx_word' id='word_1_373' title='bbox 1914 2413 1986 2467; x_wconf 88' lang='lat' dir='ltr'>da</span> <span class='ocrx_word' id='word_1_374' title='bbox 2006 2413 2411 2469; x_wconf 84' lang='lat' dir='ltr'>incarnationis</span> <span class='ocrx_word' id='word_1_375' title='bbox 2433 2434 2546 2472; x_wconf 74' lang='lat' dir='ltr'>suae</span> <span class='ocrx_word' id='word_1_376' title='bbox 2568 2418 2987 2489; x_wconf 86' lang='lat' dir='ltr'>dispensatione</span> <span class='ocrx_word' id='word_1_377' title='bbox 3024 2424 3351 2494; x_wconf 87' lang='lat' dir='ltr'>perfunctus</span> <span class='ocrx_word' id='word_1_378' title='bbox 3364 2444 3511 2483; x_wconf 84' lang='lat' dir='ltr'>mor-</span> 
     </span>
    </p>
   </div>
   <div class='ocr_carea' id='block_1_54' title="bbox 1913 2505 3511 2588">
    <p class='ocr_par' dir='ltr' id='par_1_54' title="bbox 1913 2505 3511 2588">
     <span class='ocr_line' id='line_1_54' title="bbox 1913 2505 3511 2588; baseline 0.012 -33"><span class='ocrx_word' id='word_1_379' title='bbox 1913 2506 2028 2556; x_wconf 89' lang='lat' dir='ltr'>tem</span> <span class='ocrx_word' id='word_1_380' title='bbox 2058 2508 2275 2573; x_wconf 87' lang='lat' dir='ltr'>sponte,</span> <span class='ocrx_word' id='word_1_381' title='bbox 2308 2505 2707 2576; x_wconf 89' lang='lat' dir='ltr'>atqueingenti</span> <span class='ocrx_word' id='word_1_382' title='bbox 2736 2510 2981 2579; x_wconf 84' lang='lat' dir='ltr'>quodam</span> <span class='ocrx_word' id='word_1_383' title='bbox 2997 2514 3248 2583; x_wconf 90' lang='lat' dir='ltr'>consilio,</span> <span class='ocrx_word' id='word_1_384' title='bbox 3273 2532 3374 2588; x_wconf 88' lang='lat' dir='ltr'>per</span> <span class='ocrx_word' id='word_1_385' title='bbox 3386 2534 3511 2574; x_wconf 88' lang='lat' dir='ltr'>cru-</span> 
     </span>
    </p>
   </div>
   <div class='ocr_carea' id='block_1_55' title="bbox 1911 2592 3509 2678">
    <p class='ocr_par' dir='ltr' id='par_1_55' title="bbox 1911 2592 3509 2678">
     <span class='ocr_line' id='line_1_55' title="bbox 1911 2592 3509 2678; baseline 0.012 -34"><span class='ocrx_word' id='word_1_386' title='bbox 1911 2608 2032 2645; x_wconf 88' lang='lat' dir='ltr'>cem</span> <span class='ocrx_word' id='word_1_387' title='bbox 2055 2592 2389 2663; x_wconf 85' lang='lat' dir='ltr'>degustavit.</span> <span class='ocrx_word' id='word_1_388' title='bbox 2421 2594 2630 2650; x_wconf 89' lang='lat' dir='ltr'>Triduo</span> <span class='ocrx_word' id='word_1_389' title='bbox 2650 2602 2839 2652; x_wconf 86' lang='lat' dir='ltr'>autem</span> <span class='ocrx_word' id='word_1_390' title='bbox 2857 2605 2980 2669; x_wconf 90' lang='lat' dir='ltr'>post</span> <span class='ocrx_word' id='word_1_391' title='bbox 3010 2605 3509 2678; x_wconf 82' lang='lat' dir='ltr'>resurrexit,atque</span> 
     </span>
    </p>
   </div>
   <div class='ocr_carea' id='block_1_56' title="bbox 1912 2679 3509 2767">
    <p class='ocr_par' dir='ltr' id='par_1_56' title="bbox 1912 2679 3509 2767">
     <span class='ocr_line' id='line_1_56' title="bbox 1912 2679 3509 2767; baseline 0.012 -35"><span class='ocrx_word' id='word_1_392' title='bbox 1912 2679 1968 2733; x_wconf 90' lang='lat' dir='ltr'>in</span> <span class='ocrx_word' id='word_1_393' title='bbox 1989 2681 2155 2735; x_wconf 78' lang='lat' dir='ltr'>caelos</span> <span class='ocrx_word' id='word_1_394' title='bbox 2176 2683 2448 2736; x_wconf 88' lang='lat' dir='ltr'>ascendit.</span> <span class='ocrx_word' id='word_1_395' title='bbox 2469 2685 2643 2753; x_wconf 86' lang='lat' dir='ltr'>Cujus</span> <span class='ocrx_word' id='word_1_396' title='bbox 2669 2688 2978 2755; x_wconf 71' lang='lat' dir='ltr'>pra-zsentiaa</span> <span class='ocrx_word' id='word_1_397' title='bbox 2987 2690 3228 2760; x_wconf 84' lang='lat' dir='ltr'>gloriam</span> <span class='ocrx_word' id='word_1_398' title='bbox 3249 2695 3509 2767; x_wconf 79' lang='lat' dir='ltr'>exScrip—</span> 
     </span>
    </p>
   </div>
   <div class='ocr_carea' id='block_1_57' title="bbox 1911 2772 3512 2855">
    <p class='ocr_par' dir='ltr' id='par_1_57' title="bbox 1911 2772 3512 2855">
     <span class='ocr_line' id='line_1_57' title="bbox 1911 2772 3512 2855; baseline 0.012 -34"><span class='ocrx_word' id='word_1_399' title='bbox 1911 2774 2188 2840; x_wconf 70' lang='lat' dir='ltr'>tura,quze</span> <span class='ocrx_word' id='word_1_400' title='bbox 2200 2772 2349 2841; x_wconf 86' lang='lat' dir='ltr'>apud</span> <span class='ocrx_word' id='word_1_401' title='bbox 2374 2789 2467 2825; x_wconf 89' lang='lat' dir='ltr'>eos</span> <span class='ocrx_word' id='word_1_402' title='bbox 2480 2772 2813 2843; x_wconf 81' lang='lat' dir='ltr'>Evangelica</span> <span class='ocrx_word' id='word_1_403' title='bbox 2840 2784 3092 2846; x_wconf 88' lang='lat' dir='ltr'>vocatur,</span> <span class='ocrx_word' id='word_1_404' title='bbox 3111 2781 3158 2835; x_wconf 88' lang='lat' dir='ltr'>si</span> <span class='ocrx_word' id='word_1_405' title='bbox 3178 2798 3303 2837; x_wconf 86' lang='lat' dir='ltr'>eam</span> <span class='ocrx_word' id='word_1_406' title='bbox 3324 2784 3512 2855; x_wconf 83' lang='lat' dir='ltr'>legere</span> 
     </span>
    </p>
   </div>
   <div class='ocr_carea' id='block_1_58' title="bbox 1913 2856 3513 2937">
    <p class='ocr_par' dir='ltr' id='par_1_58' title="bbox 1913 2856 3513 2937">
     <span class='ocr_line' id='line_1_58' title="bbox 1913 2856 3513 2937; baseline 0.012 -27"><span class='ocrx_word' id='word_1_407' title='bbox 1913 2856 1971 2910; x_wconf 92' lang='lat' dir='ltr'>in</span> <span class='ocrx_word' id='word_1_408' title='bbox 2018 2858 2270 2912; x_wconf 90' lang='lat' dir='ltr'>animum</span> <span class='ocrx_word' id='word_1_409' title='bbox 2300 2860 2602 2927; x_wconf 84' lang='lat' dir='ltr'>induxeris,</span> <span class='ocrx_word' id='word_1_410' title='bbox 2637 2864 2953 2934; x_wconf 88' lang='lat' dir='ltr'>perspicere</span> <span class='ocrx_word' id='word_1_411' title='bbox 2986 2867 3138 2937; x_wconf 91' lang='lat' dir='ltr'>licet,</span> <span class='ocrx_word' id='word_1_412' title='bbox 3182 2888 3215 2925; x_wconf 93' lang='grc' dir='ltr'>ο</span> <span class='ocrx_word' id='word_1_413' title='bbox 3253 2887 3374 2927; x_wconf 87' lang='lat' dir='ltr'>rex.</span> <span class='ocrx_word' id='word_1_414' title='bbox 3407 2874 3513 2929; x_wconf 88' lang='lat' dir='ltr'>Hic</span> 
     </span>
    </p>
   </div>
   <div class='ocr_carea' id='block_1_59' title="bbox 1913 2945 3510 3030">
    <p class='ocr_par' dir='ltr' id='par_1_59' title="bbox 1913 2945 3510 3030">
     <span class='ocr_line' id='line_1_59' title="bbox 1913 2945 3510 3030; baseline 0.013 -32"><span class='ocrx_word' id='word_1_415' title='bbox 1913 2945 2207 3000; x_wconf 87' lang='lat' dir='ltr'>duodecim</span> <span class='ocrx_word' id='word_1_416' title='bbox 2240 2947 2542 3019; x_wconf 90' lang='lat' dir='ltr'>discipulos</span> <span class='ocrx_word' id='word_1_417' title='bbox 2569 2950 2782 3018; x_wconf 86' lang='lat' dir='ltr'>habuit,</span> <span class='ocrx_word' id='word_1_418' title='bbox 2828 2955 2922 3025; x_wconf 89' lang='lat' dir='ltr'>qui</span> <span class='ocrx_word' id='word_1_419' title='bbox 2942 2963 3070 3026; x_wconf 91' lang='lat' dir='ltr'>post</span> <span class='ocrx_word' id='word_1_420' title='bbox 3096 2958 3273 3030; x_wconf 91' lang='lat' dir='ltr'>ipsius</span> <span class='ocrx_word' id='word_1_421' title='bbox 3309 2961 3368 3016; x_wconf 88' lang='lat' dir='ltr'>in</span> <span class='ocrx_word' id='word_1_422' title='bbox 3397 2978 3510 3017; x_wconf 70' lang='lat' dir='ltr'>caa-</span> 
     </span>
    </p>
   </div>
   <div class='ocr_carea' id='block_1_60' title="bbox 223 3032 3508 3120">
    <p class='ocr_par' dir='ltr' id='par_1_60' title="bbox 223 3032 3508 3120">
     <span class='ocr_line' id='line_1_60' title="bbox 223 3032 3508 3120; baseline 0.006 -34"><span class='ocrx_word' id='word_1_423' title='bbox 223 3038 400 3103; x_wconf 87' lang='lat' dir='ltr'>atque</span> <span class='ocrx_word' id='word_1_424' title='bbox 422 3032 693 3087; x_wconf 67' lang='lat' dir='ltr'>doctrinae</span> <span class='ocrx_word' id='word_1_425' title='bbox 721 3034 871 3088; x_wconf 85' lang='lat' dir='ltr'>fama</span> <span class='ocrx_word' id='word_1_426' title='bbox 901 3035 1233 3089; x_wconf 88' lang='lat' dir='ltr'>ﬂoruerunt.</span> <span class='ocrx_word' id='word_1_427' title='bbox 1256 3035 1395 3089; x_wconf 90' lang='lat' dir='ltr'>illud</span> <span class='ocrx_word' id='word_1_428' title='bbox 1418 3035 1649 3089; x_wconf 89' lang='lat' dir='ltr'>minime</span> <span class='ocrx_word' id='word_1_429' title='bbox 1670 3036 1829 3090; x_wconf 91' lang='lat' dir='ltr'>intel-</span> <span class='ocrx_word' id='word_1_430' title='bbox 1914 3035 2031 3088; x_wconf 89' lang='lat' dir='ltr'>lum</span> <span class='ocrx_word' id='word_1_431' title='bbox 2061 3052 2353 3091; x_wconf 88' lang='lat' dir='ltr'>ascensum</span> <span class='ocrx_word' id='word_1_432' title='bbox 2382 3037 2440 3090; x_wconf 92' lang='lat' dir='ltr'>in</span> <span class='ocrx_word' id='word_1_433' title='bbox 2490 3037 2640 3092; x_wconf 89' lang='lat' dir='ltr'>orbis</span> <span class='ocrx_word' id='word_1_434' title='bbox 2676 3045 2842 3096; x_wconf 66' lang='lat' dir='ltr'>terrae</span> <span class='ocrx_word' id='word_1_435' title='bbox 2891 3046 3205 3115; x_wconf 87' lang='lat' dir='ltr'>provincias</span> <span class='ocrx_word' id='word_1_436' title='bbox 3233 3050 3508 3120; x_wconf 88' lang='lat' dir='ltr'>exierunt,</span> 
     </span>
    </p>
   </div>
   <div class='ocr_carea' id='block_1_61' title="bbox 224 3123 3504 3209">
    <p class='ocr_par' dir='ltr' id='par_1_61' title="bbox 224 3123 3504 3209">
     <span class='ocr_line' id='line_1_61' title="bbox 224 3123 3504 3209; baseline 0.006 -34"><span class='ocrx_word' id='word_1_437' title='bbox 224 3123 507 3188; x_wconf 85' lang='lat' dir='ltr'>lexerunt,</span> <span class='ocrx_word' id='word_1_438' title='bbox 543 3139 638 3176; x_wconf 90' lang='lat' dir='ltr'>eos</span> <span class='ocrx_word' id='word_1_439' title='bbox 669 3124 763 3194; x_wconf 88' lang='lat' dir='ltr'>qui</span> <span class='ocrx_word' id='word_1_440' title='bbox 786 3124 937 3195; x_wconf 89' lang='lat' dir='ltr'>leges</span> <span class='ocrx_word' id='word_1_441' title='bbox 964 3125 1219 3178; x_wconf 91' lang='lat' dir='ltr'>tulerunt</span> <span class='ocrx_word' id='word_1_442' title='bbox 1237 3124 1472 3179; x_wconf 90' lang='lat' dir='ltr'>suismet</span> <span class='ocrx_word' id='word_1_443' title='bbox 1499 3125 1716 3194; x_wconf 82' lang='lat' dir='ltr'>legibus</span> <span class='ocrx_word' id='word_1_444' title='bbox 1741 3127 1830 3196; x_wconf 88' lang='lat' dir='ltr'>ju-</span> <span class='ocrx_word' id='word_1_445' title='bbox 1847 3131 1891 3190; x_wconf 75' lang='grc' dir='ltr'><strong>Ο</strong></span> <span class='ocrx_word' id='word_1_446' title='bbox 1913 3123 2202 3195; x_wconf 60' lang='lat' dir='ltr'>ipsiusque</span> <span class='ocrx_word' id='word_1_447' title='bbox 2255 3131 2552 3196; x_wconf 85' lang='lat' dir='ltr'>augustam</span> <span class='ocrx_word' id='word_1_448' title='bbox 2575 3130 3003 3200; x_wconf 86' lang='lat' dir='ltr'>amplitudinem</span> <span class='ocrx_word' id='word_1_449' title='bbox 3033 3138 3465 3209; x_wconf 87' lang='lat' dir='ltr'>promulgarunt</span> <span class='ocrx_word' id='word_1_450' title='bbox 3492 3160 3504 3195; x_wconf 92' lang='lat'><strong>:</strong></span> 
     </span>
    </p>
   </div>
   <div class='ocr_carea' id='block_1_62' title="bbox 222 3211 3507 3295">
    <p class='ocr_par' dir='ltr' id='par_1_62' title="bbox 222 3211 3507 3295">
     <span class='ocr_line' id='line_1_62' title="bbox 222 3211 3507 3295; baseline 0.006 -31"><span class='ocrx_word' id='word_1_451' title='bbox 222 3211 437 3265; x_wconf 83' lang='lat' dir='ltr'>dicari?</span> <span class='ocrx_word' id='word_1_452' title='bbox 458 3212 602 3265; x_wconf 90' lang='lat' dir='ltr'>Nam</span> <span class='ocrx_word' id='word_1_453' title='bbox 631 3213 677 3266; x_wconf 91' lang='lat' dir='ltr'>si</span> <span class='ocrx_word' id='word_1_454' title='bbox 707 3213 856 3283; x_wconf 81' lang='lat' dir='ltr'>leges</span> <span class='ocrx_word' id='word_1_455' title='bbox 881 3214 1048 3283; x_wconf 77' lang='lat' dir='ltr'>justzn</span> <span class='ocrx_word' id='word_1_456' title='bbox 1077 3219 1227 3279; x_wconf 92' lang='lat' dir='ltr'>sunt,</span> <span class='ocrx_word' id='word_1_457' title='bbox 1274 3214 1469 3283; x_wconf 89' lang='lat' dir='ltr'>injusti</span> <span class='ocrx_word' id='word_1_458' title='bbox 1500 3215 1728 3269; x_wconf 91' lang='lat' dir='ltr'>omnino</span> <span class='ocrx_word' id='word_1_459' title='bbox 1748 3214 1832 3286; x_wconf 87' lang='lat' dir='ltr'>ip-</span> <span class='ocrx_word' id='word_1_460' title='bbox 1919 3215 2392 3283; x_wconf 87' lang='lat' dir='ltr'>quemadmodum</span> <span class='ocrx_word' id='word_1_461' title='bbox 2418 3215 2590 3269; x_wconf 89' lang='lat' dir='ltr'>etiam</span> <span class='ocrx_word' id='word_1_462' title='bbox 2609 3233 2756 3273; x_wconf 90' lang='lat' dir='ltr'>unus</span> <span class='ocrx_word' id='word_1_463' title='bbox 2777 3235 2841 3273; x_wconf 84' lang='lat' dir='ltr'>ex</span> <span class='ocrx_word' id='word_1_464' title='bbox 2858 3220 2994 3292; x_wconf 93' lang='lat' dir='ltr'>ipsis</span> <span class='ocrx_word' id='word_1_465' title='bbox 3009 3225 3265 3295; x_wconf 89' lang='lat' dir='ltr'>regiones</span> <span class='ocrx_word' id='word_1_466' title='bbox 3285 3232 3507 3284; x_wconf 72' lang='lat' dir='ltr'>nostras</span> 
     </span>
    </p>
   </div>
   <div class='ocr_carea' id='block_1_63' title="bbox 224 3300 1831 3374">
    <p class='ocr_par' dir='ltr' id='par_1_63' title="bbox 224 3300 1831 3374">
     <span class='ocr_line' id='line_1_63' title="bbox 224 3300 1831 3374; baseline 0.002 -20"><span class='ocrx_word' id='word_1_467' title='bbox 224 3317 420 3354; x_wconf 73' lang='lat' dir='ltr'>serum</span> <span class='ocrx_word' id='word_1_468' title='bbox 452 3300 531 3354; x_wconf 93' lang='lat' dir='ltr'>dii</span> <span class='ocrx_word' id='word_1_469' title='bbox 557 3307 707 3367; x_wconf 84' lang='lat' dir='ltr'>sunt,</span> <span class='ocrx_word' id='word_1_470' title='bbox 744 3302 839 3372; x_wconf 89' lang='lat' dir='ltr'>qui</span> <span class='ocrx_word' id='word_1_471' title='bbox 867 3302 1263 3373; x_wconf 88' lang='lat' dir='ltr'>contralegum</span> <span class='ocrx_word' id='word_1_472' title='bbox 1283 3304 1606 3374; x_wconf 63' lang='lat' dir='ltr'>praescripta</span> <span class='ocrx_word' id='word_1_473' title='bbox 1636 3309 1831 3358; x_wconf 89' lang='lat' dir='ltr'>mutuo</span> 
     </span>
    </p>
   </div>
   <div class='ocr_carea' id='block_1_64' title="bbox 225 3389 1828 3460">
    <p class='ocr_par' dir='ltr' id='par_1_64' title="bbox 225 3389 1828 3460">
     <span class='ocr_line' id='line_1_64' title="bbox 225 3389 1828 3460; baseline 0.002 -18"><span class='ocrx_word' id='word_1_474' title='bbox 225 3406 348 3443; x_wconf 85' lang='lat' dir='ltr'>sese</span> <span class='ocrx_word' id='word_1_475' title='bbox 382 3389 783 3456; x_wconf 87' lang='lat' dir='ltr'>interfecerint,</span> <span class='ocrx_word' id='word_1_476' title='bbox 817 3397 991 3460; x_wconf 88' lang='lat' dir='ltr'>atque</span> <span class='ocrx_word' id='word_1_477' title='bbox 1021 3391 1079 3445; x_wconf 89' lang='lat' dir='ltr'>in</span> <span class='ocrx_word' id='word_1_478' title='bbox 1121 3391 1403 3457; x_wconf 85' lang='lat' dir='ltr'>veneﬁcia,</span> <span class='ocrx_word' id='word_1_479' title='bbox 1439 3397 1495 3445; x_wconf 92' lang='lat' dir='ltr'>et</span> <span class='ocrx_word' id='word_1_480' title='bbox 1530 3392 1828 3459; x_wconf 84' lang='lat' dir='ltr'>adulteria,</span> 
     </span>
    </p>
   </div>
   <div class='ocr_carea' id='block_1_65' title="bbox 226 3468 1833 3551">
    <p class='ocr_par' dir='ltr' id='par_1_65' title="bbox 226 3468 1833 3551">
     <span class='ocr_line' id='line_1_65' title="bbox 226 3468 1833 3551; baseline 0.004 -20"><span class='ocrx_word' id='word_1_481' title='bbox 226 3484 282 3531; x_wconf 85' lang='lat' dir='ltr'>et</span> <span class='ocrx_word' id='word_1_482' title='bbox 312 3478 490 3543; x_wconf 87' lang='lat' dir='ltr'>furta,</span> <span class='ocrx_word' id='word_1_483' title='bbox 539 3484 598 3533; x_wconf 89' lang='lat' dir='ltr'>et</span> <span class='ocrx_word' id='word_1_484' title='bbox 641 3468 1015 3551; x_wconf 70' lang='lat' dir='ltr'>praeposteras</span> <span class='ocrx_word' id='word_1_485' title='bbox 1051 3479 1314 3535; x_wconf 90' lang='lat' dir='ltr'>libidines</span> <span class='ocrx_word' id='word_1_486' title='bbox 1357 3481 1695 3551; x_wconf 86' lang='lat' dir='ltr'>proruerint.</span> <span class='ocrx_word' id='word_1_487' title='bbox 1733 3482 1833 3537; x_wconf 91' lang='lat' dir='ltr'>Sin</span> 
     </span>
    </p>
   </div>
   <div class='ocr_carea' id='block_1_66' title="bbox 228 3568 1834 3641">
    <p class='ocr_par' dir='ltr' id='par_1_66' title="bbox 228 3568 1834 3641">
     <span class='ocr_line' id='line_1_66' title="bbox 228 3568 1834 3641; baseline 0.003 -21"><span class='ocrx_word' id='word_1_488' title='bbox 228 3574 421 3621; x_wconf 88' lang='lat' dir='ltr'>autem</span> <span class='ocrx_word' id='word_1_489' title='bbox 446 3574 593 3621; x_wconf 90' lang='lat' dir='ltr'>recte</span> <span class='ocrx_word' id='word_1_490' title='bbox 614 3568 883 3633; x_wconf 85' lang='lat' dir='ltr'>fecerunt,</span> <span class='ocrx_word' id='word_1_491' title='bbox 914 3570 1067 3639; x_wconf 90' lang='lat' dir='ltr'>leges</span> <span class='ocrx_word' id='word_1_492' title='bbox 1081 3575 1232 3623; x_wconf 90' lang='lat' dir='ltr'>certe</span> <span class='ocrx_word' id='word_1_493' title='bbox 1251 3569 1458 3641; x_wconf 81' lang='lat' dir='ltr'>iniquae</span> <span class='ocrx_word' id='word_1_494' title='bbox 1482 3576 1834 3641; x_wconf 90' lang='lat' dir='ltr'>sunt,utpote</span> 
     </span>
    </p>
   </div>
   <div class='ocr_carea' id='block_1_67' title="bbox 229 3656 1835 3730">
    <p class='ocr_par' dir='ltr' id='par_1_67' title="bbox 229 3656 1835 3730">
     <span class='ocr_line' id='line_1_67' title="bbox 229 3656 1835 3730; baseline 0.004 -22"><span class='ocrx_word' id='word_1_495' title='bbox 229 3657 502 3709; x_wconf 82' lang='lat' dir='ltr'>adversus</span> <span class='ocrx_word' id='word_1_496' title='bbox 514 3656 649 3711; x_wconf 89' lang='lat' dir='ltr'>deos</span> <span class='ocrx_word' id='word_1_497' title='bbox 670 3658 1004 3713; x_wconf 64' lang='lat' dir='ltr'>constitutae.</span> <span class='ocrx_word' id='word_1_498' title='bbox 1014 3659 1175 3712; x_wconf 90' lang='lat' dir='ltr'>Nunc</span> <span class='ocrx_word' id='word_1_499' title='bbox 1186 3663 1375 3712; x_wconf 90' lang='lat' dir='ltr'>autem</span> <span class='ocrx_word' id='word_1_500' title='bbox 1388 3659 1542 3728; x_wconf 85' lang='lat' dir='ltr'>leges</span> <span class='ocrx_word' id='word_1_501' title='bbox 1558 3659 1835 3730; x_wconf 59' lang='lat' dir='ltr'>praeclarae</span> 
     </span>
    </p>
   </div>
   <div class='ocr_carea' id='block_1_68' title="bbox 231 3747 1840 3817">
    <p class='ocr_par' dir='ltr' id='par_1_68' title="bbox 231 3747 1840 3817">
     <span class='ocr_line' id='line_1_68' title="bbox 231 3747 1840 3817; baseline 0.003 -19"><span class='ocrx_word' id='word_1_502' title='bbox 231 3761 292 3798; x_wconf 87' lang='lat' dir='ltr'>ac</span> <span class='ocrx_word' id='word_1_503' title='bbox 325 3747 501 3815; x_wconf 67' lang='lat' dir='ltr'>justaa</span> <span class='ocrx_word' id='word_1_504' title='bbox 528 3752 679 3812; x_wconf 88' lang='lat' dir='ltr'>sunt,</span> <span class='ocrx_word' id='word_1_505' title='bbox 712 3753 776 3802; x_wconf 87' lang='lat' dir='ltr'>ut</span> <span class='ocrx_word' id='word_1_506' title='bbox 804 3764 929 3817; x_wconf 57' lang='lat' dir='ltr'>qua</span> <span class='ocrx_word' id='word_1_507' title='bbox 972 3753 1029 3801; x_wconf 89' lang='lat' dir='ltr'>et</span> <span class='ocrx_word' id='word_1_508' title='bbox 1058 3747 1295 3801; x_wconf 89' lang='lat' dir='ltr'>virtutes</span> <span class='ocrx_word' id='word_1_509' title='bbox 1345 3748 1596 3814; x_wconf 87' lang='lat' dir='ltr'>laudent,</span> <span class='ocrx_word' id='word_1_510' title='bbox 1623 3753 1681 3803; x_wconf 91' lang='lat' dir='ltr'>et</span> <span class='ocrx_word' id='word_1_511' title='bbox 1704 3748 1840 3803; x_wconf 88' lang='lat' dir='ltr'>vitia</span> 
     </span>
    </p>
   </div>
   <div class='ocr_carea' id='block_1_69' title="bbox 232 3834 1837 3907">
    <p class='ocr_par' dir='ltr' id='par_1_69' title="bbox 232 3834 1837 3907">
     <span class='ocr_line' id='line_1_69' title="bbox 232 3834 1837 3907; baseline 0.003 -21"><span class='ocrx_word' id='word_1_512' title='bbox 232 3834 574 3904; x_wconf 88' lang='lat' dir='ltr'>prohibeant</span> <span class='ocrx_word' id='word_1_513' title='bbox 601 3854 613 3903; x_wconf 91' lang='lat'><strong>;</strong></span> <span class='ocrx_word' id='word_1_514' title='bbox 661 3835 893 3891; x_wconf 86' lang='lat' dir='ltr'>deorum</span> <span class='ocrx_word' id='word_1_515' title='bbox 917 3842 1127 3899; x_wconf 89' lang='lat' dir='ltr'>autem,</span> <span class='ocrx_word' id='word_1_516' title='bbox 1182 3852 1322 3907; x_wconf 89' lang='lat' dir='ltr'>quos</span> <span class='ocrx_word' id='word_1_517' title='bbox 1349 3836 1456 3907; x_wconf 92' lang='lat' dir='ltr'>ipsi</span> <span class='ocrx_word' id='word_1_518' title='bbox 1484 3837 1694 3902; x_wconf 91' lang='lat' dir='ltr'>colunt,</span> <span class='ocrx_word' id='word_1_519' title='bbox 1727 3838 1837 3891; x_wconf 90' lang='lat' dir='ltr'>ini-</span> 
     </span>
    </p>
   </div>
   <div class='ocr_carea' id='block_1_70' title="bbox 234 3925 1836 3996">
    <p class='ocr_par' dir='ltr' id='par_1_70' title="bbox 234 3925 1836 3996">
     <span class='ocr_line' id='line_1_70' title="bbox 234 3925 1836 3996; baseline 0.002 -20"><span class='ocrx_word' id='word_1_520' title='bbox 234 3939 347 3993; x_wconf 87' lang='lat' dir='ltr'>qua</span> <span class='ocrx_word' id='word_1_521' title='bbox 378 3930 515 3977; x_wconf 89' lang='lat' dir='ltr'>sunt</span> <span class='ocrx_word' id='word_1_522' title='bbox 540 3940 711 3995; x_wconf 87' lang='lat' dir='ltr'>opera</span> <span class='ocrx_word' id='word_1_523' title='bbox 733 3925 1124 3996; x_wconf 86' lang='lat' dir='ltr'>:quareiniqui</span> <span class='ocrx_word' id='word_1_524' title='bbox 1137 3926 1307 3980; x_wconf 89' lang='lat' dir='ltr'>etiam</span> <span class='ocrx_word' id='word_1_525' title='bbox 1332 3925 1580 3996; x_wconf 90' lang='lat' dir='ltr'>ipsorum</span> <span class='ocrx_word' id='word_1_526' title='bbox 1603 3927 1680 3981; x_wconf 90' lang='lat' dir='ltr'>dii</span> <span class='ocrx_word' id='word_1_527' title='bbox 1703 3932 1836 3980; x_wconf 91' lang='lat' dir='ltr'>sunt</span> 
     </span>
    </p>
   </div>
   <div class='ocr_carea' id='block_1_71' title="bbox 235 4013 1833 4085">
    <p class='ocr_par' dir='ltr' id='par_1_71' title="bbox 235 4013 1833 4085">
     <span class='ocr_line' id='line_1_71' title="bbox 235 4013 1833 4085; baseline 0.003 -20"><span class='ocrx_word' id='word_1_528' title='bbox 235 4028 545 4083; x_wconf 75' lang='lat' dir='ltr'>omnesque</span> <span class='ocrx_word' id='word_1_529' title='bbox 574 4013 733 4084; x_wconf 88' lang='lat' dir='ltr'>impii</span> <span class='ocrx_word' id='word_1_530' title='bbox 784 4032 849 4069; x_wconf 90' lang='lat' dir='ltr'>ac</span> <span class='ocrx_word' id='word_1_531' title='bbox 886 4021 1068 4070; x_wconf 89' lang='lat' dir='ltr'>morte</span> <span class='ocrx_word' id='word_1_532' title='bbox 1100 4014 1395 4075; x_wconf 90' lang='lat' dir='ltr'>multandi,</span> <span class='ocrx_word' id='word_1_533' title='bbox 1427 4015 1523 4085; x_wconf 91' lang='lat' dir='ltr'>qui</span> <span class='ocrx_word' id='word_1_534' title='bbox 1553 4016 1833 4085; x_wconf 87' lang='lat' dir='ltr'>ejusmodi</span> 
     </span>
    </p>
   </div>
   <div class='ocr_carea' id='block_1_72' title="bbox 237 4102 1837 4176">
    <p class='ocr_par' dir='ltr' id='par_1_72' title="bbox 237 4102 1837 4176">
     <span class='ocr_line' id='line_1_72' title="bbox 237 4102 1837 4176; baseline 0.001 -21"><span class='ocrx_word' id='word_1_535' title='bbox 237 4102 374 4156; x_wconf 91' lang='lat' dir='ltr'>deos</span> <span class='ocrx_word' id='word_1_536' title='bbox 409 4102 703 4158; x_wconf 89' lang='lat' dir='ltr'>inducunt.</span> <span class='ocrx_word' id='word_1_537' title='bbox 733 4105 877 4159; x_wconf 89' lang='lat' dir='ltr'>Nam</span> <span class='ocrx_word' id='word_1_538' title='bbox 921 4104 968 4159; x_wconf 94' lang='lat' dir='ltr'>si</span> <span class='ocrx_word' id='word_1_539' title='bbox 995 4122 1062 4158; x_wconf 88' lang='lat' dir='ltr'>ea</span> <span class='ocrx_word' id='word_1_540' title='bbox 1088 4121 1211 4176; x_wconf 67' lang='lat' dir='ltr'>quae</span> <span class='ocrx_word' id='word_1_541' title='bbox 1232 4104 1300 4157; x_wconf 93' lang='lat' dir='ltr'>de</span> <span class='ocrx_word' id='word_1_542' title='bbox 1326 4103 1461 4173; x_wconf 90' lang='lat' dir='ltr'>ipsis</span> <span class='ocrx_word' id='word_1_543' title='bbox 1516 4103 1837 4158; x_wconf 87' lang='lat' dir='ltr'>litterarum</span> 
     </span>
    </p>
   </div>
   <div class='ocr_carea' id='block_1_73' title="bbox 237 4190 1833 4263">
    <p class='ocr_par' dir='ltr' id='par_1_73' title="bbox 237 4190 1833 4263">
     <span class='ocr_line' id='line_1_73' title="bbox 237 4190 1833 4263; baseline 0.001 -20"><span class='ocrx_word' id='word_1_544' title='bbox 237 4192 626 4246; x_wconf 88' lang='lat' dir='ltr'>monumentis</span> <span class='ocrx_word' id='word_1_545' title='bbox 654 4193 875 4263; x_wconf 83' lang='lat' dir='ltr'>prodita</span> <span class='ocrx_word' id='word_1_546' title='bbox 902 4199 1051 4257; x_wconf 91' lang='lat' dir='ltr'>sunt,</span> <span class='ocrx_word' id='word_1_547' title='bbox 1104 4194 1233 4247; x_wconf 85' lang='lat' dir='ltr'>ﬁcta</span> <span class='ocrx_word' id='word_1_548' title='bbox 1283 4197 1339 4246; x_wconf 88' lang='lat' dir='ltr'>et</span> <span class='ocrx_word' id='word_1_549' title='bbox 1380 4190 1632 4245; x_wconf 83' lang='lat' dir='ltr'>fabulosa</span> <span class='ocrx_word' id='word_1_550' title='bbox 1682 4195 1833 4257; x_wconf 89' lang='lat' dir='ltr'>sunt,</span> 
     </span>
    </p>
   </div>
   <div class='ocr_carea' id='block_1_74' title="bbox 238 4278 1839 4353">
    <p class='ocr_par' dir='ltr' id='par_1_74' title="bbox 238 4278 1839 4353">
     <span class='ocr_line' id='line_1_74' title="bbox 238 4278 1839 4353; baseline 0.001 -21"><span class='ocrx_word' id='word_1_551' title='bbox 238 4279 382 4334; x_wconf 85' lang='lat' dir='ltr'>nihil</span> <span class='ocrx_word' id='word_1_552' title='bbox 409 4281 564 4334; x_wconf 87' lang='lat' dir='ltr'>aliud</span> <span class='ocrx_word' id='word_1_553' title='bbox 592 4286 727 4336; x_wconf 88' lang='lat' dir='ltr'>sunt</span> <span class='ocrx_word' id='word_1_554' title='bbox 756 4299 924 4353; x_wconf 87' lang='lat' dir='ltr'>quam</span> <span class='ocrx_word' id='word_1_555' title='bbox 943 4282 1085 4336; x_wconf 90' lang='lat' dir='ltr'>meri</span> <span class='ocrx_word' id='word_1_556' title='bbox 1113 4297 1429 4347; x_wconf 89' lang='lat' dir='ltr'>sermones;</span> <span class='ocrx_word' id='word_1_557' title='bbox 1455 4278 1500 4334; x_wconf 91' lang='lat' dir='ltr'>si</span> <span class='ocrx_word' id='word_1_558' title='bbox 1521 4288 1710 4335; x_wconf 85' lang='lat' dir='ltr'>autem</span> <span class='ocrx_word' id='word_1_559' title='bbox 1739 4296 1839 4334; x_wconf 87' lang='lat' dir='ltr'>na-</span> 
     </span>
    </p>
   </div>
   <div class='ocr_carea' id='block_1_75' title="bbox 236 4368 1839 4441">
    <p class='ocr_par' dir='ltr' id='par_1_75' title="bbox 236 4368 1839 4441">
     <span class='ocr_line' id='line_1_75' title="bbox 236 4368 1839 4441; baseline 0.001 -21"><span class='ocrx_word' id='word_1_560' title='bbox 236 4368 468 4429; x_wconf 85' lang='lat' dir='ltr'>turalia.</span> <span class='ocrx_word' id='word_1_561' title='bbox 500 4385 612 4423; x_wconf 90' lang='lat' dir='ltr'>non</span> <span class='ocrx_word' id='word_1_562' title='bbox 637 4371 757 4440; x_wconf 85' lang='lat' dir='ltr'>jam</span> <span class='ocrx_word' id='word_1_563' title='bbox 800 4369 879 4425; x_wconf 89' lang='lat' dir='ltr'>dii</span> <span class='ocrx_word' id='word_1_564' title='bbox 909 4376 1039 4425; x_wconf 84' lang='lat' dir='ltr'>sunt</span> <span class='ocrx_word' id='word_1_565' title='bbox 1067 4370 1164 4441; x_wconf 89' lang='lat' dir='ltr'>qui</span> <span class='ocrx_word' id='word_1_566' title='bbox 1194 4371 1308 4424; x_wconf 67' lang='lat' dir='ltr'>haec</span> <span class='ocrx_word' id='word_1_567' title='bbox 1356 4369 1607 4423; x_wconf 85' lang='lat' dir='ltr'>fecerunt</span> <span class='ocrx_word' id='word_1_568' title='bbox 1624 4384 1689 4422; x_wconf 89' lang='lat' dir='ltr'>ac</span> <span class='ocrx_word' id='word_1_569' title='bbox 1715 4385 1839 4439; x_wconf 90' lang='lat' dir='ltr'>per-</span> 
     </span>
    </p>
   </div>
   <div class='ocr_carea' id='block_1_76' title="bbox 1915 3303 3515 3387">
    <p class='ocr_par' dir='ltr' id='par_1_76' title="bbox 1915 3303 3515 3387">
     <span class='ocr_line' id='line_1_76' title="bbox 1915 3303 3515 3387; baseline 0.012 -32"><span class='ocrx_word' id='word_1_570' title='bbox 1915 3303 2251 3373; x_wconf 87' lang='lat' dir='ltr'>peragravit,</span> <span class='ocrx_word' id='word_1_571' title='bbox 2284 3308 2348 3358; x_wconf 88' lang='lat' dir='ltr'>ut</span> <span class='ocrx_word' id='word_1_572' title='bbox 2376 3304 2627 3360; x_wconf 86' lang='lat' dir='ltr'>veritatis</span> <span class='ocrx_word' id='word_1_573' title='bbox 2655 3306 2922 3378; x_wconf 87' lang='lat' dir='ltr'>dogmata</span> <span class='ocrx_word' id='word_1_574' title='bbox 2948 3314 3279 3382; x_wconf 69' lang='lat' dir='ltr'>praedicaret</span> <span class='ocrx_word' id='word_1_575' title='bbox 3308 3317 3515 3387; x_wconf 84' lang='lat' dir='ltr'>(Supra</span> 
     </span>
    </p>
   </div>
   <div class='ocr_carea' id='block_1_77' title="bbox 1915 3391 3515 3470">
    <p class='ocr_par' dir='ltr' id='par_1_77' title="bbox 1915 3391 3515 3470">
     <span class='ocr_line' id='line_1_77' title="bbox 1915 3391 3515 3470; baseline 0.011 -25"><span class='ocrx_word' id='word_1_576' title='bbox 1915 3409 1958 3445; x_wconf 87' lang='lat' dir='ltr'>c.</span> <span class='ocrx_word' id='word_1_577' title='bbox 1991 3391 2227 3457; x_wconf 77' lang='lat' dir='ltr'>l};unde</span> <span class='ocrx_word' id='word_1_578' title='bbox 2263 3391 2573 3448; x_wconf 88' lang='lat' dir='ltr'>etiamnum</span> <span class='ocrx_word' id='word_1_579' title='bbox 2620 3394 2659 3449; x_wconf 92' lang='lat' dir='ltr'>ii</span> <span class='ocrx_word' id='word_1_580' title='bbox 2707 3397 2801 3468; x_wconf 93' lang='lat' dir='ltr'>qui</span> <span class='ocrx_word' id='word_1_581' title='bbox 2859 3401 3269 3470; x_wconf 73' lang='lat' dir='ltr'>praedicationis</span> <span class='ocrx_word' id='word_1_582' title='bbox 3317 3422 3515 3463; x_wconf 89' lang='lat' dir='ltr'>eorum</span> 
     </span>
    </p>
   </div>
   <div class='ocr_carea' id='block_1_78' title="bbox 1909 3476 3529 3567">
    <p class='ocr_par' dir='ltr' id='par_1_78' title="bbox 1909 3476 3529 3567">
     <span class='ocr_line' id='line_1_78' title="bbox 1909 3476 3529 3567; baseline 0.013 -37"><span class='ocrx_word' id='word_1_583' title='bbox 1909 3479 2141 3549; x_wconf 72' lang='lat' dir='ltr'>justitiaa</span> <span class='ocrx_word' id='word_1_584' title='bbox 2170 3479 2564 3536; x_wconf 85' lang='lat' dir='ltr'>administram</span> <span class='ocrx_word' id='word_1_585' title='bbox 2584 3500 2813 3555; x_wconf 87' lang='lat' dir='ltr'>operam</span> <span class='ocrx_word' id='word_1_586' title='bbox 2841 3496 3068 3558; x_wconf 85' lang='lat' dir='ltr'>navant,</span> <span class='ocrx_word' id='word_1_587' title='bbox 3092 3491 3399 3549; x_wconf 87' lang='lat' dir='ltr'>Christiani</span> <span class='ocrx_word' id='word_1_588' title='bbox 3418 3476 3529 3567; x_wconf 34' lang='lat' dir='ltr'>ap;</span> 
     </span>
    </p>
   </div>
   <div class='ocr_carea' id='block_1_79' title="bbox 1917 3568 3512 3654">
    <p class='ocr_par' dir='ltr' id='par_1_79' title="bbox 1917 3568 3512 3654">
     <span class='ocr_line' id='line_1_79' title="bbox 1917 3568 3512 3654; baseline 0.014 -35"><span class='ocrx_word' id='word_1_589' title='bbox 1917 3568 2216 3638; x_wconf 89' lang='lat' dir='ltr'>pellantur.</span> <span class='ocrx_word' id='word_1_590' title='bbox 2241 3570 2424 3641; x_wconf 87' lang='lat' dir='ltr'>Atque</span> <span class='ocrx_word' id='word_1_591' title='bbox 2451 3571 2509 3625; x_wconf 89' lang='lat' dir='ltr'>hi</span> <span class='ocrx_word' id='word_1_592' title='bbox 2530 3579 2664 3627; x_wconf 86' lang='lat' dir='ltr'>sunt</span> <span class='ocrx_word' id='word_1_593' title='bbox 2692 3575 2786 3645; x_wconf 92' lang='lat' dir='ltr'>qui</span> <span class='ocrx_word' id='word_1_594' title='bbox 2805 3577 3098 3635; x_wconf 86' lang='lat' dir='ltr'>veritatem</span> <span class='ocrx_word' id='word_1_595' title='bbox 3117 3598 3289 3654; x_wconf 87' lang='lat' dir='ltr'>supra</span> <span class='ocrx_word' id='word_1_596' title='bbox 3316 3601 3512 3640; x_wconf 87' lang='lat' dir='ltr'>omnes</span> 
     </span>
    </p>
   </div>
   <div class='ocr_carea' id='block_1_80' title="bbox 1919 3659 3515 3737">
    <p class='ocr_par' dir='ltr' id='par_1_80' title="bbox 1919 3659 3515 3737">
     <span class='ocr_line' id='line_1_80' title="bbox 1919 3659 3515 3737; baseline 0.013 -27"><span class='ocrx_word' id='word_1_597' title='bbox 1919 3661 2082 3712; x_wconf 80' lang='lat' dir='ltr'>terrae</span> <span class='ocrx_word' id='word_1_598' title='bbox 2112 3659 2369 3713; x_wconf 89' lang='lat' dir='ltr'>nationes</span> <span class='ocrx_word' id='word_1_599' title='bbox 2397 3659 2749 3718; x_wconf 89' lang='lat' dir='ltr'>invenerunt.</span> <span class='ocrx_word' id='word_1_600' title='bbox 2784 3664 3071 3737; x_wconf 88' lang='lat' dir='ltr'>Siquidem</span> <span class='ocrx_word' id='word_1_601' title='bbox 3122 3672 3292 3727; x_wconf 83' lang='lat' dir='ltr'>Deum</span> <span class='ocrx_word' id='word_1_602' title='bbox 3322 3690 3515 3729; x_wconf 90' lang='lat' dir='ltr'>rerum</span> 
     </span>
    </p>
   </div>
   <div class='ocr_carea' id='block_1_81' title="bbox 1919 3746 3515 3835">
    <p class='ocr_par' dir='ltr' id='par_1_81' title="bbox 1919 3746 3515 3835">
     <span class='ocr_line' id='line_1_81' title="bbox 1919 3746 3515 3835; baseline 0.013 -37"><span class='ocrx_word' id='word_1_603' title='bbox 1919 3746 2169 3800; x_wconf 89' lang='lat' dir='ltr'>omnium</span> <span class='ocrx_word' id='word_1_604' title='bbox 2184 3747 2532 3804; x_wconf 91' lang='lat' dir='ltr'>conditorem</span> <span class='ocrx_word' id='word_1_605' title='bbox 2547 3756 2716 3823; x_wconf 89' lang='lat' dir='ltr'>atque</span> <span class='ocrx_word' id='word_1_606' title='bbox 2731 3755 3097 3813; x_wconf 87' lang='lat' dir='ltr'>architectum</span> <span class='ocrx_word' id='word_1_607' title='bbox 3110 3759 3311 3817; x_wconf 93' lang='lat' dir='ltr'>inFilio</span> <span class='ocrx_word' id='word_1_608' title='bbox 3323 3763 3515 3835; x_wconf 86' lang='lat' dir='ltr'>unige-</span> 
     </span>
    </p>
   </div>
   <div class='ocr_carea' id='block_1_82' title="bbox 1918 3834 3515 3919">
    <p class='ocr_par' dir='ltr' id='par_1_82' title="bbox 1918 3834 3515 3919">
     <span class='ocr_line' id='line_1_82' title="bbox 1918 3834 3515 3919; baseline 0.014 -32"><span class='ocrx_word' id='word_1_609' title='bbox 1918 3834 2037 3889; x_wconf 90' lang='lat' dir='ltr'>nito</span> <span class='ocrx_word' id='word_1_610' title='bbox 2054 3842 2112 3889; x_wconf 89' lang='lat' dir='ltr'>et</span> <span class='ocrx_word' id='word_1_611' title='bbox 2128 3835 2339 3907; x_wconf 90' lang='lat' dir='ltr'>Spiritu</span> <span class='ocrx_word' id='word_1_612' title='bbox 2361 3845 2552 3894; x_wconf 90' lang='lat' dir='ltr'>sancto</span> <span class='ocrx_word' id='word_1_613' title='bbox 2572 3850 2901 3911; x_wconf 87' lang='lat' dir='ltr'>agnoscunt,</span> <span class='ocrx_word' id='word_1_614' title='bbox 2924 3862 3028 3902; x_wconf 90' lang='lat' dir='ltr'>nec</span> <span class='ocrx_word' id='word_1_615' title='bbox 3047 3855 3249 3919; x_wconf 54' lang='lat' dir='ltr'>praeter</span> <span class='ocrx_word' id='word_1_616' title='bbox 3273 3868 3402 3906; x_wconf 87' lang='lat' dir='ltr'>eum</span> <span class='ocrx_word' id='word_1_617' title='bbox 3424 3834 3515 3907; x_wconf 82' lang='lat' dir='ltr'>ul-</span> 
     </span>
    </p>
   </div>
   <div class='ocr_carea' id='block_1_83' title="bbox 1918 3924 3515 3997">
    <p class='ocr_par' dir='ltr' id='par_1_83' title="bbox 1918 3924 3515 3997">
     <span class='ocr_line' id='line_1_83' title="bbox 1918 3924 3515 3997; baseline 0.014 -21"><span class='ocrx_word' id='word_1_618' title='bbox 1918 3924 2036 3977; x_wconf 90' lang='lat' dir='ltr'>lum</span> <span class='ocrx_word' id='word_1_619' title='bbox 2065 3925 2237 3978; x_wconf 89' lang='lat' dir='ltr'>alium</span> <span class='ocrx_word' id='word_1_620' title='bbox 2260 3926 2439 3981; x_wconf 91' lang='lat' dir='ltr'>Deum</span> <span class='ocrx_word' id='word_1_621' title='bbox 2462 3936 2819 3986; x_wconf 87' lang='lat' dir='ltr'>venerantur.</span> <span class='ocrx_word' id='word_1_622' title='bbox 2852 3934 3074 3991; x_wconf 87' lang='lat' dir='ltr'>Habent</span> <span class='ocrx_word' id='word_1_623' title='bbox 3102 3944 3289 3994; x_wconf 88' lang='lat' dir='ltr'>autem</span> <span class='ocrx_word' id='word_1_624' title='bbox 3318 3941 3515 3997; x_wconf 90' lang='lat' dir='ltr'>Domi—</span> 
     </span>
    </p>
   </div>
   <div class='ocr_carea' id='block_1_84' title="bbox 1920 4012 3517 4103">
    <p class='ocr_par' dir='ltr' id='par_1_84' title="bbox 1920 4012 3517 4103">
     <span class='ocr_line' id='line_1_84' title="bbox 1920 4012 3517 4103; baseline 0.013 -37"><span class='ocrx_word' id='word_1_625' title='bbox 1920 4012 1979 4066; x_wconf 89' lang='lat' dir='ltr'>ni</span> <span class='ocrx_word' id='word_1_626' title='bbox 1998 4013 2025 4068; x_wconf 88' lang='lat' dir='ltr'><strong>J</strong></span> <span class='ocrx_word' id='word_1_627' title='bbox 2032 4029 2130 4068; x_wconf 91' lang='lat' dir='ltr'>esu</span> <span class='ocrx_word' id='word_1_628' title='bbox 2143 4014 2350 4069; x_wconf 89' lang='lat' dir='ltr'>Christi</span> <span class='ocrx_word' id='word_1_629' title='bbox 2364 4020 2558 4083; x_wconf 70' lang='lat'>309</span> <span class='ocrx_word' id='word_1_630' title='bbox 2574 4019 2844 4076; x_wconf 87' lang='lat' dir='ltr'>mandata</span> <span class='ocrx_word' id='word_1_631' title='bbox 2853 4024 3114 4081; x_wconf 88' lang='lat' dir='ltr'>cordibus</span> <span class='ocrx_word' id='word_1_632' title='bbox 3137 4028 3252 4082; x_wconf 91' lang='lat' dir='ltr'>suis</span> <span class='ocrx_word' id='word_1_633' title='bbox 3275 4029 3517 4103; x_wconf 90' lang='lat' dir='ltr'>insculp-</span> 
     </span>
    </p>
   </div>
   <div class='ocr_carea' id='block_1_85' title="bbox 1919 4105 3515 4175">
    <p class='ocr_par' dir='ltr' id='par_1_85' title="bbox 1919 4105 3515 4175">
     <span class='ocr_line' id='line_1_85' title="bbox 1919 4105 3515 4175; baseline 0.014 -21"><span class='ocrx_word' id='word_1_634' title='bbox 1919 4107 1998 4166; x_wconf 90' lang='lat' dir='ltr'>ta,</span> <span class='ocrx_word' id='word_1_635' title='bbox 2058 4119 2235 4173; x_wconf 90' lang='lat' dir='ltr'>eaque</span> <span class='ocrx_word' id='word_1_636' title='bbox 2287 4105 2628 4175; x_wconf 90' lang='lat' dir='ltr'>custodiunt,</span> <span class='ocrx_word' id='word_1_637' title='bbox 2664 4115 3015 4168; x_wconf 88' lang='lat' dir='ltr'>mortuorum</span> <span class='ocrx_word' id='word_1_638' title='bbox 3044 4120 3515 4175; x_wconf 87' lang='lat' dir='ltr'>resurrectionem</span> 
     </span>
    </p>
   </div>
   <div class='ocr_carea' id='block_1_86' title="bbox 1921 4190 3510 4276">
    <p class='ocr_par' dir='ltr' id='par_1_86' title="bbox 1921 4190 3510 4276">
     <span class='ocr_line' id='line_1_86' title="bbox 1921 4190 3510 4276; baseline 0.013 -33"><span class='ocrx_word' id='word_1_639' title='bbox 1921 4206 1988 4244; x_wconf 90' lang='lat' dir='ltr'>ac</span> <span class='ocrx_word' id='word_1_640' title='bbox 2025 4190 2200 4245; x_wconf 86' lang='lat' dir='ltr'>futuri</span> <span class='ocrx_word' id='word_1_641' title='bbox 2246 4193 2433 4247; x_wconf 65' lang='lat' dir='ltr'>saeculi</span> <span class='ocrx_word' id='word_1_642' title='bbox 2459 4194 2630 4249; x_wconf 84' lang='lat' dir='ltr'>vitam</span> <span class='ocrx_word' id='word_1_643' title='bbox 2656 4206 3057 4269; x_wconf 85' lang='lat' dir='ltr'>exspectantes.</span> <span class='ocrx_word' id='word_1_644' title='bbox 3085 4205 3213 4263; x_wconf 91' lang='lat' dir='ltr'>Non</span> <span class='ocrx_word' id='word_1_645' title='bbox 3225 4206 3510 4276; x_wconf 85' lang='lat' dir='ltr'>adulterii,</span> 
     </span>
    </p>
   </div>
   <div class='ocr_carea' id='block_1_87' title="bbox 1920 4278 3514 4360">
    <p class='ocr_par' dir='ltr' id='par_1_87' title="bbox 1920 4278 3514 4360">
     <span class='ocr_line' id='line_1_87' title="bbox 1920 4278 3514 4360; baseline 0.013 -29"><span class='ocrx_word' id='word_1_646' title='bbox 1920 4294 2032 4333; x_wconf 92' lang='lat' dir='ltr'>non</span> <span class='ocrx_word' id='word_1_647' title='bbox 2071 4278 2454 4336; x_wconf 83' lang='lat' dir='ltr'>fornicationis</span> <span class='ocrx_word' id='word_1_648' title='bbox 2484 4283 2716 4339; x_wconf 90' lang='lat' dir='ltr'>crimine</span> <span class='ocrx_word' id='word_1_649' title='bbox 2743 4303 2865 4341; x_wconf 85' lang='lat' dir='ltr'>sese</span> <span class='ocrx_word' id='word_1_650' title='bbox 2893 4290 3232 4360; x_wconf 89' lang='lat' dir='ltr'>devinciunt,</span> <span class='ocrx_word' id='word_1_651' title='bbox 3266 4312 3379 4350; x_wconf 91' lang='lat' dir='ltr'>non</span> <span class='ocrx_word' id='word_1_652' title='bbox 3406 4296 3514 4351; x_wconf 84' lang='lat' dir='ltr'>fal-</span> 
     </span>
    </p>
   </div>
   <div class='ocr_carea' id='block_1_88' title="bbox 1921 4368 3513 4456">
    <p class='ocr_par' dir='ltr' id='par_1_88' title="bbox 1921 4368 3513 4456">
     <span class='ocr_line' id='line_1_88' title="bbox 1921 4368 3513 4456; baseline 0.013 -35"><span class='ocrx_word' id='word_1_653' title='bbox 1921 4384 2046 4422; x_wconf 89' lang='lat' dir='ltr'>sum</span> <span class='ocrx_word' id='word_1_654' title='bbox 2086 4368 2474 4424; x_wconf 89' lang='lat' dir='ltr'>testimonium</span> <span class='ocrx_word' id='word_1_655' title='bbox 2511 4371 2722 4441; x_wconf 90' lang='lat' dir='ltr'>dicunt,</span> <span class='ocrx_word' id='word_1_656' title='bbox 2747 4375 2929 4431; x_wconf 89' lang='lat' dir='ltr'>aliena</span> <span class='ocrx_word' id='word_1_657' title='bbox 2957 4396 3070 4434; x_wconf 91' lang='lat' dir='ltr'>non</span> <span class='ocrx_word' id='word_1_658' title='bbox 3089 4384 3513 4456; x_wconf 82' lang='lat' dir='ltr'>concupiscunt,</span> 
     </span>
    </p>
   </div>
   <div class='ocr_carea' id='block_1_89' title="bbox 235 4456 3507 4542">
    <p class='ocr_par' dir='ltr' id='par_1_89' title="bbox 235 4456 3507 4542">
     <span class='ocr_line' id='line_1_89' title="bbox 235 4456 3507 4542; baseline 0.006 -32"><span class='ocrx_word' id='word_1_659' title='bbox 235 4458 386 4527; x_wconf 83' lang='lat' dir='ltr'>pessi</span> <span class='ocrx_word' id='word_1_660' title='bbox 398 4464 552 4525; x_wconf 89' lang='lat' dir='ltr'>sunt;</span> <span class='ocrx_word' id='word_1_661' title='bbox 569 4459 715 4530; x_wconf 91' lang='lat' dir='ltr'>quod</span> <span class='ocrx_word' id='word_1_662' title='bbox 729 4460 1262 4531; x_wconf 88' lang='lat' dir='ltr'>siallegoricosensu</span> <span class='ocrx_word' id='word_1_663' title='bbox 1274 4456 1839 4521; x_wconf 67' lang='lat' dir='ltr'>eadicuntur,fabula:</span> <span class='ocrx_word' id='word_1_664' title='bbox 1856 4483 1901 4540; x_wconf 84' lang='lat' dir='ltr'>D</span> <span class='ocrx_word' id='word_1_665' title='bbox 1922 4456 2068 4526; x_wconf 87' lang='lat' dir='ltr'>patri</span> <span class='ocrx_word' id='word_1_666' title='bbox 2105 4462 2161 4510; x_wconf 91' lang='lat' dir='ltr'>et</span> <span class='ocrx_word' id='word_1_667' title='bbox 2190 4458 2358 4511; x_wconf 89' lang='lat' dir='ltr'>matri</span> <span class='ocrx_word' id='word_1_668' title='bbox 2386 4458 2657 4516; x_wconf 83' lang='lat' dir='ltr'>honorem</span> <span class='ocrx_word' id='word_1_669' title='bbox 2683 4462 2959 4533; x_wconf 87' lang='lat' dir='ltr'>tribuunt,</span> <span class='ocrx_word' id='word_1_670' title='bbox 2993 4471 3275 4540; x_wconf 86' lang='lat' dir='ltr'>proximos</span> <span class='ocrx_word' id='word_1_671' title='bbox 3292 4480 3507 4542; x_wconf 85' lang='lat' dir='ltr'>amant,</span> 
     </span>
    </p>
   </div>
   <div class='ocr_carea' id='block_1_90' title="bbox 237 4546 1837 4619">
    <p class='ocr_par' dir='ltr' id='par_1_90' title="bbox 237 4546 1837 4619">
     <span class='ocr_line' id='line_1_90' title="bbox 237 4546 1837 4619; baseline 0.003 -21"><span class='ocrx_word' id='word_1_672' title='bbox 237 4547 613 4613; x_wconf 86' lang='lat' dir='ltr'>sunt,acnihil</span> <span class='ocrx_word' id='word_1_673' title='bbox 643 4554 932 4619; x_wconf 70' lang='lat' dir='ltr'>praeterea.</span> <span class='ocrx_word' id='word_1_674' title='bbox 967 4550 1427 4603; x_wconf 86' lang='lat' dir='ltr'>Demonstratum</span> <span class='ocrx_word' id='word_1_675' title='bbox 1457 4552 1542 4601; x_wconf 87' lang='lat' dir='ltr'>est</span> <span class='ocrx_word' id='word_1_676' title='bbox 1568 4546 1777 4617; x_wconf 88' lang='lat' dir='ltr'>itaque,</span> <span class='ocrx_word' id='word_1_677' title='bbox 1804 4563 1837 4602; x_wconf 95' lang='lat' dir='ltr'>o</span> 
     </span>
    </p>
   </div>
   <div class='ocr_carea' id='block_1_91' title="bbox 238 4635 1838 4709">
    <p class='ocr_par' dir='ltr' id='par_1_91' title="bbox 238 4635 1838 4709">
     <span class='ocr_line' id='line_1_91' title="bbox 238 4635 1838 4709; baseline 0.001 -22"><span class='ocrx_word' id='word_1_678' title='bbox 238 4651 358 4697; x_wconf 86' lang='lat' dir='ltr'>rex,</span> <span class='ocrx_word' id='word_1_679' title='bbox 378 4636 481 4690; x_wconf 89' lang='lat' dir='ltr'>hos</span> <span class='ocrx_word' id='word_1_680' title='bbox 501 4652 696 4692; x_wconf 89' lang='lat' dir='ltr'>omnes</span> <span class='ocrx_word' id='word_1_681' title='bbox 707 4637 1013 4709; x_wconf 86' lang='lat' dir='ltr'>cultus,qui</span> <span class='ocrx_word' id='word_1_682' title='bbox 1036 4637 1224 4692; x_wconf 89' lang='lat' dir='ltr'>multis</span> <span class='ocrx_word' id='word_1_683' title='bbox 1247 4636 1354 4709; x_wconf 81' lang='lat' dir='ltr'>diis</span> <span class='ocrx_word' id='word_1_684' title='bbox 1382 4635 1726 4701; x_wconf 89' lang='lat' dir='ltr'>tribuuntur,</span> <span class='ocrx_word' id='word_1_685' title='bbox 1754 4652 1838 4690; x_wconf 88' lang='lat' dir='ltr'>er-</span> 
     </span>
    </p>
   </div>
   <div class='ocr_carea' id='block_1_92' title="bbox 240 4723 1839 4798">
    <p class='ocr_par' dir='ltr' id='par_1_92' title="bbox 240 4723 1839 4798">
     <span class='ocr_line' id='line_1_92' title="bbox 240 4723 1839 4798; baseline 0.001 -21"><span class='ocrx_word' id='word_1_686' title='bbox 240 4723 388 4777; x_wconf 84' lang='lat' dir='ltr'>roris</span> <span class='ocrx_word' id='word_1_687' title='bbox 425 4730 597 4796; x_wconf 87' lang='lat' dir='ltr'>atque</span> <span class='ocrx_word' id='word_1_688' title='bbox 627 4726 779 4781; x_wconf 90' lang='lat' dir='ltr'>exitii</span> <span class='ocrx_word' id='word_1_689' title='bbox 807 4744 978 4798; x_wconf 86' lang='lat' dir='ltr'>opera</span> <span class='ocrx_word' id='word_1_690' title='bbox 1002 4743 1126 4781; x_wconf 89' lang='lat' dir='ltr'>esse</span> <span class='ocrx_word' id='word_1_691' title='bbox 1172 4732 1376 4797; x_wconf 90' lang='lat' dir='ltr'>(neque</span> <span class='ocrx_word' id='word_1_692' title='bbox 1399 4724 1550 4779; x_wconf 90' lang='lat' dir='ltr'>enim</span> <span class='ocrx_word' id='word_1_693' title='bbox 1582 4725 1713 4779; x_wconf 87' lang='lat' dir='ltr'>deos</span> <span class='ocrx_word' id='word_1_694' title='bbox 1743 4742 1839 4797; x_wconf 86' lang='lat' dir='ltr'>ap-</span> 
     </span>
    </p>
   </div>
   <div class='ocr_carea' id='block_1_93' title="bbox 238 4813 1837 4889">
    <p class='ocr_par' dir='ltr' id='par_1_93' title="bbox 238 4813 1837 4889">
     <span class='ocr_line' id='line_1_93' title="bbox 238 4813 1837 4889; baseline 0.002 -24"><span class='ocrx_word' id='word_1_695' title='bbox 238 4813 352 4883; x_wconf 83' lang='lat' dir='ltr'>pell</span> <span class='ocrx_word' id='word_1_696' title='bbox 397 4832 453 4867; x_wconf 73' lang='lat' dir='ltr'>.e</span> <span class='ocrx_word' id='word_1_697' title='bbox 473 4816 733 4871; x_wconf 87' lang='lat' dir='ltr'>convenit</span> <span class='ocrx_word' id='word_1_698' title='bbox 747 4817 843 4889; x_wconf 89' lang='lat' dir='ltr'>qui</span> <span class='ocrx_word' id='word_1_699' title='bbox 874 4817 1214 4872; x_wconf 84' lang='lat' dir='ltr'>videnturac</span> <span class='ocrx_word' id='word_1_700' title='bbox 1235 4831 1347 4868; x_wconf 88' lang='lat' dir='ltr'>non</span> <span class='ocrx_word' id='word_1_701' title='bbox 1372 4813 1565 4868; x_wconf 87' lang='lat' dir='ltr'>vident</span> <span class='ocrx_word' id='word_1_702' title='bbox 1594 4832 1607 4880; x_wconf 89' lang='lat'><strong>;</strong></span> <span class='ocrx_word' id='word_1_703' title='bbox 1641 4830 1837 4868; x_wconf 86' lang='lat' dir='ltr'>verum</span> 
     </span>
    </p>
   </div>
   <div class='ocr_carea' id='block_1_94' title="bbox 238 4903 1832 4977">
    <p class='ocr_par' dir='ltr' id='par_1_94' title="bbox 238 4903 1832 4977">
     <span class='ocr_line' id='line_1_94' title="bbox 238 4903 1832 4977; baseline 0.001 -23"><span class='ocrx_word' id='word_1_704' title='bbox 238 4918 373 4955; x_wconf 89' lang='lat' dir='ltr'>eum</span> <span class='ocrx_word' id='word_1_705' title='bbox 407 4903 504 4973; x_wconf 87' lang='lat' dir='ltr'>qui</span> <span class='ocrx_word' id='word_1_706' title='bbox 532 4920 659 4959; x_wconf 87' lang='lat' dir='ltr'>cum</span> <span class='ocrx_word' id='word_1_707' title='bbox 709 4906 829 4977; x_wconf 88' lang='lat' dir='ltr'>ipse</span> <span class='ocrx_word' id='word_1_708' title='bbox 873 4906 1028 4960; x_wconf 90' lang='lat' dir='ltr'>cerni</span> <span class='ocrx_word' id='word_1_709' title='bbox 1072 4910 1333 4976; x_wconf 85' lang='lat' dir='ltr'>nequeat,</span> <span class='ocrx_word' id='word_1_710' title='bbox 1382 4903 1573 4958; x_wconf 89' lang='lat' dir='ltr'>omnia</span> <span class='ocrx_word' id='word_1_711' title='bbox 1616 4903 1832 4971; x_wconf 90' lang='lat' dir='ltr'>cernit),</span> 
     </span>
    </p>
   </div>
   <div class='ocr_carea' id='block_1_95' title="bbox 234 4988 1662 5065">
    <p class='ocr_par' dir='ltr' id='par_1_95' title="bbox 234 4988 1662 5065">
     <span class='ocr_line' id='line_1_95' title="bbox 234 4988 1662 5065; baseline 0.001 -22"><span class='ocrx_word' id='word_1_712' title='bbox 234 4988 536 5063; x_wconf 84' lang='lat' dir='ltr'>Deumque</span> <span class='ocrx_word' id='word_1_713' title='bbox 562 4994 657 5065; x_wconf 88' lang='lat' dir='ltr'>qui</span> <span class='ocrx_word' id='word_1_714' title='bbox 677 4994 870 5049; x_wconf 85' lang='lat' dir='ltr'>omnia</span> <span class='ocrx_word' id='word_1_715' title='bbox 895 4994 1162 5057; x_wconf 86' lang='lat' dir='ltr'>condidit,</span> <span class='ocrx_word' id='word_1_716' title='bbox 1194 4991 1491 5047; x_wconf 89' lang='lat' dir='ltr'>colendum</span> <span class='ocrx_word' id='word_1_717' title='bbox 1522 5008 1662 5046; x_wconf 88' lang='lat' dir='ltr'>esse.</span> 
     </span>
    </p>
   </div>
   <div class='ocr_carea' id='block_1_96' title="bbox 309 5078 1837 5153">
    <p class='ocr_par' dir='ltr' id='par_1_96' title="bbox 309 5078 1837 5153">
     <span class='ocr_line' id='line_1_96' title="bbox 309 5078 1837 5153; baseline 0.002 -21"><span class='ocrx_word' id='word_1_718' title='bbox 309 5078 620 5136; x_wconf 74' lang='lat' dir='ltr'>Veniamus</span> <span class='ocrx_word' id='word_1_719' title='bbox 639 5081 831 5153; x_wconf 87' lang='lat' dir='ltr'>igitur.</span> <span class='ocrx_word' id='word_1_720' title='bbox 859 5099 891 5137; x_wconf 90' lang='grc' dir='ltr'>ο</span> <span class='ocrx_word' id='word_1_721' title='bbox 907 5098 1023 5147; x_wconf 86' lang='lat' dir='ltr'>rex,</span> <span class='ocrx_word' id='word_1_722' title='bbox 1047 5082 1215 5137; x_wconf 88' lang='lat' dir='ltr'>etiam</span> <span class='ocrx_word' id='word_1_723' title='bbox 1244 5082 1312 5136; x_wconf 86' lang='lat' dir='ltr'>ad</span> <span class='ocrx_word' id='word_1_724' title='bbox 1331 5080 1568 5146; x_wconf 87' lang='lat' dir='ltr'>Judaeos,</span> <span class='ocrx_word' id='word_1_725' title='bbox 1601 5086 1666 5134; x_wconf 92' lang='lat' dir='ltr'>ut</span> <span class='ocrx_word' id='word_1_726' title='bbox 1679 5080 1837 5152; x_wconf 89' lang='lat' dir='ltr'>quid-</span> 
     </span>
    </p>
   </div>
   <div class='ocr_carea' id='block_1_97' title="bbox 240 5169 1837 5242">
    <p class='ocr_par' dir='ltr' id='par_1_97' title="bbox 240 5169 1837 5242">
     <span class='ocr_line' id='line_1_97' title="bbox 240 5169 1837 5242; baseline 0.001 -20"><span class='ocrx_word' id='word_1_727' title='bbox 240 5184 376 5222; x_wconf 87' lang='lat' dir='ltr'>nam</span> <span class='ocrx_word' id='word_1_728' title='bbox 398 5169 507 5240; x_wconf 89' lang='lat' dir='ltr'>ipsi</span> <span class='ocrx_word' id='word_1_729' title='bbox 529 5187 750 5241; x_wconf 90' lang='lat' dir='ltr'>quoque</span> <span class='ocrx_word' id='word_1_730' title='bbox 777 5171 847 5229; x_wconf 83' lang='lat' dir='ltr'>de</span> <span class='ocrx_word' id='word_1_731' title='bbox 860 5172 975 5227; x_wconf 92' lang='lat' dir='ltr'>Deo</span> <span class='ocrx_word' id='word_1_732' title='bbox 989 5172 1237 5226; x_wconf 86' lang='lat' dir='ltr'>sentiant</span> <span class='ocrx_word' id='word_1_733' title='bbox 1252 5170 1615 5225; x_wconf 67' lang='lat' dir='ltr'>videamusN</span> <span class='ocrx_word' id='word_1_734' title='bbox 1619 5186 1707 5224; x_wconf 92' lang='lat' dir='ltr'>am</span> <span class='ocrx_word' id='word_1_735' title='bbox 1730 5170 1837 5242; x_wconf 91' lang='lat' dir='ltr'>ipsi</span> 
     </span>
    </p>
   </div>
   <div class='ocr_carea' id='block_1_98' title="bbox 237 5256 1836 5330">
    <p class='ocr_par' dir='ltr' id='par_1_98' title="bbox 237 5256 1836 5330">
     <span class='ocr_line' id='line_1_98' title="bbox 237 5256 1836 5330; baseline 0.003 -21"><span class='ocrx_word' id='word_1_736' title='bbox 237 5256 311 5310; x_wconf 86' lang='lat' dir='ltr'>ab</span> <span class='ocrx_word' id='word_1_737' title='bbox 333 5256 638 5314; x_wconf 85' lang='lat' dir='ltr'>Abraham.</span> <span class='ocrx_word' id='word_1_738' title='bbox 668 5261 825 5315; x_wconf 89' lang='lat' dir='ltr'>Isaac</span> <span class='ocrx_word' id='word_1_739' title='bbox 846 5268 905 5315; x_wconf 92' lang='lat' dir='ltr'>et</span> <span class='ocrx_word' id='word_1_740' title='bbox 922 5259 1091 5316; x_wconf 87' lang='lat' dir='ltr'>Jacob</span> <span class='ocrx_word' id='word_1_741' title='bbox 1103 5260 1344 5326; x_wconf 80' lang='lat' dir='ltr'>oriundi,</span> <span class='ocrx_word' id='word_1_742' title='bbox 1365 5258 1668 5330; x_wconf 68' lang='lat' dir='ltr'>Egyptum</span> <span class='ocrx_word' id='word_1_743' title='bbox 1683 5258 1836 5314; x_wconf 89' lang='lat' dir='ltr'>inco-</span> 
     </span>
    </p>
   </div>
   <div class='ocr_carea' id='block_1_99' title="bbox 241 5344 1842 5418">
    <p class='ocr_par' dir='ltr' id='par_1_99' title="bbox 241 5344 1842 5418">
     <span class='ocr_line' id='line_1_99' title="bbox 241 5344 1842 5418; baseline 0.002 -19"><span class='ocrx_word' id='word_1_744' title='bbox 241 5344 497 5401; x_wconf 86' lang='lat' dir='ltr'>luerunt.</span> <span class='ocrx_word' id='word_1_745' title='bbox 531 5348 689 5403; x_wconf 89' lang='lat' dir='ltr'>Illinc</span> <span class='ocrx_word' id='word_1_746' title='bbox 737 5354 926 5405; x_wconf 88' lang='lat' dir='ltr'>autem</span> <span class='ocrx_word' id='word_1_747' title='bbox 961 5351 1111 5405; x_wconf 91' lang='lat' dir='ltr'>Deus</span> <span class='ocrx_word' id='word_1_748' title='bbox 1141 5366 1236 5404; x_wconf 85' lang='lat' dir='ltr'>eos</span> <span class='ocrx_word' id='word_1_749' title='bbox 1259 5348 1315 5402; x_wconf 91' lang='lat' dir='ltr'>in</span> <span class='ocrx_word' id='word_1_750' title='bbox 1346 5364 1517 5402; x_wconf 86' lang='lat' dir='ltr'>manu</span> <span class='ocrx_word' id='word_1_751' title='bbox 1540 5348 1755 5418; x_wconf 90' lang='lat' dir='ltr'>potenti</span> <span class='ocrx_word' id='word_1_752' title='bbox 1785 5353 1842 5403; x_wconf 91' lang='lat' dir='ltr'>et</span> 
     </span>
    </p>
   </div>
   <div class='ocr_carea' id='block_1_100' title="bbox 242 5432 1839 5511">
    <p class='ocr_par' dir='ltr' id='par_1_100' title="bbox 242 5432 1839 5511">
     <span class='ocr_line' id='line_1_100' title="bbox 242 5432 1839 5511; baseline 0.003 -23"><span class='ocrx_word' id='word_1_753' title='bbox 242 5432 476 5490; x_wconf 85' lang='lat' dir='ltr'>brachio</span> <span class='ocrx_word' id='word_1_754' title='bbox 524 5438 757 5505; x_wconf 83' lang='lat' dir='ltr'>excelso,</span> <span class='ocrx_word' id='word_1_755' title='bbox 786 5456 886 5510; x_wconf 88' lang='lat' dir='ltr'>per</span> <span class='ocrx_word' id='word_1_756' title='bbox 908 5440 1138 5511; x_wconf 84' lang='lat' dir='ltr'>Moysen</span> <span class='ocrx_word' id='word_1_757' title='bbox 1179 5438 1431 5509; x_wconf 90' lang='lat' dir='ltr'>ipsorum</span> <span class='ocrx_word' id='word_1_758' title='bbox 1460 5436 1839 5507; x_wconf 78' lang='lat' dir='ltr'>legislaturem</span> 
     </span>
    </p>
   </div>
   <div class='ocr_carea' id='block_1_101' title="bbox 1913 4546 3508 4633">
    <p class='ocr_par' dir='ltr' id='par_1_101' title="bbox 1913 4546 3508 4633">
     <span class='ocr_line' id='line_1_101' title="bbox 1913 4546 3508 4633; baseline 0.015 -37"><span class='ocrx_word' id='word_1_759' title='bbox 1913 4546 2130 4615; x_wconf 90' lang='lat' dir='ltr'>justum</span> <span class='ocrx_word' id='word_1_760' title='bbox 2146 4546 2422 4615; x_wconf 86' lang='lat' dir='ltr'>judicium</span> <span class='ocrx_word' id='word_1_761' title='bbox 2451 4548 2675 4608; x_wconf 84' lang='lat' dir='ltr'>ferunt:</span> <span class='ocrx_word' id='word_1_762' title='bbox 2712 4570 2834 4625; x_wconf 67' lang='lat' dir='ltr'>quae</span> <span class='ocrx_word' id='word_1_763' title='bbox 2858 4555 3109 4629; x_wconf 90' lang='lat' dir='ltr'>sibiipsis</span> <span class='ocrx_word' id='word_1_764' title='bbox 3138 4561 3261 4616; x_wconf 86' lang='lat' dir='ltr'>ﬁeri</span> <span class='ocrx_word' id='word_1_765' title='bbox 3289 4564 3508 4633; x_wconf 87' lang='lat' dir='ltr'>nolunt,</span> 
     </span>
    </p>
   </div>
   <div class='ocr_carea' id='block_1_102' title="bbox 1920 4633 3509 4724">
    <p class='ocr_par' dir='ltr' id='par_1_102' title="bbox 1920 4633 3509 4724">
     <span class='ocr_line' id='line_1_102' title="bbox 1920 4633 3509 4724; baseline 0.016 -38"><span class='ocrx_word' id='word_1_766' title='bbox 1920 4633 2044 4688; x_wconf 86' lang='lat' dir='ltr'>aliis</span> <span class='ocrx_word' id='word_1_767' title='bbox 2071 4651 2184 4724; x_wconf 88' lang='lat' dir='ltr'>non</span> <span class='ocrx_word' id='word_1_768' title='bbox 2206 4634 2450 4703; x_wconf 86' lang='lat' dir='ltr'>faciunt;</span> <span class='ocrx_word' id='word_1_769' title='bbox 2484 4655 2579 4693; x_wconf 90' lang='lat' dir='ltr'>eos</span> <span class='ocrx_word' id='word_1_770' title='bbox 2600 4657 2635 4695; x_wconf 93' lang='lat' dir='ltr'>a</span> <span class='ocrx_word' id='word_1_771' title='bbox 2664 4642 2867 4713; x_wconf 91' lang='lat' dir='ltr'>quibus</span> <span class='ocrx_word' id='word_1_772' title='bbox 2887 4645 3169 4704; x_wconf 73' lang='lat' dir='ltr'>laeduntur</span> <span class='ocrx_word' id='word_1_773' title='bbox 3194 4650 3509 4724; x_wconf 81' lang='lat' dir='ltr'>obsecrant,</span> 
     </span>
    </p>
   </div>
   <div class='ocr_carea' id='block_1_103' title="bbox 1919 4722 3513 4800">
    <p class='ocr_par' dir='ltr' id='par_1_103' title="bbox 1919 4722 3513 4800">
     <span class='ocr_line' id='line_1_103' title="bbox 1919 4722 3513 4800; baseline 0.016 -25"><span class='ocrx_word' id='word_1_774' title='bbox 1919 4739 1984 4777; x_wconf 90' lang='lat' dir='ltr'>ac</span> <span class='ocrx_word' id='word_1_775' title='bbox 2012 4722 2119 4777; x_wconf 92' lang='lat' dir='ltr'>sibi</span> <span class='ocrx_word' id='word_1_776' title='bbox 2148 4739 2345 4779; x_wconf 89' lang='lat' dir='ltr'>eorum</span> <span class='ocrx_word' id='word_1_777' title='bbox 2361 4727 2667 4783; x_wconf 88' lang='lat' dir='ltr'>amicitiam</span> <span class='ocrx_word' id='word_1_778' title='bbox 2687 4732 3279 4795; x_wconf 87' lang='lat' dir='ltr'>conciliant.1nimicos</span> <span class='ocrx_word' id='word_1_779' title='bbox 3299 4722 3513 4800; x_wconf 34' lang='lat' dir='ltr'>benefie</span> 
     </span>
    </p>
   </div>
   <div class='ocr_carea' id='block_1_104' title="bbox 1918 4812 3511 4904">
    <p class='ocr_par' dir='ltr' id='par_1_104' title="bbox 1918 4812 3511 4904">
     <span class='ocr_line' id='line_1_104' title="bbox 1918 4812 3511 4904; baseline 0.016 -38"><span class='ocrx_word' id='word_1_780' title='bbox 1918 4812 2019 4867; x_wconf 90' lang='lat' dir='ltr'>ciis</span> <span class='ocrx_word' id='word_1_781' title='bbox 2048 4813 2271 4869; x_wconf 74' lang='lat' dir='ltr'>afﬁcere</span> <span class='ocrx_word' id='word_1_782' title='bbox 2321 4816 2567 4884; x_wconf 90' lang='lat' dir='ltr'>student,</span> <span class='ocrx_word' id='word_1_783' title='bbox 2610 4818 2764 4874; x_wconf 88' lang='lat' dir='ltr'>lenes</span> <span class='ocrx_word' id='word_1_784' title='bbox 2807 4827 2861 4876; x_wconf 91' lang='lat' dir='ltr'>et</span> <span class='ocrx_word' id='word_1_785' title='bbox 2904 4823 3095 4881; x_wconf 89' lang='lat' dir='ltr'>faciles</span> <span class='ocrx_word' id='word_1_786' title='bbox 3143 4846 3202 4885; x_wconf 91' lang='lat' dir='ltr'>se</span> <span class='ocrx_word' id='word_1_787' title='bbox 3239 4831 3511 4904; x_wconf 58' lang='lat' dir='ltr'>praebent,</span> 
     </span>
    </p>
   </div>
   <div class='ocr_carea' id='block_1_105' title="bbox 1918 4900 3514 4991">
    <p class='ocr_par' dir='ltr' id='par_1_105' title="bbox 1918 4900 3514 4991">
     <span class='ocr_line' id='line_1_105' title="bbox 1918 4900 3514 4991; baseline 0.016 -37"><span class='ocrx_word' id='word_1_788' title='bbox 1918 4900 1987 4955; x_wconf 88' lang='lat' dir='ltr'>ab</span> <span class='ocrx_word' id='word_1_789' title='bbox 2017 4902 2170 4957; x_wconf 90' lang='lat' dir='ltr'>omni</span> <span class='ocrx_word' id='word_1_790' title='bbox 2208 4903 2401 4975; x_wconf 88' lang='lat' dir='ltr'>iniquo</span> <span class='ocrx_word' id='word_1_791' title='bbox 2435 4906 2733 4962; x_wconf 88' lang='lat' dir='ltr'>concubitu</span> <span class='ocrx_word' id='word_1_792' title='bbox 2746 4915 2915 4981; x_wconf 89' lang='lat' dir='ltr'>atque</span> <span class='ocrx_word' id='word_1_793' title='bbox 2931 4912 3000 4967; x_wconf 90' lang='lat' dir='ltr'>ab</span> <span class='ocrx_word' id='word_1_794' title='bbox 3013 4918 3166 4971; x_wconf 86' lang='lat' dir='ltr'>omni</span> <span class='ocrx_word' id='word_1_795' title='bbox 3186 4900 3514 4991; x_wconf 66' lang='lat' dir='ltr'>inipuritate</span> 
     </span>
    </p>
   </div>
   <div class='ocr_carea' id='block_1_106' title="bbox 1920 4990 3515 5079">
    <p class='ocr_par' dir='ltr' id='par_1_106' title="bbox 1920 4990 3515 5079">
     <span class='ocr_line' id='line_1_106' title="bbox 1920 4990 3515 5079; baseline 0.016 -35"><span class='ocrx_word' id='word_1_796' title='bbox 1920 4990 2221 5058; x_wconf 87' lang='lat' dir='ltr'>abstinent,</span> <span class='ocrx_word' id='word_1_797' title='bbox 2248 4993 2473 5048; x_wconf 86' lang='lat' dir='ltr'>viduam</span> <span class='ocrx_word' id='word_1_798' title='bbox 2511 5012 2623 5050; x_wconf 90' lang='lat' dir='ltr'>non</span> <span class='ocrx_word' id='word_1_799' title='bbox 2653 5003 3037 5070; x_wconf 87' lang='lat' dir='ltr'>contemnunt,</span> <span class='ocrx_word' id='word_1_800' title='bbox 3070 4990 3284 5079; x_wconf 82' lang='lat' dir='ltr'>pupillo</span> <span class='ocrx_word' id='word_1_801' title='bbox 3311 5027 3515 5068; x_wconf 75' lang='lat' dir='ltr'>maero-</span> 
     </span>
    </p>
   </div>
   <div class='ocr_carea' id='block_1_107' title="bbox 1917 5080 3518 5172">
    <p class='ocr_par' dir='ltr' id='par_1_107' title="bbox 1917 5080 3518 5172">
     <span class='ocr_line' id='line_1_107' title="bbox 1917 5080 3518 5172; baseline 0.016 -39"><span class='ocrx_word' id='word_1_802' title='bbox 1917 5096 2037 5135; x_wconf 84' lang='lat' dir='ltr'>rem</span> <span class='ocrx_word' id='word_1_803' title='bbox 2083 5096 2197 5135; x_wconf 91' lang='lat' dir='ltr'>non</span> <span class='ocrx_word' id='word_1_804' title='bbox 2246 5080 2512 5149; x_wconf 89' lang='lat' dir='ltr'>inferunt,</span> <span class='ocrx_word' id='word_1_805' title='bbox 2548 5084 2644 5154; x_wconf 91' lang='lat' dir='ltr'>qui</span> <span class='ocrx_word' id='word_1_806' title='bbox 2674 5084 2844 5142; x_wconf 90' lang='lat' dir='ltr'>habet</span> <span class='ocrx_word' id='word_1_807' title='bbox 2878 5106 2992 5146; x_wconf 87' lang='lat' dir='ltr'>non</span> <span class='ocrx_word' id='word_1_808' title='bbox 3034 5092 3266 5153; x_wconf 89' lang='lat' dir='ltr'>habenti</span> <span class='ocrx_word' id='word_1_809' title='bbox 3302 5101 3518 5172; x_wconf 84' lang='lat' dir='ltr'>prolixe</span> 
     </span>
    </p>
   </div>
   <div class='ocr_carea' id='block_1_108' title="bbox 1918 5168 3520 5251">
    <p class='ocr_par' dir='ltr' id='par_1_108' title="bbox 1918 5168 3520 5251">
     <span class='ocr_line' id='line_1_108' title="bbox 1918 5168 3520 5251; baseline 0.017 -30"><span class='ocrx_word' id='word_1_810' title='bbox 1918 5168 2329 5225; x_wconf 85' lang='lat' dir='ltr'>subministrat.</span> <span class='ocrx_word' id='word_1_811' title='bbox 2389 5171 2755 5243; x_wconf 88' lang='lat' dir='ltr'>Peregrinum</span> <span class='ocrx_word' id='word_1_812' title='bbox 2780 5177 2827 5232; x_wconf 86' lang='lat' dir='ltr'>si</span> <span class='ocrx_word' id='word_1_813' title='bbox 2854 5179 3114 5251; x_wconf 90' lang='lat' dir='ltr'>viderint,</span> <span class='ocrx_word' id='word_1_814' title='bbox 3144 5168 3520 5248; x_wconf 42' lang='lat' dir='ltr'>tecto&#39;admit-</span> 
     </span>
    </p>
   </div>
   <div class='ocr_carea' id='block_1_109' title="bbox 1918 5260 3517 5345">
    <p class='ocr_par' dir='ltr' id='par_1_109' title="bbox 1918 5260 3517 5345">
     <span class='ocr_line' id='line_1_109' title="bbox 1918 5260 3517 5345; baseline 0.017 -34"><span class='ocrx_word' id='word_1_815' title='bbox 1918 5264 2066 5325; x_wconf 90' lang='lat' dir='ltr'>tunt,</span> <span class='ocrx_word' id='word_1_816' title='bbox 2095 5260 2329 5331; x_wconf 88' lang='lat' dir='ltr'>ejusque</span> <span class='ocrx_word' id='word_1_817' title='bbox 2382 5276 2497 5315; x_wconf 89' lang='lat' dir='ltr'>non</span> <span class='ocrx_word' id='word_1_818' title='bbox 2543 5279 2702 5318; x_wconf 88' lang='lat' dir='ltr'>secus</span> <span class='ocrx_word' id='word_1_819' title='bbox 2731 5281 2795 5320; x_wconf 89' lang='lat' dir='ltr'>ac</span> <span class='ocrx_word' id='word_1_820' title='bbox 2834 5270 2951 5324; x_wconf 90' lang='lat' dir='ltr'>veri</span> <span class='ocrx_word' id='word_1_821' title='bbox 2972 5277 3029 5326; x_wconf 92' lang='lat' dir='ltr'>et</span> <span class='ocrx_word' id='word_1_822' title='bbox 3051 5278 3307 5345; x_wconf 88' lang='lat' dir='ltr'>germani</span> <span class='ocrx_word' id='word_1_823' title='bbox 3324 5279 3517 5337; x_wconf 82' lang='lat' dir='ltr'>fratris</span> 
     </span>
    </p>
   </div>
   <div class='ocr_carea' id='block_1_110' title="bbox 1921 5348 3515 5433">
    <p class='ocr_par' dir='ltr' id='par_1_110' title="bbox 1921 5348 3515 5433">
     <span class='ocr_line' id='line_1_110' title="bbox 1921 5348 3515 5433; baseline 0.016 -30"><span class='ocrx_word' id='word_1_824' title='bbox 1921 5348 2165 5404; x_wconf 86' lang='lat' dir='ltr'>adventu</span> <span class='ocrx_word' id='word_1_825' title='bbox 2186 5350 2553 5407; x_wconf 89' lang='lat' dir='ltr'>delectantur.</span> <span class='ocrx_word' id='word_1_826' title='bbox 2577 5355 2704 5410; x_wconf 88' lang='lat' dir='ltr'>Non</span> <span class='ocrx_word' id='word_1_827' title='bbox 2732 5358 2882 5415; x_wconf 90' lang='lat' dir='ltr'>enim</span> <span class='ocrx_word' id='word_1_828' title='bbox 2912 5364 3218 5433; x_wconf 88' lang='lat' dir='ltr'>carnis,sed</span> <span class='ocrx_word' id='word_1_829' title='bbox 3234 5371 3515 5427; x_wconf 85' lang='lat' dir='ltr'>animira-</span> 
     </span>
    </p>
   </div>
   <div class='ocr_carea' id='block_1_111' title="bbox 1920 5436 3518 5516">
    <p class='ocr_par' dir='ltr' id='par_1_111' title="bbox 1920 5436 3518 5516">
     <span class='ocr_line' id='line_1_111' title="bbox 1920 5436 3518 5516; baseline 0.017 -25"><span class='ocrx_word' id='word_1_830' title='bbox 1920 5436 2075 5492; x_wconf 89' lang='lat' dir='ltr'>tione</span> <span class='ocrx_word' id='word_1_831' title='bbox 2104 5437 2306 5494; x_wconf 86' lang='lat' dir='ltr'>fratres</span> <span class='ocrx_word' id='word_1_832' title='bbox 2328 5456 2387 5495; x_wconf 87' lang='lat' dir='ltr'>se</span> <span class='ocrx_word' id='word_1_833' title='bbox 2418 5449 2632 5498; x_wconf 86' lang='lat' dir='ltr'>vocant.</span> <span class='ocrx_word' id='word_1_834' title='bbox 2680 5445 2869 5504; x_wconf 84' lang='lat' dir='ltr'>Vitam</span> <span class='ocrx_word' id='word_1_835' title='bbox 2919 5469 3080 5510; x_wconf 89' lang='lat' dir='ltr'>suam</span> <span class='ocrx_word' id='word_1_836' title='bbox 3110 5457 3319 5514; x_wconf 88' lang='lat' dir='ltr'>Christi</span> <span class='ocrx_word' id='word_1_837' title='bbox 3347 5477 3518 5516; x_wconf 86' lang='lat' dir='ltr'>causa</span> 
     </span>
    </p>
   </div>
   <div class='ocr_carea' id='block_1_112' title="bbox 241 5524 3517 5618">
    <p class='ocr_par' dir='ltr' id='par_1_112' title="bbox 241 5524 3517 5618">
     <span class='ocr_line' id='line_1_112' title="bbox 241 5524 3517 5618; baseline 0.008 -41"><span class='ocrx_word' id='word_1_838' title='bbox 241 5524 457 5589; x_wconf 82' lang='lat' dir='ltr'>eduxit,</span> <span class='ocrx_word' id='word_1_839' title='bbox 491 5542 557 5580; x_wconf 85' lang='lat' dir='ltr'>ac</span> <span class='ocrx_word' id='word_1_840' title='bbox 582 5543 681 5598; x_wconf 88' lang='lat' dir='ltr'>per</span> <span class='ocrx_word' id='word_1_841' title='bbox 707 5527 887 5583; x_wconf 87' lang='lat' dir='ltr'>multa</span> <span class='ocrx_word' id='word_1_842' title='bbox 940 5527 1195 5599; x_wconf 87' lang='lat' dir='ltr'>prodigia</span> <span class='ocrx_word' id='word_1_843' title='bbox 1225 5532 1284 5582; x_wconf 91' lang='lat' dir='ltr'>et</span> <span class='ocrx_word' id='word_1_844' title='bbox 1309 5526 1472 5597; x_wconf 82' lang='lat' dir='ltr'>signa</span> <span class='ocrx_word' id='word_1_845' title='bbox 1499 5542 1659 5580; x_wconf 88' lang='lat' dir='ltr'>suam</span> <span class='ocrx_word' id='word_1_846' title='bbox 1705 5526 1842 5598; x_wconf 91' lang='lat' dir='ltr'>ipsis</span> <span class='ocrx_word' id='word_1_847' title='bbox 1924 5524 2262 5598; x_wconf 86' lang='lat' dir='ltr'>profundere</span> <span class='ocrx_word' id='word_1_848' title='bbox 2280 5530 2463 5599; x_wconf 88' lang='lat' dir='ltr'>parati</span> <span class='ocrx_word' id='word_1_849' title='bbox 2493 5539 2659 5588; x_wconf 91' lang='lat' dir='ltr'>sunt:</span> <span class='ocrx_word' id='word_1_850' title='bbox 2698 5550 2832 5592; x_wconf 85' lang='lat' dir='ltr'>nam</span> <span class='ocrx_word' id='word_1_851' title='bbox 2850 5537 3026 5611; x_wconf 86' lang='lat' dir='ltr'>ipsius</span> <span class='ocrx_word' id='word_1_852' title='bbox 3044 5552 3324 5618; x_wconf 72' lang='lat' dir='ltr'>praecepta</span> <span class='ocrx_word' id='word_1_853' title='bbox 3352 5550 3517 5603; x_wconf 80' lang='lat' dir='ltr'>ﬁrme</span> 
     </span>
    </p>
   </div>
   <div class='ocr_carea' id='block_1_113' title="bbox 242 5612 3518 5705">
    <p class='ocr_par' dir='ltr' id='par_1_113' title="bbox 242 5612 3518 5705">
     <span class='ocr_line' id='line_1_113' title="bbox 242 5612 3518 5705; baseline 0.008 -38"><span class='ocrx_word' id='word_1_854' title='bbox 242 5612 560 5683; x_wconf 81' lang='lat' dir='ltr'>potentiam</span> <span class='ocrx_word' id='word_1_855' title='bbox 606 5615 925 5672; x_wconf 85' lang='lat' dir='ltr'>declaravit.</span> <span class='ocrx_word' id='word_1_856' title='bbox 944 5617 1152 5673; x_wconf 85' lang='lat' dir='ltr'>Verum</span> <span class='ocrx_word' id='word_1_857' title='bbox 1192 5615 1300 5689; x_wconf 87' lang='lat' dir='ltr'>ipsi</span> <span class='ocrx_word' id='word_1_858' title='bbox 1350 5631 1571 5688; x_wconf 89' lang='lat' dir='ltr'>quoque</span> <span class='ocrx_word' id='word_1_859' title='bbox 1601 5616 1843 5687; x_wconf 84' lang='lat' dir='ltr'>perﬁdos</span> <span class='ocrx_word' id='word_1_860' title='bbox 1926 5615 2243 5685; x_wconf 87' lang='lat' dir='ltr'>observant,</span> <span class='ocrx_word' id='word_1_861' title='bbox 2266 5624 2454 5674; x_wconf 85' lang='lat' dir='ltr'>sancte</span> <span class='ocrx_word' id='word_1_862' title='bbox 2481 5620 2739 5680; x_wconf 90' lang='lat' dir='ltr'>videlicet</span> <span class='ocrx_word' id='word_1_863' title='bbox 2767 5643 2832 5681; x_wconf 89' lang='lat' dir='ltr'>ac</span> <span class='ocrx_word' id='word_1_864' title='bbox 2853 5627 3026 5698; x_wconf 87' lang='lat' dir='ltr'>juste,</span> <span class='ocrx_word' id='word_1_865' title='bbox 3043 5612 3518 5705; x_wconf 73' lang='lat' dir='ltr'>quemadmodum</span> 
     </span>
    </p>
   </div>
   <div class='ocr_carea' id='block_1_114' title="bbox 494 5713 3279 5794">
    <p class='ocr_par' dir='ltr' id='par_1_114' title="bbox 494 5713 3279 5794">
     <span class='ocr_line' id='line_1_114' title="bbox 494 5713 3279 5794; baseline 0.007 -20"><span class='ocrx_word' id='word_1_866' title='bbox 494 5713 759 5779; x_wconf 69' lang='lat' dir='ltr'>PATBOL.</span> <span class='ocrx_word' id='word_1_867' title='bbox 806 5715 1079 5778; x_wconf 83' lang='lat' dir='ltr'>LXXIII.</span> <span class='ocrx_word' id='word_1_868' title='bbox 3201 5730 3279 5794; x_wconf 79' lang='grc'><strong>18</strong></span> 
     </span>
    </p>
   </div>
  </div>
