  <div class='ocr_page' id='page_1' title='image "/cluster/home/n/w/nwhite01/storage/ocr_20150623/73/hvd.32044054758776/283.png"; bbox 0 0 3954 6190; ppageno 0'>
   <div class='ocr_carea' id='block_1_1' title="bbox 456 379 562 438">
    <p class='ocr_par' dir='ltr' id='par_1_1' title="bbox 456 379 562 438">
     <span class='ocr_line' id='line_1_1' title="bbox 456 379 562 438; baseline 0 0"><span class='ocrx_word' id='word_1_1' title='bbox 456 379 562 438; x_wconf 80' lang='grc'>555</span> 
     </span>
    </p>
   </div>
   <div class='ocr_carea' id='block_1_2' title="bbox 1474 329 2705 434">
    <p class='ocr_par' dir='ltr' id='par_1_2' title="bbox 1474 329 2705 434">
     <span class='ocr_line' id='line_1_2' title="bbox 1474 329 2705 434; baseline -0.003 0"><span class='ocrx_word' id='word_1_2' title='bbox 1474 377 1570 434; x_wconf 91' lang='lat' dir='ltr'>DE</span> <span class='ocrx_word' id='word_1_3' title='bbox 1603 377 1794 434; x_wconf 81' lang='lat' dir='ltr'>VITIS</span> <span class='ocrx_word' id='word_1_4' title='bbox 1831 375 2128 434; x_wconf 85' lang='lat' dir='ltr'>PATRUM</span> <span class='ocrx_word' id='word_1_5' title='bbox 2164 329 2380 432; x_wconf 68' lang='lat' dir='ltr'><strong>LlBER</strong></span> <span class='ocrx_word' id='word_1_6' title='bbox 2415 375 2705 432; x_wconf 78' lang='lat' dir='ltr'>PRIMUS.</span> 
     </span>
    </p>
   </div>
   <div class='ocr_carea' id='block_1_3' title="bbox 3625 375 3728 437">
    <p class='ocr_par' dir='ltr' id='par_1_3' title="bbox 3625 375 3728 437">
     <span class='ocr_line' id='line_1_3' title="bbox 3625 375 3728 437; baseline 0.01 -1"><span class='ocrx_word' id='word_1_7' title='bbox 3625 375 3728 437; x_wconf 55' lang='lat'>{.56</span> 
     </span>
    </p>
   </div>
   <div class='ocr_carea' id='block_1_4' title="bbox 454 501 3726 576">
    <p class='ocr_par' dir='ltr' id='par_1_4' title="bbox 454 501 3726 576">
     <span class='ocr_line' id='line_1_4' title="bbox 454 501 3726 576; baseline -0.002 -13"><span class='ocrx_word' id='word_1_8' title='bbox 454 506 728 564; x_wconf 86' lang='lat' dir='ltr'>Dominus</span> <span class='ocrx_word' id='word_1_9' title='bbox 751 504 899 558; x_wconf 91' lang='lat' dir='ltr'>Deus</span> <span class='ocrx_word' id='word_1_10' title='bbox 916 501 1054 574; x_wconf 88' lang='lat' dir='ltr'>ipsis</span> <span class='ocrx_word' id='word_1_11' title='bbox 1067 501 1381 574; x_wconf 81' lang='lat' dir='ltr'>imperavit,</span> <span class='ocrx_word' id='word_1_12' title='bbox 1414 503 1678 560; x_wconf 87' lang='lat' dir='ltr'>viventes:</span> <span class='ocrx_word' id='word_1_13' title='bbox 1697 505 1911 576; x_wconf 87' lang='lat' dir='ltr'>gratias</span> <span class='ocrx_word' id='word_1_14' title='bbox 1936 503 2302 576; x_wconf 76' lang='lat' dir='ltr'>ipsiAmetu,</span> <span class='ocrx_word' id='word_1_15' title='bbox 2334 503 2419 558; x_wconf 91' lang='lat' dir='ltr'>tui</span> <span class='ocrx_word' id='word_1_16' title='bbox 2447 509 2638 559; x_wconf 89' lang='lat' dir='ltr'>autem</span> <span class='ocrx_word' id='word_1_17' title='bbox 2689 503 2749 558; x_wconf 91' lang='lat' dir='ltr'>in</span> <span class='ocrx_word' id='word_1_18' title='bbox 2803 502 3002 558; x_wconf 69' lang='lat' dir='ltr'>laetitia</span> <span class='ocrx_word' id='word_1_19' title='bbox 3052 508 3111 558; x_wconf 91' lang='lat' dir='ltr'>et</span> <span class='ocrx_word' id='word_1_20' title='bbox 3155 503 3330 558; x_wconf 88' lang='lat' dir='ltr'>animi</span> <span class='ocrx_word' id='word_1_21' title='bbox 3372 503 3726 570; x_wconf 79' lang='lat' dir='ltr'>remissione,</span> 
     </span>
    </p>
   </div>
   <div class='ocr_carea' id='block_1_5' title="bbox 455 591 2046 666">
    <p class='ocr_par' dir='ltr' id='par_1_5' title="bbox 455 591 2046 666">
     <span class='ocr_line' id='line_1_5' title="bbox 455 591 2046 666; baseline -0.003 -13"><span class='ocrx_word' id='word_1_22' title='bbox 455 595 608 653; x_wconf 88' lang='lat' dir='ltr'>omni</span> <span class='ocrx_word' id='word_1_23' title='bbox 627 596 768 648; x_wconf 90' lang='lat' dir='ltr'>hora</span> <span class='ocrx_word' id='word_1_24' title='bbox 811 593 872 646; x_wconf 91' lang='lat' dir='ltr'>in</span> <span class='ocrx_word' id='word_1_25' title='bbox 921 591 1074 646; x_wconf 91' lang='lat' dir='ltr'>omni</span> <span class='ocrx_word' id='word_1_26' title='bbox 1103 591 1224 646; x_wconf 92' lang='lat' dir='ltr'>cibo</span> <span class='ocrx_word' id='word_1_27' title='bbox 1265 598 1323 646; x_wconf 89' lang='lat' dir='ltr'>et</span> <span class='ocrx_word' id='word_1_28' title='bbox 1346 599 1498 664; x_wconf 88' lang='lat' dir='ltr'>potu,</span> <span class='ocrx_word' id='word_1_29' title='bbox 1525 611 1591 649; x_wconf 83' lang='lat' dir='ltr'>ac</span> <span class='ocrx_word' id='word_1_30' title='bbox 1616 595 1848 666; x_wconf 84' lang='lat' dir='ltr'>reliquis</span> <span class='ocrx_word' id='word_1_31' title='bbox 1885 594 2046 648; x_wconf 88' lang='lat' dir='ltr'>bonis</span> 
     </span>
    </p>
   </div>
   <div class='ocr_carea' id='block_1_6' title="bbox 453 683 2043 756">
    <p class='ocr_par' dir='ltr' id='par_1_6' title="bbox 453 683 2043 756">
     <span class='ocr_line' id='line_1_6' title="bbox 453 683 2043 756; baseline 0.001 -18"><span class='ocrx_word' id='word_1_32' title='bbox 453 689 682 756; x_wconf 80' lang='lat' dir='ltr'>agentes</span> <span class='ocrx_word' id='word_1_33' title='bbox 714 683 922 752; x_wconf 72' lang='lat' dir='ltr'>(Ep/ws.</span> <span class='ocrx_word' id='word_1_34' title='bbox 957 684 1030 752; x_wconf 91' lang='lat' dir='ltr'>v).</span> <span class='ocrx_word' id='word_1_35' title='bbox 1055 683 1200 737; x_wconf 84' lang='lat' dir='ltr'>Vere</span> <span class='ocrx_word' id='word_1_36' title='bbox 1229 683 1378 738; x_wconf 91' lang='lat' dir='ltr'>enim</span> <span class='ocrx_word' id='word_1_37' title='bbox 1412 683 1529 739; x_wconf 70' lang='lat' dir='ltr'>haec</span> <span class='ocrx_word' id='word_1_38' title='bbox 1556 684 1806 738; x_wconf 82' lang='lat' dir='ltr'>veritatis</span> <span class='ocrx_word' id='word_1_39' title='bbox 1821 684 1910 738; x_wconf 86' lang='lat' dir='ltr'>via</span> <span class='ocrx_word' id='word_1_40' title='bbox 1941 689 2043 751; x_wconf 90' lang='lat' dir='ltr'>est,</span> 
     </span>
    </p>
   </div>
   <div class='ocr_carea' id='block_1_7' title="bbox 454 771 2048 846">
    <p class='ocr_par' dir='ltr' id='par_1_7' title="bbox 454 771 2048 846">
     <span class='ocr_line' id='line_1_7' title="bbox 454 771 2048 846; baseline 0 -18"><span class='ocrx_word' id='word_1_41' title='bbox 454 790 576 844; x_wconf 78' lang='lat' dir='ltr'>quae</span> <span class='ocrx_word' id='word_1_42' title='bbox 617 772 842 844; x_wconf 86' lang='lat' dir='ltr'>quidem</span> <span class='ocrx_word' id='word_1_43' title='bbox 873 789 968 827; x_wconf 88' lang='lat' dir='ltr'>eos</span> <span class='ocrx_word' id='word_1_44' title='bbox 1013 771 1108 843; x_wconf 88' lang='lat' dir='ltr'>qui</span> <span class='ocrx_word' id='word_1_45' title='bbox 1150 788 1277 827; x_wconf 89' lang='lat' dir='ltr'>eam</span> <span class='ocrx_word' id='word_1_46' title='bbox 1307 773 1719 844; x_wconf 85' lang='lat' dir='ltr'>ingrediuntur,</span> <span class='ocrx_word' id='word_1_47' title='bbox 1754 774 1824 828; x_wconf 89' lang='lat' dir='ltr'>ad</span> <span class='ocrx_word' id='word_1_48' title='bbox 1845 773 2048 846; x_wconf 90' lang='lat' dir='ltr'>sempi-</span> 
     </span>
    </p>
   </div>
   <div class='ocr_carea' id='block_1_8' title="bbox 425 851 2049 935">
    <p class='ocr_par' dir='ltr' id='par_1_8' title="bbox 425 851 2049 935">
     <span class='ocr_line' id='line_1_8' title="bbox 425 851 2049 935; baseline 0 -18"><span class='ocrx_word' id='word_1_49' title='bbox 425 851 678 918; x_wconf 75' lang='lat' dir='ltr'>ternum</span> <span class='ocrx_word' id='word_1_50' title='bbox 707 878 966 933; x_wconf 83' lang='lat' dir='ltr'>regnum,</span> <span class='ocrx_word' id='word_1_51' title='bbox 989 861 1140 933; x_wconf 91' lang='lat' dir='ltr'>quod</span> <span class='ocrx_word' id='word_1_52' title='bbox 1159 879 1192 916; x_wconf 89' lang='lat' dir='ltr'>a</span> <span class='ocrx_word' id='word_1_53' title='bbox 1221 862 1446 917; x_wconf 83' lang='lat' dir='ltr'>Christo</span> <span class='ocrx_word' id='word_1_54' title='bbox 1473 864 1531 917; x_wconf 86' lang='lat' dir='ltr'>in</span> <span class='ocrx_word' id='word_1_55' title='bbox 1562 863 1753 918; x_wconf 89' lang='lat' dir='ltr'>futura</span> <span class='ocrx_word' id='word_1_56' title='bbox 1783 863 1896 918; x_wconf 87' lang='lat' dir='ltr'>vita</span> <span class='ocrx_word' id='word_1_57' title='bbox 1923 881 2049 935; x_wconf 86' lang='lat' dir='ltr'>pro-</span> 
     </span>
    </p>
   </div>
   <div class='ocr_carea' id='block_1_9' title="bbox 448 952 1790 1024">
    <p class='ocr_par' dir='ltr' id='par_1_9' title="bbox 448 952 1790 1024">
     <span class='ocr_line' id='line_1_9' title="bbox 448 952 1790 1024; baseline 0.001 -18"><span class='ocrx_word' id='word_1_58' title='bbox 448 952 685 1008; x_wconf 90' lang='lat' dir='ltr'>missum</span> <span class='ocrx_word' id='word_1_59' title='bbox 707 958 810 1017; x_wconf 89' lang='lat' dir='ltr'>est,</span> <span class='ocrx_word' id='word_1_60' title='bbox 845 958 1117 1023; x_wconf 89' lang='lat' dir='ltr'>tanquam</span> <span class='ocrx_word' id='word_1_61' title='bbox 1137 957 1393 1024; x_wconf 88' lang='lat' dir='ltr'>porrecta</span> <span class='ocrx_word' id='word_1_62' title='bbox 1411 969 1582 1008; x_wconf 90' lang='lat' dir='ltr'>manu</span> <span class='ocrx_word' id='word_1_63' title='bbox 1621 953 1790 1008; x_wconf 87' lang='lat' dir='ltr'>ducit.</span> 
     </span>
    </p>
   </div>
   <div class='ocr_carea' id='block_1_10' title="bbox 516 1042 2044 1114">
    <p class='ocr_par' dir='ltr' id='par_1_10' title="bbox 516 1042 2044 1114">
     <span class='ocr_line' id='line_1_10' title="bbox 516 1042 2044 1114; baseline 0 -17"><span class='ocrx_word' id='word_1_64' title='bbox 516 1043 704 1114; x_wconf 83' lang='lat' dir='ltr'>Atque</span> <span class='ocrx_word' id='word_1_65' title='bbox 753 1047 818 1097; x_wconf 92' lang='lat' dir='ltr'>ut</span> <span class='ocrx_word' id='word_1_66' title='bbox 867 1042 1170 1112; x_wconf 88' lang='lat' dir='ltr'>intelligas,</span> <span class='ocrx_word' id='word_1_67' title='bbox 1218 1059 1252 1096; x_wconf 94' lang='grc' dir='ltr'><strong>ο</strong></span> <span class='ocrx_word' id='word_1_68' title='bbox 1290 1059 1406 1108; x_wconf 85' lang='lat' dir='ltr'>rex,</span> <span class='ocrx_word' id='word_1_69' title='bbox 1461 1060 1550 1097; x_wconf 93' lang='lat' dir='ltr'>me</span> <span class='ocrx_word' id='word_1_70' title='bbox 1579 1043 1697 1097; x_wconf 63' lang='lat' dir='ltr'>haec</span> <span class='ocrx_word' id='word_1_71' title='bbox 1723 1060 1787 1097; x_wconf 86' lang='lat' dir='ltr'>ex</span> <span class='ocrx_word' id='word_1_72' title='bbox 1817 1042 2044 1098; x_wconf 84' lang='lat' dir='ltr'>cerebro</span> 
     </span>
    </p>
   </div>
   <div class='ocr_carea' id='block_1_11' title="bbox 446 1132 2044 1205">
    <p class='ocr_par' dir='ltr' id='par_1_11' title="bbox 446 1132 2044 1205">
     <span class='ocr_line' id='line_1_11' title="bbox 446 1132 2044 1205; baseline 0.001 -19"><span class='ocrx_word' id='word_1_73' title='bbox 446 1149 572 1187; x_wconf 89' lang='lat' dir='ltr'>meo</span> <span class='ocrx_word' id='word_1_74' title='bbox 599 1133 832 1186; x_wconf 90' lang='lat' dir='ltr'>minime</span> <span class='ocrx_word' id='word_1_75' title='bbox 851 1133 1083 1203; x_wconf 92' lang='lat' dir='ltr'>ﬁngere,</span> <span class='ocrx_word' id='word_1_76' title='bbox 1102 1133 1150 1186; x_wconf 90' lang='lat' dir='ltr'>si</span> <span class='ocrx_word' id='word_1_77' title='bbox 1171 1132 1241 1186; x_wconf 90' lang='lat' dir='ltr'>ad</span> <span class='ocrx_word' id='word_1_78' title='bbox 1255 1132 1705 1188; x_wconf 86' lang='lat' dir='ltr'>Christianorum</span> <span class='ocrx_word' id='word_1_79' title='bbox 1725 1133 2044 1205; x_wconf 88' lang='lat' dir='ltr'>Scripturas</span> 
     </span>
    </p>
   </div>
   <div class='ocr_carea' id='block_1_12' title="bbox 447 1222 2043 1294">
    <p class='ocr_par' dir='ltr' id='par_1_12' title="bbox 447 1222 2043 1294">
     <span class='ocr_line' id='line_1_12' title="bbox 447 1222 2043 1294; baseline -0.001 -17"><span class='ocrx_word' id='word_1_80' title='bbox 447 1223 639 1278; x_wconf 90' lang='lat' dir='ltr'>oculos</span> <span class='ocrx_word' id='word_1_81' title='bbox 663 1222 955 1293; x_wconf 90' lang='lat' dir='ltr'>adjeceris,</span> <span class='ocrx_word' id='word_1_82' title='bbox 983 1239 1073 1278; x_wconf 89' lang='lat' dir='ltr'>me</span> <span class='ocrx_word' id='word_1_83' title='bbox 1105 1223 1246 1277; x_wconf 87' lang='lat' dir='ltr'>nihil</span> <span class='ocrx_word' id='word_1_84' title='bbox 1269 1239 1302 1276; x_wconf 89' lang='lat' dir='ltr'>a</span> <span class='ocrx_word' id='word_1_85' title='bbox 1330 1223 1564 1278; x_wconf 86' lang='lat' dir='ltr'>veritate</span> <span class='ocrx_word' id='word_1_86' title='bbox 1601 1223 1850 1278; x_wconf 87' lang='lat' dir='ltr'>alienum</span> <span class='ocrx_word' id='word_1_87' title='bbox 1889 1222 2043 1294; x_wconf 90' lang='lat' dir='ltr'>loqui</span> 
     </span>
    </p>
   </div>
   <div class='ocr_carea' id='block_1_13' title="bbox 447 1311 2044 1385">
    <p class='ocr_par' dir='ltr' id='par_1_13' title="bbox 447 1311 2044 1385">
     <span class='ocr_line' id='line_1_13' title="bbox 447 1311 2044 1385; baseline -0.002 -17"><span class='ocrx_word' id='word_1_88' title='bbox 447 1311 714 1385; x_wconf 83' lang='lat' dir='ltr'>reperies.</span> <span class='ocrx_word' id='word_1_89' title='bbox 757 1313 942 1376; x_wconf 88' lang='lat' dir='ltr'>Quare</span> <span class='ocrx_word' id='word_1_90' title='bbox 967 1313 1232 1383; x_wconf 65' lang='lat' dir='ltr'>praeclare</span> <span class='ocrx_word' id='word_1_91' title='bbox 1253 1313 1402 1367; x_wconf 87' lang='lat' dir='ltr'>ﬁlius</span> <span class='ocrx_word' id='word_1_92' title='bbox 1431 1318 1564 1366; x_wconf 88' lang='lat' dir='ltr'>tuus</span> <span class='ocrx_word' id='word_1_93' title='bbox 1588 1313 1882 1380; x_wconf 83' lang='lat' dir='ltr'>intellexit,</span> <span class='ocrx_word' id='word_1_94' title='bbox 1904 1311 2044 1383; x_wconf 92' lang='lat' dir='ltr'>opti-</span> 
     </span>
    </p>
   </div>
   <div class='ocr_carea' id='block_1_14' title="bbox 445 1401 2040 1474">
    <p class='ocr_par' dir='ltr' id='par_1_14' title="bbox 445 1401 2040 1474">
     <span class='ocr_line' id='line_1_14' title="bbox 445 1401 2040 1474; baseline -0.001 -18"><span class='ocrx_word' id='word_1_95' title='bbox 445 1417 652 1474; x_wconf 86' lang='lat' dir='ltr'>moque</span> <span class='ocrx_word' id='word_1_96' title='bbox 674 1403 804 1472; x_wconf 86' lang='lat' dir='ltr'>jure</span> <span class='ocrx_word' id='word_1_97' title='bbox 823 1402 940 1456; x_wconf 86' lang='lat' dir='ltr'>Deo</span> <span class='ocrx_word' id='word_1_98' title='bbox 971 1401 1093 1456; x_wconf 91' lang='lat' dir='ltr'>vivo</span> <span class='ocrx_word' id='word_1_99' title='bbox 1123 1403 1336 1456; x_wconf 89' lang='lat' dir='ltr'>cultum</span> <span class='ocrx_word' id='word_1_100' title='bbox 1368 1401 1633 1456; x_wconf 90' lang='lat' dir='ltr'>adhibere</span> <span class='ocrx_word' id='word_1_101' title='bbox 1653 1401 1865 1467; x_wconf 88' lang='lat' dir='ltr'>didicit,</span> <span class='ocrx_word' id='word_1_102' title='bbox 1899 1401 2040 1456; x_wconf 90' lang='lat' dir='ltr'>utin</span> 
     </span>
    </p>
   </div>
   <div class='ocr_carea' id='block_1_15' title="bbox 443 1490 2038 1562">
    <p class='ocr_par' dir='ltr' id='par_1_15' title="bbox 443 1490 2038 1562">
     <span class='ocr_line' id='line_1_15' title="bbox 443 1490 2038 1562; baseline 0.001 -17"><span class='ocrx_word' id='word_1_103' title='bbox 443 1490 635 1546; x_wconf 88' lang='lat' dir='ltr'>futuro</span> <span class='ocrx_word' id='word_1_104' title='bbox 657 1507 770 1546; x_wconf 84' lang='lat' dir='ltr'>aevo</span> <span class='ocrx_word' id='word_1_105' title='bbox 796 1491 1037 1546; x_wconf 84' lang='lat' dir='ltr'>salutem</span> <span class='ocrx_word' id='word_1_106' title='bbox 1066 1490 1334 1546; x_wconf 89' lang='lat' dir='ltr'>obtineat.</span> <span class='ocrx_word' id='word_1_107' title='bbox 1383 1491 1591 1562; x_wconf 88' lang='lat' dir='ltr'>Magna</span> <span class='ocrx_word' id='word_1_108' title='bbox 1631 1491 1839 1546; x_wconf 90' lang='lat' dir='ltr'>etenim</span> <span class='ocrx_word' id='word_1_109' title='bbox 1870 1496 2038 1562; x_wconf 91' lang='lat' dir='ltr'>atque</span> 
     </span>
    </p>
   </div>
   <div class='ocr_carea' id='block_1_16' title="bbox 445 1581 2035 1652">
    <p class='ocr_par' dir='ltr' id='par_1_16' title="bbox 445 1581 2035 1652">
     <span class='ocr_line' id='line_1_16' title="bbox 445 1581 2035 1652; baseline -0.001 -17"><span class='ocrx_word' id='word_1_110' title='bbox 445 1581 777 1636; x_wconf 88' lang='lat' dir='ltr'>admiranda</span> <span class='ocrx_word' id='word_1_111' title='bbox 793 1588 1059 1652; x_wconf 77' lang='lat' dir='ltr'>suntquae</span> <span class='ocrx_word' id='word_1_112' title='bbox 1089 1597 1122 1634; x_wconf 89' lang='lat' dir='ltr'>a</span> <span class='ocrx_word' id='word_1_113' title='bbox 1145 1581 1480 1636; x_wconf 82' lang='lat' dir='ltr'>Christianis</span> <span class='ocrx_word' id='word_1_114' title='bbox 1500 1589 1621 1636; x_wconf 90' lang='lat' dir='ltr'>tum</span> <span class='ocrx_word' id='word_1_115' title='bbox 1638 1581 1903 1636; x_wconf 89' lang='lat' dir='ltr'>dicuntur</span> <span class='ocrx_word' id='word_1_116' title='bbox 1915 1586 2035 1635; x_wconf 88' lang='lat' dir='ltr'>tum</span> 
     </span>
    </p>
   </div>
   <div class='ocr_carea' id='block_1_17' title="bbox 441 1669 2041 1742">
    <p class='ocr_par' dir='ltr' id='par_1_17' title="bbox 441 1669 2041 1742">
     <span class='ocr_line' id='line_1_17' title="bbox 441 1669 2041 1742; baseline 0 -18"><span class='ocrx_word' id='word_1_117' title='bbox 441 1677 738 1742; x_wconf 89' lang='lat' dir='ltr'>geruntur.</span> <span class='ocrx_word' id='word_1_118' title='bbox 772 1672 968 1742; x_wconf 89' lang='lat' dir='ltr'>Neque</span> <span class='ocrx_word' id='word_1_119' title='bbox 987 1669 1139 1726; x_wconf 89' lang='lat' dir='ltr'>enim</span> <span class='ocrx_word' id='word_1_120' title='bbox 1151 1670 1466 1736; x_wconf 86' lang='lat' dir='ltr'>hominum,</span> <span class='ocrx_word' id='word_1_121' title='bbox 1494 1671 1591 1725; x_wconf 90' lang='lat' dir='ltr'>sed</span> <span class='ocrx_word' id='word_1_122' title='bbox 1605 1670 1703 1724; x_wconf 90' lang='lat' dir='ltr'>Dei</span> <span class='ocrx_word' id='word_1_123' title='bbox 1726 1671 1894 1724; x_wconf 91' lang='lat' dir='ltr'>verba</span> <span class='ocrx_word' id='word_1_124' title='bbox 1917 1687 2041 1741; x_wconf 91' lang='lat' dir='ltr'>pro-</span> 
     </span>
    </p>
   </div>
   <div class='ocr_carea' id='block_1_18' title="bbox 441 1758 2040 1832">
    <p class='ocr_par' dir='ltr' id='par_1_18' title="bbox 441 1758 2040 1832">
     <span class='ocr_line' id='line_1_18' title="bbox 441 1758 2040 1832; baseline 0 -19"><span class='ocrx_word' id='word_1_125' title='bbox 441 1758 769 1831; x_wconf 91' lang='lat' dir='ltr'>loquuntur,</span> <span class='ocrx_word' id='word_1_126' title='bbox 802 1761 1034 1832; x_wconf 83' lang='lat' dir='ltr'>reliquae</span> <span class='ocrx_word' id='word_1_127' title='bbox 1060 1765 1253 1816; x_wconf 89' lang='lat' dir='ltr'>autem</span> <span class='ocrx_word' id='word_1_128' title='bbox 1305 1761 1562 1815; x_wconf 89' lang='lat' dir='ltr'>nationes</span> <span class='ocrx_word' id='word_1_129' title='bbox 1605 1766 1815 1826; x_wconf 84' lang='lat' dir='ltr'>errant,</span> <span class='ocrx_word' id='word_1_130' title='bbox 1841 1777 1906 1814; x_wconf 90' lang='lat' dir='ltr'>ac</span> <span class='ocrx_word' id='word_1_131' title='bbox 1933 1760 2040 1814; x_wconf 90' lang='lat' dir='ltr'>sibi</span> 
     </span>
    </p>
   </div>
   <div class='ocr_carea' id='block_1_19' title="bbox 2129 591 3728 664">
    <p class='ocr_par' dir='ltr' id='par_1_19' title="bbox 2129 591 3728 664">
     <span class='ocr_line' id='line_1_19' title="bbox 2129 591 3728 664; baseline -0.002 -15"><span class='ocrx_word' id='word_1_132' title='bbox 2129 610 2352 664; x_wconf 78' lang='lat' dir='ltr'>aequum</span> <span class='ocrx_word' id='word_1_133' title='bbox 2407 593 2544 647; x_wconf 89' lang='lat' dir='ltr'>mihi</span> <span class='ocrx_word' id='word_1_134' title='bbox 2576 592 2854 663; x_wconf 89' lang='lat' dir='ltr'>judicium</span> <span class='ocrx_word' id='word_1_135' title='bbox 2880 591 3031 647; x_wconf 90' lang='lat' dir='ltr'>istud</span> <span class='ocrx_word' id='word_1_136' title='bbox 3075 609 3197 648; x_wconf 88' lang='lat' dir='ltr'>esse</span> <span class='ocrx_word' id='word_1_137' title='bbox 3225 609 3336 648; x_wconf 92' lang='lat' dir='ltr'>non</span> <span class='ocrx_word' id='word_1_138' title='bbox 3354 592 3596 657; x_wconf 90' lang='lat' dir='ltr'>videtur,</span> <span class='ocrx_word' id='word_1_139' title='bbox 3630 591 3728 647; x_wconf 87' lang='lat' dir='ltr'>sed</span> 
     </span>
    </p>
   </div>
   <div class='ocr_carea' id='block_1_20' title="bbox 2129 680 3728 754">
    <p class='ocr_par' dir='ltr' id='par_1_20' title="bbox 2129 680 3728 754">
     <span class='ocr_line' id='line_1_20' title="bbox 2129 680 3728 754; baseline -0.001 -18"><span class='ocrx_word' id='word_1_140' title='bbox 2129 683 2476 754; x_wconf 85' lang='lat' dir='ltr'>principatus</span> <span class='ocrx_word' id='word_1_141' title='bbox 2505 682 2747 747; x_wconf 89' lang='lat' dir='ltr'>licentia,</span> <span class='ocrx_word' id='word_1_142' title='bbox 2781 687 2838 736; x_wconf 90' lang='lat' dir='ltr'>et</span> <span class='ocrx_word' id='word_1_143' title='bbox 2867 688 3158 754; x_wconf 87' lang='lat' dir='ltr'>pactorum</span> <span class='ocrx_word' id='word_1_144' title='bbox 3199 682 3444 736; x_wconf 86' lang='lat' dir='ltr'>violatio.</span> <span class='ocrx_word' id='word_1_145' title='bbox 3476 682 3596 737; x_wconf 88' lang='lat' dir='ltr'>Rex</span> <span class='ocrx_word' id='word_1_146' title='bbox 3620 680 3728 734; x_wconf 87' lang='lat' dir='ltr'>ita-</span> 
     </span>
    </p>
   </div>
   <div class='ocr_carea' id='block_1_21' title="bbox 2131 771 3730 844">
    <p class='ocr_par' dir='ltr' id='par_1_21' title="bbox 2131 771 3730 844">
     <span class='ocr_line' id='line_1_21' title="bbox 2131 771 3730 844; baseline -0.003 -16"><span class='ocrx_word' id='word_1_147' title='bbox 2131 789 2240 844; x_wconf 90' lang='lat' dir='ltr'>que</span> <span class='ocrx_word' id='word_1_148' title='bbox 2269 773 2438 844; x_wconf 88' lang='lat' dir='ltr'>hujus</span> <span class='ocrx_word' id='word_1_149' title='bbox 2454 773 2725 827; x_wconf 86' lang='lat' dir='ltr'>orationis</span> <span class='ocrx_word' id='word_1_150' title='bbox 2740 773 2930 844; x_wconf 90' lang='lat' dir='ltr'>lepore</span> <span class='ocrx_word' id='word_1_151' title='bbox 2945 773 3142 838; x_wconf 87' lang='lat' dir='ltr'>victus,</span> <span class='ocrx_word' id='word_1_152' title='bbox 3167 771 3474 844; x_wconf 86' lang='lat' dir='ltr'>assumptis</span> <span class='ocrx_word' id='word_1_153' title='bbox 3503 771 3730 843; x_wconf 81' lang='lat' dir='ltr'>sapien—</span> 
     </span>
    </p>
   </div>
   <div class='ocr_carea' id='block_1_22' title="bbox 2127 861 3726 930">
    <p class='ocr_par' dir='ltr' id='par_1_22' title="bbox 2127 861 3726 930">
     <span class='ocr_line' id='line_1_22' title="bbox 2127 861 3726 930; baseline -0.001 -14"><span class='ocrx_word' id='word_1_154' title='bbox 2127 862 2279 917; x_wconf 87' lang='lat' dir='ltr'>tibus</span> <span class='ocrx_word' id='word_1_155' title='bbox 2307 868 2365 917; x_wconf 90' lang='lat' dir='ltr'>et</span> <span class='ocrx_word' id='word_1_156' title='bbox 2383 861 2767 918; x_wconf 88' lang='lat' dir='ltr'>sacerdotibus</span> <span class='ocrx_word' id='word_1_157' title='bbox 2797 863 2934 930; x_wconf 88' lang='lat' dir='ltr'>suis,</span> <span class='ocrx_word' id='word_1_158' title='bbox 2957 862 3272 917; x_wconf 90' lang='lat' dir='ltr'>Nachorem</span> <span class='ocrx_word' id='word_1_159' title='bbox 3293 862 3409 916; x_wconf 89' lang='lat' dir='ltr'>ﬁlio</span> <span class='ocrx_word' id='word_1_160' title='bbox 3429 861 3726 925; x_wconf 85' lang='lat' dir='ltr'>concessit,</span> 
     </span>
    </p>
   </div>
   <div class='ocr_carea' id='block_1_23' title="bbox 2127 947 3728 1024">
    <p class='ocr_par' dir='ltr' id='par_1_23' title="bbox 2127 947 3728 1024">
     <span class='ocr_line' id='line_1_23' title="bbox 2127 947 3728 1024; baseline -0.002 -18"><span class='ocrx_word' id='word_1_161' title='bbox 2127 951 2232 1006; x_wconf 90' lang='lat' dir='ltr'>hac</span> <span class='ocrx_word' id='word_1_162' title='bbox 2279 953 2547 1007; x_wconf 90' lang='lat' dir='ltr'>nimirum</span> <span class='ocrx_word' id='word_1_163' title='bbox 2593 968 2692 1024; x_wconf 88' lang='lat' dir='ltr'>spe</span> <span class='ocrx_word' id='word_1_164' title='bbox 2739 951 2933 1019; x_wconf 85' lang='lat' dir='ltr'>fretus,</span> <span class='ocrx_word' id='word_1_165' title='bbox 2966 951 3084 1006; x_wconf 85' lang='lat' dir='ltr'>fore</span> <span class='ocrx_word' id='word_1_166' title='bbox 3112 957 3177 1006; x_wconf 92' lang='lat' dir='ltr'>ut</span> <span class='ocrx_word' id='word_1_167' title='bbox 3206 968 3273 1006; x_wconf 91' lang='lat' dir='ltr'>ea</span> <span class='ocrx_word' id='word_1_168' title='bbox 3293 967 3414 1022; x_wconf 81' lang='lat' dir='ltr'>quae</span> <span class='ocrx_word' id='word_1_169' title='bbox 3442 947 3728 1020; x_wconf 88' lang='lat' dir='ltr'>pollicitus</span> 
     </span>
    </p>
   </div>
   <div class='ocr_carea' id='block_1_24' title="bbox 2127 1040 2648 1114">
    <p class='ocr_par' dir='ltr' id='par_1_24' title="bbox 2127 1040 2648 1114">
     <span class='ocr_line' id='line_1_24' title="bbox 2127 1040 2648 1114; baseline 0 -19"><span class='ocrx_word' id='word_1_170' title='bbox 2127 1040 2311 1096; x_wconf 84' lang='lat' dir='ltr'>fuerat</span> <span class='ocrx_word' id='word_1_171' title='bbox 2338 1047 2648 1114; x_wconf 65' lang='lat' dir='ltr'>praestaret.</span> 
     </span>
    </p>
   </div>
   <div class='ocr_carea' id='block_1_25' title="bbox 2197 1123 3725 1200">
    <p class='ocr_par' dir='ltr' id='par_1_25' title="bbox 2197 1123 3725 1200">
     <span class='ocr_line' id='line_1_25' title="bbox 2197 1123 3725 1200; baseline -0.004 -18"><span class='ocrx_word' id='word_1_172' title='bbox 2197 1129 2370 1198; x_wconf 81' lang='lat' dir='ltr'>Regis</span> <span class='ocrx_word' id='word_1_173' title='bbox 2395 1129 2586 1200; x_wconf 90' lang='lat' dir='ltr'>itaque</span> <span class='ocrx_word' id='word_1_174' title='bbox 2609 1129 2756 1184; x_wconf 86' lang='lat' dir='ltr'>ﬁlius</span> <span class='ocrx_word' id='word_1_175' title='bbox 2771 1127 2828 1182; x_wconf 92' lang='lat' dir='ltr'>in</span> <span class='ocrx_word' id='word_1_176' title='bbox 2851 1127 3124 1200; x_wconf 88' lang='lat' dir='ltr'>palatium</span> <span class='ocrx_word' id='word_1_177' title='bbox 3152 1143 3316 1182; x_wconf 90' lang='lat' dir='ltr'>suum</span> <span class='ocrx_word' id='word_1_178' title='bbox 3346 1123 3725 1197; x_wconf 87' lang='lat' dir='ltr'>proﬁciscitur</span> 
     </span>
    </p>
   </div>
   <div class='ocr_carea' id='block_1_26' title="bbox 2124 1217 3722 1290">
    <p class='ocr_par' dir='ltr' id='par_1_26' title="bbox 2124 1217 3722 1290">
     <span class='ocr_line' id='line_1_26' title="bbox 2124 1217 3722 1290; baseline -0.003 -19"><span class='ocrx_word' id='word_1_179' title='bbox 2124 1233 2237 1272; x_wconf 89' lang='lat' dir='ltr'>non</span> <span class='ocrx_word' id='word_1_180' title='bbox 2266 1235 2423 1273; x_wconf 91' lang='lat' dir='ltr'>secus</span> <span class='ocrx_word' id='word_1_181' title='bbox 2452 1226 2620 1289; x_wconf 88' lang='lat' dir='ltr'>atque</span> <span class='ocrx_word' id='word_1_182' title='bbox 2645 1217 2966 1290; x_wconf 83' lang='lat' dir='ltr'>Olympicus</span> <span class='ocrx_word' id='word_1_183' title='bbox 2995 1217 3222 1290; x_wconf 85' lang='lat' dir='ltr'>quidam</span> <span class='ocrx_word' id='word_1_184' title='bbox 3249 1217 3444 1282; x_wconf 91' lang='lat' dir='ltr'>victor,</span> <span class='ocrx_word' id='word_1_185' title='bbox 3484 1228 3722 1285; x_wconf 87' lang='lat' dir='ltr'>supera-</span> 
     </span>
    </p>
   </div>
   <div class='ocr_carea' id='block_1_27' title="bbox 2121 1303 3724 1375">
    <p class='ocr_par' dir='ltr' id='par_1_27' title="bbox 2121 1303 3724 1375">
     <span class='ocr_line' id='line_1_27' title="bbox 2121 1303 3724 1375; baseline -0.003 -15"><span class='ocrx_word' id='word_1_186' title='bbox 2121 1307 2197 1360; x_wconf 87' lang='lat' dir='ltr'>tis</span> <span class='ocrx_word' id='word_1_187' title='bbox 2243 1308 2597 1375; x_wconf 91' lang='lat' dir='ltr'>adversariis,</span> <span class='ocrx_word' id='word_1_188' title='bbox 2651 1324 2842 1363; x_wconf 88' lang='lat' dir='ltr'>secum</span> <span class='ocrx_word' id='word_1_189' title='bbox 2895 1308 3211 1362; x_wconf 87' lang='lat' dir='ltr'>Nachorem</span> <span class='ocrx_word' id='word_1_190' title='bbox 3248 1303 3480 1360; x_wconf 87' lang='lat' dir='ltr'>habens.</span> <span class='ocrx_word' id='word_1_191' title='bbox 3539 1303 3724 1366; x_wconf 88' lang='lat' dir='ltr'>Quem</span> 
     </span>
    </p>
   </div>
   <div class='ocr_carea' id='block_1_28' title="bbox 2122 1390 3722 1466">
    <p class='ocr_par' dir='ltr' id='par_1_28' title="bbox 2122 1390 3722 1466">
     <span class='ocr_line' id='line_1_28' title="bbox 2122 1390 3722 1466; baseline -0.004 -16"><span class='ocrx_word' id='word_1_192' title='bbox 2122 1413 2270 1466; x_wconf 91' lang='lat' dir='ltr'>cum,</span> <span class='ocrx_word' id='word_1_193' title='bbox 2307 1398 2539 1453; x_wconf 84' lang='lat' dir='ltr'>remotis</span> <span class='ocrx_word' id='word_1_194' title='bbox 2567 1397 2814 1461; x_wconf 88' lang='lat' dir='ltr'>arbitris,</span> <span class='ocrx_word' id='word_1_195' title='bbox 2836 1396 3142 1462; x_wconf 87' lang='lat' dir='ltr'>accivisset,</span> <span class='ocrx_word' id='word_1_196' title='bbox 3173 1396 3260 1450; x_wconf 92' lang='lat' dir='ltr'>his</span> <span class='ocrx_word' id='word_1_197' title='bbox 3277 1395 3348 1450; x_wconf 91' lang='lat' dir='ltr'>ad</span> <span class='ocrx_word' id='word_1_198' title='bbox 3377 1409 3509 1449; x_wconf 90' lang='lat' dir='ltr'>eum</span> <span class='ocrx_word' id='word_1_199' title='bbox 3530 1390 3722 1446; x_wconf 84' lang='lat' dir='ltr'>verbis</span> 
     </span>
    </p>
   </div>
   <div class='ocr_carea' id='block_1_29' title="bbox 2122 1481 3725 1559">
    <p class='ocr_par' dir='ltr' id='par_1_29' title="bbox 2122 1481 3725 1559">
     <span class='ocr_line' id='line_1_29' title="bbox 2122 1481 3725 1559; baseline -0.005 -17"><span class='ocrx_word' id='word_1_200' title='bbox 2122 1504 2258 1542; x_wconf 90' lang='lat' dir='ltr'>usus</span> <span class='ocrx_word' id='word_1_201' title='bbox 2285 1495 2396 1543; x_wconf 88' lang='lat' dir='ltr'>est:</span> <span class='ocrx_word' id='word_1_202' title='bbox 2431 1489 2515 1544; x_wconf 88' lang='lat' dir='ltr'>Ne</span> <span class='ocrx_word' id='word_1_203' title='bbox 2534 1506 2642 1554; x_wconf 89' lang='lat' dir='ltr'>me,</span> <span class='ocrx_word' id='word_1_204' title='bbox 2677 1489 2774 1559; x_wconf 90' lang='lat' dir='ltr'>qui</span> <span class='ocrx_word' id='word_1_205' title='bbox 2812 1488 2908 1551; x_wconf 86' lang='lat' dir='ltr'>sis,</span> <span class='ocrx_word' id='word_1_206' title='bbox 2940 1489 3200 1559; x_wconf 87' lang='lat' dir='ltr'>ignorare</span> <span class='ocrx_word' id='word_1_207' title='bbox 3230 1484 3535 1540; x_wconf 80' lang='lat' dir='ltr'>existimes.</span> <span class='ocrx_word' id='word_1_208' title='bbox 3593 1481 3725 1536; x_wconf 88' lang='lat' dir='ltr'>Cer-</span> 
     </span>
    </p>
   </div>
   <div class='ocr_carea' id='block_1_30' title="bbox 2121 1571 3726 1633">
    <p class='ocr_par' dir='ltr' id='par_1_30' title="bbox 2121 1571 3726 1633">
     <span class='ocr_line' id='line_1_30' title="bbox 2121 1571 3726 1633; baseline -0.003 -3"><span class='ocrx_word' id='word_1_209' title='bbox 2121 1577 2404 1633; x_wconf 84' lang='lat' dir='ltr'>tissimum</span> <span class='ocrx_word' id='word_1_210' title='bbox 2425 1582 2575 1633; x_wconf 87' lang='lat' dir='ltr'>enim</span> <span class='ocrx_word' id='word_1_211' title='bbox 2599 1575 2778 1633; x_wconf 85' lang='lat' dir='ltr'>habeo</span> <span class='ocrx_word' id='word_1_212' title='bbox 2798 1583 2853 1632; x_wconf 90' lang='lat' dir='ltr'>te</span> <span class='ocrx_word' id='word_1_213' title='bbox 2865 1577 3276 1632; x_wconf 90' lang='lat' dir='ltr'>divinissimum</span> <span class='ocrx_word' id='word_1_214' title='bbox 3288 1575 3553 1630; x_wconf 87' lang='lat' dir='ltr'>Barlaam</span> <span class='ocrx_word' id='word_1_215' title='bbox 3563 1571 3726 1626; x_wconf 89' lang='lat' dir='ltr'>haud</span> 
     </span>
    </p>
   </div>
   <div class='ocr_carea' id='block_1_31' title="bbox 2123 1661 3726 1740">
    <p class='ocr_par' dir='ltr' id='par_1_31' title="bbox 2123 1661 3726 1740">
     <span class='ocr_line' id='line_1_31' title="bbox 2123 1661 3726 1740; baseline -0.006 -18"><span class='ocrx_word' id='word_1_216' title='bbox 2123 1684 2406 1740; x_wconf 86' lang='lat' dir='ltr'>quaquam</span> <span class='ocrx_word' id='word_1_217' title='bbox 2454 1687 2594 1736; x_wconf 91' lang='lat' dir='ltr'>esse,</span> <span class='ocrx_word' id='word_1_218' title='bbox 2627 1685 2823 1724; x_wconf 86' lang='lat' dir='ltr'>verum</span> <span class='ocrx_word' id='word_1_219' title='bbox 2879 1668 3193 1724; x_wconf 90' lang='lat' dir='ltr'>Nachorem</span> <span class='ocrx_word' id='word_1_220' title='bbox 3237 1665 3612 1732; x_wconf 83' lang='lat' dir='ltr'>astrologum.</span> <span class='ocrx_word' id='word_1_221' title='bbox 3646 1661 3726 1714; x_wconf 85' lang='lat' dir='ltr'>Ac</span> 
     </span>
    </p>
   </div>
   <div class='ocr_carea' id='block_1_32' title="bbox 2123 1749 3722 1830">
    <p class='ocr_par' dir='ltr' id='par_1_32' title="bbox 2123 1749 3722 1830">
     <span class='ocr_line' id='line_1_32' title="bbox 2123 1749 3722 1830; baseline -0.004 -20"><span class='ocrx_word' id='word_1_222' title='bbox 2123 1757 2296 1812; x_wconf 89' lang='lat' dir='ltr'>miror</span> <span class='ocrx_word' id='word_1_223' title='bbox 2318 1759 2454 1830; x_wconf 89' lang='lat' dir='ltr'>quid</span> <span class='ocrx_word' id='word_1_224' title='bbox 2477 1758 2630 1814; x_wconf 90' lang='lat' dir='ltr'>vobis</span> <span class='ocrx_word' id='word_1_225' title='bbox 2660 1759 2719 1814; x_wconf 91' lang='lat' dir='ltr'>in</span> <span class='ocrx_word' id='word_1_226' title='bbox 2747 1763 2998 1813; x_wconf 89' lang='lat' dir='ltr'>mentem</span> <span class='ocrx_word' id='word_1_227' title='bbox 3032 1755 3265 1821; x_wconf 84' lang='lat' dir='ltr'>venerit,</span> <span class='ocrx_word' id='word_1_228' title='bbox 3299 1759 3365 1809; x_wconf 89' lang='lat' dir='ltr'>ut</span> <span class='ocrx_word' id='word_1_229' title='bbox 3389 1749 3722 1824; x_wconf 90' lang='lat' dir='ltr'>hujusmodi</span> 
     </span>
    </p>
   </div>
   <div class='ocr_carea' id='block_1_33' title="bbox 439 1837 3723 1922">
    <p class='ocr_par' dir='ltr' id='par_1_33' title="bbox 439 1837 3723 1922">
     <span class='ocr_line' id='line_1_33' title="bbox 439 1837 3723 1922; baseline -0.003 -18"><span class='ocrx_word' id='word_1_230' title='bbox 439 1849 578 1921; x_wconf 87' lang='lat' dir='ltr'>ipsis</span> <span class='ocrx_word' id='word_1_231' title='bbox 605 1850 976 1922; x_wconf 86' lang='lat' dir='ltr'>imposturam</span> <span class='ocrx_word' id='word_1_232' title='bbox 993 1849 1225 1912; x_wconf 88' lang='lat' dir='ltr'>faciunt,</span> <span class='ocrx_word' id='word_1_233' title='bbox 1253 1849 1529 1920; x_wconf 88' lang='lat' dir='ltr'>siquidem</span> <span class='ocrx_word' id='word_1_234' title='bbox 1552 1850 1610 1903; x_wconf 89' lang='lat' dir='ltr'>in</span> <span class='ocrx_word' id='word_1_235' title='bbox 1638 1849 1885 1904; x_wconf 72' lang='lat' dir='ltr'>tenebris</span> <span class='ocrx_word' id='word_1_236' title='bbox 1914 1866 2036 1904; x_wconf 86' lang='lat' dir='ltr'>am-</span> <span class='ocrx_word' id='word_1_237' title='bbox 2053 1837 2099 1896; x_wconf 84' lang='grc' dir='ltr'>Β</span> <span class='ocrx_word' id='word_1_238' title='bbox 2121 1847 2368 1903; x_wconf 78' lang='lat' dir='ltr'>tabulam</span> <span class='ocrx_word' id='word_1_239' title='bbox 2397 1849 2878 1920; x_wconf 90' lang='lat' dir='ltr'>ﬁngeretis,atque</span> <span class='ocrx_word' id='word_1_240' title='bbox 2893 1847 3162 1903; x_wconf 84' lang='lat' dir='ltr'>hocvobis</span> <span class='ocrx_word' id='word_1_241' title='bbox 3180 1841 3723 1919; x_wconf 81' lang='lat' dir='ltr'>persuaderetis,vos</span> 
     </span>
    </p>
   </div>
   <div class='ocr_carea' id='block_1_34' title="bbox 438 1937 2030 2010">
    <p class='ocr_par' dir='ltr' id='par_1_34' title="bbox 438 1937 2030 2010">
     <span class='ocr_line' id='line_1_34' title="bbox 438 1937 2030 2010; baseline 0 -18"><span class='ocrx_word' id='word_1_242' title='bbox 438 1937 719 2004; x_wconf 88' lang='lat' dir='ltr'>bulantes,</span> <span class='ocrx_word' id='word_1_243' title='bbox 771 1939 1055 1994; x_wconf 76' lang='lat' dir='ltr'>ebriorum</span> <span class='ocrx_word' id='word_1_244' title='bbox 1111 1939 1292 1993; x_wconf 88' lang='lat' dir='ltr'>instar</span> <span class='ocrx_word' id='word_1_245' title='bbox 1348 1938 1407 1992; x_wconf 89' lang='lat' dir='ltr'>in</span> <span class='ocrx_word' id='word_1_246' title='bbox 1448 1938 1662 2010; x_wconf 88' lang='lat' dir='ltr'>seipsos</span> <span class='ocrx_word' id='word_1_247' title='bbox 1691 1937 2030 2009; x_wconf 81' lang='lat' dir='ltr'>impingunt.</span> 
     </span>
    </p>
   </div>
   <div class='ocr_carea' id='block_1_35' title="bbox 438 2027 2036 2100">
    <p class='ocr_par' dir='ltr' id='par_1_35' title="bbox 438 2027 2036 2100">
     <span class='ocr_line' id='line_1_35' title="bbox 438 2027 2036 2100; baseline 0 -18"><span class='ocrx_word' id='word_1_248' title='bbox 438 2029 624 2100; x_wconf 83' lang='lat' dir='ltr'>Atque</span> <span class='ocrx_word' id='word_1_249' title='bbox 646 2028 736 2083; x_wconf 89' lang='lat' dir='ltr'>hic</span> <span class='ocrx_word' id='word_1_250' title='bbox 757 2029 848 2095; x_wconf 89' lang='lat' dir='ltr'>sit,</span> <span class='ocrx_word' id='word_1_251' title='bbox 877 2046 910 2082; x_wconf 89' lang='grc' dir='ltr'>ο</span> <span class='ocrx_word' id='word_1_252' title='bbox 933 2045 1054 2094; x_wconf 85' lang='lat' dir='ltr'>rex,</span> <span class='ocrx_word' id='word_1_253' title='bbox 1077 2045 1216 2083; x_wconf 85' lang='lat' dir='ltr'>meae</span> <span class='ocrx_word' id='word_1_254' title='bbox 1229 2029 1299 2082; x_wconf 90' lang='lat' dir='ltr'>ad</span> <span class='ocrx_word' id='word_1_255' title='bbox 1317 2033 1373 2082; x_wconf 91' lang='lat' dir='ltr'>te</span> <span class='ocrx_word' id='word_1_256' title='bbox 1401 2027 1674 2082; x_wconf 79' lang='lat' dir='ltr'>orationis</span> <span class='ocrx_word' id='word_1_257' title='bbox 1693 2029 1841 2093; x_wconf 88' lang='lat' dir='ltr'>ﬁnis,</span> <span class='ocrx_word' id='word_1_258' title='bbox 1866 2045 2036 2098; x_wconf 89' lang='lat' dir='ltr'>quam</span> 
     </span>
    </p>
   </div>
   <div class='ocr_carea' id='block_1_36' title="bbox 437 2117 2036 2188">
    <p class='ocr_par' dir='ltr' id='par_1_36' title="bbox 437 2117 2036 2188">
     <span class='ocr_line' id='line_1_36' title="bbox 437 2117 2036 2188; baseline 0 -16"><span class='ocrx_word' id='word_1_259' title='bbox 437 2118 667 2188; x_wconf 87' lang='lat' dir='ltr'>quidem</span> <span class='ocrx_word' id='word_1_260' title='bbox 732 2118 939 2173; x_wconf 89' lang='lat' dir='ltr'>veritas</span> <span class='ocrx_word' id='word_1_261' title='bbox 995 2119 1054 2173; x_wconf 90' lang='lat' dir='ltr'>in</span> <span class='ocrx_word' id='word_1_262' title='bbox 1111 2125 1300 2173; x_wconf 88' lang='lat' dir='ltr'>mente</span> <span class='ocrx_word' id='word_1_263' title='bbox 1325 2134 1450 2172; x_wconf 89' lang='lat' dir='ltr'>mea</span> <span class='ocrx_word' id='word_1_264' title='bbox 1479 2117 1724 2172; x_wconf 80' lang='lat' dir='ltr'>dictavit.</span> <span class='ocrx_word' id='word_1_265' title='bbox 1763 2118 2036 2174; x_wconf 86' lang='lat' dir='ltr'>Desinant</span> 
     </span>
    </p>
   </div>
   <div class='ocr_carea' id='block_1_37' title="bbox 435 2207 2033 2280">
    <p class='ocr_par' dir='ltr' id='par_1_37' title="bbox 435 2207 2033 2280">
     <span class='ocr_line' id='line_1_37' title="bbox 435 2207 2033 2280; baseline 0.002 -19"><span class='ocrx_word' id='word_1_266' title='bbox 435 2207 629 2280; x_wconf 87' lang='lat' dir='ltr'>itaque</span> <span class='ocrx_word' id='word_1_267' title='bbox 647 2209 926 2264; x_wconf 61' lang='lat' dir='ltr'>vecordes</span> <span class='ocrx_word' id='word_1_268' title='bbox 944 2209 1025 2264; x_wconf 90' lang='lat' dir='ltr'>tui</span> <span class='ocrx_word' id='word_1_269' title='bbox 1043 2209 1327 2280; x_wconf 89' lang='lat' dir='ltr'>sapientes</span> <span class='ocrx_word' id='word_1_270' title='bbox 1341 2209 1607 2263; x_wconf 88' lang='lat' dir='ltr'>adversus</span> <span class='ocrx_word' id='word_1_271' title='bbox 1617 2208 1920 2263; x_wconf 91' lang='lat' dir='ltr'>Dominum</span> <span class='ocrx_word' id='word_1_272' title='bbox 1932 2225 2033 2264; x_wconf 88' lang='lat' dir='ltr'>nu-</span> 
     </span>
    </p>
   </div>
   <div class='ocr_carea' id='block_1_38' title="bbox 431 2297 2032 2370">
    <p class='ocr_par' dir='ltr' id='par_1_38' title="bbox 431 2297 2032 2370">
     <span class='ocr_line' id='line_1_38' title="bbox 431 2297 2032 2370; baseline 0.001 -18"><span class='ocrx_word' id='word_1_273' title='bbox 431 2297 573 2368; x_wconf 82' lang='lat' dir='ltr'>gari.</span> <span class='ocrx_word' id='word_1_274' title='bbox 583 2297 1064 2353; x_wconf 88' lang='lat' dir='ltr'>NamvobisDeum</span> <span class='ocrx_word' id='word_1_275' title='bbox 1075 2298 1838 2370; x_wconf 88' lang='lat' dir='ltr'>creatoremvenerari,atque</span> <span class='ocrx_word' id='word_1_276' title='bbox 1853 2298 2032 2370; x_wconf 91' lang='lat' dir='ltr'>ipsius</span> 
     </span>
    </p>
   </div>
   <div class='ocr_carea' id='block_1_39' title="bbox 401 2386 2032 2443">
    <p class='ocr_par' dir='ltr' id='par_1_39' title="bbox 401 2386 2032 2443">
     <span class='ocr_line' id='line_1_39' title="bbox 401 2386 2032 2443; baseline 0.001 -1"><span class='ocrx_word' id='word_1_277' title='bbox 401 2386 620 2442; x_wconf 64' lang='lat' dir='ltr'>‘verbis</span> <span class='ocrx_word' id='word_1_278' title='bbox 648 2387 719 2442; x_wconf 89' lang='lat' dir='ltr'>ab</span> <span class='ocrx_word' id='word_1_279' title='bbox 771 2387 1007 2443; x_wconf 86' lang='lat' dir='ltr'>interitu</span> <span class='ocrx_word' id='word_1_280' title='bbox 1045 2387 1244 2443; x_wconf 89' lang='lat' dir='ltr'>alienis</span> <span class='ocrx_word' id='word_1_281' title='bbox 1272 2405 1466 2442; x_wconf 87' lang='lat' dir='ltr'>aurem</span> <span class='ocrx_word' id='word_1_282' title='bbox 1493 2389 1916 2443; x_wconf 89' lang='lat' dir='ltr'>accommodare</span> <span class='ocrx_word' id='word_1_283' title='bbox 1942 2406 2032 2443; x_wconf 86' lang='lat' dir='ltr'>ex-</span> 
     </span>
    </p>
   </div>
   <div class='ocr_carea' id='block_1_40' title="bbox 429 2475 2030 2549">
    <p class='ocr_par' dir='ltr' id='par_1_40' title="bbox 429 2475 2030 2549">
     <span class='ocr_line' id='line_1_40' title="bbox 429 2475 2030 2549; baseline 0 -17"><span class='ocrx_word' id='word_1_284' title='bbox 429 2475 604 2547; x_wconf 89' lang='lat' dir='ltr'>pedit,</span> <span class='ocrx_word' id='word_1_285' title='bbox 663 2482 725 2532; x_wconf 91' lang='lat' dir='ltr'>ut</span> <span class='ocrx_word' id='word_1_286' title='bbox 752 2477 1278 2532; x_wconf 80' lang='lat' dir='ltr'>condemnationem</span> <span class='ocrx_word' id='word_1_287' title='bbox 1311 2494 1377 2532; x_wconf 92' lang='lat' dir='ltr'>ac</span> <span class='ocrx_word' id='word_1_288' title='bbox 1397 2478 1732 2549; x_wconf 88' lang='lat' dir='ltr'>supplicium</span> <span class='ocrx_word' id='word_1_289' title='bbox 1764 2477 2030 2548; x_wconf 69' lang='lat' dir='ltr'>effugien-</span> 
     </span>
    </p>
   </div>
   <div class='ocr_carea' id='block_1_41' title="bbox 426 2566 2022 2638">
    <p class='ocr_par' dir='ltr' id='par_1_41' title="bbox 426 2566 2022 2638">
     <span class='ocr_line' id='line_1_41' title="bbox 426 2566 2022 2638; baseline 0.001 -18"><span class='ocrx_word' id='word_1_290' title='bbox 426 2571 529 2630; x_wconf 88' lang='lat' dir='ltr'>tes,</span> <span class='ocrx_word' id='word_1_291' title='bbox 541 2566 706 2621; x_wconf 87' lang='lat' dir='ltr'>vitam</span> <span class='ocrx_word' id='word_1_292' title='bbox 724 2567 989 2621; x_wconf 90' lang='lat' dir='ltr'>interitus</span> <span class='ocrx_word' id='word_1_293' title='bbox 1001 2572 1288 2638; x_wconf 83' lang='lat' dir='ltr'>expertem</span> <span class='ocrx_word' id='word_1_294' title='bbox 1302 2567 1569 2622; x_wconf 68' lang='lat' dir='ltr'>haeredita</span> <span class='ocrx_word' id='word_1_295' title='bbox 1576 2569 1658 2622; x_wconf 87' lang='lat' dir='ltr'>rio</span> <span class='ocrx_word' id='word_1_296' title='bbox 1671 2567 2022 2638; x_wconf 89' lang='lat' dir='ltr'>possideatis.</span> 
     </span>
    </p>
   </div>
   <div class='ocr_carea' id='block_1_42' title="bbox 501 2655 2028 2728">
    <p class='ocr_par' dir='ltr' id='par_1_42' title="bbox 501 2655 2028 2728">
     <span class='ocr_line' id='line_1_42' title="bbox 501 2655 2028 2728; baseline 0.001 -18"><span class='ocrx_word' id='word_1_297' title='bbox 501 2655 632 2710; x_wconf 77' lang='lat' dir='ltr'>CAP.</span> <span class='ocrx_word' id='word_1_298' title='bbox 665 2656 1141 2713; x_wconf 73' lang='lat' dir='ltr'>XXVIII.—Hzec</span> <span class='ocrx_word' id='word_1_299' title='bbox 1169 2662 1538 2728; x_wconf 89' lang='lat' dir='ltr'>posteaquam</span> <span class='ocrx_word' id='word_1_300' title='bbox 1560 2657 1858 2712; x_wconf 86' lang='lat' dir='ltr'>aNachore</span> <span class='ocrx_word' id='word_1_301' title='bbox 1879 2673 2028 2712; x_wconf 92' lang='lat' dir='ltr'>com-</span> 
     </span>
    </p>
   </div>
   <div class='ocr_carea' id='block_1_43' title="bbox 2119 1934 3721 2005">
    <p class='ocr_par' dir='ltr' id='par_1_43' title="bbox 2119 1934 3721 2005">
     <span class='ocr_line' id='line_1_43' title="bbox 2119 1934 3721 2005; baseline -0.004 -16"><span class='ocrx_word' id='word_1_302' title='bbox 2119 1952 2212 1991; x_wconf 92' lang='lat' dir='ltr'>eas</span> <span class='ocrx_word' id='word_1_303' title='bbox 2227 1937 2539 1992; x_wconf 90' lang='lat' dir='ltr'>clarissima</span> <span class='ocrx_word' id='word_1_304' title='bbox 2549 1937 2640 1992; x_wconf 88' lang='lat' dir='ltr'>die</span> <span class='ocrx_word' id='word_1_305' title='bbox 2651 1937 2823 1993; x_wconf 92' lang='lat' dir='ltr'>oculis</span> <span class='ocrx_word' id='word_1_306' title='bbox 2835 1937 2975 1992; x_wconf 90' lang='lat' dir='ltr'>meis</span> <span class='ocrx_word' id='word_1_307' title='bbox 2993 1935 3254 1992; x_wconf 88' lang='lat' dir='ltr'>tenebras</span> <span class='ocrx_word' id='word_1_308' title='bbox 3263 1934 3352 2005; x_wconf 90' lang='lat' dir='ltr'>obj</span> <span class='ocrx_word' id='word_1_309' title='bbox 3359 1938 3589 1988; x_wconf 88' lang='lat' dir='ltr'>ecturos</span> <span class='ocrx_word' id='word_1_310' title='bbox 3600 1945 3721 1984; x_wconf 88' lang='lat' dir='ltr'>esse</span> 
     </span>
    </p>
   </div>
   <div class='ocr_carea' id='block_1_44' title="bbox 2115 2021 3720 2099">
    <p class='ocr_par' dir='ltr' id='par_1_44' title="bbox 2115 2021 3720 2099">
     <span class='ocr_line' id='line_1_44' title="bbox 2115 2021 3720 2099; baseline -0.006 -19"><span class='ocrx_word' id='word_1_311' title='bbox 2115 2032 2182 2080; x_wconf 90' lang='lat' dir='ltr'>ut</span> <span class='ocrx_word' id='word_1_312' title='bbox 2210 2044 2310 2097; x_wconf 92' lang='lat' dir='ltr'>pro</span> <span class='ocrx_word' id='word_1_313' title='bbox 2335 2043 2434 2081; x_wconf 93' lang='lat' dir='ltr'>ove</span> <span class='ocrx_word' id='word_1_314' title='bbox 2463 2028 2660 2099; x_wconf 91' lang='lat' dir='ltr'>lupum</span> <span class='ocrx_word' id='word_1_315' title='bbox 2681 2027 3226 2098; x_wconf 85' lang='lat' dir='ltr'>acciperem.Verum</span> <span class='ocrx_word' id='word_1_316' title='bbox 3252 2041 3364 2078; x_wconf 89' lang='lat' dir='ltr'>non</span> <span class='ocrx_word' id='word_1_317' title='bbox 3387 2021 3488 2078; x_wconf 89' lang='lat' dir='ltr'>abs</span> <span class='ocrx_word' id='word_1_318' title='bbox 3511 2037 3574 2074; x_wconf 89' lang='lat' dir='ltr'>re</span> <span class='ocrx_word' id='word_1_319' title='bbox 3593 2035 3720 2091; x_wconf 88' lang='lat' dir='ltr'>pro-</span> 
     </span>
    </p>
   </div>
   <div class='ocr_carea' id='block_1_45' title="bbox 2115 2109 3718 2187">
    <p class='ocr_par' dir='ltr' id='par_1_45' title="bbox 2115 2109 3718 2187">
     <span class='ocr_line' id='line_1_45' title="bbox 2115 2109 3718 2187; baseline -0.004 -18"><span class='ocrx_word' id='word_1_320' title='bbox 2115 2115 2304 2171; x_wconf 91' lang='lat' dir='ltr'>verbio</span> <span class='ocrx_word' id='word_1_321' title='bbox 2323 2117 2521 2184; x_wconf 88' lang='lat' dir='ltr'>fertur,</span> <span class='ocrx_word' id='word_1_322' title='bbox 2582 2118 2692 2172; x_wconf 90' lang='lat' dir='ltr'>Cor</span> <span class='ocrx_word' id='word_1_323' title='bbox 2717 2117 2874 2171; x_wconf 92' lang='lat' dir='ltr'>stulti</span> <span class='ocrx_word' id='word_1_324' title='bbox 2905 2133 3052 2171; x_wconf 88' lang='lat' dir='ltr'>vana</span> <span class='ocrx_word' id='word_1_325' title='bbox 3078 2115 3345 2187; x_wconf 86' lang='lat' dir='ltr'>cogitare.</span> <span class='ocrx_word' id='word_1_326' title='bbox 3379 2113 3570 2182; x_wconf 87' lang='lat' dir='ltr'>Atque</span> <span class='ocrx_word' id='word_1_327' title='bbox 3601 2109 3718 2163; x_wconf 59' lang='lat' dir='ltr'>haec</span> 
     </span>
    </p>
   </div>
   <div class='ocr_carea' id='block_1_46' title="bbox 2114 2201 3715 2279">
    <p class='ocr_par' dir='ltr' id='par_1_46' title="bbox 2114 2201 3715 2279">
     <span class='ocr_line' id='line_1_46' title="bbox 2114 2201 3715 2279; baseline -0.006 -18"><span class='ocrx_word' id='word_1_328' title='bbox 2114 2207 2340 2278; x_wconf 88' lang='lat' dir='ltr'>quidem</span> <span class='ocrx_word' id='word_1_329' title='bbox 2372 2207 2638 2279; x_wconf 83' lang='lat' dir='ltr'>cogitatio</span> <span class='ocrx_word' id='word_1_330' title='bbox 2666 2213 2723 2262; x_wconf 90' lang='lat' dir='ltr'>et</span> <span class='ocrx_word' id='word_1_331' title='bbox 2778 2207 3073 2262; x_wconf 89' lang='lat' dir='ltr'>consilium</span> <span class='ocrx_word' id='word_1_332' title='bbox 3117 2211 3365 2260; x_wconf 90' lang='lat' dir='ltr'>vestrum</span> <span class='ocrx_word' id='word_1_333' title='bbox 3415 2201 3715 2256; x_wconf 81' lang='lat' dir='ltr'>mucidum</span> 
     </span>
    </p>
   </div>
   <div class='ocr_carea' id='block_1_47' title="bbox 2113 2289 3714 2369">
    <p class='ocr_par' dir='ltr' id='par_1_47' title="bbox 2113 2289 3714 2369">
     <span class='ocr_line' id='line_1_47' title="bbox 2113 2289 3714 2369; baseline -0.006 -17"><span class='ocrx_word' id='word_1_334' title='bbox 2113 2314 2249 2352; x_wconf 89' lang='lat' dir='ltr'>sane</span> <span class='ocrx_word' id='word_1_335' title='bbox 2277 2314 2342 2352; x_wconf 88' lang='lat' dir='ltr'>ac</span> <span class='ocrx_word' id='word_1_336' title='bbox 2367 2314 2597 2369; x_wconf 88' lang='lat' dir='ltr'>prorsus</span> <span class='ocrx_word' id='word_1_337' title='bbox 2613 2297 2880 2352; x_wconf 88' lang='lat' dir='ltr'>stolidum</span> <span class='ocrx_word' id='word_1_338' title='bbox 2901 2301 3188 2368; x_wconf 89' lang='lat' dir='ltr'>erat,opus</span> <span class='ocrx_word' id='word_1_339' title='bbox 3207 2299 3398 2349; x_wconf 88' lang='lat' dir='ltr'>autem</span> <span class='ocrx_word' id='word_1_340' title='bbox 3425 2289 3579 2364; x_wconf 90' lang='lat' dir='ltr'>quod</span> <span class='ocrx_word' id='word_1_341' title='bbox 3595 2289 3714 2361; x_wconf 89' lang='lat' dir='ltr'>ipse</span> 
     </span>
    </p>
   </div>
   <div class='ocr_carea' id='block_1_48' title="bbox 2112 2384 3706 2460">
    <p class='ocr_par' dir='ltr' id='par_1_48' title="bbox 2112 2384 3706 2460">
     <span class='ocr_line' id='line_1_48' title="bbox 2112 2384 3706 2460; baseline -0.006 -18"><span class='ocrx_word' id='word_1_342' title='bbox 2112 2387 2296 2459; x_wconf 87' lang='lat' dir='ltr'>egisti,</span> <span class='ocrx_word' id='word_1_343' title='bbox 2339 2389 2492 2443; x_wconf 91' lang='lat' dir='ltr'>omni</span> <span class='ocrx_word' id='word_1_344' title='bbox 2541 2387 2840 2460; x_wconf 87' lang='lat' dir='ltr'>prudentia</span> <span class='ocrx_word' id='word_1_345' title='bbox 2879 2393 2935 2442; x_wconf 91' lang='lat' dir='ltr'>et</span> <span class='ocrx_word' id='word_1_346' title='bbox 2989 2385 3293 2458; x_wconf 75' lang='lat' dir='ltr'>sagacitate</span> <span class='ocrx_word' id='word_1_347' title='bbox 3335 2384 3570 2456; x_wconf 86' lang='lat' dir='ltr'>plenum</span> <span class='ocrx_word' id='word_1_348' title='bbox 3602 2384 3706 2446; x_wconf 89' lang='lat' dir='ltr'>est,</span> 
     </span>
    </p>
   </div>
   <div class='ocr_carea' id='block_1_49' title="bbox 2112 2473 3568 2550">
    <p class='ocr_par' dir='ltr' id='par_1_49' title="bbox 2112 2473 3568 2550">
     <span class='ocr_line' id='line_1_49' title="bbox 2112 2473 3568 2550; baseline -0.007 -14"><span class='ocrx_word' id='word_1_349' title='bbox 2112 2482 2171 2544; x_wconf 72' lang='lat'><strong>3</strong></span> <span class='ocrx_word' id='word_1_350' title='bbox 2188 2485 2221 2542; x_wconf 93' lang='grc' dir='ltr'><strong>Ι</strong></span> <span class='ocrx_word' id='word_1_351' title='bbox 2237 2483 2304 2542; x_wconf 77' lang='lat'><strong>0</strong></span> <span class='ocrx_word' id='word_1_352' title='bbox 2328 2495 2394 2534; x_wconf 89' lang='lat' dir='ltr'>ac</span> <span class='ocrx_word' id='word_1_353' title='bbox 2421 2485 2718 2550; x_wconf 81' lang='lat' dir='ltr'>prapterea</span> <span class='ocrx_word' id='word_1_354' title='bbox 2734 2477 2938 2549; x_wconf 83' lang='lat' dir='ltr'>gaude,</span> <span class='ocrx_word' id='word_1_355' title='bbox 2963 2477 3205 2540; x_wconf 77' lang='lat' dir='ltr'>Nachor,</span> <span class='ocrx_word' id='word_1_356' title='bbox 3238 2481 3296 2530; x_wconf 92' lang='lat' dir='ltr'>et</span> <span class='ocrx_word' id='word_1_357' title='bbox 3323 2473 3568 2530; x_wconf 84' lang='lat' dir='ltr'>exsulta.</span> 
     </span>
    </p>
   </div>
   <div class='ocr_carea' id='block_1_50' title="bbox 2179 2563 3710 2638">
    <p class='ocr_par' dir='ltr' id='par_1_50' title="bbox 2179 2563 3710 2638">
     <span class='ocr_line' id='line_1_50' title="bbox 2179 2563 3710 2638; baseline -0.003 -16"><span class='ocrx_word' id='word_1_358' title='bbox 2179 2569 2385 2623; x_wconf 90' lang='lat' dir='ltr'>Multas</span> <span class='ocrx_word' id='word_1_359' title='bbox 2414 2569 2564 2622; x_wconf 92' lang='lat' dir='ltr'>enim</span> <span class='ocrx_word' id='word_1_360' title='bbox 2593 2569 2695 2623; x_wconf 92' lang='lat' dir='ltr'>tibi</span> <span class='ocrx_word' id='word_1_361' title='bbox 2718 2569 2823 2623; x_wconf 91' lang='lat' dir='ltr'>hoc</span> <span class='ocrx_word' id='word_1_362' title='bbox 2850 2567 3078 2623; x_wconf 90' lang='lat' dir='ltr'>nomine</span> <span class='ocrx_word' id='word_1_363' title='bbox 3091 2565 3306 2638; x_wconf 82' lang='lat' dir='ltr'>gratias</span> <span class='ocrx_word' id='word_1_364' title='bbox 3327 2564 3529 2626; x_wconf 83' lang='lat' dir='ltr'>habeo,</span> <span class='ocrx_word' id='word_1_365' title='bbox 3559 2563 3710 2635; x_wconf 88' lang='lat' dir='ltr'>quod</span> 
     </span>
    </p>
   </div>
   <div class='ocr_carea' id='block_1_51' title="bbox 2107 2654 3709 2731">
    <p class='ocr_par' dir='ltr' id='par_1_51' title="bbox 2107 2654 3709 2731">
     <span class='ocr_line' id='line_1_51' title="bbox 2107 2654 3709 2731; baseline -0.004 -19"><span class='ocrx_word' id='word_1_366' title='bbox 2107 2658 2360 2714; x_wconf 76' lang='lat' dir='ltr'>veritatis</span> <span class='ocrx_word' id='word_1_367' title='bbox 2390 2660 2763 2731; x_wconf 88' lang='lat' dir='ltr'>patrocinium</span> <span class='ocrx_word' id='word_1_368' title='bbox 2783 2659 3054 2714; x_wconf 90' lang='lat' dir='ltr'>hodierno</span> <span class='ocrx_word' id='word_1_369' title='bbox 3099 2657 3190 2712; x_wconf 90' lang='lat' dir='ltr'>die</span> <span class='ocrx_word' id='word_1_370' title='bbox 3245 2654 3563 2727; x_wconf 88' lang='lat' dir='ltr'>suscepisti,</span> <span class='ocrx_word' id='word_1_371' title='bbox 3609 2669 3709 2706; x_wconf 89' lang='lat' dir='ltr'>nec</span> 
     </span>
    </p>
   </div>
   <div class='ocr_carea' id='block_1_52' title="bbox 424 2743 3713 2814">
    <p class='ocr_par' dir='ltr' id='par_1_52' title="bbox 424 2743 3713 2814">
     <span class='ocr_line' id='line_1_52' title="bbox 424 2743 3713 2814; baseline -0.002 -14"><span class='ocrx_word' id='word_1_372' title='bbox 424 2751 742 2802; x_wconf 84' lang='lat' dir='ltr'>memorata</span> <span class='ocrx_word' id='word_1_373' title='bbox 762 2752 912 2811; x_wconf 88' lang='lat' dir='ltr'>sunt,</span> <span class='ocrx_word' id='word_1_374' title='bbox 945 2763 1042 2802; x_wconf 86' lang='lat' dir='ltr'>rex</span> <span class='ocrx_word' id='word_1_375' title='bbox 1089 2747 1380 2802; x_wconf 90' lang='lat' dir='ltr'>iracundia</span> <span class='ocrx_word' id='word_1_376' title='bbox 1433 2746 1706 2802; x_wconf 84' lang='lat' dir='ltr'>aestuabat</span> <span class='ocrx_word' id='word_1_377' title='bbox 1733 2766 1746 2814; x_wconf 89' lang='lat'><strong>;</strong></span> <span class='ocrx_word' id='word_1_378' title='bbox 1773 2747 2026 2802; x_wconf 89' lang='lat' dir='ltr'>rhetores</span> <span class='ocrx_word' id='word_1_379' title='bbox 2097 2749 2393 2804; x_wconf 82' lang='lat' dir='ltr'>sceleratis</span> <span class='ocrx_word' id='word_1_380' title='bbox 2422 2748 2605 2804; x_wconf 86' lang='lat' dir='ltr'>verbis</span> <span class='ocrx_word' id='word_1_381' title='bbox 2657 2766 2722 2804; x_wconf 91' lang='lat' dir='ltr'>ac</span> <span class='ocrx_word' id='word_1_382' title='bbox 2767 2753 2992 2804; x_wconf 86' lang='lat' dir='ltr'>versuta</span> <span class='ocrx_word' id='word_1_383' title='bbox 3039 2746 3400 2802; x_wconf 89' lang='lat' dir='ltr'>simulatione</span> <span class='ocrx_word' id='word_1_384' title='bbox 3429 2743 3582 2798; x_wconf 86' lang='lat' dir='ltr'>labia</span> <span class='ocrx_word' id='word_1_385' title='bbox 3611 2747 3713 2796; x_wconf 86' lang='lat' dir='ltr'>tua</span> 
     </span>
    </p>
   </div>
   <div class='ocr_carea' id='block_1_53' title="bbox 425 2833 3714 2910">
    <p class='ocr_par' dir='ltr' id='par_1_53' title="bbox 425 2833 3714 2910">
     <span class='ocr_line' id='line_1_53' title="bbox 425 2833 3714 2910; baseline -0.001 -21"><span class='ocrx_word' id='word_1_386' title='bbox 425 2841 617 2890; x_wconf 82' lang='lat' dir='ltr'>autem</span> <span class='ocrx_word' id='word_1_387' title='bbox 646 2836 824 2908; x_wconf 88' lang='lat' dir='ltr'>ipsius</span> <span class='ocrx_word' id='word_1_388' title='bbox 873 2841 932 2891; x_wconf 92' lang='lat' dir='ltr'>et</span> <span class='ocrx_word' id='word_1_389' title='bbox 958 2836 1275 2891; x_wconf 88' lang='lat' dir='ltr'>sacerdotes</span> <span class='ocrx_word' id='word_1_390' title='bbox 1325 2837 1467 2890; x_wconf 91' lang='lat' dir='ltr'>muti</span> <span class='ocrx_word' id='word_1_391' title='bbox 1513 2835 1756 2902; x_wconf 76' lang='lat' dir='ltr'>stabant,</span> <span class='ocrx_word' id='word_1_392' title='bbox 1807 2843 1872 2890; x_wconf 92' lang='lat' dir='ltr'>ut</span> <span class='ocrx_word' id='word_1_393' title='bbox 1927 2837 2023 2907; x_wconf 91' lang='lat' dir='ltr'>qui</span> <span class='ocrx_word' id='word_1_394' title='bbox 2105 2839 2499 2893; x_wconf 87' lang='lat' dir='ltr'>contaminasti</span> <span class='ocrx_word' id='word_1_395' title='bbox 2522 2857 2534 2906; x_wconf 89' lang='lat'><strong>;</strong></span> <span class='ocrx_word' id='word_1_396' title='bbox 2563 2839 2701 2910; x_wconf 92' lang='lat' dir='ltr'>quin</span> <span class='ocrx_word' id='word_1_397' title='bbox 2718 2839 2905 2910; x_wconf 91' lang='lat' dir='ltr'>potius</span> <span class='ocrx_word' id='word_1_398' title='bbox 2923 2854 2990 2892; x_wconf 91' lang='lat' dir='ltr'>ea</span> <span class='ocrx_word' id='word_1_399' title='bbox 3009 2836 3202 2892; x_wconf 91' lang='lat' dir='ltr'>multis</span> <span class='ocrx_word' id='word_1_400' title='bbox 3227 2833 3488 2890; x_wconf 87' lang='lat' dir='ltr'>sordibus</span> <span class='ocrx_word' id='word_1_401' title='bbox 3509 2847 3714 2904; x_wconf 84' lang='lat' dir='ltr'>expur-</span> 
     </span>
    </p>
   </div>
   <div class='ocr_carea' id='block_1_54' title="bbox 423 2922 3708 2998">
    <p class='ocr_par' dir='ltr' id='par_1_54' title="bbox 423 2922 3708 2998">
     <span class='ocr_line' id='line_1_54' title="bbox 423 2922 3708 2998; baseline -0.001 -20"><span class='ocrx_word' id='word_1_402' title='bbox 423 2924 565 2979; x_wconf 88' lang='lat' dir='ltr'>nihil</span> <span class='ocrx_word' id='word_1_403' title='bbox 591 2932 804 2992; x_wconf 88' lang='lat' dir='ltr'>contra,</span> <span class='ocrx_word' id='word_1_404' title='bbox 859 2932 1069 2998; x_wconf 68' lang='lat' dir='ltr'>praeter</span> <span class='ocrx_word' id='word_1_405' title='bbox 1097 2927 1351 2981; x_wconf 87' lang='lat' dir='ltr'>infirmos</span> <span class='ocrx_word' id='word_1_406' title='bbox 1386 2926 1657 2996; x_wconf 90' lang='lat' dir='ltr'>quosdam</span> <span class='ocrx_word' id='word_1_407' title='bbox 1702 2943 1768 2980; x_wconf 89' lang='lat' dir='ltr'>ac</span> <span class='ocrx_word' id='word_1_408' title='bbox 1813 2925 2021 2980; x_wconf 89' lang='lat' dir='ltr'>nullius</span> <span class='ocrx_word' id='word_1_409' title='bbox 2103 2927 2270 2998; x_wconf 87' lang='lat' dir='ltr'>gasti,</span> <span class='ocrx_word' id='word_1_410' title='bbox 2302 2928 2572 2982; x_wconf 85' lang='lat' dir='ltr'>falsorum</span> <span class='ocrx_word' id='word_1_411' title='bbox 2613 2928 2881 2983; x_wconf 88' lang='lat' dir='ltr'>nimirum</span> <span class='ocrx_word' id='word_1_412' title='bbox 2911 2928 3143 2982; x_wconf 87' lang='lat' dir='ltr'>deorum</span> <span class='ocrx_word' id='word_1_413' title='bbox 3173 2941 3364 2980; x_wconf 89' lang='lat' dir='ltr'>errore</span> <span class='ocrx_word' id='word_1_414' title='bbox 3390 2922 3708 2988; x_wconf 83' lang='lat' dir='ltr'>confutato,</span> 
     </span>
    </p>
   </div>
   <div class='ocr_carea' id='block_1_55' title="bbox 421 3013 3708 3089">
    <p class='ocr_par' dir='ltr' id='par_1_55' title="bbox 421 3013 3708 3089">
     <span class='ocr_line' id='line_1_55' title="bbox 421 3013 3708 3089; baseline -0.002 -19"><span class='ocrx_word' id='word_1_415' title='bbox 421 3015 694 3070; x_wconf 89' lang='lat' dir='ltr'>momenti</span> <span class='ocrx_word' id='word_1_416' title='bbox 717 3017 1122 3082; x_wconf 82' lang='lat' dir='ltr'>sermunculos,</span> <span class='ocrx_word' id='word_1_417' title='bbox 1151 3016 1350 3070; x_wconf 79' lang='lat' dir='ltr'>afferre</span> <span class='ocrx_word' id='word_1_418' title='bbox 1368 3020 1614 3087; x_wconf 88' lang='lat' dir='ltr'>possent.</span> <span class='ocrx_word' id='word_1_419' title='bbox 1635 3017 1710 3068; x_wconf 86' lang='lat' dir='ltr'>At</span> <span class='ocrx_word' id='word_1_420' title='bbox 1729 3031 1856 3069; x_wconf 89' lang='lat' dir='ltr'>vero</span> <span class='ocrx_word' id='word_1_421' title='bbox 1872 3013 2019 3085; x_wconf 90' lang='lat' dir='ltr'>regis</span> <span class='ocrx_word' id='word_1_422' title='bbox 2101 3022 2270 3088; x_wconf 91' lang='lat' dir='ltr'>atque</span> <span class='ocrx_word' id='word_1_423' title='bbox 2287 3018 2738 3072; x_wconf 89' lang='lat' dir='ltr'>Christianorum</span> <span class='ocrx_word' id='word_1_424' title='bbox 2751 3018 3082 3089; x_wconf 88' lang='lat' dir='ltr'>dogmatum</span> <span class='ocrx_word' id='word_1_425' title='bbox 3098 3015 3332 3070; x_wconf 83' lang='lat' dir='ltr'>veritate</span> <span class='ocrx_word' id='word_1_426' title='bbox 3347 3013 3708 3068; x_wconf 88' lang='lat' dir='ltr'>conﬁrmata.</span> 
     </span>
    </p>
   </div>
   <div class='ocr_carea' id='block_1_56' title="bbox 421 3104 2017 3177">
    <p class='ocr_par' dir='ltr' id='par_1_56' title="bbox 421 3104 2017 3177">
     <span class='ocr_line' id='line_1_56' title="bbox 421 3104 2017 3177; baseline 0.001 -19"><span class='ocrx_word' id='word_1_427' title='bbox 421 3104 570 3160; x_wconf 87' lang='lat' dir='ltr'>ﬁlius</span> <span class='ocrx_word' id='word_1_428' title='bbox 597 3105 800 3177; x_wconf 78' lang='lat' dir='ltr'>spiritu</span> <span class='ocrx_word' id='word_1_429' title='bbox 828 3105 1336 3177; x_wconf 86' lang='lat' dir='ltr'>exsultabat,atque</span> <span class='ocrx_word' id='word_1_430' title='bbox 1357 3105 1520 3160; x_wconf 88' lang='lat' dir='ltr'>hilari</span> <span class='ocrx_word' id='word_1_431' title='bbox 1535 3106 1692 3160; x_wconf 90' lang='lat' dir='ltr'>vultu</span> <span class='ocrx_word' id='word_1_432' title='bbox 1718 3104 2017 3160; x_wconf 90' lang='lat' dir='ltr'>Dominum</span> 
     </span>
    </p>
   </div>
   <div class='ocr_carea' id='block_1_57' title="bbox 2101 3105 3707 3178">
    <p class='ocr_par' dir='ltr' id='par_1_57' title="bbox 2101 3105 3707 3178">
     <span class='ocr_line' id='line_1_57' title="bbox 2101 3105 3707 3178; baseline -0.001 -16"><span class='ocrx_word' id='word_1_433' title='bbox 2101 3107 2215 3178; x_wconf 86' lang='lat' dir='ltr'>Ego</span> <span class='ocrx_word' id='word_1_434' title='bbox 2245 3125 2374 3162; x_wconf 90' lang='lat' dir='ltr'>vero</span> <span class='ocrx_word' id='word_1_435' title='bbox 2401 3107 2610 3178; x_wconf 89' lang='lat' dir='ltr'>duplici</span> <span class='ocrx_word' id='word_1_436' title='bbox 2639 3107 2709 3162; x_wconf 93' lang='lat' dir='ltr'>de</span> <span class='ocrx_word' id='word_1_437' title='bbox 2727 3123 2915 3172; x_wconf 86' lang='lat' dir='ltr'>causa,</span> <span class='ocrx_word' id='word_1_438' title='bbox 2933 3111 2998 3161; x_wconf 88' lang='lat' dir='ltr'>ut</span> <span class='ocrx_word' id='word_1_439' title='bbox 3023 3112 3081 3161; x_wconf 92' lang='lat' dir='ltr'>te</span> <span class='ocrx_word' id='word_1_440' title='bbox 3105 3121 3324 3160; x_wconf 85' lang='lat' dir='ltr'>mecum</span> <span class='ocrx_word' id='word_1_441' title='bbox 3337 3105 3707 3172; x_wconf 87' lang='lat' dir='ltr'>adducerem,</span> 
     </span>
    </p>
   </div>
   <div class='ocr_carea' id='block_1_58' title="bbox 420 3193 3706 3268">
    <p class='ocr_par' dir='ltr' id='par_1_58' title="bbox 420 3193 3706 3268">
     <span class='ocr_line' id='line_1_58' title="bbox 420 3193 3706 3268; baseline 0.001 -20"><span class='ocrx_word' id='word_1_442' title='bbox 420 3193 858 3268; x_wconf 81' lang='lat' dir='ltr'>celebrabat,qui</span> <span class='ocrx_word' id='word_1_443' title='bbox 878 3196 1208 3268; x_wconf 75' lang='lat' dir='ltr'>iisquorum</span> <span class='ocrx_word' id='word_1_444' title='bbox 1229 3195 1434 3250; x_wconf 88' lang='lat' dir='ltr'>ﬁducia</span> <span class='ocrx_word' id='word_1_445' title='bbox 1453 3195 1512 3249; x_wconf 91' lang='lat' dir='ltr'>in</span> <span class='ocrx_word' id='word_1_446' title='bbox 1547 3195 1668 3266; x_wconf 89' lang='lat' dir='ltr'>ipso</span> <span class='ocrx_word' id='word_1_447' title='bbox 1697 3195 1881 3266; x_wconf 83' lang='lat' dir='ltr'>posita</span> <span class='ocrx_word' id='word_1_448' title='bbox 1908 3200 2012 3259; x_wconf 90' lang='lat' dir='ltr'>est,</span> <span class='ocrx_word' id='word_1_449' title='bbox 2037 3199 2077 3261; x_wconf 88' lang='lat' dir='ltr'>C</span> <span class='ocrx_word' id='word_1_450' title='bbox 2099 3213 2326 3268; x_wconf 83' lang='lat' dir='ltr'>operam</span> <span class='ocrx_word' id='word_1_451' title='bbox 2355 3197 2796 3263; x_wconf 83' lang='lat' dir='ltr'>dedi;altera,ne</span> <span class='ocrx_word' id='word_1_452' title='bbox 2823 3202 2880 3250; x_wconf 91' lang='lat' dir='ltr'>te</span> <span class='ocrx_word' id='word_1_453' title='bbox 2905 3214 3000 3252; x_wconf 89' lang='lat' dir='ltr'>rex</span> <span class='ocrx_word' id='word_1_454' title='bbox 3030 3195 3291 3268; x_wconf 84' lang='lat' dir='ltr'>privatim</span> <span class='ocrx_word' id='word_1_455' title='bbox 3309 3200 3532 3260; x_wconf 88' lang='lat' dir='ltr'>tenens,</span> <span class='ocrx_word' id='word_1_456' title='bbox 3567 3213 3706 3267; x_wconf 90' lang='lat' dir='ltr'>sup-</span> 
     </span>
    </p>
   </div>
   <div class='ocr_carea' id='block_1_59' title="bbox 417 3275 2016 3358">
    <p class='ocr_par' dir='ltr' id='par_1_59' title="bbox 417 3275 2016 3358">
     <span class='ocr_line' id='line_1_59' title="bbox 417 3275 2016 3358; baseline 0 -20"><span class='ocrx_word' id='word_1_457' title='bbox 417 3284 476 3338; x_wconf 91' lang='lat' dir='ltr'>in</span> <span class='ocrx_word' id='word_1_458' title='bbox 497 3284 664 3339; x_wconf 88' lang='lat' dir='ltr'>rebus</span> <span class='ocrx_word' id='word_1_459' title='bbox 693 3286 970 3358; x_wconf 83' lang='lat' dir='ltr'>perplexis</span> <span class='ocrx_word' id='word_1_460' title='bbox 991 3291 1049 3340; x_wconf 91' lang='lat' dir='ltr'>et</span> <span class='ocrx_word' id='word_1_461' title='bbox 1066 3285 1352 3358; x_wconf 89' lang='lat' dir='ltr'>impeditis</span> <span class='ocrx_word' id='word_1_462' title='bbox 1405 3285 1614 3339; x_wconf 86' lang='lat' dir='ltr'>exitum</span> <span class='ocrx_word' id='word_1_463' title='bbox 1659 3285 1774 3350; x_wconf 88' lang='lat' dir='ltr'>dat,</span> <span class='ocrx_word' id='word_1_464' title='bbox 1809 3275 2016 3356; x_wconf 79' lang='lat' dir='ltr'>quique</span> 
     </span>
    </p>
   </div>
   <div class='ocr_carea' id='block_1_60' title="bbox 416 3374 2015 3447">
    <p class='ocr_par' dir='ltr' id='par_1_60' title="bbox 416 3374 2015 3447">
     <span class='ocr_line' id='line_1_60' title="bbox 416 3374 2015 3447; baseline -0.001 -20"><span class='ocrx_word' id='word_1_465' title='bbox 416 3375 588 3428; x_wconf 89' lang='lat' dir='ltr'>etiam</span> <span class='ocrx_word' id='word_1_466' title='bbox 607 3391 709 3447; x_wconf 90' lang='lat' dir='ltr'>per</span> <span class='ocrx_word' id='word_1_467' title='bbox 737 3375 1030 3430; x_wconf 90' lang='lat' dir='ltr'>inimicum</span> <span class='ocrx_word' id='word_1_468' title='bbox 1059 3381 1117 3430; x_wconf 90' lang='lat' dir='ltr'>et</span> <span class='ocrx_word' id='word_1_469' title='bbox 1141 3375 1357 3430; x_wconf 81' lang='lat' dir='ltr'>hostem</span> <span class='ocrx_word' id='word_1_470' title='bbox 1386 3375 1680 3429; x_wconf 88' lang='lat' dir='ltr'>veritatem</span> <span class='ocrx_word' id='word_1_471' title='bbox 1718 3374 2015 3427; x_wconf 85' lang='lat' dir='ltr'>conﬁrma-</span> 
     </span>
    </p>
   </div>
   <div class='ocr_carea' id='block_1_61' title="bbox 417 3462 2018 3537">
    <p class='ocr_par' dir='ltr' id='par_1_61' title="bbox 417 3462 2018 3537">
     <span class='ocr_line' id='line_1_61' title="bbox 417 3462 2018 3537; baseline -0.001 -20"><span class='ocrx_word' id='word_1_472' title='bbox 417 3462 530 3527; x_wconf 87' lang='lat' dir='ltr'>bat,</span> <span class='ocrx_word' id='word_1_473' title='bbox 562 3463 950 3537; x_wconf 85' lang='lat' dir='ltr'>efﬁciebatque</span> <span class='ocrx_word' id='word_1_474' title='bbox 973 3471 1038 3519; x_wconf 90' lang='lat' dir='ltr'>ut</span> <span class='ocrx_word' id='word_1_475' title='bbox 1059 3469 1115 3518; x_wconf 90' lang='lat' dir='ltr'>et</span> <span class='ocrx_word' id='word_1_476' title='bbox 1134 3464 1229 3536; x_wconf 92' lang='lat' dir='ltr'>qui</span> <span class='ocrx_word' id='word_1_477' title='bbox 1254 3463 1461 3519; x_wconf 87' lang='lat' dir='ltr'>erroris</span> <span class='ocrx_word' id='word_1_478' title='bbox 1480 3464 1866 3534; x_wconf 86' lang='lat' dir='ltr'>antesignatus</span> <span class='ocrx_word' id='word_1_479' title='bbox 1896 3467 2018 3517; x_wconf 86' lang='lat' dir='ltr'>erat</span> 
     </span>
    </p>
   </div>
   <div class='ocr_carea' id='block_1_62' title="bbox 415 3551 1615 3626">
    <p class='ocr_par' dir='ltr' id='par_1_62' title="bbox 415 3551 1615 3626">
     <span class='ocr_line' id='line_1_62' title="bbox 415 3551 1615 3626; baseline 0 -20"><span class='ocrx_word' id='word_1_480' title='bbox 415 3559 584 3608; x_wconf 70' lang='lat' dir='ltr'>recte:</span> <span class='ocrx_word' id='word_1_481' title='bbox 612 3553 878 3609; x_wconf 67' lang='lat' dir='ltr'>doctrinae</span> <span class='ocrx_word' id='word_1_482' title='bbox 911 3559 1210 3626; x_wconf 87' lang='lat' dir='ltr'>patronum</span> <span class='ocrx_word' id='word_1_483' title='bbox 1234 3571 1293 3608; x_wconf 91' lang='lat' dir='ltr'>se</span> <span class='ocrx_word' id='word_1_484' title='bbox 1323 3551 1615 3626; x_wconf 79' lang='lat' dir='ltr'>praeberet.</span> 
     </span>
    </p>
   </div>
   <div class='ocr_carea' id='block_1_63' title="bbox 485 3641 2016 3714">
    <p class='ocr_par' dir='ltr' id='par_1_63' title="bbox 485 3641 2016 3714">
     <span class='ocr_line' id='line_1_63' title="bbox 485 3641 2016 3714; baseline -0.001 -17"><span class='ocrx_word' id='word_1_485' title='bbox 485 3642 603 3697; x_wconf 85' lang='lat' dir='ltr'>Rex</span> <span class='ocrx_word' id='word_1_486' title='bbox 624 3660 811 3714; x_wconf 88' lang='lat' dir='ltr'>porro,</span> <span class='ocrx_word' id='word_1_487' title='bbox 840 3643 1094 3714; x_wconf 89' lang='lat' dir='ltr'>quamvis</span> <span class='ocrx_word' id='word_1_488' title='bbox 1133 3643 1342 3714; x_wconf 91' lang='lat' dir='ltr'>alioqui</span> <span class='ocrx_word' id='word_1_489' title='bbox 1382 3641 1624 3697; x_wconf 89' lang='lat' dir='ltr'>Nachori</span> <span class='ocrx_word' id='word_1_490' title='bbox 1653 3641 2016 3697; x_wconf 87' lang='lat' dir='ltr'>vehementer</span> 
     </span>
    </p>
   </div>
   <div class='ocr_carea' id='block_1_64' title="bbox 415 3730 2008 3803">
    <p class='ocr_par' dir='ltr' id='par_1_64' title="bbox 415 3730 2008 3803">
     <span class='ocr_line' id='line_1_64' title="bbox 415 3730 2008 3803; baseline 0.001 -17"><span class='ocrx_word' id='word_1_491' title='bbox 415 3732 772 3798; x_wconf 87' lang='lat' dir='ltr'>irasceretur,</span> <span class='ocrx_word' id='word_1_492' title='bbox 795 3733 950 3787; x_wconf 88' lang='lat' dir='ltr'>nullo</span> <span class='ocrx_word' id='word_1_493' title='bbox 978 3737 1173 3787; x_wconf 88' lang='lat' dir='ltr'>tamen</span> <span class='ocrx_word' id='word_1_494' title='bbox 1199 3748 1330 3786; x_wconf 91' lang='lat' dir='ltr'>eum</span> <span class='ocrx_word' id='word_1_495' title='bbox 1361 3733 1512 3786; x_wconf 82' lang='lat' dir='ltr'>malo</span> <span class='ocrx_word' id='word_1_496' title='bbox 1531 3730 1753 3785; x_wconf 80' lang='lat' dir='ltr'>afficere</span> <span class='ocrx_word' id='word_1_497' title='bbox 1807 3733 2008 3803; x_wconf 90' lang='lat' dir='ltr'>potuit,</span> 
     </span>
    </p>
   </div>
   <div class='ocr_carea' id='block_1_65' title="bbox 415 3821 2014 3894">
    <p class='ocr_par' dir='ltr' id='par_1_65' title="bbox 415 3821 2014 3894">
     <span class='ocr_line' id='line_1_65' title="bbox 415 3821 2014 3894; baseline 0.002 -20"><span class='ocrx_word' id='word_1_498' title='bbox 415 3826 715 3892; x_wconf 88' lang='lat' dir='ltr'>propterea</span> <span class='ocrx_word' id='word_1_499' title='bbox 758 3822 905 3892; x_wconf 87' lang='lat' dir='ltr'>quod</span> <span class='ocrx_word' id='word_1_500' title='bbox 948 3823 1069 3892; x_wconf 87' lang='lat' dir='ltr'>lege</span> <span class='ocrx_word' id='word_1_501' title='bbox 1112 3838 1302 3875; x_wconf 89' lang='lat' dir='ltr'>coram</span> <span class='ocrx_word' id='word_1_502' title='bbox 1333 3821 1593 3876; x_wconf 88' lang='lat' dir='ltr'>omnibus</span> <span class='ocrx_word' id='word_1_503' title='bbox 1621 3827 1752 3876; x_wconf 89' lang='lat' dir='ltr'>ante</span> <span class='ocrx_word' id='word_1_504' title='bbox 1772 3824 2014 3894; x_wconf 88' lang='lat' dir='ltr'>promul-</span> 
     </span>
    </p>
   </div>
   <div class='ocr_carea' id='block_1_66' title="bbox 415 3910 2014 3983">
    <p class='ocr_par' dir='ltr' id='par_1_66' title="bbox 415 3910 2014 3983">
     <span class='ocr_line' id='line_1_66' title="bbox 415 3910 2014 3983; baseline 0.003 -20"><span class='ocrx_word' id='word_1_505' title='bbox 415 3915 566 3980; x_wconf 87' lang='lat' dir='ltr'>gata,</span> <span class='ocrx_word' id='word_1_506' title='bbox 602 3910 653 3964; x_wconf 92' lang='lat' dir='ltr'>ei</span> <span class='ocrx_word' id='word_1_507' title='bbox 691 3927 791 3981; x_wconf 90' lang='lat' dir='ltr'>pro</span> <span class='ocrx_word' id='word_1_508' title='bbox 822 3910 1156 3965; x_wconf 86' lang='lat' dir='ltr'>Christianis</span> <span class='ocrx_word' id='word_1_509' title='bbox 1183 3911 1359 3965; x_wconf 91' lang='lat' dir='ltr'>libere</span> <span class='ocrx_word' id='word_1_510' title='bbox 1393 3910 1562 3966; x_wconf 89' lang='lat' dir='ltr'>verba</span> <span class='ocrx_word' id='word_1_511' title='bbox 1599 3911 1781 3967; x_wconf 87' lang='lat' dir='ltr'>facere</span> <span class='ocrx_word' id='word_1_512' title='bbox 1809 3913 2014 3983; x_wconf 87' lang='lat' dir='ltr'>permi-</span> 
     </span>
    </p>
   </div>
   <div class='ocr_carea' id='block_1_67' title="bbox 385 3998 2012 4074">
    <p class='ocr_par' dir='ltr' id='par_1_67' title="bbox 385 3998 2012 4074">
     <span class='ocr_line' id='line_1_67' title="bbox 385 3998 2012 4074; baseline 0.003 -22"><span class='ocrx_word' id='word_1_513' title='bbox 385 3998 600 4054; x_wconf 74' lang='lat' dir='ltr'>sisset.</span> <span class='ocrx_word' id='word_1_514' title='bbox 657 4001 936 4054; x_wconf 64' lang='lat' dir='ltr'>Caeterum</span> <span class='ocrx_word' id='word_1_515' title='bbox 974 4000 1094 4072; x_wconf 91' lang='lat' dir='ltr'>ipse</span> <span class='ocrx_word' id='word_1_516' title='bbox 1138 4015 1384 4073; x_wconf 72' lang='lat' dir='ltr'>persaepe</span> <span class='ocrx_word' id='word_1_517' title='bbox 1437 4001 1786 4056; x_wconf 88' lang='lat' dir='ltr'>sermonibus</span> <span class='ocrx_word' id='word_1_518' title='bbox 1834 4002 2012 4074; x_wconf 91' lang='lat' dir='ltr'>ipsius</span> 
     </span>
    </p>
   </div>
   <div class='ocr_carea' id='block_1_68' title="bbox 418 4087 2013 4162">
    <p class='ocr_par' dir='ltr' id='par_1_68' title="bbox 418 4087 2013 4162">
     <span class='ocr_line' id='line_1_68' title="bbox 418 4087 2013 4162; baseline 0.003 -20"><span class='ocrx_word' id='word_1_519' title='bbox 418 4087 730 4155; x_wconf 89' lang='lat' dir='ltr'>obluctans,</span> <span class='ocrx_word' id='word_1_520' title='bbox 763 4106 893 4145; x_wconf 91' lang='lat' dir='ltr'>eum</span> <span class='ocrx_word' id='word_1_521' title='bbox 921 4106 1022 4162; x_wconf 89' lang='lat' dir='ltr'>per</span> <span class='ocrx_word' id='word_1_522' title='bbox 1049 4091 1210 4162; x_wconf 87' lang='lat' dir='ltr'>signa</span> <span class='ocrx_word' id='word_1_523' title='bbox 1259 4091 1514 4162; x_wconf 81' lang='lat' dir='ltr'>quaedam</span> <span class='ocrx_word' id='word_1_524' title='bbox 1563 4091 1916 4158; x_wconf 89' lang='lat' dir='ltr'>admonebat,</span> <span class='ocrx_word' id='word_1_525' title='bbox 1949 4097 2013 4148; x_wconf 90' lang='lat' dir='ltr'>ut</span> 
     </span>
    </p>
   </div>
   <div class='ocr_carea' id='block_1_69' title="bbox 415 4178 2014 4253">
    <p class='ocr_par' dir='ltr' id='par_1_69' title="bbox 415 4178 2014 4253">
     <span class='ocr_line' id='line_1_69' title="bbox 415 4178 2014 4253; baseline 0.002 -20"><span class='ocrx_word' id='word_1_526' title='bbox 415 4178 570 4234; x_wconf 87' lang='lat' dir='ltr'>illam</span> <span class='ocrx_word' id='word_1_527' title='bbox 611 4181 899 4252; x_wconf 86' lang='lat' dir='ltr'>pugnandi</span> <span class='ocrx_word' id='word_1_528' title='bbox 945 4180 1309 4235; x_wconf 87' lang='lat' dir='ltr'>acrimoniam</span> <span class='ocrx_word' id='word_1_529' title='bbox 1339 4181 1674 4248; x_wconf 88' lang='lat' dir='ltr'>remitteret,</span> <span class='ocrx_word' id='word_1_530' title='bbox 1699 4186 1869 4253; x_wconf 85' lang='lat' dir='ltr'>atque</span> <span class='ocrx_word' id='word_1_531' title='bbox 1889 4181 2014 4236; x_wconf 85' lang='lat' dir='ltr'>rhe-</span> 
     </span>
    </p>
   </div>
   <div class='ocr_carea' id='block_1_70' title="bbox 414 4271 2013 4342">
    <p class='ocr_par' dir='ltr' id='par_1_70' title="bbox 414 4271 2013 4342">
     <span class='ocr_line' id='line_1_70' title="bbox 414 4271 2013 4342; baseline 0.001 -18"><span class='ocrx_word' id='word_1_532' title='bbox 414 4273 604 4324; x_wconf 87' lang='lat' dir='ltr'>torum</span> <span class='ocrx_word' id='word_1_533' title='bbox 625 4271 992 4342; x_wconf 86' lang='lat' dir='ltr'>disputationi</span> <span class='ocrx_word' id='word_1_534' title='bbox 1013 4287 1214 4326; x_wconf 91' lang='lat' dir='ltr'>manus</span> <span class='ocrx_word' id='word_1_535' title='bbox 1227 4271 1406 4326; x_wconf 88' lang='lat' dir='ltr'>daret.</span> <span class='ocrx_word' id='word_1_536' title='bbox 1427 4273 1499 4326; x_wconf 89' lang='lat' dir='ltr'>At</span> <span class='ocrx_word' id='word_1_537' title='bbox 1517 4271 1612 4326; x_wconf 91' lang='lat' dir='ltr'>ille</span> <span class='ocrx_word' id='word_1_538' title='bbox 1625 4272 2013 4326; x_wconf 89' lang='lat' dir='ltr'>vehementius</span> 
     </span>
    </p>
   </div>
   <div class='ocr_carea' id='block_1_71' title="bbox 415 4357 2014 4433">
    <p class='ocr_par' dir='ltr' id='par_1_71' title="bbox 415 4357 2014 4433">
     <span class='ocr_line' id='line_1_71' title="bbox 415 4357 2014 4433; baseline 0.001 -19"><span class='ocrx_word' id='word_1_539' title='bbox 415 4357 808 4428; x_wconf 88' lang='lat' dir='ltr'>invalescebat,</span> <span class='ocrx_word' id='word_1_540' title='bbox 865 4377 1058 4415; x_wconf 89' lang='lat' dir='ltr'>omnes</span> <span class='ocrx_word' id='word_1_541' title='bbox 1090 4360 1341 4432; x_wconf 87' lang='lat' dir='ltr'>ipsorum</span> <span class='ocrx_word' id='word_1_542' title='bbox 1389 4361 1798 4433; x_wconf 88' lang='lat' dir='ltr'>propositiones</span> <span class='ocrx_word' id='word_1_543' title='bbox 1845 4366 2014 4432; x_wconf 89' lang='lat' dir='ltr'>atque</span> 
     </span>
    </p>
   </div>
   <div class='ocr_carea' id='block_1_72' title="bbox 2098 3286 3706 3359">
    <p class='ocr_par' dir='ltr' id='par_1_72' title="bbox 2098 3286 3706 3359">
     <span class='ocr_line' id='line_1_72' title="bbox 2098 3286 3706 3359; baseline 0 -19"><span class='ocrx_word' id='word_1_544' title='bbox 2098 3286 2264 3358; x_wconf 91' lang='lat' dir='ltr'>plicio</span> <span class='ocrx_word' id='word_1_545' title='bbox 2293 3287 2556 3352; x_wconf 84' lang='lat' dir='ltr'>afﬁceret,</span> <span class='ocrx_word' id='word_1_546' title='bbox 2564 3293 2864 3359; x_wconf 91' lang='lat' dir='ltr'>propterea</span> <span class='ocrx_word' id='word_1_547' title='bbox 2872 3286 3016 3359; x_wconf 90' lang='lat' dir='ltr'>quod</span> <span class='ocrx_word' id='word_1_548' title='bbox 3039 3304 3152 3343; x_wconf 92' lang='lat' dir='ltr'>non</span> <span class='ocrx_word' id='word_1_549' title='bbox 3173 3303 3240 3342; x_wconf 87' lang='lat' dir='ltr'>ea</span> <span class='ocrx_word' id='word_1_550' title='bbox 3258 3301 3322 3342; x_wconf 87' lang='lat' dir='ltr'>es</span> <span class='ocrx_word' id='word_1_551' title='bbox 3339 3286 3567 3342; x_wconf 89' lang='lat' dir='ltr'>locutus</span> <span class='ocrx_word' id='word_1_552' title='bbox 3579 3301 3706 3359; x_wconf 73' lang='lat' dir='ltr'>quae</span> 
     </span>
    </p>
   </div>
   <div class='ocr_carea' id='block_1_73' title="bbox 2073 3375 3700 3447">
    <p class='ocr_par' dir='ltr' id='par_1_73' title="bbox 2073 3375 3700 3447">
     <span class='ocr_line' id='line_1_73' title="bbox 2073 3375 3700 3447; baseline 0.001 -17"><span class='ocrx_word' id='word_1_553' title='bbox 2073 3375 2203 3447; x_wconf 85' lang='lat' dir='ltr'>ipsi</span> <span class='ocrx_word' id='word_1_554' title='bbox 2233 3381 2399 3447; x_wconf 85' lang='lat' dir='ltr'>grata</span> <span class='ocrx_word' id='word_1_555' title='bbox 2427 3383 2616 3432; x_wconf 89' lang='lat' dir='ltr'>essent</span> <span class='ocrx_word' id='word_1_556' title='bbox 2639 3397 2651 3446; x_wconf 88' lang='lat'><strong>;</strong></span> <span class='ocrx_word' id='word_1_557' title='bbox 2684 3377 2866 3432; x_wconf 87' lang='lat' dir='ltr'>altera</span> <span class='ocrx_word' id='word_1_558' title='bbox 2888 3383 2954 3432; x_wconf 90' lang='lat' dir='ltr'>ut</span> <span class='ocrx_word' id='word_1_559' title='bbox 2995 3377 3268 3432; x_wconf 86' lang='lat' dir='ltr'>hodierno</span> <span class='ocrx_word' id='word_1_560' title='bbox 3294 3383 3394 3432; x_wconf 92' lang='lat' dir='ltr'>tuo</span> <span class='ocrx_word' id='word_1_561' title='bbox 3418 3375 3700 3432; x_wconf 87' lang='lat' dir='ltr'>beneﬁcio</span> 
     </span>
    </p>
   </div>
   <div class='ocr_carea' id='block_1_74' title="bbox 2096 3465 3700 3540">
    <p class='ocr_par' dir='ltr' id='par_1_74' title="bbox 2096 3465 3700 3540">
     <span class='ocr_line' id='line_1_74' title="bbox 2096 3465 3700 3540; baseline 0.001 -20"><span class='ocrx_word' id='word_1_562' title='bbox 2096 3465 2337 3536; x_wconf 86' lang='lat' dir='ltr'>gratiam</span> <span class='ocrx_word' id='word_1_563' title='bbox 2357 3466 2460 3522; x_wconf 89' lang='lat' dir='ltr'>tibi</span> <span class='ocrx_word' id='word_1_564' title='bbox 2489 3467 2814 3539; x_wconf 87' lang='lat' dir='ltr'>rependam.</span> <span class='ocrx_word' id='word_1_565' title='bbox 2830 3467 3084 3532; x_wconf 88' lang='lat' dir='ltr'>Quonam</span> <span class='ocrx_word' id='word_1_566' title='bbox 3114 3473 3306 3523; x_wconf 86' lang='lat' dir='ltr'>autem</span> <span class='ocrx_word' id='word_1_567' title='bbox 3333 3467 3570 3522; x_wconf 85' lang='lat' dir='ltr'>tandem</span> <span class='ocrx_word' id='word_1_568' title='bbox 3597 3482 3700 3540; x_wconf 86' lang='lat' dir='ltr'>pa-</span> 
     </span>
    </p>
   </div>
   <div class='ocr_carea' id='block_1_75' title="bbox 2098 3555 3702 3629">
    <p class='ocr_par' dir='ltr' id='par_1_75' title="bbox 2098 3555 3702 3629">
     <span class='ocr_line' id='line_1_75' title="bbox 2098 3555 3702 3629; baseline 0.001 -19"><span class='ocrx_word' id='word_1_569' title='bbox 2098 3561 2187 3610; x_wconf 86' lang='lat' dir='ltr'>cto</span> <span class='ocrx_word' id='word_1_570' title='bbox 2212 3555 2404 3610; x_wconf 80' lang='lat' dir='ltr'>istud?</span> <span class='ocrx_word' id='word_1_571' title='bbox 2433 3557 2713 3612; x_wconf 90' lang='lat' dir='ltr'>Nimirum</span> <span class='ocrx_word' id='word_1_572' title='bbox 2731 3563 2789 3612; x_wconf 90' lang='lat' dir='ltr'>te</span> <span class='ocrx_word' id='word_1_573' title='bbox 2808 3557 3136 3624; x_wconf 89' lang='lat' dir='ltr'>admonens,</span> <span class='ocrx_word' id='word_1_574' title='bbox 3166 3562 3230 3612; x_wconf 88' lang='lat' dir='ltr'>ut</span> <span class='ocrx_word' id='word_1_575' title='bbox 3259 3573 3292 3611; x_wconf 89' lang='lat' dir='ltr'>a</span> <span class='ocrx_word' id='word_1_576' title='bbox 3321 3574 3498 3629; x_wconf 88' lang='lat' dir='ltr'>prava</span> <span class='ocrx_word' id='word_1_577' title='bbox 3526 3562 3585 3612; x_wconf 86' lang='lat' dir='ltr'>et</span> <span class='ocrx_word' id='word_1_578' title='bbox 3607 3573 3702 3629; x_wconf 88' lang='lat' dir='ltr'>pe-</span> 
     </span>
    </p>
   </div>
   <div class='ocr_carea' id='block_1_76' title="bbox 2097 3644 3700 3720">
    <p class='ocr_par' dir='ltr' id='par_1_76' title="bbox 2097 3644 3700 3720">
     <span class='ocr_line' id='line_1_76' title="bbox 2097 3644 3700 3720; baseline 0.002 -22"><span class='ocrx_word' id='word_1_579' title='bbox 2097 3644 2341 3700; x_wconf 89' lang='lat' dir='ltr'>riculosa</span> <span class='ocrx_word' id='word_1_580' title='bbox 2367 3646 2473 3700; x_wconf 86' lang='lat' dir='ltr'>hac</span> <span class='ocrx_word' id='word_1_581' title='bbox 2499 3646 2614 3714; x_wconf 87' lang='lat' dir='ltr'>via,</span> <span class='ocrx_word' id='word_1_582' title='bbox 2645 3663 2818 3719; x_wconf 89' lang='lat' dir='ltr'>quam</span> <span class='ocrx_word' id='word_1_583' title='bbox 2845 3646 2914 3702; x_wconf 88' lang='lat' dir='ltr'>ad</span> <span class='ocrx_word' id='word_1_584' title='bbox 2942 3647 3093 3702; x_wconf 88' lang='lat' dir='ltr'>hunc</span> <span class='ocrx_word' id='word_1_585' title='bbox 3118 3663 3298 3720; x_wconf 91' lang='lat' dir='ltr'>usque</span> <span class='ocrx_word' id='word_1_586' title='bbox 3329 3646 3482 3702; x_wconf 90' lang='lat' dir='ltr'>diem</span> <span class='ocrx_word' id='word_1_587' title='bbox 3514 3646 3700 3702; x_wconf 86' lang='lat' dir='ltr'>tenui-</span> 
     </span>
    </p>
   </div>
   <div class='ocr_carea' id='block_1_77' title="bbox 2096 3734 3700 3808">
    <p class='ocr_par' dir='ltr' id='par_1_77' title="bbox 2096 3734 3700 3808">
     <span class='ocr_line' id='line_1_77' title="bbox 2096 3734 3700 3808; baseline 0.002 -21"><span class='ocrx_word' id='word_1_588' title='bbox 2096 3734 2188 3799; x_wconf 90' lang='lat' dir='ltr'>sti,</span> <span class='ocrx_word' id='word_1_589' title='bbox 2221 3735 2475 3799; x_wconf 86' lang='lat' dir='ltr'>deﬂecta,</span> <span class='ocrx_word' id='word_1_590' title='bbox 2507 3753 2573 3792; x_wconf 88' lang='lat' dir='ltr'>ac</span> <span class='ocrx_word' id='word_1_591' title='bbox 2591 3741 2802 3792; x_wconf 88' lang='lat' dir='ltr'>rectam</span> <span class='ocrx_word' id='word_1_592' title='bbox 2821 3741 2880 3792; x_wconf 93' lang='lat' dir='ltr'>et</span> <span class='ocrx_word' id='word_1_593' title='bbox 2901 3736 3208 3792; x_wconf 89' lang='lat' dir='ltr'>salutarem</span> <span class='ocrx_word' id='word_1_594' title='bbox 3228 3736 3492 3791; x_wconf 85' lang='lat' dir='ltr'>semitam</span> <span class='ocrx_word' id='word_1_595' title='bbox 3513 3737 3700 3808; x_wconf 84' lang='lat' dir='ltr'>ingre-</span> 
     </span>
    </p>
   </div>
   <div class='ocr_carea' id='block_1_78' title="bbox 2094 3823 3698 3898">
    <p class='ocr_par' dir='ltr' id='par_1_78' title="bbox 2094 3823 3698 3898">
     <span class='ocr_line' id='line_1_78' title="bbox 2094 3823 3698 3898; baseline 0.002 -21"><span class='ocrx_word' id='word_1_596' title='bbox 2094 3823 2264 3878; x_wconf 85' lang='lat' dir='ltr'>diaris</span> <span class='ocrx_word' id='word_1_597' title='bbox 2292 3841 2304 3878; x_wconf 87' lang='lat'>:</span> <span class='ocrx_word' id='word_1_598' title='bbox 2331 3842 2499 3896; x_wconf 87' lang='lat' dir='ltr'>quam</span> <span class='ocrx_word' id='word_1_599' title='bbox 2529 3825 2754 3897; x_wconf 91' lang='lat' dir='ltr'>quidem</span> <span class='ocrx_word' id='word_1_600' title='bbox 2782 3843 2896 3882; x_wconf 89' lang='lat' dir='ltr'>non</span> <span class='ocrx_word' id='word_1_601' title='bbox 2915 3826 3201 3898; x_wconf 88' lang='lat' dir='ltr'>ignorans,</span> <span class='ocrx_word' id='word_1_602' title='bbox 3225 3826 3325 3882; x_wconf 90' lang='lat' dir='ltr'>sed</span> <span class='ocrx_word' id='word_1_603' title='bbox 3352 3832 3560 3898; x_wconf 88' lang='lat' dir='ltr'>sponte</span> <span class='ocrx_word' id='word_1_604' title='bbox 3583 3842 3698 3882; x_wconf 88' lang='lat' dir='ltr'>ma-</span> 
     </span>
    </p>
   </div>
   <div class='ocr_carea' id='block_1_79' title="bbox 2093 3915 3698 3989">
    <p class='ocr_par' dir='ltr' id='par_1_79' title="bbox 2093 3915 3698 3989">
     <span class='ocr_line' id='line_1_79' title="bbox 2093 3915 3698 3989; baseline 0.002 -21"><span class='ocrx_word' id='word_1_605' title='bbox 2093 3915 2211 3969; x_wconf 92' lang='lat' dir='ltr'>lum</span> <span class='ocrx_word' id='word_1_606' title='bbox 2235 3917 2598 3988; x_wconf 84' lang='lat' dir='ltr'>amplectens,</span> <span class='ocrx_word' id='word_1_607' title='bbox 2629 3916 2890 3988; x_wconf 79' lang='lat' dir='ltr'>eﬁ&#39;ugisti,</span> <span class='ocrx_word' id='word_1_608' title='bbox 2916 3917 2974 3972; x_wconf 88' lang='lat' dir='ltr'>in</span> <span class='ocrx_word' id='word_1_609' title='bbox 2996 3917 3310 3989; x_wconf 88' lang='lat' dir='ltr'>iniquitatis</span> <span class='ocrx_word' id='word_1_610' title='bbox 3337 3915 3614 3972; x_wconf 84' lang='lat' dir='ltr'>barathra</span> <span class='ocrx_word' id='word_1_611' title='bbox 3640 3923 3698 3972; x_wconf 89' lang='lat' dir='ltr'>et</span> 
     </span>
    </p>
   </div>
   <div class='ocr_carea' id='block_1_80' title="bbox 2094 4003 3701 4078">
    <p class='ocr_par' dir='ltr' id='par_1_80' title="bbox 2094 4003 3701 4078">
     <span class='ocr_line' id='line_1_80' title="bbox 2094 4003 3701 4078; baseline 0.002 -20"><span class='ocrx_word' id='word_1_612' title='bbox 2094 4003 2652 4077; x_wconf 67' lang='lat' dir='ltr'>praecipitiateipsum</span> <span class='ocrx_word' id='word_1_613' title='bbox 2667 4006 2981 4078; x_wconf 88' lang='lat' dir='ltr'>impellens.</span> <span class='ocrx_word' id='word_1_614' title='bbox 3004 4007 3262 4078; x_wconf 86' lang='lat' dir='ltr'>Intellige</span> <span class='ocrx_word' id='word_1_615' title='bbox 3289 4007 3505 4078; x_wconf 86' lang='lat' dir='ltr'>itaque,</span> <span class='ocrx_word' id='word_1_616' title='bbox 3530 4024 3564 4062; x_wconf 95' lang='grc' dir='ltr'>ο</span> <span class='ocrx_word' id='word_1_617' title='bbox 3583 4007 3701 4062; x_wconf 85' lang='lat' dir='ltr'>Na-</span> 
     </span>
    </p>
   </div>
   <div class='ocr_carea' id='block_1_81' title="bbox 2093 4094 3700 4168">
    <p class='ocr_par' dir='ltr' id='par_1_81' title="bbox 2093 4094 3700 4168">
     <span class='ocr_line' id='line_1_81' title="bbox 2093 4094 3700 4168; baseline 0.001 -20"><span class='ocrx_word' id='word_1_618' title='bbox 2093 4094 2248 4160; x_wconf 89' lang='lat' dir='ltr'>chor,</span> <span class='ocrx_word' id='word_1_619' title='bbox 2271 4111 2397 4150; x_wconf 92' lang='lat' dir='ltr'>cum</span> <span class='ocrx_word' id='word_1_620' title='bbox 2425 4095 2670 4166; x_wconf 82' lang='lat' dir='ltr'>prudens</span> <span class='ocrx_word' id='word_1_621' title='bbox 2695 4101 2753 4150; x_wconf 92' lang='lat' dir='ltr'>et</span> <span class='ocrx_word' id='word_1_622' title='bbox 2777 4113 2948 4168; x_wconf 83' lang='lat' dir='ltr'>sagax</span> <span class='ocrx_word' id='word_1_623' title='bbox 2975 4097 3072 4162; x_wconf 88' lang='lat' dir='ltr'>sis,</span> <span class='ocrx_word' id='word_1_624' title='bbox 3103 4113 3168 4152; x_wconf 89' lang='lat' dir='ltr'>ac</span> <span class='ocrx_word' id='word_1_625' title='bbox 3197 4095 3487 4152; x_wconf 83' lang='lat' dir='ltr'>Christum</span> <span class='ocrx_word' id='word_1_626' title='bbox 3514 4096 3700 4151; x_wconf 90' lang='lat' dir='ltr'>solum</span> 
     </span>
    </p>
   </div>
   <div class='ocr_carea' id='block_1_82' title="bbox 2095 4185 3700 4257">
    <p class='ocr_par' dir='ltr' id='par_1_82' title="bbox 2095 4185 3700 4257">
     <span class='ocr_line' id='line_1_82' title="bbox 2095 4185 3700 4257; baseline 0 -17"><span class='ocrx_word' id='word_1_627' title='bbox 2095 4189 2153 4240; x_wconf 89' lang='lat' dir='ltr'>et</span> <span class='ocrx_word' id='word_1_628' title='bbox 2179 4185 2352 4239; x_wconf 90' lang='lat' dir='ltr'>vitam</span> <span class='ocrx_word' id='word_1_629' title='bbox 2380 4185 2529 4257; x_wconf 89' lang='lat' dir='ltr'>apud</span> <span class='ocrx_word' id='word_1_630' title='bbox 2549 4185 2734 4257; x_wconf 90' lang='lat' dir='ltr'>ipsum</span> <span class='ocrx_word' id='word_1_631' title='bbox 2765 4185 3083 4242; x_wconf 85' lang='lat' dir='ltr'>abstrusam</span> <span class='ocrx_word' id='word_1_632' title='bbox 3107 4186 3348 4241; x_wconf 87' lang='lat' dir='ltr'>elucrari</span> <span class='ocrx_word' id='word_1_633' title='bbox 3377 4185 3566 4250; x_wconf 87' lang='lat' dir='ltr'>stude,</span> <span class='ocrx_word' id='word_1_634' title='bbox 3591 4186 3700 4240; x_wconf 86' lang='lat' dir='ltr'>ﬁu-</span> 
     </span>
    </p>
   </div>
   <div class='ocr_carea' id='block_1_83' title="bbox 2093 4273 3696 4348">
    <p class='ocr_par' dir='ltr' id='par_1_83' title="bbox 2093 4273 3696 4348">
     <span class='ocr_line' id='line_1_83' title="bbox 2093 4273 3696 4348; baseline 0.001 -20"><span class='ocrx_word' id='word_1_635' title='bbox 2093 4273 2177 4328; x_wconf 87' lang='lat' dir='ltr'>xis</span> <span class='ocrx_word' id='word_1_636' title='bbox 2198 4274 2286 4329; x_wconf 89' lang='lat' dir='ltr'>his</span> <span class='ocrx_word' id='word_1_637' title='bbox 2313 4280 2370 4330; x_wconf 91' lang='lat' dir='ltr'>et</span> <span class='ocrx_word' id='word_1_638' title='bbox 2389 4275 2613 4330; x_wconf 86' lang='lat' dir='ltr'>caducis</span> <span class='ocrx_word' id='word_1_639' title='bbox 2640 4277 2977 4348; x_wconf 89' lang='lat' dir='ltr'>contemptis</span> <span class='ocrx_word' id='word_1_640' title='bbox 3015 4293 3078 4331; x_wconf 88' lang='lat' dir='ltr'>ac</span> <span class='ocrx_word' id='word_1_641' title='bbox 3131 4292 3232 4348; x_wconf 90' lang='lat' dir='ltr'>pro</span> <span class='ocrx_word' id='word_1_642' title='bbox 3263 4275 3440 4330; x_wconf 88' lang='lat' dir='ltr'>nihilo</span> <span class='ocrx_word' id='word_1_643' title='bbox 3465 4273 3696 4330; x_wconf 85' lang='lat' dir='ltr'>habitis.</span> 
     </span>
    </p>
   </div>
   <div class='ocr_carea' id='block_1_84' title="bbox 2095 4363 3697 4433">
    <p class='ocr_par' dir='ltr' id='par_1_84' title="bbox 2095 4363 3697 4433">
     <span class='ocr_line' id='line_1_84' title="bbox 2095 4363 3697 4433; baseline 0 -15"><span class='ocrx_word' id='word_1_644' title='bbox 2095 4364 2220 4418; x_wconf 90' lang='lat' dir='ltr'>Non</span> <span class='ocrx_word' id='word_1_645' title='bbox 2249 4364 2400 4418; x_wconf 89' lang='lat' dir='ltr'>enim</span> <span class='ocrx_word' id='word_1_646' title='bbox 2427 4363 2486 4418; x_wconf 92' lang='lat' dir='ltr'>in</span> <span class='ocrx_word' id='word_1_647' title='bbox 2515 4369 2789 4420; x_wconf 83' lang='lat' dir='ltr'>aeternum</span> <span class='ocrx_word' id='word_1_648' title='bbox 2807 4365 2956 4421; x_wconf 83' lang='lat' dir='ltr'>vives</span> <span class='ocrx_word' id='word_1_649' title='bbox 2987 4384 3000 4433; x_wconf 90' lang='lat'><strong>;</strong></span> <span class='ocrx_word' id='word_1_650' title='bbox 3031 4365 3282 4432; x_wconf 87' lang='lat' dir='ltr'>sed,cum</span> <span class='ocrx_word' id='word_1_651' title='bbox 3315 4364 3571 4420; x_wconf 89' lang='lat' dir='ltr'>mortalis</span> <span class='ocrx_word' id='word_1_652' title='bbox 3597 4365 3697 4430; x_wconf 87' lang='lat' dir='ltr'>sis,</span> 
     </span>
    </p>
   </div>
   <div class='ocr_carea' id='block_1_85' title="bbox 415 4449 3704 4527">
    <p class='ocr_par' dir='ltr' id='par_1_85' title="bbox 415 4449 3704 4527">
     <span class='ocr_line' id='line_1_85' title="bbox 415 4449 3704 4527; baseline 0.001 -23"><span class='ocrx_word' id='word_1_653' title='bbox 415 4455 750 4521; x_wconf 83' lang='lat' dir='ltr'>argumenta</span> <span class='ocrx_word' id='word_1_654' title='bbox 802 4451 1074 4516; x_wconf 83' lang='lat' dir='ltr'>refutans,</span> <span class='ocrx_word' id='word_1_655' title='bbox 1125 4451 1464 4522; x_wconf 90' lang='lat' dir='ltr'>errorisque,</span> <span class='ocrx_word' id='word_1_656' title='bbox 1512 4468 1622 4522; x_wconf 92' lang='lat' dir='ltr'>quo</span> <span class='ocrx_word' id='word_1_657' title='bbox 1651 4450 2008 4519; x_wconf 90' lang='lat' dir='ltr'>tenebantur,</span> <span class='ocrx_word' id='word_1_658' title='bbox 2027 4449 2078 4507; x_wconf 91' lang='lat' dir='ltr'>D</span> <span class='ocrx_word' id='word_1_659' title='bbox 2089 4453 2210 4520; x_wconf 89' lang='lat' dir='ltr'>jam</span> <span class='ocrx_word' id='word_1_660' title='bbox 2227 4454 2601 4525; x_wconf 88' lang='lat' dir='ltr'>jamquehinc</span> <span class='ocrx_word' id='word_1_661' title='bbox 2615 4453 2912 4510; x_wconf 89' lang='lat' dir='ltr'>habiturus</span> <span class='ocrx_word' id='word_1_662' title='bbox 2924 4454 3488 4527; x_wconf 85' lang='lat' dir='ltr'>es,quemadmodum</span> <span class='ocrx_word' id='word_1_663' title='bbox 3507 4460 3569 4509; x_wconf 79' lang='lat' dir='ltr'>et</span> <span class='ocrx_word' id='word_1_664' title='bbox 3581 4470 3704 4510; x_wconf 90' lang='lat' dir='ltr'>om-</span> 
     </span>
    </p>
   </div>
   <div class='ocr_carea' id='block_1_86' title="bbox 415 4539 2013 4612">
    <p class='ocr_par' dir='ltr' id='par_1_86' title="bbox 415 4539 2013 4612">
     <span class='ocr_line' id='line_1_86' title="bbox 415 4539 2013 4612; baseline 0.001 -18"><span class='ocrx_word' id='word_1_665' title='bbox 415 4539 671 4611; x_wconf 75' lang='lat' dir='ltr'>fraudem</span> <span class='ocrx_word' id='word_1_666' title='bbox 702 4557 767 4595; x_wconf 89' lang='lat' dir='ltr'>ac</span> <span class='ocrx_word' id='word_1_667' title='bbox 795 4540 1072 4595; x_wconf 81' lang='lat' dir='ltr'>fallaciam</span> <span class='ocrx_word' id='word_1_668' title='bbox 1101 4540 1386 4612; x_wconf 83' lang='lat' dir='ltr'>detegens.</span> <span class='ocrx_word' id='word_1_669' title='bbox 1441 4541 1582 4594; x_wconf 91' lang='lat' dir='ltr'>Cum</span> <span class='ocrx_word' id='word_1_670' title='bbox 1631 4547 1820 4596; x_wconf 90' lang='lat' dir='ltr'>autem</span> <span class='ocrx_word' id='word_1_671' title='bbox 1869 4558 2013 4612; x_wconf 90' lang='lat' dir='ltr'>pene</span> 
     </span>
    </p>
   </div>
   <div class='ocr_carea' id='block_1_87' title="bbox 417 4629 2013 4704">
    <p class='ocr_par' dir='ltr' id='par_1_87' title="bbox 417 4629 2013 4704">
     <span class='ocr_line' id='line_1_87' title="bbox 417 4629 2013 4704; baseline 0.001 -20"><span class='ocrx_word' id='word_1_672' title='bbox 417 4631 489 4684; x_wconf 90' lang='lat' dir='ltr'>ad</span> <span class='ocrx_word' id='word_1_673' title='bbox 517 4645 809 4704; x_wconf 81' lang='lat' dir='ltr'>vesperam</span> <span class='ocrx_word' id='word_1_674' title='bbox 839 4648 1018 4704; x_wconf 90' lang='lat' dir='ltr'>usque</span> <span class='ocrx_word' id='word_1_675' title='bbox 1047 4631 1356 4702; x_wconf 89' lang='lat' dir='ltr'>disputatio</span> <span class='ocrx_word' id='word_1_676' title='bbox 1377 4629 1649 4701; x_wconf 84' lang='lat' dir='ltr'>producta</span> <span class='ocrx_word' id='word_1_677' title='bbox 1668 4630 1883 4696; x_wconf 85' lang='lat' dir='ltr'>fuisset,</span> <span class='ocrx_word' id='word_1_678' title='bbox 1916 4647 2013 4685; x_wconf 86' lang='lat' dir='ltr'>rex</span> 
     </span>
    </p>
   </div>
   <div class='ocr_carea' id='block_1_88' title="bbox 415 4719 2012 4792">
    <p class='ocr_par' dir='ltr' id='par_1_88' title="bbox 415 4719 2012 4792">
     <span class='ocr_line' id='line_1_88' title="bbox 415 4719 2012 4792; baseline 0.001 -19"><span class='ocrx_word' id='word_1_679' title='bbox 415 4721 741 4776; x_wconf 90' lang='lat' dir='ltr'>concionem</span> <span class='ocrx_word' id='word_1_680' title='bbox 777 4721 915 4776; x_wconf 90' lang='lat' dir='ltr'>solvi</span> <span class='ocrx_word' id='word_1_681' title='bbox 941 4720 1132 4792; x_wconf 91' lang='lat' dir='ltr'>jussit,</span> <span class='ocrx_word' id='word_1_682' title='bbox 1166 4725 1440 4792; x_wconf 90' lang='lat' dir='ltr'>tanquam</span> <span class='ocrx_word' id='word_1_683' title='bbox 1486 4719 1696 4775; x_wconf 89' lang='lat' dir='ltr'>scilicet</span> <span class='ocrx_word' id='word_1_684' title='bbox 1743 4719 2012 4792; x_wconf 88' lang='lat' dir='ltr'>postridie</span> 
     </span>
    </p>
   </div>
   <div class='ocr_carea' id='block_1_89' title="bbox 417 4810 1400 4890">
    <p class='ocr_par' dir='ltr' id='par_1_89' title="bbox 417 4810 1400 4890">
     <span class='ocr_line' id='line_1_89' title="bbox 417 4810 1400 4890; baseline 0 -26"><span class='ocrx_word' id='word_1_685' title='bbox 417 4826 642 4866; x_wconf 87' lang='lat' dir='ltr'>rursum</span> <span class='ocrx_word' id='word_1_686' title='bbox 661 4811 730 4890; x_wconf 86' lang='lat' dir='ltr'>de</span> <span class='ocrx_word' id='word_1_687' title='bbox 757 4812 861 4866; x_wconf 89' lang='lat' dir='ltr'>hac</span> <span class='ocrx_word' id='word_1_688' title='bbox 891 4828 951 4866; x_wconf 81' lang='lat' dir='ltr'>re</span> <span class='ocrx_word' id='word_1_689' title='bbox 981 4810 1184 4883; x_wconf 87' lang='lat' dir='ltr'>agitari</span> <span class='ocrx_word' id='word_1_690' title='bbox 1213 4811 1400 4865; x_wconf 86' lang='lat' dir='ltr'>vellet.</span> 
     </span>
    </p>
   </div>
   <div class='ocr_carea' id='block_1_90' title="bbox 487 4899 2013 4972">
    <p class='ocr_par' dir='ltr' id='par_1_90' title="bbox 487 4899 2013 4972">
     <span class='ocr_line' id='line_1_90' title="bbox 487 4899 2013 4972; baseline 0.001 -18"><span class='ocrx_word' id='word_1_691' title='bbox 487 4899 757 4972; x_wconf 86' lang='lat' dir='ltr'>Josaphat</span> <span class='ocrx_word' id='word_1_692' title='bbox 769 4907 960 4956; x_wconf 89' lang='lat' dir='ltr'>autem</span> <span class='ocrx_word' id='word_1_693' title='bbox 975 4918 1164 4972; x_wconf 89' lang='lat' dir='ltr'>regem</span> <span class='ocrx_word' id='word_1_694' title='bbox 1181 4901 1262 4955; x_wconf 89' lang='lat' dir='ltr'>ita</span> <span class='ocrx_word' id='word_1_695' title='bbox 1271 4905 1357 4956; x_wconf 89' lang='lat' dir='ltr'>est</span> <span class='ocrx_word' id='word_1_696' title='bbox 1370 4899 1946 4972; x_wconf 80' lang='lat' dir='ltr'>allocutuszUtprimoj</span> <span class='ocrx_word' id='word_1_697' title='bbox 1953 4917 2013 4956; x_wconf 91' lang='lat' dir='ltr'>u-</span> 
     </span>
    </p>
   </div>
   <div class='ocr_carea' id='block_1_91' title="bbox 420 4989 2012 5062">
    <p class='ocr_par' dir='ltr' id='par_1_91' title="bbox 420 4989 2012 5062">
     <span class='ocr_line' id='line_1_91' title="bbox 420 4989 2012 5062; baseline 0.003 -20"><span class='ocrx_word' id='word_1_698' title='bbox 420 4993 506 5042; x_wconf 90' lang='lat' dir='ltr'>ste</span> <span class='ocrx_word' id='word_1_699' title='bbox 514 4989 703 5044; x_wconf 89' lang='lat' dir='ltr'>omnia</span> <span class='ocrx_word' id='word_1_700' title='bbox 713 4991 833 5061; x_wconf 88' lang='lat' dir='ltr'>geri</span> <span class='ocrx_word' id='word_1_701' title='bbox 845 4991 1126 5062; x_wconf 88' lang='lat' dir='ltr'>jussisti,o</span> <span class='ocrx_word' id='word_1_702' title='bbox 1147 4991 1346 5058; x_wconf 88' lang='lat' dir='ltr'>rex,ita</span> <span class='ocrx_word' id='word_1_703' title='bbox 1355 4991 1588 5062; x_wconf 83' lang='lat' dir='ltr'>justitiae</span> <span class='ocrx_word' id='word_1_704' title='bbox 1601 5007 1822 5062; x_wconf 89' lang='lat' dir='ltr'>quoque</span> <span class='ocrx_word' id='word_1_705' title='bbox 1841 4991 2012 5047; x_wconf 83' lang='lat' dir='ltr'>ﬁnem</span> 
     </span>
    </p>
   </div>
   <div class='ocr_carea' id='block_1_92' title="bbox 410 5077 2014 5152">
    <p class='ocr_par' dir='ltr' id='par_1_92' title="bbox 410 5077 2014 5152">
     <span class='ocr_line' id='line_1_92' title="bbox 410 5077 2014 5152; baseline 0.001 -19"><span class='ocrx_word' id='word_1_706' title='bbox 410 5077 662 5150; x_wconf 84' lang='lat' dir='ltr'>impone,</span> <span class='ocrx_word' id='word_1_707' title='bbox 685 5079 922 5135; x_wconf 90' lang='lat' dir='ltr'>duorum</span> <span class='ocrx_word' id='word_1_708' title='bbox 941 5081 1180 5136; x_wconf 89' lang='lat' dir='ltr'>alterum</span> <span class='ocrx_word' id='word_1_709' title='bbox 1200 5081 1638 5152; x_wconf 89' lang='lat' dir='ltr'>faciens,nempe</span> <span class='ocrx_word' id='word_1_710' title='bbox 1659 5085 1720 5135; x_wconf 91' lang='lat' dir='ltr'>ut</span> <span class='ocrx_word' id='word_1_711' title='bbox 1742 5081 2014 5152; x_wconf 85' lang='lat' dir='ltr'>velmagi-</span> 
     </span>
    </p>
   </div>
   <div class='ocr_carea' id='block_1_93' title="bbox 418 5169 2014 5243">
    <p class='ocr_par' dir='ltr' id='par_1_93' title="bbox 418 5169 2014 5243">
     <span class='ocr_line' id='line_1_93' title="bbox 418 5169 2014 5243; baseline 0.003 -21"><span class='ocrx_word' id='word_1_712' title='bbox 418 5174 600 5223; x_wconf 88' lang='lat' dir='ltr'>strum</span> <span class='ocrx_word' id='word_1_713' title='bbox 617 5185 804 5224; x_wconf 86' lang='lat' dir='ltr'>meum</span> <span class='ocrx_word' id='word_1_714' title='bbox 818 5169 924 5224; x_wconf 89' lang='lat' dir='ltr'>hac</span> <span class='ocrx_word' id='word_1_715' title='bbox 935 5175 1096 5225; x_wconf 91' lang='lat' dir='ltr'>nocte</span> <span class='ocrx_word' id='word_1_716' title='bbox 1115 5187 1334 5225; x_wconf 89' lang='lat' dir='ltr'>mecum</span> <span class='ocrx_word' id='word_1_717' title='bbox 1353 5187 1582 5226; x_wconf 88' lang='lat' dir='ltr'>manere</span> <span class='ocrx_word' id='word_1_718' title='bbox 1610 5170 1924 5243; x_wconf 86' lang='lat' dir='ltr'>permittas,</span> <span class='ocrx_word' id='word_1_719' title='bbox 1948 5176 2014 5226; x_wconf 93' lang='lat' dir='ltr'>ut</span> 
     </span>
    </p>
   </div>
   <div class='ocr_carea' id='block_1_94' title="bbox 417 5257 2011 5332">
    <p class='ocr_par' dir='ltr' id='par_1_94' title="bbox 417 5257 2011 5332">
     <span class='ocr_line' id='line_1_94' title="bbox 417 5257 2011 5332; baseline 0.002 -18"><span class='ocrx_word' id='word_1_720' title='bbox 417 5258 594 5314; x_wconf 88' lang='lat' dir='ltr'>dehis</span> <span class='ocrx_word' id='word_1_721' title='bbox 623 5257 787 5314; x_wconf 90' lang='lat' dir='ltr'>rebus</span> <span class='ocrx_word' id='word_1_722' title='bbox 811 5259 880 5314; x_wconf 91' lang='lat' dir='ltr'>de</span> <span class='ocrx_word' id='word_1_723' title='bbox 909 5259 1110 5330; x_wconf 89' lang='lat' dir='ltr'>quibus</span> <span class='ocrx_word' id='word_1_724' title='bbox 1138 5261 1383 5317; x_wconf 87' lang='lat' dir='ltr'>crastina</span> <span class='ocrx_word' id='word_1_725' title='bbox 1411 5261 1502 5317; x_wconf 90' lang='lat' dir='ltr'>die</span> <span class='ocrx_word' id='word_1_726' title='bbox 1534 5278 1660 5316; x_wconf 89' lang='lat' dir='ltr'>cum</span> <span class='ocrx_word' id='word_1_727' title='bbox 1683 5261 1752 5315; x_wconf 91' lang='lat' dir='ltr'>iis</span> <span class='ocrx_word' id='word_1_728' title='bbox 1784 5261 1876 5332; x_wconf 89' lang='lat' dir='ltr'>qui</span> <span class='ocrx_word' id='word_1_729' title='bbox 1908 5278 2011 5317; x_wconf 90' lang='lat' dir='ltr'>nos</span> 
     </span>
    </p>
   </div>
   <div class='ocr_carea' id='block_1_95' title="bbox 415 5347 2006 5423">
    <p class='ocr_par' dir='ltr' id='par_1_95' title="bbox 415 5347 2006 5423">
     <span class='ocr_line' id='line_1_95' title="bbox 415 5347 2006 5423; baseline 0.002 -20"><span class='ocrx_word' id='word_1_730' title='bbox 415 5347 564 5404; x_wconf 92' lang='lat' dir='ltr'>bello</span> <span class='ocrx_word' id='word_1_731' title='bbox 583 5349 859 5404; x_wconf 83' lang='lat' dir='ltr'>lacessent</span> <span class='ocrx_word' id='word_1_732' title='bbox 896 5348 1066 5403; x_wconf 88' lang='lat' dir='ltr'>verba</span> <span class='ocrx_word' id='word_1_733' title='bbox 1077 5349 1330 5406; x_wconf 82' lang='lat' dir='ltr'>facienda</span> <span class='ocrx_word' id='word_1_734' title='bbox 1347 5357 1480 5406; x_wconf 91' lang='lat' dir='ltr'>sunt</span> <span class='ocrx_word' id='word_1_735' title='bbox 1493 5368 1607 5406; x_wconf 90' lang='lat' dir='ltr'>una</span> <span class='ocrx_word' id='word_1_736' title='bbox 1626 5351 2006 5423; x_wconf 84' lang='lat' dir='ltr'>dispiciamus,</span> 
     </span>
    </p>
   </div>
   <div class='ocr_carea' id='block_1_96' title="bbox 416 5438 2011 5498">
    <p class='ocr_par' dir='ltr' id='par_1_96' title="bbox 416 5438 2011 5498">
     <span class='ocr_line' id='line_1_96' title="bbox 416 5438 2011 5498; baseline 0.001 -4"><span class='ocrx_word' id='word_1_737' title='bbox 416 5455 482 5494; x_wconf 88' lang='lat' dir='ltr'>ac</span> <span class='ocrx_word' id='word_1_738' title='bbox 507 5444 572 5494; x_wconf 91' lang='lat' dir='ltr'>tu</span> <span class='ocrx_word' id='word_1_739' title='bbox 595 5438 730 5494; x_wconf 89' lang='lat' dir='ltr'>item</span> <span class='ocrx_word' id='word_1_740' title='bbox 749 5444 878 5493; x_wconf 92' lang='lat' dir='ltr'>tuos</span> <span class='ocrx_word' id='word_1_741' title='bbox 895 5454 1205 5498; x_wconf 87' lang='lat' dir='ltr'>assumens.</span> <span class='ocrx_word' id='word_1_742' title='bbox 1229 5439 1506 5496; x_wconf 89' lang='lat' dir='ltr'>arbitratu</span> <span class='ocrx_word' id='word_1_743' title='bbox 1521 5447 1620 5496; x_wconf 91' lang='lat' dir='ltr'>tuo</span> <span class='ocrx_word' id='word_1_744' title='bbox 1649 5457 1778 5496; x_wconf 90' lang='lat' dir='ltr'>cum</span> <span class='ocrx_word' id='word_1_745' title='bbox 1803 5441 1913 5496; x_wconf 88' lang='lat' dir='ltr'>illis</span> <span class='ocrx_word' id='word_1_746' title='bbox 1943 5458 2011 5496; x_wconf 89' lang='lat' dir='ltr'>ea</span> 
     </span>
    </p>
   </div>
   <div class='ocr_carea' id='block_1_97' title="bbox 413 5527 2009 5603">
    <p class='ocr_par' dir='ltr' id='par_1_97' title="bbox 413 5527 2009 5603">
     <span class='ocr_line' id='line_1_97' title="bbox 413 5527 2009 5603; baseline 0.001 -17"><span class='ocrx_word' id='word_1_747' title='bbox 413 5547 537 5603; x_wconf 84' lang='lat' dir='ltr'>quae</span> <span class='ocrx_word' id='word_1_748' title='bbox 565 5529 624 5584; x_wconf 90' lang='lat' dir='ltr'>in</span> <span class='ocrx_word' id='word_1_749' title='bbox 654 5545 774 5584; x_wconf 92' lang='lat' dir='ltr'>rem</span> <span class='ocrx_word' id='word_1_750' title='bbox 801 5528 994 5584; x_wconf 84' lang='lat' dir='ltr'>futura</span> <span class='ocrx_word' id='word_1_751' title='bbox 1023 5527 1359 5584; x_wconf 88' lang='lat' dir='ltr'>videbuntur</span> <span class='ocrx_word' id='word_1_752' title='bbox 1381 5531 1671 5586; x_wconf 67' lang='lat' dir='ltr'>meditaris</span> <span class='ocrx_word' id='word_1_753' title='bbox 1695 5550 1708 5600; x_wconf 89' lang='lat'><strong>;</strong></span> <span class='ocrx_word' id='word_1_754' title='bbox 1753 5535 1854 5586; x_wconf 90' lang='lat' dir='ltr'>aut</span> <span class='ocrx_word' id='word_1_755' title='bbox 1879 5537 2009 5588; x_wconf 91' lang='lat' dir='ltr'>tuos</span> 
     </span>
    </p>
   </div>
   <div class='ocr_carea' id='block_1_98' title="bbox 409 5617 2007 5693">
    <p class='ocr_par' dir='ltr' id='par_1_98' title="bbox 409 5617 2007 5693">
     <span class='ocr_line' id='line_1_98' title="bbox 409 5617 2007 5693; baseline 0.001 -19"><span class='ocrx_word' id='word_1_756' title='bbox 409 5619 552 5674; x_wconf 90' lang='lat' dir='ltr'>mihi</span> <span class='ocrx_word' id='word_1_757' title='bbox 579 5617 686 5676; x_wconf 88' lang='lat' dir='ltr'>hoc</span> <span class='ocrx_word' id='word_1_758' title='bbox 725 5624 888 5674; x_wconf 89' lang='lat' dir='ltr'>nocte</span> <span class='ocrx_word' id='word_1_759' title='bbox 931 5618 1470 5690; x_wconf 83' lang='lat' dir='ltr'>concedens,meum</span> <span class='ocrx_word' id='word_1_760' title='bbox 1503 5621 1710 5693; x_wconf 90' lang='lat' dir='ltr'>accipe.</span> <span class='ocrx_word' id='word_1_761' title='bbox 1770 5621 1931 5686; x_wconf 88' lang='lat' dir='ltr'>Quod</span> <span class='ocrx_word' id='word_1_762' title='bbox 1959 5621 2007 5676; x_wconf 90' lang='lat' dir='ltr'>si</span> 
     </span>
    </p>
   </div>
   <div class='ocr_carea' id='block_1_99' title="bbox 412 5709 2008 5782">
    <p class='ocr_par' dir='ltr' id='par_1_99' title="bbox 412 5709 2008 5782">
     <span class='ocr_line' id='line_1_99' title="bbox 412 5709 2008 5782; baseline 0.006 -18"><span class='ocrx_word' id='word_1_763' title='bbox 412 5709 638 5782; x_wconf 87' lang='lat' dir='ltr'>utrique</span> <span class='ocrx_word' id='word_1_764' title='bbox 661 5709 810 5782; x_wconf 86' lang='lat' dir='ltr'>apud</span> <span class='ocrx_word' id='word_1_765' title='bbox 831 5713 889 5768; x_wconf 87' lang='lat' dir='ltr'>te</span> <span class='ocrx_word' id='word_1_766' title='bbox 916 5709 1047 5777; x_wconf 92' lang='lat' dir='ltr'>sint,</span> <span class='ocrx_word' id='word_1_767' title='bbox 1067 5726 1227 5767; x_wconf 84' lang='lat' dir='ltr'>meus</span> <span class='ocrx_word' id='word_1_768' title='bbox 1253 5709 1528 5772; x_wconf 86' lang='lat' dir='ltr'>nimirum</span> <span class='ocrx_word' id='word_1_769' title='bbox 1541 5710 1601 5768; x_wconf 91' lang='lat' dir='ltr'>in</span> <span class='ocrx_word' id='word_1_770' title='bbox 1621 5711 1922 5771; x_wconf 83' lang='lat' dir='ltr'>afflictione</span> <span class='ocrx_word' id='word_1_771' title='bbox 1951 5718 2008 5774; x_wconf 84' lang='lat' dir='ltr'>et</span> 
     </span>
    </p>
   </div>
   <div class='ocr_carea' id='block_1_100' title="bbox 2097 4543 3694 4616">
    <p class='ocr_par' dir='ltr' id='par_1_100' title="bbox 2097 4543 3694 4616">
     <span class='ocr_line' id='line_1_100' title="bbox 2097 4543 3694 4616; baseline 0.001 -20"><span class='ocrx_word' id='word_1_772' title='bbox 2097 4543 2318 4614; x_wconf 90' lang='lat' dir='ltr'>nes,qui</span> <span class='ocrx_word' id='word_1_773' title='bbox 2344 4549 2474 4598; x_wconf 90' lang='lat' dir='ltr'>ante</span> <span class='ocrx_word' id='word_1_774' title='bbox 2483 4549 2540 4598; x_wconf 93' lang='lat' dir='ltr'>te</span> <span class='ocrx_word' id='word_1_775' title='bbox 2556 4545 2909 4600; x_wconf 87' lang='lat' dir='ltr'>exstiterunt.</span> <span class='ocrx_word' id='word_1_776' title='bbox 2934 4545 3138 4616; x_wconf 83' lang='lat' dir='ltr'>Atque,</span> <span class='ocrx_word' id='word_1_777' title='bbox 3157 4561 3190 4600; x_wconf 90' lang='grc' dir='ltr'>ο</span> <span class='ocrx_word' id='word_1_778' title='bbox 3206 4549 3264 4600; x_wconf 87' lang='lat' dir='ltr'>te</span> <span class='ocrx_word' id='word_1_779' title='bbox 3279 4543 3554 4600; x_wconf 85' lang='lat' dir='ltr'>miserum</span> <span class='ocrx_word' id='word_1_780' title='bbox 3589 4545 3602 4598; x_wconf 87' lang='lat'><strong>!</strong></span> <span class='ocrx_word' id='word_1_781' title='bbox 3625 4543 3694 4607; x_wconf 88' lang='lat' dir='ltr'>si,</span> 
     </span>
    </p>
   </div>
   <div class='ocr_carea' id='block_1_101' title="bbox 2095 4629 3702 4706">
    <p class='ocr_par' dir='ltr' id='par_1_101' title="bbox 2095 4629 3702 4706">
     <span class='ocr_line' id='line_1_101' title="bbox 2095 4629 3702 4706; baseline 0.006 -22"><span class='ocrx_word' id='word_1_782' title='bbox 2095 4629 2188 4684; x_wconf 92' lang='lat' dir='ltr'>ubi</span> <span class='ocrx_word' id='word_1_783' title='bbox 2201 4633 2418 4702; x_wconf 90' lang='lat' dir='ltr'>justum</span> <span class='ocrx_word' id='word_1_784' title='bbox 2438 4632 2832 4704; x_wconf 87' lang='lat' dir='ltr'>judicium,acj</span> <span class='ocrx_word' id='word_1_785' title='bbox 2841 4639 2966 4689; x_wconf 88' lang='lat' dir='ltr'>usta</span> <span class='ocrx_word' id='word_1_786' title='bbox 2984 4649 3213 4706; x_wconf 89' lang='lat' dir='ltr'>operum</span> <span class='ocrx_word' id='word_1_787' title='bbox 3227 4649 3445 4689; x_wconf 86' lang='lat' dir='ltr'>merces</span> <span class='ocrx_word' id='word_1_788' title='bbox 3459 4639 3702 4704; x_wconf 55' lang='lat' dir='ltr'>estm-</span> 
     </span>
    </p>
   </div>
   <div class='ocr_carea' id='block_1_102' title="bbox 2091 4721 3702 4796">
    <p class='ocr_par' dir='ltr' id='par_1_102' title="bbox 2091 4721 3702 4796">
     <span class='ocr_line' id='line_1_102' title="bbox 2091 4721 3702 4796; baseline -0.003 -16"><span class='ocrx_word' id='word_1_789' title='bbox 2091 4741 2216 4781; x_wconf 91' lang='lat' dir='ltr'>vem</span> <span class='ocrx_word' id='word_1_790' title='bbox 2235 4722 2447 4796; x_wconf 88' lang='lat' dir='ltr'>peccati</span> <span class='ocrx_word' id='word_1_791' title='bbox 2475 4723 2750 4778; x_wconf 88' lang='lat' dir='ltr'>sarcinam</span> <span class='ocrx_word' id='word_1_792' title='bbox 2769 4729 2956 4779; x_wconf 88' lang='lat' dir='ltr'>tecum</span> <span class='ocrx_word' id='word_1_793' title='bbox 2983 4724 3168 4778; x_wconf 87' lang='lat' dir='ltr'>ferens</span> <span class='ocrx_word' id='word_1_794' title='bbox 3195 4721 3385 4787; x_wconf 86' lang='lat' dir='ltr'>abeas,</span> <span class='ocrx_word' id='word_1_795' title='bbox 3417 4738 3525 4778; x_wconf 90' lang='lat' dir='ltr'>nec</span> <span class='ocrx_word' id='word_1_796' title='bbox 3571 4736 3702 4776; x_wconf 85' lang='lat' dir='ltr'>eam</span> 
     </span>
    </p>
   </div>
   <div class='ocr_carea' id='block_1_103' title="bbox 2093 4812 3376 4887">
    <p class='ocr_par' dir='ltr' id='par_1_103' title="bbox 2093 4812 3376 4887">
     <span class='ocr_line' id='line_1_103' title="bbox 2093 4812 3376 4887; baseline -0.002 -18"><span class='ocrx_word' id='word_1_797' title='bbox 2093 4814 2252 4887; x_wconf 77' lang='lat' dir='ltr'>prius</span> <span class='ocrx_word' id='word_1_798' title='bbox 2281 4813 2571 4884; x_wconf 89' lang='lat' dir='ltr'>abjeceris,</span> <span class='ocrx_word' id='word_1_799' title='bbox 2599 4829 2724 4869; x_wconf 91' lang='lat' dir='ltr'>cum</span> <span class='ocrx_word' id='word_1_800' title='bbox 2754 4813 2997 4886; x_wconf 83' lang='lat' dir='ltr'>abjicere</span> <span class='ocrx_word' id='word_1_801' title='bbox 3020 4812 3262 4886; x_wconf 87' lang='lat' dir='ltr'>proclive</span> <span class='ocrx_word' id='word_1_802' title='bbox 3283 4813 3376 4868; x_wconf 88' lang='lat' dir='ltr'>sit.</span> 
     </span>
    </p>
   </div>
   <div class='ocr_carea' id='block_1_104' title="bbox 2163 4901 3704 4976">
    <p class='ocr_par' dir='ltr' id='par_1_104' title="bbox 2163 4901 3704 4976">
     <span class='ocr_line' id='line_1_104' title="bbox 2163 4901 3704 4976; baseline -0.001 -16"><span class='ocrx_word' id='word_1_803' title='bbox 2163 4905 2387 4960; x_wconf 89' lang='lat' dir='ltr'>Nachor</span> <span class='ocrx_word' id='word_1_804' title='bbox 2399 4903 2590 4976; x_wconf 91' lang='lat' dir='ltr'>itaque</span> <span class='ocrx_word' id='word_1_805' title='bbox 2607 4903 2677 4959; x_wconf 91' lang='lat' dir='ltr'>ob</span> <span class='ocrx_word' id='word_1_806' title='bbox 2695 4903 3018 4976; x_wconf 85' lang='lat' dir='ltr'>hujusmodi</span> <span class='ocrx_word' id='word_1_807' title='bbox 3031 4919 3323 4959; x_wconf 83' lang='lat' dir='ltr'>sermones</span> <span class='ocrx_word' id='word_1_808' title='bbox 3340 4901 3536 4974; x_wconf 79' lang='lat' dir='ltr'>animo</span> <span class='ocrx_word' id='word_1_809' title='bbox 3550 4919 3704 4958; x_wconf 80' lang='lat' dir='ltr'>com-</span> 
     </span>
    </p>
   </div>
   <div class='ocr_carea' id='block_1_105' title="bbox 2095 4992 3698 5067">
    <p class='ocr_par' dir='ltr' id='par_1_105' title="bbox 2095 4992 3698 5067">
     <span class='ocr_line' id='line_1_105' title="bbox 2095 4992 3698 5067; baseline -0.002 -17"><span class='ocrx_word' id='word_1_810' title='bbox 2095 4999 2354 5067; x_wconf 89' lang='lat' dir='ltr'>punctus,</span> <span class='ocrx_word' id='word_1_811' title='bbox 2389 4994 2478 5050; x_wconf 85' lang='lat' dir='ltr'>bis</span> <span class='ocrx_word' id='word_1_812' title='bbox 2505 4993 2686 5049; x_wconf 88' lang='lat' dir='ltr'>verbis</span> <span class='ocrx_word' id='word_1_813' title='bbox 2717 5010 2856 5050; x_wconf 88' lang='lat' dir='ltr'>usus</span> <span class='ocrx_word' id='word_1_814' title='bbox 2881 4999 2971 5050; x_wconf 92' lang='lat' dir='ltr'>est</span> <span class='ocrx_word' id='word_1_815' title='bbox 2998 5011 3010 5047; x_wconf 89' lang='lat'><strong>:</strong></span> <span class='ocrx_word' id='word_1_816' title='bbox 3064 4993 3236 5049; x_wconf 88' lang='lat' dir='ltr'>Recte</span> <span class='ocrx_word' id='word_1_817' title='bbox 3265 4992 3482 5064; x_wconf 69' lang='lat' dir='ltr'>dixisti,</span> <span class='ocrx_word' id='word_1_818' title='bbox 3511 5009 3546 5048; x_wconf 88' lang='grc' dir='ltr'><strong>ο</strong></span> <span class='ocrx_word' id='word_1_819' title='bbox 3573 5009 3698 5061; x_wconf 87' lang='lat' dir='ltr'>rex,</span> 
     </span>
    </p>
   </div>
   <div class='ocr_carea' id='block_1_106' title="bbox 2093 5081 3702 5157">
    <p class='ocr_par' dir='ltr' id='par_1_106' title="bbox 2093 5081 3702 5157">
     <span class='ocr_line' id='line_1_106' title="bbox 2093 5081 3702 5157; baseline -0.002 -18"><span class='ocrx_word' id='word_1_820' title='bbox 2093 5091 2243 5140; x_wconf 88' lang='lat' dir='ltr'>recte</span> <span class='ocrx_word' id='word_1_821' title='bbox 2262 5084 2493 5157; x_wconf 87' lang='lat' dir='ltr'>inquam</span> <span class='ocrx_word' id='word_1_822' title='bbox 2541 5085 2684 5140; x_wconf 87' lang='lat' dir='ltr'>Nam</span> <span class='ocrx_word' id='word_1_823' title='bbox 2717 5084 2836 5157; x_wconf 89' lang='lat' dir='ltr'>ipse</span> <span class='ocrx_word' id='word_1_824' title='bbox 2871 5099 3096 5155; x_wconf 88' lang='lat' dir='ltr'>quoque</span> <span class='ocrx_word' id='word_1_825' title='bbox 3139 5099 3333 5138; x_wconf 84' lang='lat' dir='ltr'>verum</span> <span class='ocrx_word' id='word_1_826' title='bbox 3362 5081 3702 5138; x_wconf 74' lang='lat' dir='ltr'>et&#39;ab&#39;bmni</span> 
     </span>
    </p>
   </div>
   <div class='ocr_carea' id='block_1_107' title="bbox 2093 5169 3706 5244">
    <p class='ocr_par' dir='ltr' id='par_1_107' title="bbox 2093 5169 3706 5244">
     <span class='ocr_line' id='line_1_107' title="bbox 2093 5169 3706 5244; baseline -0.002 -15"><span class='ocrx_word' id='word_1_827' title='bbox 2093 5173 2382 5230; x_wconf 87' lang='lat' dir='ltr'>mendacio</span> <span class='ocrx_word' id='word_1_828' title='bbox 2437 5172 2682 5228; x_wconf 89' lang='lat' dir='ltr'>alienum</span> <span class='ocrx_word' id='word_1_829' title='bbox 2735 5171 2934 5236; x_wconf 90' lang='lat' dir='ltr'>Deum,</span> <span class='ocrx_word' id='word_1_830' title='bbox 2973 5187 3074 5243; x_wconf 85' lang='lat' dir='ltr'>per</span> <span class='ocrx_word' id='word_1_831' title='bbox 3103 5187 3268 5244; x_wconf 90' lang='lat' dir='ltr'>quem</span> <span class='ocrx_word' id='word_1_832' title='bbox 3323 5169 3519 5226; x_wconf 87' lang='lat' dir='ltr'>omnia</span> <span class='ocrx_word' id='word_1_833' title='bbox 3545 5169 3706 5226; x_wconf 82' lang='lat' dir='ltr'>facta</span> 
     </span>
    </p>
   </div>
   <div class='ocr_carea' id='block_1_108' title="bbox 2093 5253 3706 5334">
    <p class='ocr_par' dir='ltr' id='par_1_108' title="bbox 2093 5253 3706 5334">
     <span class='ocr_line' id='line_1_108' title="bbox 2093 5253 3706 5334; baseline -0.002 -16"><span class='ocrx_word' id='word_1_834' title='bbox 2093 5269 2245 5328; x_wconf 88' lang='lat' dir='ltr'>sunt,</span> <span class='ocrx_word' id='word_1_835' title='bbox 2277 5262 2403 5318; x_wconf 91' lang='lat' dir='ltr'>novi</span> <span class='ocrx_word' id='word_1_836' title='bbox 2439 5280 2452 5329; x_wconf 91' lang='lat'><strong>;</strong></span> <span class='ocrx_word' id='word_1_837' title='bbox 2483 5268 2654 5334; x_wconf 88' lang='lat' dir='ltr'>atque</span> <span class='ocrx_word' id='word_1_838' title='bbox 2680 5261 2817 5316; x_wconf 88' lang='lat' dir='ltr'>item</span> <span class='ocrx_word' id='word_1_839' title='bbox 2859 5253 3115 5316; x_wconf 85' lang='lat' dir='ltr'>futurum</span> <span class='ocrx_word' id='word_1_840' title='bbox 3149 5259 3428 5332; x_wconf 90' lang='lat' dir='ltr'>judicium</span> <span class='ocrx_word' id='word_1_841' title='bbox 3449 5260 3588 5326; x_wconf 86' lang='lat' dir='ltr'>scio,</span> <span class='ocrx_word' id='word_1_842' title='bbox 3629 5276 3706 5314; x_wconf 85' lang='lat' dir='ltr'>ex</span> 
     </span>
    </p>
   </div>
   <div class='ocr_carea' id='block_1_109' title="bbox 2092 5347 3697 5422">
    <p class='ocr_par' dir='ltr' id='par_1_109' title="bbox 2092 5347 3697 5422">
     <span class='ocr_line' id='line_1_109' title="bbox 2092 5347 3697 5422; baseline -0.002 -14"><span class='ocrx_word' id='word_1_843' title='bbox 2092 5352 2286 5408; x_wconf 86' lang='lat' dir='ltr'>multis</span> <span class='ocrx_word' id='word_1_844' title='bbox 2316 5351 2574 5406; x_wconf 89' lang='lat' dir='ltr'>videlicet</span> <span class='ocrx_word' id='word_1_845' title='bbox 2620 5349 2922 5422; x_wconf 70' lang='lat' dir='ltr'>Scriptum</span> <span class='ocrx_word' id='word_1_846' title='bbox 2945 5365 3120 5404; x_wconf 74' lang='lat' dir='ltr'>sacrae</span> <span class='ocrx_word' id='word_1_847' title='bbox 3147 5347 3330 5403; x_wconf 86' lang='lat' dir='ltr'>verbis</span> <span class='ocrx_word' id='word_1_848' title='bbox 3359 5348 3415 5403; x_wconf 85' lang='lat' dir='ltr'>id</span> <span class='ocrx_word' id='word_1_849' title='bbox 3433 5348 3697 5416; x_wconf 87' lang='lat' dir='ltr'>edoctus,</span> 
     </span>
    </p>
   </div>
   <div class='ocr_carea' id='block_1_110' title="bbox 2091 5437 3707 5514">
    <p class='ocr_par' dir='ltr' id='par_1_110' title="bbox 2091 5437 3707 5514">
     <span class='ocr_line' id='line_1_110' title="bbox 2091 5437 3707 5514; baseline -0.001 -18"><span class='ocrx_word' id='word_1_850' title='bbox 2091 5459 2282 5498; x_wconf 90' lang='lat' dir='ltr'>verum</span> <span class='ocrx_word' id='word_1_851' title='bbox 2309 5439 2944 5514; x_wconf 87' lang='lat' dir='ltr'>improbaconsuetudo,</span> <span class='ocrx_word' id='word_1_852' title='bbox 2969 5445 3140 5510; x_wconf 88' lang='lat' dir='ltr'>atque</span> <span class='ocrx_word' id='word_1_853' title='bbox 3169 5437 3387 5510; x_wconf 87' lang='lat' dir='ltr'>antiqui</span> <span class='ocrx_word' id='word_1_854' title='bbox 3424 5437 3707 5510; x_wconf 78' lang='lat' dir='ltr'>supplan-</span> 
     </span>
    </p>
   </div>
   <div class='ocr_carea' id='block_1_111' title="bbox 2088 5527 3705 5600">
    <p class='ocr_par' dir='ltr' id='par_1_111' title="bbox 2088 5527 3705 5600">
     <span class='ocr_line' id='line_1_111' title="bbox 2088 5527 3705 5600; baseline -0.002 -12"><span class='ocrx_word' id='word_1_855' title='bbox 2088 5531 2290 5588; x_wconf 88' lang='lat' dir='ltr'>tatoris</span> <span class='ocrx_word' id='word_1_856' title='bbox 2303 5530 2554 5586; x_wconf 88' lang='lat' dir='ltr'>versutia</span> <span class='ocrx_word' id='word_1_857' title='bbox 2567 5529 2750 5586; x_wconf 88' lang='lat' dir='ltr'>cordis</span> <span class='ocrx_word' id='word_1_858' title='bbox 2761 5528 2873 5585; x_wconf 88' lang='lat' dir='ltr'>mei</span> <span class='ocrx_word' id='word_1_859' title='bbox 2893 5529 3085 5584; x_wconf 89' lang='lat' dir='ltr'>oculos</span> <span class='ocrx_word' id='word_1_860' title='bbox 3095 5527 3338 5591; x_wconf 73' lang='lat' dir='ltr'>caecavit,</span> <span class='ocrx_word' id='word_1_861' title='bbox 3372 5527 3705 5600; x_wconf 84' lang='lat' dir='ltr'>densasque</span> 
     </span>
    </p>
   </div>
   <div class='ocr_carea' id='block_1_112' title="bbox 2089 5615 3702 5706">
    <p class='ocr_par' dir='ltr' id='par_1_112' title="bbox 2089 5615 3702 5706">
     <span class='ocr_line' id='line_1_112' title="bbox 2089 5615 3702 5706; baseline -0.001 -30"><span class='ocrx_word' id='word_1_862' title='bbox 2089 5619 2277 5677; x_wconf 87' lang='lat' dir='ltr'>animo</span> <span class='ocrx_word' id='word_1_863' title='bbox 2307 5637 2432 5676; x_wconf 89' lang='lat' dir='ltr'>meo</span> <span class='ocrx_word' id='word_1_864' title='bbox 2461 5618 2722 5676; x_wconf 84' lang='lat' dir='ltr'>tenebras</span> <span class='ocrx_word' id='word_1_865' title='bbox 2737 5617 2954 5674; x_wconf 74' lang='lat' dir='ltr'>offudit.</span> <span class='ocrx_word' id='word_1_866' title='bbox 2979 5619 3142 5676; x_wconf 90' lang='lat' dir='ltr'>Nunc</span> <span class='ocrx_word' id='word_1_867' title='bbox 3158 5623 3256 5674; x_wconf 82' lang='lat' dir='ltr'>aut</span> <span class='ocrx_word' id='word_1_868' title='bbox 3271 5615 3316 5706; x_wconf 56' lang='grc' dir='ltr'>ξς</span> <span class='ocrx_word' id='word_1_869' title='bbox 3334 5634 3349 5670; x_wconf 72' lang='grc' dir='ltr'>ι</span> <span class='ocrx_word' id='word_1_870' title='bbox 3365 5615 3438 5673; x_wconf 85' lang='lat' dir='ltr'>ad</span> <span class='ocrx_word' id='word_1_871' title='bbox 3449 5615 3702 5706; x_wconf 76' lang='lat' dir='ltr'>verbum</span> 
     </span>
    </p>
   </div>
   <div class='ocr_carea' id='block_1_113' title="bbox 2085 5702 3701 5784">
    <p class='ocr_par' dir='ltr' id='par_1_113' title="bbox 2085 5702 3701 5784">
     <span class='ocr_line' id='line_1_113' title="bbox 2085 5702 3701 5784; baseline -0.003 -12"><span class='ocrx_word' id='word_1_872' title='bbox 2085 5717 2251 5772; x_wconf 87' lang='lat' dir='ltr'>tuum</span> <span class='ocrx_word' id='word_1_873' title='bbox 2273 5710 2490 5784; x_wconf 85' lang='lat' dir='ltr'>abjecto</span> <span class='ocrx_word' id='word_1_874' title='bbox 2503 5707 3178 5782; x_wconf 79' lang='lat' dir='ltr'>tenebrosovelamine,ad</span> <span class='ocrx_word' id='word_1_875' title='bbox 3195 5702 3282 5766; x_wconf 55' lang='lat' dir='ltr'>vi;</span> <span class='ocrx_word' id='word_1_876' title='bbox 3299 5702 3328 5765; x_wconf 68' lang='grc' dir='ltr'>ζ·</span> <span class='ocrx_word' id='word_1_877' title='bbox 3494 5702 3500 5706; x_wconf 69' lang='grc'>⁷</span> <span class='ocrx_word' id='word_1_878' title='bbox 3557 5741 3560 5746; x_wconf 96' lang='grc'><strong>-</strong></span> <span class='ocrx_word' id='word_1_879' title='bbox 3614 5706 3701 5767; x_wconf 81' lang='lat' dir='ltr'>ici</span> 
     </span>
    </p>
   </div>
  </div>
