3876 6190
198 382 284 441 557
566 380 736 435 VITA
773 376 1214 433 SANGTORUM
1252 376 1597 435 BARLAAM
1634 336 1973 434 EREMIT‘IE
2011 376 2099 430 ET
2136 373 2505 431 JOSAPHAT
2542 378 2762 434 lNDLE
2800 378 3033 437 REGIS.
3335 385 3437 444 558

199 512 352 563 lucem
382 521 701 561 accurram:
734 503 971 557 fortasse
1021 503 1172 559 enim
1222 503 1333 557 mei
1375 501 2107 575 miserebitur,Aexposcit.
2164 500 2432 556 Sacerdos
2489 502 2695 575 itaque,
2768 511 2961 577 utpote
3009 507 3196 565 divina
3246 511 3435 582 gratia

194 595 615 669 pcenitentiaeque
629 595 866 664 januam
885 591 1291 662 mihiimprobo
1308 608 1372 646 ac
1388 592 1582 646 rebelli
1605 609 1762 647 servo
1846 591 2066 661 plenus,
2101 590 2389 660 ingentem
2420 591 2607 654 animo
2633 594 2978 665 voluptatem
3010 597 3175 670 cepit,
3195 616 3439 671 eumque

196 685 401 756 aperiet.
431 684 764 753 Quanquam
796 681 938 735 mihi
966 680 1087 734 fieri
1116 697 1231 734 non
1270 698 1430 751 posse
1452 681 1673 736 videtur
1701 686 1764 734 ut
1856 679 2169 745 confestim,
2195 685 2260 733 ut
2292 697 2412 733 mos
2456 679 2689 748 ferebat,
2737 700 2837 753 per
2875 685 2992 739 dies
3035 686 3181 742 haud
3228 704 3437 759 paucos

197 781 515 844 peccatorum
548 788 824 835 meorum,
861 786 984 839 quae
1014 786 1186 823 arena
1215 771 1477 839 graviora
1510 776 1663 835 sunt,
1706 774 1763 824 et
1848 767 2176 822 Christianae
2197 768 2651 824 fiderudimentis
2672 770 3015 841 institutum,
3036 775 3223 830 divino
3249 782 3360 843 3|
3387 783 3430 844 ι

195 879 360 917 eorum
386 878 505 932 qua:
524 866 647 915 tum
674 860 854 914 sciens
878 865 1002 913 tum
1021 859 1288 929 ignorans
1318 859 1652 931 perpetravi,
1674 875 1763 912 ve-
1845 855 2180 927 baptismate
2208 858 2424 928 perlicit
2449 858 2507 911 in
2537 859 2764 913 nomine
2794 862 2976 915 Patris
2997 869 3053 917 et
3080 864 3204 918 Filii
3235 871 3292 919 et
3313 866 3440 938 Spi-

197 952 325 1005 niam
346 949 644 1005 obtineam.
1843 945 1987 999 ritus
2008 946 2186 999 sancti
2212 947 2405 1013 (Marc.
2438 950 2587 1015 ult.).
2614 948 2823 1002 Mansit
2849 956 3037 1005 autem
3059 969 3187 1007 cum
3216 953 3309 1008 illo
3334 955 3445 1009 Na-

250 1041 355 1094 llac
382 1039 633 1093 oratione
666 1038 877 1103 audita,
907 1037 1054 1107 regis
1083 1036 1233 1091 filius
1263 1037 1455 1091 statim
1489 1037 1758 1107 exsurgit,
1843 1034 1994 1099 chor,
2030 1040 2301 1106 perpetua
2330 1035 2399 1088 ob
2429 1052 2495 1089 ea
2526 1042 2754 1108 peccata
2784 1055 2906 1109 quae
2947 1047 3301 1112 perpetraret
3328 1060 3443 1115 poe-

189 1138 335 1200 atque
353 1128 540 1182 animo
565 1127 868 1192 incalescit,
890 1127 1257 1197 animumque
1278 1126 1550 1180 Nachoris
1571 1125 1641 1180 ad
1671 1126 1764 1179 de-

193 1219 540 1288 sperationem
556 1216 996 1287 propendentem
1010 1232 1342 1287 recuperare
1362 1220 1533 1286 atque
1545 1214 1760 1286 erigere

190 1307 375 1377 incipit.
410 1306 584 1360 Nulla
605 1305 775 1371 enim,
820 1322 852 1358 ο
880 1305 1123 1370 Nachor,
1157 1304 1360 1375 inquit,
1386 1304 1541 1358 nulla
1570 1304 1640 1358 de
1661 1304 1764 1358 hac

188 1414 235 1449 re
278 1394 546 1449 dubitatio
596 1394 849 1448 animum
893 1398 1055 1449 tuum
1095 1393 1311 1448 subeat.
1354 1394 1633 1464 Scriptum
1680 1398 1764 1447 est

187 1486 294 1539 enin
312 1484 497 1553 (Joan.
522 1488 646 1551 νηί)
677 1500 841 1554 posse
862 1484 1041 1538 Deum
1062 1483 1232 1537 etiam
1273 1499 1339 1536 ex
1369 1482 1456 1537 his
1485 1482 1763 1553 lapidibus

185 1573 394 1628 excitare
415 1572 569 1637 filios
590 1572 848 1626 Abrahae.
868 1572 1028 1636 Quod
1050 1571 1300 1642 quidem,
1322 1578 1385 1625 ut
1404 1570 1591 1625 aiebat
1604 1577 1764 1643 pater

186 1662 435 1727 Barlaam,
462 1662 601 1733 quid
620 1660 773 1715 aliud
795 1667 897 1728 est,
925 1677 1093 1732 quam
1125 1659 1272 1731 quod
1300 1660 1557 1715 homines
1577 1660 1763 1733 deplo-

1844 1123 2329 1190 nitudineductus,
2353 1125 2646 1196 Deumque
2667 1125 3017 1196 benedicens,
3046 1131 3139 1203 qui
3158 1131 3441 1188 neminem

1842 1213 2025 1283 perire
2042 1213 2378 1281 vult,verum
2390 1215 2641 1269 omnium
2654 1216 3100 1287 resipiscentiam
3129 1228 3430 1292 exspectat,

1844 1308 2013 1373 atque
2043 1319 2139 1357 eos
2168 1303 2262 1374 qui
2295 1304 2682 1374 paenitentiam
2712 1312 2891 1376 agunt
2915 1307 3159 1363 humane
3186 1324 3252 1365 ac
3283 1309 3442 1365 beni-

1841 1408 1952 1461 gne
1974 1392 2177 1462 excipit
2208 1394 2288 1460 (II
2314 1395 2417 1447 Pet.
2445 1408 2509 1447 ΠΙ
2537 1395 2762 1457 ;Ezech.
2796 1406 2977 1467 XVIII).

1920 1481 2034 1538 Rex
2062 1487 2271 1547 autem,
2297 1498 2425 1536 cum
2446 1483 2514 1536 de
2545 1483 2815 1539 Nachoris
2845 1486 3014 1541 rebus
3044 1505 3211 1543 mane
3239 1490 3447 1546 certior

1845 1568 2022 1622 factus
2071 1569 2286 1637 fuisset,
2333 1586 2397 1623 ac
2437 1587 2533 1641 spe
2570 1587 2672 1625 sua
2714 1572 3028 1643 excidisset,
3074 1582 3131 1631 et
3168 1585 3443 1650 praeterea

1845 1656 2125 1727 sapientes
2164 1674 2292 1712 suos
2336 1675 2399 1711 ac
2446 1658 2675 1713 stolidos
2720 1667 2971 1716 oratores
3027 1665 3182 1719 nullo
3217 1667 3442 1738 negotio

185 1759 298 1807 rate
314 1751 694 1823 improbitatis
705 1755 876 1821 atque
890 1749 1043 1804 omni
1064 1749 1380 1821 iniquitatis
1398 1766 1605 1819 genere
1626 1766 1759 1803 con-
1844 1751 2139 1815 superatos
2160 1746 2330 1801 fuisse
2350 1748 2813 1818 conspexisset,in
2835 1767 3037 1823 magna
3055 1754 3231 1809 animi
3248 1756 3442 1810 anxie-

184 1841 413 1895 taminati
445 1842 694 1895 salutem
733 1839 997 1910 consequi
1025 1839 1261 1910 possint.
1300 1838 1619 1911 Christique
1660 1838 1819 1913 filii“
1841 1839 1959 1889 tate
1977 1834 2328 1903 versabatur;
2359 1853 2583 1907 eosque,
2609 1855 2734 1892 cum
2755 1856 2952 1911 graves
2974 1842 3129 1913 prius
3147 1851 3440 1901 contume-

181 1929 320 1995 eﬂici,
352 1931 443 2001 qui
472 1947 579 2001 pro
602 1946 707 1984 sua
723 1946 945 1984 summa
974 1934 1032 1983 et
1055 1927 1369 1983 incredibili
1398 1927 1750 1982 humanitate
1774 1897 1820 1957 Β
1846 1922 1949 1977 lias
1968 1940 2033 1979 ac
2052 1923 2323 1979 dedecora
2358 1924 2494 1996 ipsis
2522 1925 2824 1995 intulisset,
2856 1947 2919 1985 ac
2948 1933 3247 1987 nonnullos
3267 1934 3440 1989 etiam

181 2018 407 2074 omnibus
429 2036 560 2074 sese
583 2020 654 2073 ad
679 2019 969 2074 meliorem
996 2019 1212 2089 frugem
1234 2017 1634 2088 recipientibus
1655 2034 1760 2072 σω·-
1843 2010 2066 2067 bubulis
2097 2013 2282 2067 nervis
2310 2021 2555 2069 atrocem
2586 2016 2645 2070 in
2675 2018 2903 2073 modum
2934 2020 3254 2090 lacerasset,
3289 2023 3440 2095 ipso-

182 2108 324 2163 lestes
334 2114 530 2179 portas
546 2108 811 2180 patefecit
829 2108 1059 2178 ’tNeque
1075 2106 1222 2161 enim
1247 2106 1509 2178 cuiquam
1528 2107 1757 2161 omnino
1842 2118 2083 2173 rumque
2099 2103 2287 2158 oculos
2304 2104 2538 2175 tuligine
2550 2105 2837 2174 illevisset,
2864 2125 2899 2163 a
2918 2127 2975 2164 se
2993 2110 3289 2183 ablegavit.
3314 2113 3441 2186 Ipse

181 2197 347 2251 salutis
365 2197 591 2252 aditum
611 2197 911 2268 praeclusit,
939 2213 1134 2252 verum
1174 2213 1269 2250 eos
1300 2213 1440 2267 quos
1470 2196 1752 2251 scelerum

180 2286 382 2357 penitet
408 2286 767 2341 misericordi
793 2286 984 2340 animo
1007 2285 1258 2356 suscipit;
1287 2284 1356 2338 ob
1369 2301 1605 2357 eamque
1627 2302 1757 2340 cau-

180 2391 278 2429 sam
304 2377 367 2430 iis
390 2376 498 2446 qui
525 2377 668 2429 hora
690 2374 890 2446 prima,
924 2381 981 2429 et
1004 2374 1193 2440 tertia,
1227 2379 1283 2428 et
1294 2379 1464 2439 sexta,
1500 2380 1557 2428 et
1582 2391 1750 2440 nona,

181 2476 227 2516 et
246 2465 536 2520 undecima
563 2465 636 2519 ad
676 2465 894 2519 vineam
925 2469 1302 2529 accesserunt,
1334 2480 1495 2532 aequa
1542 2480 1755 2518 merces

178 2554 505 2619 attribuitur,
528 2553 1003 2625 quemadmodum
1024 2552 1368 2624 Evangelicis
1388 2553 1610 2625 scriptis
1631 2569 1756 2623 pro—

179 2641 329 2696 ditum
358 2649 444 2697 est
476 2644 692 2705 (Matth.
725 2646 840 2705 xx).
871 2644 951 2696 Ac
974 2642 1215 2712 proinde
1245 2641 1466 2696 etiamsi
1493 2642 1565 2696 ad
1605 2643 1754 2699 hunc

179 2748 327 2802 usque
353 2733 509 2787 diem
538 2731 596 2785 in
621 2731 864 2803 peccatis
892 2731 1272 2797 consenueris,
1304 2738 1497 2786 tamen
1549 2732 1596 2786 si
1641 2732 1753 2785 fer-

178 2822 299 2874 venti
326 2823 519 2876 animo
552 2821 803 2885 accedas,
847 2821 1043 2876 eadem
1088 2838 1210 2892 quae
1242 2821 1281 2874 ii
1314 2820 1408 2891 qui
1458 2820 1527 2874 ab
1558 2821 1749 2874 adole-

176 2911 358 2965 scentia
404 2918 701 2966 certamen
748 2909 1041 2965 subierunt
1092 2909 1326 2981 pmmia
1364 2910 1744 2980 consequeris.

177 2999 283 3053 Haec
308 3006 361 3055 et
384 3001 577 3055 multa
601 3000 715 3053 alia
742 3016 868 3054 cum
889 2998 1272 3054 divinissimus
1292 2998 1515 3070 juvenis
1541 2999 1611 3053 ad
1633 2999 1748 3053 Na-

173 3088 365 3144 chorem
386 3091 443 3144 in
472 3089 643 3144 malis
665 3090 1037 3143 inveteratum
1063 3087 1133 3141 de
1170 3088 1501 3158 pmnitentia
1528 3088 1747 3142 locutus

173 3178 361 3247 fuisset,
392 3179 623 3251 ipsique
650 3178 872 3233 veniam
903 3177 1312 3248 spopondisset,
1348 3176 1748 3250 Christumque

174 3266 359 3322 facilem
387 3286 450 3323 ac
485 3267 796 3339 propitium
824 3266 932 3338 ipsi
960 3266 1077 3321 fore
1107 3265 1474 3343 promisisset,
1498 3266 1747 3338 illudque

172 3373 254 3425 pro
278 3366 420 3413 certo
449 3359 814 3422 affirmasset,
840 3371 1090 3430 eumpro
1119 3372 1221 3410 sua
1246 3354 1497 3410 bonitate
1526 3372 1748 3427 semper

173 3448 447 3516 peccatoris
508 3446 901 3519 paenitentiam
957 3444 1237 3516 suscipere
1288 3451 1550 3516 paratum
1601 3461 1742 3511 esse,

170 3551 345 3605 aegram
372 3537 560 3608 ipsius
589 3535 857 3601 animam,
888 3540 1164 3606 tanquam
1186 3533 1610 3588 medicamentis
1630 3534 1749 3605 qui-

172 3622 373 3680 busdam
404 3626 726 3691 emolliens,
749 3625 930 3696 ipsum
954 3640 1183 3696 prorsus
1203 3622 1263 3678 in
1282 3623 1581 3678 sanitatem
1603 3639 1750 3677 asse-

170 3715 279 3769 ruit.

225 3804 413 3860 Statim
442 3804 605 3861 enim
626 3802 699 3857 ad
731 3819 861 3857 eum
888 3801 1112 3858 Nachor
1140 3801 1310 3856 dixit:
1337 3802 1419 3855 Tu
1450 3800 1695 3872 quidem,
1715 3818 1747 3855 o
1805 3859 1808 3865 ,

166 3893 329 3949 animo
355 3895 540 3950 etiam
572 3908 742 3964 quam
764 3908 997 3962 corpore
1017 3890 1274 3955 nobilior,
1294 3889 1390 3960 qui
1407 3889 1749 3944 admirabili-

167 3979 252 4036 bus
269 3983 350 4038 his
378 3982 675 4056 mysteriis
693 3982 959 4054 praeclare
978 3979 1230 4035 imbutus
1251 3997 1330 4046 es,
1345 3979 1415 4034 ad
1435 3985 1747 4034 extremum

165 4087 319 4143 usque
345 4074 403 4129 in
436 4073 716 4145 praeclara
743 4070 1088 4126 confessione
1118 4069 1283 4139 velim
1328 4085 1560 4123 maneas
1588 4112 1601 4136 ,
1643 4086 1747 4124 nec

163 4176 269 4216 eam
294 4170 391 4219 aut
418 4165 610 4219 ullum
656 4167 899 4233 tempus,
933 4165 1031 4215 aut
1066 4159 1211 4213 ullus
1237 4159 1436 4212 modus
1461 4175 1492 4212 e
1519 4162 1617 4212 tuo
1644 4174 1743 4231 pe-

162 4256 293 4306 ctore
318 4254 548 4308 evellat.
584 4252 699 4322 Ego
728 4256 919 4305 autem
948 4249 1053 4303 hac
1080 4249 1206 4320 ipsa
1237 4248 1379 4301 hora
1399 4247 1739 4318 proficiscar,

162 4344 214 4392 ut
231 4342 463 4397 salutem
500 4357 689 4395 meam
714 4356 981 4412 quaeram,
999 4337 1251 4408 mihique
1263 4337 1460 4405 Deum,
1486 4352 1650 4407 quem
1672 4336 1742 4390 ad

158 4427 281 4485 iram
306 4430 629 4503 provocavi,
653 4446 756 4502 per
767 4427 1156 4501 paenitentiam
1186 4425 1491 4497 propitium
1524 4442 1588 4479 ac
1614 4425 1741 4479 faci-

1839 2197 2029 2245 autem
2053 2191 2320 2247 falsorum
2342 2193 2577 2247 deorum
2600 2193 3038 2253 imbecillitatem
3061 2200 3331 2255 damnare
3359 2202 3443 2256 in-

1838 2281 2251 2352 coepit,etiamsi
2264 2281 2473 2354 alioqui
2496 2284 2748 2338 nondum
2767 2285 2839 2339 ad
2855 2286 3065 2342 Christi
3079 2289 3261 2344 lucem
3277 2291 3441 2362 plene

1837 2386 1902 2423 ac
1930 2370 2173 2441 perfecte
2211 2372 2399 2425 oculos
2434 2373 2712 2444 conjicere
2748 2374 2807 2428 in
2836 2375 3090 2432 animum
3122 2378 3436 2434 induceret.

1840 2459 2059 2513 Etenim
2086 2460 2260 2514 densa
2291 2460 2546 2531 caliginis
2588 2461 2767 2517 nubes
2811 2463 2915 2535 ipsi
2962 2467 3211 2538 undique
3260 2467 3441 2524 aﬁ‘usa

1837 2547 2019 2602 cordis
2048 2548 2225 2619 ipsius
2255 2550 2442 2603 oculos
2483 2549 2666 2604 adhuc
2713 2553 2963 2608 tenebat.
2997 2554 3276 2611 Craterum
3323 2573 3439 2613 non

1830 2638 1950 2707 jam
1976 2638 2292 2713 sacerdotes
2320 2656 2449 2693 suos
2471 2638 2529 2693 in
2554 2640 2827 2696 honorem
2858 2642 3122 2713 habebat;
3158 2662 3258 2699 nec
3293 2644 3438 2701 festa

1838 2731 1895 2779 et
1916 2710 2183 2782 libamina
2205 2727 2520 2782 simulacris
2540 2729 2657 2783 suis
2678 2732 3002 2803 peragebat,
3030 2749 3227 2789 verum
3249 2735 3440 2790 animo

1837 2815 1894 2868 in
1920 2821 2219 2887 utramque
2249 2823 2467 2888 partem
2491 2818 2784 2874 vacillabat
2809 2840 2821 2874 :
2849 2821 2981 2876 hinc
3011 2823 3282 2878 nimirum
3313 2823 3443 2879 deo-

1833 2921 1958 2958 rum
1989 2922 2221 2959 suorum
2244 2904 2683 2962 imbecillitatem
2699 2907 3047 2982 improbans,
3073 2912 3227 2968 illinc
3247 2918 3440 2968 autem

1834 2992 2176 3063 Evangelicaa
2196 2995 2321 3049 vita
2332 2995 2714 3051 sinceritatem
2735 2999 3003 3054 reformid
3018 3017 3139 3066 ans,
3156 3017 3440 3073 pravaque

1832 3083 2234 3137 consuetudine
2255 3084 2335 3138 ita
2361 3085 2715 3160 constrictus,
2736 3092 2799 3141 ut
2820 3086 2888 3143 ab
2910 3105 2978 3144 ea
3002 3089 3091 3143 vix
3116 3090 3278 3144 avelli
3308 3106 3439 3161 pos-

1832 3176 1933 3225 set.
1956 3172 2241 3244 Siquidem
2266 3190 2660 3244 corporearum
2678 3176 3033 3248 voluptatum
3049 3177 3306 3233 servituti
3324 3194 3443 3234 ma-

1828 3263 2011 3332 jorem
2038 3261 2096 3314 in
2117 3260 2345 3315 modum
2382 3262 2640 3318 addictus
2662 3271 2802 3333 erat,
2826 3266 3158 3339 vitiosisque
3188 3267 3439 3323 affectio-

1831 3350 1996 3404 nibus
2024 3366 2252 3422 prorsus
2266 3368 2496 3423 Operam
2529 3353 2717 3421 dabat,
2753 3355 2958 3427 captivi
2988 3356 3172 3412 instar
3203 3357 3431 3425 ductus,

1832 3444 1999 3511 atque
2030 3438 2240 3510 absque
2272 3440 2417 3506 vino,
2465 3447 2531 3496 ut
2569 3443 2728 3498 Isaiae
2762 3444 2943 3500 verbis
2974 3450 3104 3501 utar
3131 3447 3308 3514 (Isaia:
3333 3449 3434 3517 LI),

1832 3527 2038 3590 ebrius,
2072 3534 2129 3583 et
2151 3527 2220 3582 ab
2250 3527 2508 3600 improba
2530 3533 2935 3589 consuetudine
2968 3539 3242 3609 tanquam
3261 3536 3435 3593 fneno

1832 3617 2076 3690 quodam
2102 3623 2396 3673 retractus.

1902 3707 2043 3762 Cum
2071 3707 2246 3778 igitur
2277 3724 2375 3762 rex
2404 3724 2533 3763 cum
2565 3710 2773 3783 duplici
2819 3713 3157 3784 cogitatione
3182 3715 3254 3770 ad
3282 3716 3437 3771 hunc

1832 3795 2060 3850 modum
2127 3796 2485 3873 luctaretur,
2516 3799 2899 3874 nobilissimus
2945 3801 3123 3874 ipsius
3169 3802 3319 3857 filius
3369 3818 3436 3858 ac

1833 3884 1959 3938 vere
1988 3885 2142 3957 regio
2174 3886 2361 3940 animo
2402 3872 2690 3960 praeditus,
2740 3889 2800 3945 in
2828 3872 2939 3946 suo
2969 3872 3179 3964 palatio
3211 3891 3435 3964 quietus

1830 3972 2086 4046 degebat,
2122 3982 2336 4059 naturae
2356 3993 2471 4033 sua:
2493 3979 2950 4050 generositatem,
2970 3962 3434 4054 modestiamque

1829 4073 1887 4122 et
1915 4069 2289 4124 constantiam
2328 4086 2431 4142 per
2472 4089 2644 4145 opera
2691 4075 2905 4130 cunctis
2945 4075 3255 4131 declarans.
3282 4075 3430 4131 Nam
3531 4077 3549 4091 '

1827 4157 2053 4220 theatra
2082 4163 2138 4212 et
2150 4176 2424 4233 equorum
2451 4162 2779 4230 certamina,
2805 4168 2862 4218 et
2885 4164 3244 4220 venationum
3267 4179 3428 4220 exer-

1827 4245 2140 4309 citationes,
2183 4252 2240 4300 et
2279 4247 2473 4301 inania
2499 4249 2688 4303 omnia
2706 4249 2971 4320 juvenilis
2999 4252 3182 4307 atatis
3213 4251 3422 4319 studia,

1826 4347 1884 4389 et
1924 4334 2265 4406 imposturas
2303 4336 2504 4407 quibus
2550 4336 2710 4391 stulti
2750 4336 2926 4393 animi
2972 4340 3323 4395 deliniuntur
3365 4344 3424 4394 et

1824 4422 2165 4491 inescantur,
2182 4424 2344 4497 nihili
2368 4424 2594 4480 omnino
2617 4425 2876 4495 ducebat;
2897 4445 3092 4485 verum
3109 4446 3175 4485 ex
3208 4426 3422 4484 Christi

160 4517 250 4573 lem
270 4521 534 4576 reddam.
566 4520 691 4574 Non
714 4518 864 4574 enim
892 4516 1145 4589 posthac,
1185 4514 1294 4569 nisi
1322 4514 1426 4569 tibi
1463 4514 1628 4568 aliter
1656 4514 1739 4568 vi-
1753 4543 1800 4603 Β
1822 4512 2103 4567 mandatis
2123 4510 2351 4568 omnino
2372 4514 2671 4585 pendebat,
2697 4532 2765 4572 ac
2785 4516 2972 4572 divino
2992 4535 3184 4574 amore
3204 4517 3420 4574 saucia-

157 4607 519 4681 deatur,regis
539 4608 741 4673 faciem
756 4603 1343 4680 conspiciamJngenti
1360 4610 1550 4659 autem
1565 4603 1740 4681 animi

155 4695 328 4754 latitia
344 4700 589 4755 effectus
610 4697 760 4768 regis
779 4695 1124 4766 filius,atque
1152 4693 1301 4771 hunc
1330 4708 1645 4755 sermonem
1669 4692 1738 4746 li-

154 4782 330 4842 benter
344 4788 658 4860 excipiens,
680 4786 868 4857 ipsum
883 4782 1272 4859 complectitur
1290 4788 1346 4836 et
1365 4782 1733 4847 exosculatur,

150 4877 479 4949 mentisque
515 4874 589 4930 ad
626 4874 805 4931 Deum
829 4872 969 4929 fusis
1009 4868 1287 4947 precibus,
1312 4886 1441 4941 eum
1471 4885 1501 4925 e
1528 4869 1738 4941 palatio

132 5002 135 5005 γ
150 4962 359 5021 emittit.

212 5053 487 5125 Egressus
532 5058 725 5111 autem
764 5052 1021 5119 Nachor,
1058 5051 1248 5107 animo
1277 5055 1643 5121 compunctus
1678 5049 1737 5103 in

148 5140 536 5200 densissimam
550 5142 915 5198 solitudinem
935 5140 1081 5197 cervi
1101 5141 1281 5196 instar
1300 5138 1736 5211 prosiliit,atque

144 5229 195 5285 in
219 5233 482 5290 monachi
500 5230 820 5309 cujusdam,
847 5230 943 5307 qui
958 5228 1257 5287 sacerdotii
1278 5228 1551 5309 dignitate
1576 5244 1737 5283 orna-

143 5322 227 5374 tus
252 5328 393 5389 erat,
436 5306 768 5393 speluncam
792 5337 851 5376 se
893 5319 1107 5377 confert
1136 5319 1195 5373 in
1235 5306 1348 5390 qua
1379 5318 1470 5373 ille
1506 5308 1738 5390 propter

142 5407 528 5475 imminentem
550 5415 765 5466 metum
795 5407 1173 5473 delitescebat.
1196 5409 1381 5479 Atque
1398 5413 1528 5463 ante
1550 5407 1737 5479 ipsum

140 5497 547 5557 ferventissimo
566 5504 793 5573 pectore
818 5498 978 5571 lnmi
993 5515 1117 5577 sese
1138 5496 1428 5569 provolvit,
1447 5495 1733 5569 ipsiusque

138 5588 315 5659 pedes,
338 5590 532 5647 instar
556 5588 814 5645 videlicet
842 5588 1044 5644 veteris
1071 5587 1221 5643 illius
1237 5585 1545 5642 meretricis
1565 5588 1736 5656 (Luca

140 5678 234 5732 rm
302 5678 319 5704 ‘
638 5676 941 5749 perfundit,
984 5692 1049 5731 ac
1093 5675 1345 5732 divinum
1390 5673 1734 5746 baptismum

1822 4608 1934 4664 tus,
1961 4619 2091 4657 eum
2113 4600 2424 4673 expetebat,
2461 4603 2558 4675 qui
2585 4621 2716 4662 vere
2756 4607 3099 4678 expetendus
3128 4613 3232 4676 est,
3263 4611 3419 4662 totus

1820 4690 2005 4745 suavis
2032 4708 2097 4746 ac
2124 4696 2278 4746 totus
2307 4691 2694 4749 desiderabilis
2717 4696 2897 4764 (Cant.
2924 4700 2996 4766 v),
3030 4703 3199 4770 atque
3214 4699 3414 4774 hujus-

1821 4779 1993 4846 modi,
2018 4785 2083 4834 ut
2110 4779 2237 4851 sine
2256 4781 2373 4835 ulla
2392 4782 2688 4838 saturitate
2719 4790 3091 4856 exspectatur.

1892 4869 1957 4924 In
1985 4869 2318 4924 memoriam
2372 4876 2562 4926 autem
2597 4872 2821 4928 rediens
2859 4874 3114 4947 magistri
3158 4879 3246 4935 sui
3275 4881 3418 4938 Bar-

1821 4958 2167 5041 1aam,atque
2184 4959 2358 5031 ipsius
2378 4960 2563 5015 vitam‘
2592 4960 2696 5016 sibi
2717 4967 2847 5018 ante
2863 4964 3053 5021 oculos
3072 4983 3412 5042 proponens,

1819 5047 1998 5120 ipsius
2025 5050 2219 5127 amore
2246 5049 2494 5105 animum
2517 5065 2682 5104 suum
2712 5050 3017 5109 demulceri
3045 5057 3414 5129 sentiebat,ac

1820 5154 2064 5213 quonam
2081 5137 2447 5213 pactoipsum
2462 5137 2690 5205 videret,
2718 5156 2937 5198 summo
2957 5145 3143 5202 studio
3157 5149 3408 5221 curabat;

1818 5232 1986 5300 atque
2027 5227 2202 5300 ipsius
2246 5243 2533 5282 sermones
2570 5226 2692 5283 sine
2728 5230 2844 5285 ulla
2888 5231 3307 5295 intermissione
3350 5240 3412 5296 in

1817 5316 1982 5371 corde
2028 5315 2573 5393 suocircumferens,
2606 5332 2728 5373 erat
2754 5324 3025 5393 tanquam
3055 5325 3224 5383 arbor
3250 5344 3409 5384 secus

1818 5422 2093 5476 aquarum
2122 5388 2389 5460 decursus
2406 5406 2675 5477 plantata,
2692 5388 3409 5488 perpetuoqueirrigata,ac

1825 5494 2186 5567 tempestivos
2228 5495 2455 5550 domino
2494 5496 2709 5553 fructus
2738 5500 2996 5557 efferens.
3028 5503 3233 5560 Multas
3262 5505 3413 5560 enim

1817 5584 2046 5638 animas
2080 5582 2286 5639 diaboli
2316 5584 2532 5657 laqueis
2561 5586 2787 5660 eripuit,
2811 5588 3144 5664 Christoque
3166 5595 3414 5649 servatas

1817 5671 2046 5739 obtulit,
2076 5670 2353 5744 siquidem
2400 5675 2561 5730 multi
2593 5674 2663 5731 ad
2701 5692 2830 5734 eum
2882 5694 3003 5735 sese
3039 5678 3405 5749 conferentes,
