3954 6190
500 380 606 439 559

1513 373 1606 429 DE
1643 372 1832 429 VITIS
1871 372 2167 430 PATRUM
2204 374 2420 433 LIBER
2455 377 2745 434 PRIMUS.

3665 383 3770 440 560

497 505 836 564 salutaribus
857 499 1207 560 sermonibus
1233 499 1582 558 fruebantur.
1617 504 1694 558 Ex
1724 503 1924 575 quibus
1979 506 2155 565 nonA
2175 505 2317 571 veni,
2347 512 2428 572 ut,
2465 507 2536 561 ad
2576 507 2850 562 edendam
2879 507 3026 578 grati
3057 508 3231 563 animi
3271 510 3765 581 signiﬁcationem,

498 597 681 670 pauci,
707 597 838 666 fuga
869 593 1060 649 relicto
1090 609 1279 648 errore
1323 593 1389 647 ad
1423 594 1728 648 salutarem
1774 593 2087 648 doctrinam

495 684 879 741 accurrebant.
905 683 1017 738 Alii
1044 689 1254 748 autem,
1290 681 1456 738 rebus
1488 683 1656 753 hujus
1693 683 1817 738 vitae
1856 683 2087 754 longum

493 776 678 830 valere
701 773 894 845 jussis,
946 773 1313 828 monasticam
1343 772 1659 844 palaestram
1700 771 2083 843 capessebant.

491 866 617 936 Ipse
647 873 836 919 autem
866 863 1214 918 orationibus
1263 868 1320 916 et
1344 861 1576 932 jejuniis
1620 878 1847 933 operam
1896 861 2082 928 dabat,

490 953 911 1023 identidemque
941 952 1084 1007 hanc
1113 969 1299 1006 vocem
1320 951 1388 1005 ad
1412 952 1589 1006 Deum
1619 951 1897 1005 mittebat:
1915 951 1959 1005 Ο
1983 952 2087 1004 Do-

488 1043 642 1098 mine
669 1043 768 1106 mi,
803 1059 835 1097 o
864 1041 1101 1096 Domine
1131 1041 1208 1095 mi
1239 1058 1302 1096 ac
1332 1041 1466 1106 Rex,
1503 1040 1590 1094 cui
1607 1057 1712 1109 ego
1742 1040 1980 1105 credidi,
2013 1041 2084 1094 ad

489 1150 655 1205 quem
681 1149 783 1203 ego
814 1131 1053 1203 profugi,
1097 1137 1266 1202 atque
1297 1147 1485 1185 errore
1509 1129 1779 1184 liberatus
1824 1147 1966 1194 sum,
1994 1129 2081 1183 di-

484 1240 655 1295 gnam
685 1221 894 1275 famulo
914 1226 1012 1274 tuo
1041 1220 1332 1275 Barlaamo
1351 1220 1662 1274 mercedem
1693 1220 1954 1290 repende,
1980 1236 2080 1290 pro

484 1330 548 1368 eo
572 1313 720 1384 quod
748 1314 884 1367 milii
935 1310 1219 1365 oberranti
1256 1317 1332 1378 te,
1367 1311 1461 1381 qui
1491 1311 1598 1374 via,
1640 1311 1755 1364 vita
1789 1317 1844 1364 et
1871 1316 2076 1364 veritas

482 1419 542 1457 es
568 1405 742 1462 (Joan.
792 1409 916 1468 xiv),
947 1400 1371 1455 demonstravit.
1404 1401 1484 1454 Ac
1513 1400 1654 1453 mihi
1684 1400 1788 1454 hoc
1816 1399 2072 1464 concede,

483 1498 549 1546 ut
576 1508 800 1547 rursum
831 1491 988 1546 illum
1021 1491 1078 1544 in
1108 1506 1340 1560 corpore
1381 1491 1662 1560 angelum,
1697 1506 1806 1560 quo
1835 1489 2078 1543 mundus

485 1581 690 1651 dignus
710 1597 822 1636 non
851 1587 937 1635 est
970 1581 1118 1648 (Heb.
1150 1594 1252 1646 x1),
1284 1579 1642 1650 conspiciam,
1677 1584 1844 1649 atque
1865 1595 1990 1632 cum
2014 1595 2079 1632 eo

484 1670 627 1741 quod
673 1670 810 1724 mihi
841 1671 964 1724 vita
1010 1674 1267 1741 superest
1293 1669 1600 1733 conﬁciam,
1643 1673 1708 1721 ut
1754 1667 1878 1722 vitae
1907 1667 2082 1739 ipsius

479 1759 730 1830 vestigiis
760 1759 1045 1825 insistens,
1079 1758 1181 1812 tibi
1211 1759 1328 1813 Deo
1360 1775 1424 1812 ac
1443 1757 1681 1812 Domino
1701 1758 1971 1828 placeam.

553 1850 683 1906 CAP.
716 1851 978 1904 XXIX.—
1005 1850 1082 1902 Eo
1112 1854 1302 1902 autem
1323 1854 1576 1918 tempore
1602 1845 1885 1918 publicum
1907 1845 2077 1899 falso-

478 1955 608 1994 rum
636 1939 869 1993 deorum
891 1938 1094 1992 festum
1127 1937 1184 1991 in
1216 1937 1353 1991 urbe
1383 1938 1481 1990 illa
1511 1941 1650 1990 erat.
1677 1937 1885 2006 Regem
1909 1952 2077 2007 porro

464 2028 611 2083 ‘huic
638 2027 779 2083 festo
824 2028 1095 2082 interesse
1124 2043 1189 2082 ac
1231 2025 1628 2098 copiosissimis
1655 2025 1893 2078 victimis
1941 2025 2078 2078 illud

482 2134 754 2173 exornare
783 2117 1076 2190 Oportebat
1126 2118 1334 2172 Verum
1375 2133 1502 2171 cum
1548 2113 1864 2169 sacerdotes
1893 2115 2077 2185 ipsum

477 2207 536 2262 in
567 2209 802 2263 deorum
833 2209 985 2263 cultu
1012 2224 1240 2279 segnem
1272 2224 1336 2262 ac
1363 2205 1615 2277 tepidum
1643 2221 1764 2260 esse
1790 2204 2075 2275 conspice-

473 2304 621 2364 rent,
653 2299 709 2353 id
737 2298 1095 2364 verebantur,
1125 2315 1195 2352 ne
1224 2297 1296 2351 ad
1325 2297 1600 2368 templum
1622 2295 1809 2349 venire
1830 2293 2076 2364 neglige-

473 2393 580 2452 ret,
605 2387 794 2460 sicque
821 2388 926 2460 ipsi
956 2387 1284 2443 muneribus
1326 2386 1394 2440 iis
1441 2402 1564 2457 quae,
1599 2402 1632 2438 a
1661 2401 1793 2454 rege
1823 2383 2074 2454 accipere

473 2483 897 2544 consueverant,
940 2477 1266 2548 caeterisque
1308 2474 1669 2546 proventibus
1716 2472 2070 2528 orbarentur.

474 2567 781 2638 Surgentes
810 2567 1019 2638 itaque,
1054 2567 1125 2620 ad
1153 2566 1474 2637 speluncam
1504 2564 1784 2636 quandam
1808 2563 1864 2617 in
1880 2563 2074 2617 vastis-

471 2655 617 2712 sima
646 2656 946 2711 solitudine
971 2655 1136 2710 sitam
1151 2654 1599 2726 proﬁciscuntur,
1625 2652 1680 2706 in
1703 2669 1811 2724 qua
1832 2653 1914 2706 vir
1945 2651 2070 2722 qui-

473 2745 605 2799 dam
633 2745 864 2816 magicis
904 2744 1120 2800 artibus
1148 2744 1389 2810 deditus,
1423 2749 1591 2814 atque
1630 2742 1756 2796 fals:
1789 2742 2067 2796 idolorum

472 2835 658 2890 cultus
685 2835 992 2892 acerrimus
1033 2839 1418 2907 prOpugnator
1451 2832 1758 2897 habitabat,
1807 2831 2068 2886 Theudas

469 2927 717 2990 nomine,
761 2944 928 2998 quem
966 2927 1137 2981 etiam
1165 2943 1259 2979 rex
1284 2924 1559 2994 singulari
1590 2924 1799 2976 honore
1829 2921 2072 2991 comple-

471 3016 746 3072 ctebatur.
770 3017 1117 3088 charumque
1133 3015 1466 3085 magistrum
1490 3011 1863 3076 existimabat,
1889 3009 2067 3080 ipsius

468 3107 736 3162 nimirum
787 3106 1064 3161 vaticiniis
1105 3121 1341 3176 regnum
1371 3120 1536 3158 suum
1584 3101 1837 3156 omnium
1871 3115 2065 3154 rerum

469 3198 628 3269 copia
644 3197 863 3262 florere,
889 3202 1059 3268 atque
1079 3195 1136 3249 in
1153 3194 1274 3249 dies
1293 3192 1487 3264 augeri
1500 3191 1710 3246 dicens.
1731 3191 1871 3244 Cum
1890 3188 2067 3258 igitur

465 3287 821 3343 sacerdotum
849 3287 1095 3341 cultores
1127 3285 1197 3339 ad
1227 3285 1410 3355 ipsum
1430 3281 1726 3345 venissent,
1753 3281 1876 3349 ejus
1899 3294 2064 3348 opem

467 3384 636 3450 atque
661 3378 929 3432 auxilium
962 3373 1527 3447 implorabant,eique
1539 3372 1772 3426 deorum
1789 3367 2068 3439 improba-

464 3468 678 3524 tionem
711 3468 769 3522 in
801 3483 969 3538 quam
1001 3483 1097 3520 rex
1118 3464 1394 3518 inciderat
1423 3459 1792 3534 exponebant,
1825 3473 2062 3528 quaeque

466 3558 617 3628 regis
646 3557 794 3612 ﬁlius
829 3555 1070 3620 fecisset,
1114 3559 1172 3609 et
1214 3551 1690 3624 quemadmodum
1734 3548 1960 3601 Nachor
1992 3546 2063 3600 ad

465 3646 642 3718 ipsius
669 3647 1014 3701 voluntatem
1037 3649 1206 3714 atque
1237 3640 1577 3696 sententiam
1607 3637 1930 3692 concionem
1961 3635 2064 3689 ha-

465 3734 696 3790 buisset.
723 3737 803 3789 Ac
835 3735 942 3789 nisi
973 3740 1035 3788 tu
1055 3733 1173 3804 ipse
1189 3732 1397 3795 venias,
1418 3727 1763 3804 inquiebant,
1788 3724 2062 3796 nobisque

468 3841 630 3896 opem
676 3824 895 3889 offeras,
944 3840 1070 3894 spes
1114 3821 1296 3876 omnis
1323 3819 1566 3874 extincta
1617 3821 1720 3874 est,
1770 3813 2062 3884 omnisque

467 3915 702 3968 deorum
736 3914 918 3968 cultus
947 3930 1011 3968 ac
1036 3910 1320 3966 veneratio
1341 3907 1530 3980 periit.
1564 3907 1712 3962 Nam
1739 3908 1801 3959 tu
1834 3903 2062 3958 unicum

465 4002 628 4057 nobis
652 4003 989 4058 calamitatis
1030 4000 1291 4056 solatium
1337 3997 1565 4052 relictus
1603 4012 1680 4057 es,
1717 3999 1885 4065 atque
1915 3993 1971 4046 in
2005 3997 2061 4046 te

464 4107 579 4147 uno
610 4105 737 4164 spes
764 4108 959 4146 omnes
989 4095 1210 4145 nostras
1240 4089 1451 4159 positas
1483 4083 1775 4139 habemus.

533 4182 793 4236 Theudas
836 4181 1028 4252 itaque
1057 4195 1182 4234 cum
1221 4176 1470 4232 satanico
1515 4191 1581 4229 eo
1613 4172 1864 4228 exercitu
1892 4186 2059 4242 quem

462 4289 652 4328 secum
680 4269 922 4324 habebat
945 4270 1001 4324 in
1019 4266 1428 4339 expeditionem
1446 4263 1646 4336 pergit,
1669 4268 1839 4332 atque
1869 4259 2060 4314 adver-

460 4380 558 4418 sus
577 4362 869 4417 veritatem
892 4376 1051 4413 arma
1065 4361 1380 4429 comparat:
1405 4353 1598 4409 accitis
1619 4351 1886 4406 nimirum
1910 4347 2056 4402 mul-

463 4454 534 4508 tis
565 4452 749 4525 pravis
777 4449 1086 4522 spiritibus,
1116 4464 1256 4518 quos
1275 4447 1344 4500 ad
1375 4462 1466 4498 res
1493 4440 1776 4514 improbas
1799 4444 2055 4511 prompte

2170 595 2372 650 festum
2402 613 2515 650 una
2542 597 2903 658 celebremus,
2939 604 3108 670 atque
3138 599 3381 670 eleganti
3413 601 3595 656 forma
3626 621 3770 674 pra:-

2170 685 2317 740 ditos
2341 687 2721 741 adolescentes
2747 704 2811 741 ac
2832 687 3102 741 formosas
3123 690 3338 759 puellas
3359 690 3773 747 diisimmorta-

2170 774 2316 829 libus
2333 775 2709 839 immolemus,
2728 782 3032 848 taurosque
3053 784 3295 842 centum,
3311 796 3375 833 ac
3396 781 3646 850 plurima
3662 783 3769 836 alia

2170 865 2435 918 animalia
2459 865 2594 936 ipsis
2621 867 2937 930 offeramus,
2970 883 3080 937 quo
3113 884 3207 922 eos
3237 885 3458 940 quoque
3486 871 3544 924 in
3579 877 3765 942 poste-

2169 971 2294 1008 rum
2333 955 2864 1025 invictosadjutores
2885 955 3211 1022 habeamus,
3240 958 3332 1028 qui
3352 959 3513 1014 nobis
3541 961 3763 1014 univer-

2168 1058 2292 1096 sum
2323 1043 2450 1096 vitae
2479 1043 2820 1098 curriculum
2851 1045 3080 1116 planum
3111 1052 3168 1099 et
3191 1047 3460 1117 aequabile
3492 1050 3755 1104 reddant.

2237 1132 2319 1185 Ad
2345 1133 2461 1186 haec
2490 1150 2583 1187 rex
2611 1149 2624 1188 :
2657 1133 2886 1188 Minime
2918 1152 3068 1200 vero,
3105 1136 3307 1206 inquit,
3340 1154 3372 1190 o
3403 1154 3592 1200 senex,
3632 1139 3759 1192 vici-

2163 1237 2306 1284 mus,
2343 1221 2593 1288 minime,
2619 1221 2868 1293 inquam,
2891 1223 3144 1292 vicimus;
3177 1242 3370 1279 verum
3401 1226 3555 1280 nullo
3577 1227 3762 1298 potius

2159 1309 2384 1379 negotio
2414 1310 2545 1364 victi
2573 1328 2790 1366 sumus.
2825 1312 2968 1366 Nam
2996 1313 3090 1383 qui
3133 1329 3167 1367 a
3197 1313 3356 1367 nobis
3394 1314 3642 1379 stabant,
3674 1334 3760 1370 re-

2161 1405 2327 1470 pente
2357 1399 2652 1454 adversum
2687 1418 2789 1455 nos
2817 1402 3170 1460 exstiterunt.
3205 1420 3268 1456 ac
3310 1403 3461 1458 velut
3486 1404 3679 1458 furore
3709 1415 3762 1460 et

2162 1488 2381 1542 insania
2401 1489 2747 1544 laborantem
2765 1496 2932 1560 atque
2953 1490 3287 1546 imbecillam
3314 1499 3562 1547 nostram
3577 1495 3756 1549 aciem

2162 1579 2329 1642 nacti,
2355 1596 2582 1650 prorsus
2594 1596 2719 1634 eam
2745 1579 3034 1650 fregerunt
3053 1598 3117 1634 ac
3137 1588 3580 1652 prostraverunt.
3603 1585 3763 1638 Nunc

2163 1672 2375 1727 autem,
2409 1668 2454 1721 si
2487 1685 2597 1738 qua
2627 1668 2726 1722 tibi
2759 1669 2992 1723 facultas
3036 1676 3092 1723 ct
3120 1670 3198 1724 vis
3230 1671 3496 1742 suppetit,
3543 1688 3659 1741 qua
3701 1679 3758 1726 tu

2167 1755 2324 1810 humi
2363 1757 2573 1827 jacenti
2622 1758 2880 1828 religioni
2929 1765 3134 1813 nostrae
3183 1760 3465 1831 opitulari,
3523 1778 3763 1833 eamque

2098 1829 2146 1888 Β
2166 1862 2391 1899 rursum
2419 1847 2660 1901 excitare
2692 1864 2884 1918 queas,
2909 1848 3075 1902 velim
3098 1865 3359 1920 exponas.
3386 1851 3650 1904 Theudas
3670 1869 3764 1905 au-

2161 1940 2273 1988 tem
2307 1937 2425 2005 regi
2459 1937 2530 1989 ad
2561 1937 2707 1990 hunc
2750 1937 2982 1992 modum
3023 1939 3313 2009 respondit
3344 1957 3355 1990 :
3390 1939 3758 1994 Galilaeorum

2160 2025 2546 2079 contentiones
2578 2031 2746 2096 atque
2775 2027 2971 2080 inanes
2988 2043 3293 2092 sermones,
3322 2045 3353 2081 o
3376 2045 3489 2093 rex,
3515 2029 3757 2083 minime

2160 2113 2507 2183 pertimesce.
2544 2115 2678 2179 Quae
2705 2116 2853 2170 enim
2876 2122 3010 2170 sunt
3031 2133 3098 2171 ea
3127 2133 3250 2188 quze
3265 2116 3334 2170 ab
3354 2117 3494 2188 ipsis
3522 2118 3766 2172 afferun-

2159 2208 2271 2267 tur,
2307 2210 2581 2275 quantum
2612 2205 2836 2275 quidem
2864 2206 2934 2260 ad
2958 2206 3105 2260 viros
3127 2208 3344 2261 ratione
3365 2223 3428 2260 ac
3459 2207 3764 2278 prudentia

2159 2293 2423 2364 praeditos
2454 2295 2692 2349 attinet?
2720 2296 2843 2350 Meo
2871 2296 3097 2366 quidem
3124 2296 3335 2366 judicio
3365 2297 3588 2351 facilius
3617 2297 3761 2366 deji-

2159 2382 2395 2449 cientur,
2429 2401 2618 2468 iquam
2677 2383 2871 2439 folium
2917 2401 2952 2439 a
2992 2390 3156 2440 vento
3200 2403 3514 2440 excussum.
3561 2387 3760 2456 Neque

2158 2472 2306 2527 enim
2352 2474 2438 2528 vel
2483 2480 2843 2546 conspectum
2889 2492 3073 2529 meum
3122 2475 3499 2540 sustinebunt,
3534 2481 3758 2530 tantum

2156 2561 2313 2616 abest
2341 2568 2404 2617 ut
2434 2581 2721 2618 sermones
2741 2570 3054 2629 conserant,
3092 2571 3260 2636 atque
3291 2565 3359 2618 ad
3383 2582 3603 2620 mecum
3636 2566 3754 2619 dis-

2154 2653 2466 2722 putandum
2498 2653 2695 2724 pedem
2725 2660 3039 2709 conserant.
3064 2655 3362 2717 Caeterum,
3386 2660 3448 2708 ut
3465 2661 3521 2709 et
3551 2671 3756 2726 propo-

2153 2741 2479 2796 situmistud
2498 2749 2802 2810 certamen,
2825 2751 2881 2798 et
2901 2743 3168 2814 quidquid
3190 2744 3340 2798 aliud
3365 2744 3419 2797 in
3441 2745 3632 2798 animo
3656 2745 3756 2797 ba-

2151 2829 2459 2898 buerimus,
2486 2839 2636 2887 recto
2653 2850 2818 2888 cursu
2839 2834 3070 2895 feratur,
3087 2850 3287 2904 resque
3305 2833 3465 2888 nobis
3489 2851 3554 2887 ex
3577 2835 3752 2887 animi

2151 2921 2431 2974 sententia
2460 2923 2779 2978 succedant.
2808 2923 2894 2976 fac
2922 2923 3206 2995 publicum
3233 2923 3336 2976 hoc
3355 2923 3560 2976 festum
3589 2939 3753 2976 exor-

2153 3025 2272 3076 nes,
2321 3010 2669 3082 deorumque
2708 3011 3179 3077 benevolentiam,
3226 3019 3499 3083 tanquam
3539 3013 3751 3066 ﬁrmis-

2151 3099 2296 3152 sima
2317 3100 2572 3170 quaedam
2603 3117 2764 3155 arma
2803 3101 3022 3168 induas,
3063 3119 3128 3155 ac
3176 3107 3297 3156 tum
3323 3101 3524 3155 .fausta
3556 3103 3752 3155 omnia

2153 3187 2446 3242 habiturus
2475 3206 2553 3244 es.
2601 3191 2730 3244 Haec
2760 3207 2887 3244 cum
2917 3190 3010 3244 ille
3034 3192 3324 3260 jactasset,
3359 3191 3475 3260 qui,
3526 3195 3594 3243 ut
3622 3207 3753 3244 cum

2149 3277 2354 3332 Davide
2385 3278 2602 3349 loquar,
2633 3279 2692 3332 in
2724 3279 2938 3334 malitia
2955 3286 3150 3350 potens
3181 3286 3320 3337 erat,
3353 3286 3523 3350 atque
3543 3279 3755 3349 iniqui-

2147 3371 2322 3420 tatem
2352 3373 2470 3422 tota
2499 3367 2590 3421 die
2617 3367 2996 3422 meditabatur
3013 3371 3180 3427 (Psal.
3203 3372 3298 3438 LI),
3321 3367 3748 3440 turbidumque,

2149 3462 2214 3510 ut
2237 3456 2394 3510 Isaiae
2417 3459 2438 3480 ⁶
2459 3457 2641 3511 verbis
2670 3464 2817 3522 utar,
2845 3458 3261 3512 subversionem
3285 3457 3463 3511 amico
3494 3475 3600 3512 suo
3626 3476 3750 3530 pro-

2148 3545 2378 3616 pinabat
2409 3549 2631 3613 (Ilabac.
2667 3551 2742 3612 ιι),
2786 3546 3172 3618 improborum
3221 3547 3545 3618 spirituum,
3611 3565 3748 3618 quos

2147 3635 2264 3705 ipse
2287 3636 2518 3690 comites
2543 3635 2802 3702 habebat,
2827 3653 2932 3707 ope
2955 3642 3123 3707 atque
3145 3636 3472 3706 adjumento
3493 3636 3744 3706 perfecit,

2145 3729 2210 3777 ut
2244 3741 2340 3778 rex
2374 3725 2741 3795 cogitatir-nes
2775 3742 2869 3779 eas
2899 3742 3020 3796 quae
3052 3725 3238 3795 ipsum
3288 3724 3488 3778 salutis
3513 3724 3747 3779 submo-

2146 3812 2357 3868 ncbant
2384 3831 2611 3885 prorsus
2641 3831 2671 3867 e
2702 3815 2974 3868 memoria
2994 3815 3239 3884 ejiceret,
3257 3813 3609 3884 eisdemque,
3631 3815 3749 3886 qui-

2145 3900 2248 3956 bus
2277 3902 2492 3958 solebat
2518 3903 2719 3958 studiis
2749 3904 2943 3958 sedulo
2971 3903 3228 3958 haereret.
3249 3904 3328 3956 Ac
3348 3902 3590 3974 proinde
3620 3920 3745 3957 cum

2145 3991 2314 4062 regia:
2347 3993 2547 4047 litterae
2577 4009 3026 4064 quaquaversum
3073 3998 3504 4057 commeassent,
3541 3993 3747 4063 quibus

2145 4097 2340 4135 omnes
2391 4082 2459 4136 ad
2491 4083 2892 4137 exsecrandum
2939 4083 3175 4136 deorum
3207 4082 3410 4136 festum
3447 4082 3746 4136 convenire

2138 4168 2500 4238 jubebantur,
2533 4188 2762 4226 cernere
2783 4177 2906 4226 erat
2933 4172 3222 4243 ingentem
3242 4169 3537 4225 hominum
3561 4171 3748 4224 multi-

2141 4259 2393 4313 tudinem
2423 4263 2819 4326 confluentem,
2839 4267 3008 4332 atque
3028 4278 3156 4316 oves
3177 4267 3233 4315 et
3255 4259 3438 4325 boves,
3475 4260 3744 4330 variaque

2145 4349 2414 4404 animalia
2441 4367 2628 4404 secum
2644 4350 3037 4405 adducentem.

2213 4439 2353 4492 Cum
2372 4439 2548 4510 igitur
2560 4456 2756 4494 omnes
2770 4440 3050 4506 coiissent,
3072 4454 3306 4508 surgens
3337 4454 3457 4502 rex,
3479 4455 3597 4492 una
3615 4454 3741 4492 cum

460 4559 526 4598 ac
541 4519 652 4609 εξ.
672 4550 730 4609 σε
749 4519 991 4595 libenter
1011 4536 1344 4592 auxiliarem
1374 4549 1607 4588 manum
1634 4531 1834 4585 afferre
1870 4534 2054 4592 norat,
2077 4519 2445 4599 Dimpostore
2467 4530 2700 4584 Theuda
2729 4529 2799 4584 ad
2829 4531 3101 4601 templum
3118 4527 3398 4600 profectus
3412 4533 3516 4592 est,
3541 4534 3740 4581 uttau-

459 4637 518 4688 et
545 4649 684 4704 quos
705 4631 823 4704 ipse
842 4644 1066 4700 semper
1085 4625 1374 4681 ministros
1393 4619 1838 4687 adhibuerat,his
1879 4618 2055 4673 comi-

455 4728 610 4777 tatus
634 4721 704 4776 ad
734 4737 925 4793 regem
955 4717 1186 4774 accedit.

526 4813 604 4868 Ut
621 4817 806 4866 autem
836 4809 1011 4882 ipsius
1031 4807 1304 4862 adventus
1319 4801 1438 4874 regi
1459 4800 1752 4856 nuntiatus
1773 4802 2051 4870 est,atque

456 4900 576 4972 ipse
597 4901 912 4971 palmarum
940 4899 1157 4970 virgam
1177 4910 1353 4950 manu
1370 4899 1588 4957 tenens,
1614 4888 1887 4960 ovinaque
1907 4888 2052 4960 pelle

455 4989 688 5043 indutus
715 4989 1000 5060 ingressus
1028 4992 1134 5056 est,
1163 5002 1262 5040 rex
1293 5000 1323 5038 e
1349 4982 1553 5037 throno
1576 4995 1678 5035 suo
1707 4977 1931 5042 exsiliit,
1964 4976 2052 5048 ip-

452 5079 614 5148 sique
634 5077 850 5132 obviam
875 5077 1101 5149 prodiit,
1116 5089 1358 5146 eumque
1380 5071 1666 5126 osculatus
1683 5067 2051 5137 est.Cumque

452 5166 776 5221 cathedram
799 5165 983 5220 afferri
1008 5166 1288 5236 jussisset,
1322 5162 1508 5234 ipsum
1528 5173 1702 5231 prope
1730 5173 1790 5211 se
1819 5155 2050 5210 colloca-

449 5255 549 5310 vit.
573 5255 883 5326 Posteaque
909 5254 1169 5310 Theudas
1192 5252 1280 5306 his
1304 5251 1375 5306 ad
1406 5265 1596 5320 regem
1636 5245 1818 5301 verbis
1847 5245 2043 5301 utitur:

447 5344 585 5410 Rex,
618 5344 678 5398 in
714 5350 984 5398 aeternum
1023 5343 1160 5408 vive,
1195 5341 1565 5397 maximorum
1595 5337 1831 5393 deorum
1863 5335 2048 5390 favore

448 5452 514 5490 ac
542 5432 931 5488 benevolentia
959 5439 1170 5503 septus.
1193 5431 1279 5486 Ad
1310 5447 1398 5485 me
1427 5430 1574 5484 enim
1607 5428 1840 5482 allatum
1872 5431 1957 5480 est
1993 5431 2049 5480 te

446 5525 647 5598 ingens
668 5530 956 5580 certamen
984 5521 1250 5576 adversus
1279 5519 1536 5575 Galilaeos
1563 5517 1772 5583 iniisse,
1799 5533 1863 5570 ac
1889 5517 2048 5571 lucu-

443 5614 816 5672 lentissimam
847 5611 1094 5686 palmam
1139 5610 1419 5670 retulisse.
1452 5609 1641 5682 quue
1679 5605 1908 5664 nomine
1940 5605 2049 5690 huc

515 5707 536 5730 ¹
567 5703 852 5763 Memoriae
871 5703 1061 5778 lapsus
1089 5707 1192 5762 est.

2141 4633 2234 4671 ros
2249 4634 2313 4672 ac
2333 4620 2614 4689 permulta
2633 4619 2947 4673 animantia
2964 4617 3574 4687 immolarent.Sicque,
3593 4616 3739 4670 nefa-

2137 4705 2282 4761 rium
2316 4714 2373 4763 et
2402 4713 2780 4764 exsecratione
2809 4708 3046 4777 dignum
3083 4707 3292 4761 festum
3332 4705 3733 4768 celebrabant;

2136 4797 2205 4850 ad
2215 4813 2279 4852 eo
2291 4803 2354 4851 ut
2365 4803 2423 4852 et
2437 4797 2732 4853 brutorum
2747 4797 3116 4852 animantium
3140 4794 3450 4866 mugitibus
3463 4800 3587 4848 tota
3607 4794 3738 4848 urbs

2138 4894 2485 4959 personaret,
2520 4895 2578 4944 et
2612 4889 2966 4943 victimarum
3007 4889 3204 4942 nidore
3234 4887 3353 4958 ipse
3383 4903 3612 4958 quoque
3643 4902 3737 4940 aer

2135 4976 2475 5033 inﬁceretur.
2510 4979 2611 5033 His
2640 4979 2710 5032 ad
2740 4979 2888 5032 hunc
2915 4978 3145 5033 modum
3167 4976 3452 5041 confectis,
3477 4992 3609 5029 cum
3637 4977 3738 5028 imo

2135 5067 2294 5139 probi
2323 5067 2554 5140 spiritus
2581 5067 2651 5121 de
2677 5067 2920 5123 Theudae
2948 5066 3181 5121 victoria
3208 5067 3484 5135 majorem
3519 5065 3582 5118 in
3615 5081 3734 5118 mo-

2133 5157 2266 5211 dum
2284 5157 3116 5228 gloriarentur.sacerdotesque
3143 5154 3354 5227 gratias
3377 5154 3484 5225 ipsi
3499 5153 3734 5208 habuis-

2132 5252 2275 5308 sent,
2309 5263 2405 5301 rex
2434 5263 2657 5301 rursum
2684 5247 2754 5300 ad
2788 5246 3059 5318 palatium
3090 5262 3150 5299 se
3177 5243 3405 5314 recepit,
3440 5243 3639 5314 aitque
3667 5242 3732 5294 ad

2129 5335 2419 5391 Theudam
2449 5354 2460 5389 :
2485 5336 2564 5390 En
2591 5336 3062 5408 quemadmodum
3085 5333 3324 5406 jussisti,
3351 5333 3732 5386 nihilomnino

2132 5426 2304 5481 studii
2333 5442 2368 5479 a
2396 5441 2484 5480 me
2505 5425 2942 5497 praetermissum
2961 5431 3065 5491 est,
3091 5423 3236 5494 quod
3251 5422 3477 5494 quidem
3502 5421 3574 5476 ad
3607 5419 3730 5474 festi

2131 5516 2506 5587 splendorem,
2541 5521 2600 5571 et
2627 5515 3027 5571 sacriﬁciorum
3050 5511 3533 5584 magniﬁcentiam
3564 5509 3733 5582 perti-

2131 5605 2646 5681 neret.Jamitaquo
2657 5611 2883 5682 tempus
2911 5609 3000 5660 est
3025 5609 3091 5659 ut
3119 5619 3242 5675 quae
3271 5601 3410 5657 mihi
3423 5598 3732 5674 promisisti
