3876 6190
219 352 306 412 561

590 352 762 410 VITA
801 352 1244 412 SANUI‘ORUM
1279 354 1627 415 BARLAAM
1663 347 2004 413 EREMITE
2042 348 2132 407 ET
2169 347 2535 409 JOSAPHAT
2572 349 2796 407 INDIIE
2833 349 3067 409 REGIS.

3357 352 3465 411 562

214 482 732 554 expleas,ﬁliumque
749 483 1062 555 meum,qui
1082 483 1601 555 areligionenostra
1615 483 1786 539 desci-
1802 482 1850 542 A
1876 480 2007 535 dam
2035 478 2335 534 obscurum
2359 494 2426 532 ex
2452 493 2592 548 rupe
2622 478 2865 549 quadam
2897 478 3233 547 condidisse,
3251 477 3463 535 ﬁlium-

214 572 300 635 vit,
316 588 351 625 a
370 571 811 627 Christianorum
824 589 1014 628 errore
1032 573 1369 637 vindices,ac
1386 591 1513 629 cum
1530 574 1789 645 benignis

213 661 309 715 diis
326 661 383 715 in
405 661 643 731 gratiam
660 663 912 717 reducas.
929 663 1076 717 Nam
1093 679 1195 734 ego
1214 680 1341 718 cum
1362 670 1540 719 artem
1562 681 1789 719 omnem

212 750 566 817 adhibuerim,
598 757 768 822 atque
796 768 1024 807 omnem
1064 753 1308 823 lapidem
1339 755 1628 821 moverim,
1661 755 1789 808 nul-

213 840 313 894 lam
340 844 527 894 tamen
549 841 1079 897 morbimedicinam
1094 843 1296 914 reperi,
1312 844 1406 897 sed
1433 844 1609 915 ipsius
1630 860 1790 898 men-

215 935 313 983 tem
339 929 597 983 omnibus
625 929 792 985 rebus
819 932 1165 1002 superiorem
1195 949 1316 986 esse
1346 933 1618 1004 perspexi.
1645 934 1789 988 Nam

214 1018 255 1072 si
290 1018 488 1072 blande
535 1036 601 1073 ac
646 1018 848 1074 leniter
883 1036 1010 1075 cum
1042 1037 1107 1075 eo
1132 1038 1300 1092 agere
1342 1022 1580 1089 institui,
1613 1039 1684 1076 ne
1713 1022 1793 1078 sic

214 1106 422 1177 quidem
453 1124 583 1162 eum
605 1109 743 1163 mihi
772 1110 885 1163 ullo
914 1110 1081 1164 modo
1100 1110 1352 1164 animum
1373 1111 1617 1181 adjicere
1638 1128 1791 1166 com-

213 1196 336 1268 peri.
361 1197 610 1252 Rursum
639 1197 686 1252 si
714 1215 901 1254 severe
929 1204 1099 1270 atque
1119 1199 1316 1253 acerbe
1336 1217 1465 1254 eum
1495 1201 1699 1273 accepi,
1733 1201 1792 1255 in

214 1285 562 1357 pervicaciam
586 1287 915 1357 potiusinde
942 1287 1129 1359 ipsum
1154 1288 1333 1342 attolli
1354 1290 1790 1360 conspexiQua-

212 1373 445 1429 mobrem
474 1376 855 1431 calamitatem
876 1393 1003 1431 eam
1021 1394 1143 1448 qua:
1172 1378 1309 1431 mihi
1337 1378 1554 1444 accidit,
1577 1380 1795 1450 sapien-

214 1462 291 1517 tiae
307 1470 413 1518 tua:
431 1465 749 1519 committo.
771 1466 850 1520 Ac
866 1465 1145 1536 siquidem
1165 1483 1232 1521 ea
1264 1484 1369 1538 ope
1385 1473 1484 1521 tua
1505 1474 1563 1522 et
1586 1469 1791 1523 auxilio

215 1551 483 1615 liberatus,
511 1554 689 1608 filium
715 1571 902 1609 meum
933 1572 1152 1609 mecum
1172 1573 1366 1610 rursus
1379 1557 1512 1611 deos
1535 1574 1688 1611 meos
1705 1575 1792 1613 co-

206 1641 415 1709 lentem,
447 1648 626 1714 atque
652 1644 1016 1715 voluptuarias
1043 1646 1213 1714 hujus
1241 1646 1367 1700 vitae
1393 1646 1791 1717 cupiditatibus

1874 589 1985 645 que
2013 571 2131 627 illic
2169 585 2287 626 una
2314 584 2441 623 cum
2478 567 2792 624 nutricibus
2818 568 3111 624 inclusisse
3131 569 3328 637 fertur,
3359 586 3464 625 nec

1870 668 2002 718 ante
2025 659 2319 716 duodecim
2347 674 2526 713 annos
2551 662 2771 713 exactos
2792 659 2968 713 ullum
2990 659 3217 714 omnino
3246 659 3353 731 ipsi
3382 660 3468 716 lu-

1870 753 1949 809 cis
1988 751 2343 823 splendorem
2373 747 2704 802 ostendisse.
2754 748 3015 803 Confecto
3043 755 3235 804 autem
3263 748 3465 820 hujus-

1871 842 2022 897 modi
2044 840 2312 911 temporis
2324 837 2621 903 curriculo,
2644 837 2840 903 ﬁlium,
2858 838 2953 908 qui
2972 839 3110 893 nihil
3125 838 3352 895 omnino
3373 855 3467 895 re-

1871 948 1999 987 rum
2027 930 2441 985 mundanarum
2464 927 2535 981 ad
2556 927 2705 982 hunc
2724 943 2901 998 usque
2920 926 3069 982 diem
3087 933 3465 1000 perspexerat,

1874 1038 1939 1076 ex
1972 1021 2077 1075 hoc
2103 1018 2358 1075 cubiculo
2389 1018 2613 1084 educito;
2663 1033 2727 1071 ac
2753 1020 2877 1071 tum
2923 1016 3031 1088 ipsi
3066 1018 3273 1085 omnia,
3303 1020 3469 1090 juxta

1873 1127 2037 1166 suum
2059 1109 2319 1181 quodque
2341 1124 2520 1178 genus
2534 1105 2788 1162 exhiberi
2807 1121 2871 1160 ac
2895 1106 3267 1162 demonstrari
3282 1108 3464 1179 jubet,

1873 1200 2020 1254 viros
2044 1198 2310 1252 nimirum
2343 1196 2399 1250 in
2430 1212 2543 1250 uno
2568 1196 2707 1261 loco,
2740 1195 2800 1249 in
2828 1194 2938 1249 alio
2966 1195 3221 1262 feminas,
3244 1196 3470 1252 aliunde

1874 1306 2097 1353 aurum,
2131 1288 2242 1342 alia
2274 1303 2339 1340 ex
2370 1290 2529 1358 parte
2555 1290 2874 1356 argentum,
2906 1285 3143 1339 uniones
3172 1290 3230 1339 et
3255 1285 3469 1356 lapides

1876 1377 2145 1449 exquisiti
2172 1376 2358 1448 pretii,
2388 1380 2570 1429 vestes
2593 1375 2905 1429 luculentas
2925 1380 2983 1429 et
3010 1374 3314 1445 elegantes,
3342 1391 3471 1429 cur-

1876 1485 1973 1523 rus
2000 1466 2205 1538 insigni
2233 1464 2650 1537 pulchritudine
2665 1464 2831 1518 simul
2853 1480 2981 1518 cum
3006 1464 3176 1534 regiis
3196 1464 3355 1535 equis
3375 1480 3472 1520 au-

1873 1573 1970 1611 reo
1998 1556 2156 1610 freno
2178 1554 2486 1619 instructis,
2509 1570 2636 1608 cum
2666 1552 2857 1608 aulaeis
2884 1553 3275 1624 purpureis,ac
3293 1570 3473 1609 sesso-

1874 1645 2028 1700 ribus
2058 1644 2310 1709 armatis,
2334 1642 2505 1698 boum
2520 1643 2654 1697 item
2669 1648 2944 1708 armenta,
2964 1647 3022 1696 et
3039 1643 3318 1713 pecudum
3344 1659 3471 1713 gre-

206 1746 259 1784 ac
293 1731 446 1801 regni
498 1732 880 1803 voluptatibus
907 1733 1183 1788 fruentem
1214 1734 1393 1801 video,
1427 1752 1659 1790 auream
1688 1736 1791 1790 tibi
1807 1763 1855 1823 B
1872 1752 2005 1805 ges;
2038 1739 2226 1805 atque,
2250 1738 2313 1787 ut
2332 1732 2656 1787 summatim
2678 1731 3084 1798 dicam,omnia
3099 1737 3253 1785 certo
3271 1731 3468 1786 ordine

204 1825 426 1873 statuam
464 1821 706 1891 erigam,
744 1822 1095 1893 efﬁciamque
1124 1829 1188 1877 ut
1215 1824 1446 1894 posthac
1490 1825 1551 1878 in
1580 1825 1788 1897 sempi-
1809 1821 1843 1823 ⁷
1870 1840 2043 1895 puero
2074 1821 2515 1878 demonstrabat.
2534 1823 2905 1876 Percontante
2924 1826 3115 1876 autem
3134 1838 3200 1875 eo
3218 1837 3467 1893 quonam

202 1913 403 1963 ternum
432 1909 589 1963 idem
620 1910 723 1964 tibi
753 1911 861 1965 diis
890 1912 1071 1966 honor
1107 1929 1141 1966 a
1168 1913 1383 1967 eunetis
1413 1912 1714 1968 tribuatur.

261 1998 515 2053 Theudae
529 1999 704 2069 igitur
720 2006 993 2055 attentam
1006 2018 1077 2054 au
1085 2018 1200 2055 rem
1221 2001 1363 2056 diab.
1386 2002 1408 2056 l
1425 2019 1441 2055 )
1463 2002 1585 2073 subj
1595 2003 1785 2070 ieiens,

204 2092 350 2157 atque
398 2088 472 2142 ab
529 2088 626 2143 illo
668 2088 986 2160 improbum
1035 2107 1101 2144 ac
1128 2091 1457 2162 pestiferum
1491 2093 1786 2147 consilium

204 2177 409 2231 edoctus
437 2178 669 2249 ipsique
700 2179 905 2248 linguae
936 2186 1105 2251 atque
1148 2180 1260 2234 oris
1290 2197 1519 2251 operam
1552 2176 1781 2249 navans,

204 2265 263 2318 ad
288 2283 471 2336 regem
508 2266 591 2320 ait
624 2285 636 2320 :
671 2266 730 2321 Si
767 2267 946 2322 ﬁlium
970 2274 1132 2322 tuum
1163 2268 1220 2322 in
1253 2274 1588 2339 potestatem
1627 2275 1786 2324 tuam

203 2355 451 2426 redigere,
468 2374 486 2409 ι
495 2356 837 2426 psiusquein
858 2357 1156 2427 pugnando
1178 2357 1540 2428 pervicaciam
1561 2359 1787 2413 inanem

205 2444 412 2499 reddere
440 2445 625 2516 cupis,
650 2461 741 2499 ars
767 2461 801 2499 a
819 2462 909 2499 me
940 2446 1252 2515 excogitata
1272 2451 1382 2511 est,
1402 2447 1491 2502 cui
1513 2447 1785 2502 obluctari

206 2532 337 2587 nullo
368 2534 539 2588 modo
571 2532 796 2604 poterit.
834 2550 1022 2588 verum
1057 2535 1230 2589 durus
1262 2536 1437 2607 ipsius
1455 2537 1680 2591 animus
1708 2537 1786 2591 fa-

206 2621 347 2676 cilius
372 2622 720 2688 emollietur,
772 2639 940 2694 quam
974 2640 1102 2677 cera
1132 2623 1345 2695 ingenti
1370 2642 1505 2695 rogo
1533 2626 1780 2681 admota.

205 2710 301 2765 Rex
323 2711 516 2782 itaque
542 2727 748 2764 vanum
778 2711 1062 2766 hominem
1094 2713 1249 2767 inani
1279 2718 1499 2768 tumore
1524 2714 1783 2769 inflatum

205 2799 375 2865 fidens,
398 2801 471 2855 ad
502 2801 848 2871 voluptatem
872 2801 1064 2855 statim
1090 2802 1374 2873 animique
1392 2803 1642 2858 laetitiam
1663 2821 1785 2858 sese

203 2892 296 2954 3|
311 2895 367 2953 3
393 2890 695 2955 convertit,
711 2907 943 2961 sperans
964 2890 1233 2957 videlicet,
1270 2893 1615 2962 petulantem
1632 2894 1786 2948 illam

202 2982 249 3031 et
271 2978 536 3032 audacem
562 2978 817 3050 linguam
838 2979 1089 3034 animum
1126 2979 1391 3035 divinitus
1423 2982 1682 3037 edoctum
1720 3000 1785 3038 ac

1871 1913 2108 1982 singulae
2134 1929 2223 1966 res
2239 1911 2464 1966 nomine
2486 1911 2923 1983 appellarentur,
2950 1910 3098 1981 regis
3117 1911 3387 1966 satellites
3401 1928 3468 1966 ac

1872 2002 2171 2073 stipatores
2200 2001 2641 2072 uniuscujusque
2671 2017 2877 2055 nomen
2907 2000 3275 2072 exponebant.
3323 2002 3468 2056 Cum

1873 2097 2062 2145 autem
2094 2091 2393 2145 mulierum
2421 2106 2626 2144 nomen
2644 2090 2785 2144 scire
2805 2096 3053 2161 cuperet,
3071 2095 3192 2145 tum
3214 2090 3363 2161 regis
3382 2106 3471 2144 ar-

1866 2180 2047 2250 miger
2062 2180 2245 2251 lepide
2275 2196 2337 2234 ac
2353 2179 2563 2245 festive,
2587 2179 2869 2234 daemones
2893 2196 2988 2234 eas
3011 2179 3282 2251 appellari
3303 2179 3459 2246 dixit,

1867 2285 1902 2322 a
1930 2268 2131 2338 quibus
2160 2268 2457 2322 hominum
2477 2272 2695 2322 mentes
2722 2268 2785 2321 in
2813 2284 3063 2322 errorem
3078 2268 3460 2323 traherentur.

1867 2357 2034 2412 Pueri
2063 2362 2252 2412 autem
2283 2361 2476 2428 peetus
2500 2373 2696 2411 earum
2739 2372 2931 2411 amore
2959 2362 3130 2428 atque
3158 2356 3466 2429 cupiditate

1867 2447 2251 2501 vehementius
2272 2463 2439 2517 quam
2461 2446 2630 2501 ullius
2649 2445 2793 2500 alius
2814 2447 2896 2499 rei
2913 2446 3191 2501 desiderio
3211 2446 3464 2502 illectum

1867 2552 1932 2590 ac
1959 2535 2254 2591 delinitum
2268 2541 2370 2590 est.
2387 2537 2527 2590 Cum
2540 2535 2715 2606 igitur
2734 2535 2995 2589 omnibus
3014 2535 3182 2590 rebus
3198 2551 3462 2607 peragra-

1868 2624 1942 2678 tis
1968 2625 2039 2678 ad
2068 2642 2256 2695 regem
2285 2641 2412 2680 eum
2444 2624 2825 2691 adduxissent,
2850 2640 2915 2678 ac
2933 2640 3030 2678 rex
3054 2640 3121 2678 ex
3149 2624 3271 2696 ipso
3300 2624 3459 2696 quid-

1867 2730 1998 2768 nam
2031 2732 2095 2768 ex
2117 2714 2378 2769 omnibus
2395 2713 2562 2768 rebus
2578 2729 2718 2785 quas
2744 2713 2973 2768 vidisset
2994 2712 3101 2785 ipsi
3118 2713 3299 2784 magis
3314 2714 3461 2769 arri-

1867 2802 2044 2870 deret,
2064 2803 2407 2874 quaesivisset
2431 2821 2443 2856 :
2477 2802 2642 2869 Quid,
2665 2802 2869 2873 inquit,
2892 2802 3045 2857 aliud
3071 2818 3240 2874 quam
3260 2803 3464 2859 daemo-

1867 2908 1968 2947 nes
1994 2892 2077 2947 illi
2119 2892 2215 2963 qui
2257 2891 2514 2946 homines
2543 2890 2603 2945 in
2630 2891 2887 2946 fraudem
2915 2891 3228 2947 inducunt?
3266 2893 3461 2965 Neque

1866 2980 2016 3035 enim
2058 2981 2208 3035 illius
2244 2980 2327 3037 rei
2366 2997 2431 3034 ex
2478 2980 2568 3034 his
2609 2980 2869 3035 omnibus
2897 2968 3043 3052 quas
3070 2981 3343 3037 hodierno
3371 2982 3461 3038 die

201 3066 545 3139 philosophia:
562 3068 792 3139 plenum
812 3075 1205 3140 superaturam
1224 3071 1624 3142 esse.Cumque
1637 3088 1783 3143 quaa-
1804 3130 1843 3143 η
1863 3069 1976 3124 vidi
2010 3069 2244 3142 perinde
2271 3074 2439 3141 atque
2467 3086 2663 3124 eorum
2692 3085 2883 3125 amore
2911 3070 3134 3125 animus
3165 3086 3329 3125 meus
3376 3071 3460 3128 in-

200 3171 313 3209 nam
336 3157 430 3211 illa
458 3174 559 3211 ars
581 3162 732 3211 esset
751 3174 814 3211 ex
851 3174 915 3212 eo
933 3157 1330 3221 sciscitaretur,
1353 3164 1477 3213 tum
1494 3160 1775 3229 Theudas,
1799 3130 1844 3190 Ο
1862 3176 2063 3214 census
2093 3160 2395 3230 est.Atque
2424 3159 2573 3214 hunc
2594 3158 2754 3230 pueri
2779 3175 3097 3214 sermonem
3119 3175 3218 3214 rex
3244 3159 3340 3214 ille
3365 3160 3459 3214 ad-

200 3249 461 3317 tamquam
476 3246 756 3301 novacula
773 3251 939 3301 acuta
954 3247 1145 3301 dolum
1161 3249 1773 3318 contexit(Psal.Lxxn),

198 3334 484 3408 callideque
544 3337 849 3407 pharmace
883 3343 1188 3408 comparat.
1234 3340 1418 3409 Atque
1460 3339 1777 3411 improbam

198 3424 454 3492 technam,
506 3425 830 3497 diabolique
886 3427 1202 3492 consilium,
1252 3444 1461 3498 quaeso,
1496 3430 1768 3501 perspice.

198 3511 465 3581 Omnibus,
499 3514 709 3587 inquit,
732 3531 764 3569 ο
788 3531 902 3579 rex,
935 3516 1031 3586 qui
1051 3516 1165 3570 ﬁlio
1192 3521 1382 3572 astant
1409 3524 1580 3590 atque
1602 3519 1775 3573 inser-

196 3601 348 3667 viunt,
380 3603 450 3657 ab
502 3619 572 3657 eo
611 3603 808 3674 procul
829 3603 1146 3674 disjunctis,
1172 3606 1405 3677 pulchra
1424 3612 1482 3661 et
1502 3594 1775 3679 perquam

195 3690 414 3762 eleganti
452 3692 646 3747 forma
695 3693 960 3764 praeditas
985 3694 1269 3761 mulieres,
1303 3700 1471 3767 atque
1512 3696 1583 3750 ad
1612 3698 1775 3768 pelli-

194 3779 630 3836 ciendosanimos
648 3782 969 3848 adornatas,
989 3799 1116 3837 cum
1146 3800 1213 3838 eo
1240 3790 1511 3856 perpetuo
1543 3786 1766 3854 versari,

193 3865 385 3941 ipsique
413 3871 765 3937 ministrare,
790 3871 1028 3943 vitisque
1056 3875 1519 3930 consuetudinem
1558 3882 1615 3931 et
1642 3894 1771 3932 con-

192 3956 493 4014 tubernium
521 3975 653 4015 cum
670 3976 737 4014 eo
766 3960 973 4015 habere
987 3961 1138 4032 jube.
1170 3964 1283 4033 Ego
1325 3969 1514 4019 autem
1554 3982 1665 4020 uno
1702 3982 1768 4021 ex

191 4043 248 4099 iis
270 4048 577 4119 spiritibus,
601 4065 741 4120 quos
768 4049 841 4104 ad
872 4066 963 4104 res
987 4050 1312 4121 hujusmodi
1340 4055 1676 4125 comparavi,
1696 4055 1767 4110 ad

190 4152 297 4190 eum
316 4144 517 4209 postea
531 4137 833 4205 submisso,
853 4140 1127 4194 acriorem
1147 4141 1447 4212 voluptatis
1466 4142 1654 4213 ignem
1672 4161 1766 4198 ex-

189 4224 453 4282 citabo.Ac
482 4227 656 4282 simul
690 4233 858 4299 atque
882 4229 968 4283 vel
1003 4246 1129 4283 cum
1160 4246 1273 4284 una
1296 4232 1414 4285 sola
1441 4232 1766 4303 hujusmodi

187 4315 500 4371 muliercula
528 4333 647 4371 rem
676 4316 955 4384 habuerit,
1000 4318 1107 4373 nisi
1136 4318 1237 4373 tibi
1270 4320 1458 4374 omnia
1487 4338 1553 4375 ex
1590 4322 1764 4377 animi

188 4407 447 4461 sententia
474 4407 677 4468 ﬂuant,
713 4407 821 4461 erit
842 4409 962 4478 jam
989 4425 1090 4461 cur
1108 4424 1197 4462 me
1229 4415 1575 4477 contemnas,
1594 4416 1763 4483 atque

1861 3248 2099 3305 miratus
2123 3254 2226 3315 est,
2260 3264 2541 3320 quamque
2559 3248 2807 3303 violenta
2836 3265 2900 3303 ac
2927 3248 3225 3320 tyrannica
3256 3265 3346 3305 res
3371 3247 3457 3305 fe-

1860 3339 2142 3393 minarum
2187 3355 2348 3393 amor
2391 3342 2558 3405 esset,
2592 3337 2724 3392 hinc
2762 3338 3054 3409 judicavit.
3084 3338 3357 3402 Quocirca
3392 3343 3456 3395 tu

1859 3445 2084 3499 quoque
2110 3444 2224 3483 non
2252 3428 2369 3483 ulla
2396 3428 2509 3482 alia
2533 3427 2751 3482 ratione
2797 3444 2966 3499 quam
3014 3427 3125 3483 ista
3167 3433 3225 3483 te
3274 3428 3454 3484 ﬁlium

1853 3522 2014 3572 tuum
2042 3518 2101 3572 in
2122 3522 2456 3590 potestatem
2489 3515 2847 3573 redacturum
2876 3521 3058 3589 putes.

1929 3608 2044 3661 Rex
2069 3608 2175 3662 hoc
2186 3606 2482 3662 consilium
2502 3605 2899 3679 excipit,atque
2921 3606 3216 3663 confestim
3233 3607 3305 3663 ad
3320 3624 3450 3664 eum

1858 3695 2089 3751 delectae
2110 3697 2311 3768 puellae
2336 3696 2625 3769 praestanti
2644 3701 2815 3768 atque
2831 3696 3058 3769 egregia
3087 3696 3270 3753 forma
3290 3697 3454 3754 indu-

1856 3790 2078 3840 cuntur.
2113 3786 2263 3850 Quas
2293 3785 2464 3842 etiam
2493 3802 2624 3841 cum
2660 3786 2781 3857 ipse
2809 3786 3051 3857 eleganti
3087 3792 3290 3843 ornatu
3317 3786 3450 3844 illu-

1851 3879 2102 3939 strasset,
2137 3881 2307 3947 atque
2330 3876 2560 3931 omnino
2588 3875 2659 3930 ad
2679 3875 3074 3947 pelliciendum
3089 3877 3314 3948 juvenis
3332 3877 3450 3934 ani;-

1848 3980 2005 4018 mum
2017 3964 2395 4030 instruxisset,
2418 3981 2612 4020 omnes
2631 3964 2810 4037 ipsius
2830 3964 3069 4021 famulos
3086 3971 3144 4022 et
3162 3966 3449 4025 ministros

1850 4069 1880 4107 e
1908 4054 2118 4125 palatio
2146 4054 2318 4125 ejicit,
2347 4070 2553 4125 easque
2588 4054 2649 4109 in
2677 4070 2873 4110 eorum
2901 4055 3088 4111 locum
3133 4055 3443 4113 substituit.

1849 4144 1947 4197 Hae
1976 4143 2167 4215 itaque
2187 4143 2292 4215 ipsi
2318 4144 2563 4215 undique
2591 4143 2900 4207 haerebant,
2932 4161 3174 4216 eumque
3203 4147 3443 4218 comple-

1848 4231 2339 4303 ctebantur,atque
2356 4232 2427 4286 ad
2457 4231 2735 4286 nefarium
2754 4231 3111 4291 concubitum
3122 4234 3446 4290 exstimula-

1847 4320 2000 4381 bant.
2024 4338 2124 4393 per
2143 4337 2336 4375 omnes
2357 4320 2615 4375 videlicet
2637 4325 2832 4390 gestus
2860 4336 2925 4374 ac
2952 4337 3241 4376 sermones
3254 4323 3441 4393 ipsum

1846 4410 1918 4464 ad
1947 4410 2290 4481 voluptatem
2319 4414 2702 4480 provocantes.
2734 4409 3034 4464 Neminem
3064 4410 3240 4465 alium
3264 4410 3440 4466 habe-

186 4498 239 4547 ut
268 4496 475 4552 nullius
497 4513 636 4551 usus
662 4496 967 4561 hominem,
988 4514 1097 4551 non
1127 4498 1450 4558 honoribus.
1476 4500 1573 4555 sed
1594 4492 1827 4556 maxi-D
1848 4498 1945 4553 bat
1974 4515 2141 4570 quem
2175 4499 2538 4571 conspiceret,
2581 4515 2709 4554 cum
2739 4516 2850 4570 quo
2877 4499 3309 4573 colloqueretur,
3342 4505 3440 4557 aut

185 4582 276 4636 mis
301 4585 594 4657 suppliciis
610 4585 965 4641 afficiendum
981 4586 1171 4641 ducas.
1189 4587 1343 4642 Nihil
1368 4588 1518 4643 enim
1547 4606 1767 4645 mascu-

184 4669 347 4728 lorum
391 4674 621 4729 animos
647 4675 878 4747 perinde
909 4675 1134 4731 allicere
1165 4693 1230 4730 ac
1258 4677 1574 4732 demulcere
1603 4679 1763 4746 solet,

182 4765 234 4813 ut
255 4762 592 4819 feminarum
608 4768 956 4835 conspectus.
976 4765 1162 4836 Atque
1180 4770 1245 4819 ut
1256 4767 1606 4822 sermonibus
1632 4768 1770 4823 meis

180 4849 331 4907 ﬁdem
351 4853 648 4920 adhibeas,
681 4852 975 4907 historiam
1005 4854 1151 4907 hanc
1180 4855 1344 4909 velim
1370 4856 1585 4911 audias.

238 4941 366 4996 CAP.
389 4944 564 4997 XXX.
588 4973 653 4983 —
673 4942 785 4997 Rex
813 4942 1041 5014 quidam
1069 4959 1198 4997 cum
1226 4945 1475 4998 mascula
1500 4945 1653 5016 prole
1677 4962 1764 5000 ca-

175 5037 309 5085 reret
342 5032 711 5087 vehementer
755 5031 943 5085 animo
972 5031 1307 5102 angebatur,
1339 5051 1576 5104 eamque
1619 5035 1763 5089 cala-

177 5119 418 5175 mitatem
448 5121 601 5176 haud
627 5137 856 5192 parvam
885 5119 1262 5176 existimabat.
1302 5123 1420 5176 Hoc
1438 5122 1611 5193 igitur
1633 5140 1761 5179 cum

173 5212 308 5265 statu
354 5215 525 5278 esset,
558 5210 736 5265 ﬁlium
774 5209 835 5265 in
880 5210 1062 5264 lucem
1103 5210 1296 5278 edidit,
1329 5228 1506 5283 eoque
1533 5212 1761 5268 nomine

172 5313 379 5355 summa
408 5301 697 5372 voluptate
721 5298 980 5370 perfusus
1009 5304 1112 5355 est.
1160 5300 1433 5356 Dixerunt
1469 5307 1661 5357 autem
1688 5303 1761 5358 ad

172 5402 288 5443 eum
316 5389 528 5445 eruditi
557 5389 786 5460 quidam
815 5388 1035 5454 medici,
1074 5392 1194 5444 tore
1233 5396 1299 5444 ut
1339 5391 1386 5445 si
1434 5408 1575 5462 puer
1610 5392 1761 5447 intra

172 5476 458 5534 duodecim
508 5495 684 5534 annos
715 5479 893 5534 solem
938 5486 1038 5535 aut
1064 5479 1251 5550 ignem
1291 5479 1521 5547 videret,
1549 5482 1759 5538 lumine

172 5580 389 5635 prorsus
422 5567 734 5638 orbaretur,
756 5568 816 5624 id
848 5568 999 5624 enim
1028 5586 1092 5625 ex
1118 5570 1406 5626 oculorum
1433 5570 1610 5644 ipsius
1647 5574 1759 5630 situ

173 5655 612 5730 designariﬂuw
630 5675 757 5716 cum
776 5664 940 5732 pater
958 5659 1224 5727 audisset,
1244 5658 1561 5717 cubiculum
1581 5664 1777 5735 quod?

1849 4595 2113 4655 ccenaret,
2146 4589 2281 4661 ipsae
2309 4589 2459 4644 enim
2490 4589 2681 4644 omnia
2726 4588 2835 4662 ipsi
2882 4594 3064 4645 erant.
3108 4590 3293 4661 Atque
3320 4589 3441 4647 haec

1851 4677 2074 4748 quidem
2102 4695 2198 4747 rex
2225 4677 2747 4735 faciebat.Theudas
2774 4682 2966 4733 autem
2992 4694 3220 4734 rursum
3249 4679 3320 4735 ad
3348 4695 3441 4751 pe-

1851 4767 2102 4822 stiferam
2130 4784 2293 4823 suam
2322 4769 2645 4840 speluncam
2688 4767 2988 4840 profectus,
3020 4766 3193 4823 libros
3223 4768 3321 4839 qui
3348 4784 3440 4824 res

1849 4855 2218 4927 hujusmundi
2247 4857 2465 4912 efficere
2485 4861 2763 4929 poterant,
2778 4857 2837 4911 in
2856 4873 3059 4912 manus
3087 4858 3291 4914 sumit:
3316 4874 3440 4915 evo-

1845 4952 2144 5018 catumque
2154 4964 2329 5002 unum
2345 4964 2411 5001 ex
2428 4947 2504 5001 im
2511 4946 2697 5018 probis
2719 4945 3010 5018 spiritibus
3024 4947 3096 5003 ad
3107 4947 3316 5005 Christi
3328 4949 3437 5005 mi-

1842 5034 2001 5090 litem
2024 5036 2165 5092 bello
2184 5035 2571 5091 lacessendum
2584 5035 2812 5101 emittit,
2827 5036 3080 5092 nesciens
3099 5037 3313 5094 scilicet
3329 5039 3437 5096 mi-

1843 5142 1934 5180 ser
1961 5126 2054 5180 ille
2076 5131 2349 5197 quantum
2379 5125 2468 5180 sui
2496 5124 3438 5203 risumexcitaturus,quantamquc

1842 5214 2010 5269 simul
2038 5232 2165 5270 cum
2214 5214 2474 5270 universa
2499 5230 2603 5270 sua
2626 5214 2900 5271 diabolica
2941 5216 3169 5273 cohorte
3192 5218 3437 5275 infamia

1841 5309 2037 5359 notam
2051 5303 2344 5360 subiturus
2355 5304 2822 5377 esset.lmprobus
2840 5310 3031 5362 autem
3052 5308 3436 5380 spiritus,aliis

1840 5394 2071 5466 insuper
2098 5393 2462 5465 aequioribus
2489 5394 2780 5466 spiritibus
2808 5398 3130 5470 assumptis,
3163 5398 3235 5453 ad
3259 5414 3432 5470 ganeo

1840 5484 1954 5538 rosi
1989 5484 2358 5540 adolescentis
2387 5484 2705 5541 cubiculum
2734 5503 2796 5541 se
2822 5487 3053 5555 confert,
3093 5487 3153 5543 in
3191 5502 3431 5557 eumque
3521 5518 3525 5523 ι

1841 5573 2116 5645 impetum
2169 5574 2319 5639 facit,
2353 5576 2905 5633 vehementissimam
2941 5575 3125 5632 carnis
3151 5576 3434 5631 fornacem

1843 5664 2209 5723 succendens.
2247 5665 2327 5720 Ac
2344 5664 2599 5723 diabolus
2618 5667 2847 5739 quidem
2874 5667 3126 5723 internas
3145 5663 3252 5736 ipsi
3281 5663 3439 5745 ﬁam.
3525 5686 3529 5691 υ
