3876 6190
412 306 515 368 563

1442 306 1535 361 DE
1569 306 1758 362 VITIS
1796 304 2092 361 PATRUM
2128 305 2342 363 LIBER
2378 302 2667 359 PRIMUS.

3537 312 3624 371 564

417 444 540 488 mas
560 429 914 496 admovebat,
948 430 1146 502 puellae
1177 436 1386 497 autem,
1408 435 1475 485 ut
1501 431 1749 504 corporis
1775 429 2018 503 pulchri-
2038 432 2083 491 Α
2167 432 2256 488 Ad
2276 432 2541 503 juvenem
2565 427 2716 483 enim
2739 442 2806 482 ex
2833 428 3033 500 puellis
3044 427 3154 483 illis
3169 444 3277 484 una
3303 433 3525 489 omnium
3538 438 3630 493 for.

418 522 612 578 tudine
641 521 912 591 insignes,
943 519 1021 573 sic
1053 520 1243 574 animo
1268 519 1546 575 deformes
1564 520 1878 593 improbam
1898 536 2015 575 ma-

416 610 617 664 teriam
648 612 874 662 externe
899 608 1349 679 suppeditabant.

489 700 563 752 At
580 715 714 752 vero
740 714 882 769 pura
906 699 1003 751 illa
1024 699 1215 753 anima
1234 700 1483 771 pestiferi
1494 699 1726 772 spiritus
1741 700 2016 773 impetum

416 803 740 859 agnoscens,
797 804 859 841 ac
888 794 1291 859 praeposterum
1341 789 1747 860 cogitationum
1783 789 2014 857 bellum,

418 877 565 948 quod
583 893 788 947 magno
807 892 872 930 ac
893 878 1207 932 vehementi
1226 883 1285 943 ω
1300 885 1334 944 ﬁ
1352 885 1408 945 4
1427 881 1720 934 adversum
1734 880 2019 951 seimpetu

419 965 700 1032 veniebat,
717 966 1083 1037 conspiciens,
1109 967 1563 1038 perturbabatur,
1586 974 1857 1040 tantoque
1871 969 2019 1022 malo

418 1054 664 1122 liberari,
699 1072 1016 1126 purumque
1035 1072 1156 1110 sese
1193 1057 1415 1111 Christo
1445 1057 1708 1112 exhibere
1738 1057 2015 1129 cupiebat,

417 1159 521 1198 nec
553 1150 803 1199 sanctam
822 1145 977 1198 illam
1015 1144 1235 1210 stolam,
1254 1161 1366 1216 qua
1393 1162 1520 1200 eum
1548 1146 1812 1218 baptismi
1839 1145 2022 1216 gratia

420 1235 702 1301 induerat,
719 1235 966 1289 libidinis
988 1251 1143 1289 cceno
1165 1237 1571 1291 contaminare.
1592 1238 1894 1292 Confestim
1909 1238 2017 1290 ita-

421 1340 530 1395 que
559 1324 740 1378 amori
771 1341 1040 1390 amorem,
1074 1326 1178 1378 hoc
1208 1330 1293 1379 est
1324 1326 1608 1397 impudico
1638 1326 1888 1380 divinum
1918 1342 2019 1396 op-

420 1414 597 1485 ponit,
618 1414 835 1485 sibique
861 1413 1336 1484 pulchritudinem
1352 1415 1506 1469 illam
1528 1432 1592 1469 ac
1607 1415 1845 1486 gloriam
1870 1414 2023 1469 omni

422 1516 681 1555 sermone
694 1501 1139 1572 praestantiorem
1150 1542 1161 1567 ,
1172 1518 1342 1573 quam
1357 1520 1510 1573 purae
1525 1503 1724 1557 animae
1742 1503 1800 1556 in
1814 1502 2024 1556 Christi

422 1590 613 1660 sponsi
643 1590 875 1661 nuptiis,
895 1607 960 1645 ex
981 1591 1184 1662 quibus
1213 1591 1293 1645 illi
1310 1592 1406 1663 qui
1437 1592 1751 1663 nuptialem
1774 1592 2022 1646 tunicam

422 1680 849 1750 conspurcarint
877 1679 1192 1750 ejicientur,
1225 1681 1539 1752 vinetisque
1562 1681 1822 1736 manibus
1845 1686 1901 1735 et
1925 1697 2023 1752 pc-

2096 521 2417 577 mosissima
2436 519 2899 590 ingrediturque
2917 517 3085 572 etiam
3098 518 3242 589 regis
3252 522 3519 590 cujusdam
3531 526 3633 581 ﬁlia

2099 617 2238 677 erat,
2264 610 2592 682 captivaque
2604 626 2639 663 a
2656 608 2840 680 patria
2861 622 2966 662 sua
2984 606 3236 674 abducta,
3263 610 3630 681 regiAbenner,

2097 699 2548 773 praestantissimi
2570 698 2861 769 cujusdam
2893 697 3140 752 muneris
3152 697 3340 764 instar,
3355 698 3524 754 oblata
3539 703 3636 757 fue-

2099 796 2213 846 rat:
2231 806 2399 861 quam
2413 793 2591 860 pater,
2624 792 2684 841 ut
2704 786 2908 841 eximia
2927 786 3330 858 pulchritudine
3361 789 3637 859 praeditam,

2101 880 2173 934 ad
2193 878 2639 934 labefactandum
2654 893 2719 930 ac
2738 875 3114 946 dejiciendum
3136 875 3477 931 filiianimum
3490 878 3638 933 mise-

2101 974 2209 1024 rat.
2242 970 2398 1022 Hanc
2427 968 2701 1038 impostor
2720 966 2815 1019 ille
2840 964 3007 1030 subit,
3035 964 3248 1035 ipsique
3268 966 3525 1035 ejusmodi
3542 984 3643 1021 ser-

2103 1074 2299 1113 mones
2329 1056 2582 1127 suggerit
2611 1055 2707 1126 qui
2730 1054 2904 1108 animi
2930 1054 3105 1125 ipsius
3126 1054 3464 1124 prudentiam
3493 1071 3552 1109 ac
3572 1073 3647 1109 sa-

2103 1146 2373 1219 pientiam
2404 1144 2696 1216 perspicue
2733 1143 3101 1225 declararent,
3130 1142 3400 1213 siquidem
3429 1143 3650 1199 diabolus

2102 1252 2297 1291 omnes
2319 1235 2390 1288 ad
2410 1234 2606 1287 vitium
2630 1232 3076 1287 accommodatas
3091 1236 3240 1285 artes
3252 1232 3404 1285 facile
3418 1248 3477 1285 ac
3495 1248 3652 1303 prom-

2102 1330 2197 1397 pte
2221 1329 2458 1380 exercet.
2483 1323 2796 1393 Posteaque
2813 1321 2961 1391 regis
2974 1320 3149 1374 filium
3162 1336 3195 1373 a
3210 1319 3413 1374 dextris
3431 1320 3651 1386 adortus,

2108 1414 2306 1486 puellae
2334 1428 2585 1466 amorem
2619 1411 2726 1482 ipsi
2755 1410 2972 1474 inserit,
2992 1408 3062 1463 ob
3080 1409 3257 1480 ipsius
3277 1407 3515 1463 videlicet
3541 1426 3654 1479 pru-

2106 1502 2354 1557 dentiam
2385 1508 2442 1556 et
2469 1501 2822 1571 gravitatem.
2865 1507 3034 1571 atque
3080 1500 3254 1554 etiam
3283 1498 3351 1553 ob
3392 1515 3509 1552 eam
3552 1515 3659 1552 cau-

2107 1609 2247 1655 sam,
2294 1591 2442 1663 quod
2480 1607 2604 1644 cum
2636 1607 2703 1644 ea
2731 1589 3022 1644 nobilitate
3049 1594 3217 1649 esset,
3268 1593 3432 1659 atque
3461 1604 3489 1641 e
3529 1588 3663 1658 regis

2108 1682 2283 1752 stirpe
2314 1680 2632 1752 prodiisset,
2664 1678 2849 1750 patria
2876 1683 3069 1732 tamen
3099 1678 3269 1731 simul
3298 1693 3361 1731 ac
3393 1676 3560 1746 gloria
3584 1693 3663 1730 or-

422 1766 584 1821 dibus
622 1767 681 1821 in
722 1768 1026 1822 exteriores
1055 1768 1319 1822 tenebras
1345 1769 1768 1839 protrudentur,
1806 1769 2028 1823 habita-
2046 1770 2242 1849 Bbata
2265 1775 2428 1824 esset.
2474 1769 2559 1822 Ad
2590 1769 2708 1822 haec
2736 1767 3062 1838 hujusmodi
3082 1783 3308 1838 quoque
3336 1765 3666 1835 cogitationes

419 1860 563 1911 tum
593 1862 727 1910 sunt
750 1857 1141 1928 (Matth.xx11),
1166 1858 1224 1910 in
1256 1856 1588 1912 memoriam
1619 1864 1862 1912 revocat.
1897 1860 2026 1913 Haec

422 1961 549 1999 cum
570 1945 759 1999 animo
770 1961 873 1999 suo
892 1946 1273 2012 considerans,
1290 1953 1348 2001 et
1366 1947 1644 2018 lacrymas
1659 1948 2022 2019 profundens,

421 2038 621 2105 pectus
654 2033 1006 2099 verberabat,
1042 2034 1327 2105 improbas
1357 2036 1482 2089 illas
1502 2036 1889 2107 cogitationes,
1913 2054 2026 2091 non

426 2138 585 2177 secus
613 2138 678 2175 ac
712 2122 867 2177 fucos
897 2123 1169 2193 quosdam
1212 2123 1268 2177 in
1316 2124 1507 2194 fugam
1535 2131 1778 2180 vertens.
1813 2126 2027 2180 Deinde

425 2227 680 2282 surgens,
715 2228 779 2265 ac
805 2227 1004 2266 manus
1033 2212 1313 2279 attollens,
1347 2212 1658 2269 calentibus
1684 2216 1946 2287 lacrymis
1965 2233 2029 2269 ac

424 2299 726 2371 gemitibus
745 2301 846 2354 Dei
877 2317 1041 2371 opem
1071 2308 1241 2372 atque
1261 2302 1531 2356 auxilium
1556 2303 1912 2375 implorabat,
1930 2306 2027 2359 iis-

426 2405 535 2459 que
558 2388 741 2443 verbis
768 2389 1067 2444 utebatur:
1102 2391 1470 2461 Omnipotens
1486 2392 1741 2456 Domine,
1758 2394 1853 2463 qui
1878 2394 2029 2449 solus

425 2477 637 2531 viribus
661 2478 856 2549 polles,
890 2484 1059 2549 atque
1089 2480 1159 2533 ad
1181 2480 1625 2538 misericordiam
1657 2482 1915 2553 proclivis
1946 2500 2024 2546 es.

430 2566 688 2633 Domine,
722 2567 973 2638 inquam,
1007 2585 1133 2640 spes
1163 2569 1588 2639 desperatorum
1621 2576 1677 2625 et
1707 2588 1902 2626 eorum
1933 2572 2028 2643 qui

429 2656 638 2710 auxilio
680 2661 893 2723 carent,
924 2657 1052 2723 mei,
1098 2674 1303 2727 quaeso,
1337 2658 1553 2713 inutilis
1581 2660 1666 2714 tui
1695 2661 1839 2715 servi
1877 2677 2025 2716 nunc

428 2746 743 2813 recordare,
794 2746 1055 2817 facilique
1102 2764 1167 2801 ac
1196 2748 1437 2818 propitio
1464 2749 1624 2803 oculo
1663 2766 1753 2804 me
1782 2751 2023 2817 intuere,

429 2836 789 2907 animamque
818 2853 1002 2890 meam
1032 2853 1067 2890 a
1106 2836 1383 2892 diabolica
1410 2837 1626 2893 framea
1652 2840 1825 2912 eripe,
1866 2857 1931 2895 ac
1959 2842 2029 2897 de

428 2940 602 2980 manu
621 2924 775 2980 canis
795 2926 1020 2980 unicam
1038 2942 1242 2992 meam,
1268 2942 1372 3005 nec
1399 2944 1489 2982 me
1516 2928 1576 2982 in
1603 2928 1851 2984 hostium
1888 2947 2035 2985 meo-

430 3031 560 3069 rum
586 3030 790 3069 manus
818 3015 1063 3070 incidere
1095 3016 1387 3087 permittas
1412 3019 1582 3087 (Psal.
1614 3023 1749 3088 χχι).
1796 3020 1922 3076 Non
1948 3037 2037 3076 su~

2108 1860 2214 1931 ipsi
2261 1857 2523 1922 subserit,
2557 1863 2622 1911 ut
2650 1873 2774 1911 eam
2804 1856 2874 1910 ab
2902 1856 3099 1911 insano
3142 1855 3416 1910 idolorum
3445 1854 3586 1908 cultu
3611 1853 3667 1905 li-

2109 1948 2351 2013 beraret,
2386 1946 2877 2017 Christianamque
2898 1945 3167 2000 efficeret.

2182 2039 2311 2091 Haec
2340 2042 2530 2091 autem
2556 2035 2745 2089 omnia
2773 2035 2982 2089 versuti
3002 2035 3265 2089 draconis
3294 2033 3499 2087 technae
3514 2036 3670 2085 erant.

2110 2128 2255 2182 Nam
2288 2143 2413 2180 cum
2446 2125 2595 2195 regis
2628 2124 2774 2178 filius
2805 2124 2992 2177 animo
3013 2124 3097 2178 ita
3116 2127 3474 2194 comparatus
3493 2125 3545 2173 et
3569 2136 3677 2173 con-

2110 2217 2342 2271 stitutus
2371 2220 2537 2279 esset,
2555 2220 2617 2267 ut
2630 2213 2844 2267 nullam
2876 2211 3175 2267 obscenam
3191 2210 3574 2281 cogitationem
3587 2215 3670 2261 aut

2108 2304 2468 2359 libidinosum
2480 2319 2727 2356 amorem
2746 2303 2816 2355 ad
2835 2302 3078 2372 puellam
3095 2300 3448 2366 vacillantem
3461 2299 3514 2351 in
3524 2298 3680 2368 seipse

2110 2394 2470 2466 perspiceret,
2504 2408 2699 2445 verum
2740 2390 2917 2461 ipsius
2946 2391 3227 2444 duntaxat
3248 2389 3555 2443 calamitate
3581 2385 3680 2439 ani-

2113 2500 2331 2554 maeque
2354 2481 2520 2536 exitio
2553 2498 2611 2535 se
2633 2480 2969 2534 commoveri
2989 2480 3251 2542 sentiret,
3274 2496 3395 2533 rem
3414 2478 3552 2531 hanc
3577 2476 3682 2529 dia-

2110 2572 2353 2629 bolicum
2383 2575 2762 2625 commentum
2793 2586 2914 2623 esse
2943 2568 3181 2623 minime
3211 2564 3678 2622 animadvertebat.

2110 2662 2398 2733 Siquidem
2420 2676 2614 2714 revera
2642 2659 2820 2728 caligo
2850 2658 2943 2712 ille
2963 2662 3069 2724 est,
3095 2674 3163 2712 ac
3198 2658 3385 2712 lucem
3407 2653 3677 2711 assimilat.

2108 2753 2183 2807 Ut
2198 2751 2347 2805 enim
2370 2748 2523 2817 regis
2535 2748 2681 2802 filius
2697 2747 2942 2818 puellam
2963 2747 3179 2817 alloqui
3194 2746 3503 2816 divinaeque
3518 2740 3685 2812 cogni-

2112 2840 2285 2895 tionis
2316 2832 2540 2894 oracula
2590 2837 2696 2908 ipsi
2744 2852 3020 2907 exponere
3048 2836 3261 2908 coepit:
3312 2836 3575 2904 Agnosce,
3612 2831 3687 2883 in-

2117 2930 2335 3000 quiens,
2365 2945 2398 2982 o
2429 2926 2649 2992 mulier,
2678 2926 2856 2980 Deum
2894 2925 2952 2979 in
2981 2941 3153 2979 omne
3201 2940 3384 2979 aevum
3420 2922 3688 2981 viventem,

2118 3036 2221 3073 nec
2248 3023 2306 3072 te
2335 3017 2612 3072 idolorum
2642 3031 2831 3069 errore
2859 3014 3105 3070 detineri
3138 3014 3285 3079 sine,
3320 3027 3511 3066 verum
3533 3004 3695 3063 Domi-

430 3104 972 3177 pergaudeantmihi
989 3105 1084 3176 qui
1097 3105 2093 3182 oderuntmeinique(Psal.xxxrv);C
2116 3124 2249 3162 num
2284 3122 2472 3161 rerum
2500 3104 2751 3159 omnium
2781 3105 3102 3159 effectorem
3151 3102 3431 3171 intellige,
3465 3116 3528 3153 ac
3552 3098 3698 3150 beata

432 3208 543 3247 nec
570 3209 660 3246 me
691 3193 749 3247 in
779 3193 1170 3265 iniquitatibus
1209 3196 1491 3267 corrumpi
1516 3196 1688 3264 sinas,
1720 3214 2033 3271 corpusque

433 3298 644 3347 meum,
670 3283 818 3353 quod
831 3282 933 3337 tibi
953 3288 1172 3337 castum
1185 3283 1446 3338 exhibere
1475 3285 1729 3356 promisi,
1751 3288 1957 3359 probro
1977 3294 2035 3344 et

433 3371 1109 3428 contumeliaafficere.Te
1129 3373 1280 3427 enim
1299 3374 1820 3447 concupisco,teque
1838 3378 2029 3444 adoro,

436 3460 685 3525 Patrem,
714 3467 771 3516 et
793 3462 1021 3519 Filium.
1049 3468 1108 3516 et
1135 3462 1405 3534 Spiritum
1430 3466 1779 3530 sanctum,in
1809 3469 2032 3522 saecula.

511 3551 766 3622 Cumque
784 3552 966 3606 Amen
996 3550 1396 3621 subjunxisset,
1427 3553 1677 3608 divinam
1711 3557 2039 3612 consolatio-

440 3655 572 3695 nem
592 3640 810 3695 cazlitus
830 3640 950 3711 ipse
968 3640 1074 3694 sibi
1089 3640 1352 3695 advenire
1380 3643 1752 3715 sensit,atque
1771 3644 2038 3716 improbae

436 3728 807 3800 cogitationes
822 3730 943 3782 sese
964 3726 1370 3783 subduxerunt.
1395 3730 1522 3800 Ipse
1542 3736 1733 3786 autem
1761 3734 1829 3787 ad
1859 3740 2040 3789 matu-

438 3817 624 3871 tinum
653 3833 832 3887 usque
853 3822 1080 3889 tempus
1106 3817 1165 3871 in
1193 3818 1453 3889 precibus
1497 3821 1742 3891 perstitit
1755 3814 1781 3889 ς’
1820 3822 2041 3878 intelle-

441 3906 659 3977 ctisque
679 3905 987 3977 versipellis
1024 3906 1202 3960 hostis
1231 3907 1448 3962 technis
1474 3913 1644 3981 atque
1669 3910 1904 3979 artibus,
1921 3930 2038 3967 cor-

442 4011 550 4067 pus
578 4010 744 4049 suum
772 4000 893 4049 tum
931 3994 1041 4049 cibi
1071 3996 1327 4066 penuria,
1359 4002 1483 4052 tum
1519 3998 1612 4054 siti
1641 3999 1874 4071 aliisque
1903 4003 2043 4057 affli-

441 4082 694 4140 ctionum
735 4084 1037 4155 generibus
1079 4101 1334 4155 premere
1374 4088 1561 4159 ccepit,
1593 4087 1651 4142 in
1692 4090 2040 4146 orationibus

447 4179 633 4229 erecto
646 4190 881 4246 corpore
901 4180 1257 4245 pernoctans,
1279 4174 1499 4247 sibique
1520 4177 1626 4248 ipsi
1649 4184 1813 4249 pacta
1831 4197 1898 4235 ea
1918 4198 2041 4253 quae

443 4279 572 4318 cum
598 4262 713 4319 Deo
740 4263 946 4318 inierat
969 4264 1030 4317 in
1056 4263 1385 4319 memoriam
1409 4266 1699 4334 reducens,
1725 4273 1898 4341 atque
1918 4276 2041 4326 tum

445 4369 642 4409 eorum
680 4351 777 4425 qui
800 4352 1083 4423 justitiam
1111 4354 1389 4409 coluerint
1412 4355 1663 4411 futurum
1685 4359 2041 4430 splendorem

2115 3198 2244 3262 eris,
2278 3195 2585 3250 immortali
2614 3210 2818 3266 sponso
2858 3194 3166 3264 adjuncta;
3230 3192 3433 3253 multa,
3464 3188 3693 3258 inquam,

2115 3285 2392 3357 ejusmodi
2409 3301 2537 3338 cum
2559 3283 2677 3355 ipse
2690 3283 2940 3349 dixisset,
2958 3282 3158 3337 statim
3180 3279 3477 3353 improbus
3492 3275 3699 3347 spiritus

2116 3375 2339 3430 mulieri
2368 3374 2427 3428 in
2447 3378 2692 3428 mentem
2723 3372 2999 3436 immittit,
3032 3377 3101 3426 ut
3123 3370 3346 3426 fraudis
3370 3370 3591 3438 laqueos
3616 3380 3697 3417 ex-

2117 3465 2367 3537 plicaret,
2395 3480 2458 3518 ac
2488 3464 2604 3517 Deo
2634 3462 2863 3515 charam
2887 3461 3046 3515 illam
3080 3460 3344 3515 animam
3384 3457 3456 3512 ad
3479 3452 3702 3510 libidinis

2118 3554 2333 3608 foveam
2364 3551 2703 3624 praecipitem
2728 3551 2998 3605 traheret.
3027 3548 3521 3621 quemadmodum
3536 3540 3703 3598 videli-

2119 3648 2208 3697 cet
2226 3644 2359 3697 olim
2391 3641 2616 3712 generis
2636 3640 2870 3695 humani
2894 3646 3193 3694 auctorem
3225 3640 3356 3694 Eva;
3380 3650 3551 3708 opera
3575 3649 3604 3687 e
3619 3645 3704 3703 pa-

2121 3732 2306 3786 radiso
2336 3747 2400 3784 ac
2427 3731 2543 3785 Deo
2571 3730 2775 3784 misere
2803 3728 3226 3795 exterminavit,
3280 3741 3525 3797 eumque
3553 3722 3705 3776 beata

2123 3827 2291 3892 atque
2317 3819 2654 3875 immortalis
2676 3818 2800 3873 vitae
2825 3818 2945 3873 loco
2974 3818 3150 3872 morti
3171 3817 3420 3873 addixit.

2193 3912 2564 3981 Posteaquam
2584 3908 2759 3979 igitur
2775 3908 2961 3979 puella
2971 3906 3149 3961 verba
3168 3908 3277 3961 illa
3286 3904 3445 3962 omni
3459 3898 3712 3973 sapientia

2124 4000 2333 4055 referta
2363 3998 2593 4065 audivit,
2640 4015 2740 4070 pro
2771 4007 2874 4052 Sua
2899 3996 3149 4051 stultitia
3178 4013 3252 4052 ea
3294 4012 3411 4051 non
3440 3987 3708 4048 intellexit.

2125 4106 2318 4144 verum
2338 4087 2662 4159 hujusmodi
2690 4101 3022 4157 responsum
3033 4086 3245 4149 edidit,
3280 4085 3453 4156 quale
3471 4082 3540 4137 ab
3553 4097 3616 4135 ea
3635 4076 3711 4132 edi

2122 4184 2561 4234 consentaneum
2590 4181 2650 4241 3
2665 4182 2701 4241 Ι
2717 4183 2781 4241 5
2807 4180 2945 4237 erat,
2963 4191 3088 4245 quae
3106 4174 3332 4229 diaboli
3346 4174 3540 4244 lingua
3568 4172 3715 4239 atque

2124 4285 2187 4324 os
2212 4273 2373 4335 erat;
2425 4266 2616 4338 aitque
2644 4283 2655 4317 :
2696 4264 2755 4320 Si
2784 4264 2982 4319 salutis
3009 4280 3177 4332 meae,
3238 4281 3274 4319 ο
3329 4263 3575 4325 domine,
3603 4271 3720 4312 cura

2122 4358 2391 4428 tangeris,
2422 4372 2488 4410 ac
2520 4371 2611 4410 me
2633 4355 2747 4410 Deo
2768 4360 2867 4409 tuo
2885 4353 3219 4421 conciliare,
3245 4353 3593 4425 abjectazque
3619 4343 3721 4401 ani-

443 4444 638 4498 animo
666 4448 723 4497 et
750 4442 1088 4513 cogitatione
1131 4442 1459 4511 informans,
1491 4450 1615 4499 tum
1652 4446 2040 4506 denuntiatam
2060 4471 2104 4530 D
2125 4463 2230 4502 mae
2258 4463 2398 4501 meae
2426 4446 2665 4500 salutem
2686 4444 2888 4498 afferre
2915 4443 3131 4509 studes,
3168 4444 3266 4498 fac
3295 4450 3362 4498 tu
3393 4456 3611 4514 quoque

442 4532 715 4604 improbis
736 4533 1055 4602 gehennam
1072 4537 1267 4602 aperte
1287 4532 1394 4586 sibi
1415 4532 1486 4587 ob
1505 4536 1693 4590 oculos
1706 4554 2041 4610 proponens.
2061 4525 2095 4530 ’
2127 4554 2265 4592 mea:
2287 4535 2545 4608 petitioni
2575 4550 2811 4600 annuas,
2830 4550 2895 4588 ac
2914 4533 3111 4588 statim
3124 4534 3344 4605 patriis
3363 4530 3619 4588 omnibus
3628 4525 3722 4580 diis

447 4622 609 4688 Quod
638 4621 849 4676 scilicet
876 4637 944 4677 ea
960 4621 1033 4675 de
1059 4636 1232 4675 causa
1254 4621 1493 4677 faciebat
1507 4639 1578 4679 ne
1599 4624 1776 4681 hostis
1805 4627 2045 4685 inertem

445 4728 514 4768 ac
540 4712 784 4767 solutam
812 4710 989 4783 ipsius
1018 4710 1266 4765 animam
1292 4716 1509 4779 nactus,
1530 4729 1730 4784 pravas
1750 4717 2047 4788 cogitatio-

448 4816 551 4857 nes
591 4801 701 4872 ipsi
734 4800 888 4855 nullo
926 4801 1152 4872 negotio
1208 4800 1500 4868 insereret,
1539 4803 1826 4876 animique
1868 4806 2043 4878 ipsius

444 4889 754 4963 puritatem
780 4889 1035 4944 turbaret
1059 4895 1117 4946 et
1154 4890 1428 4946 inliceret.
1482 4892 1624 4946 Cum
1655 4894 1832 4964 igitur
1869 4895 2046 4951 hostis

450 4979 689 5035 omnino
699 4983 888 5033 mente
908 4979 1247 5047 concideret,
1271 4996 1443 5053 seque
1464 4986 1756 5037 strenuum
1780 4985 2048 5055 juvenem

447 5067 798 5139 dejecturum
826 5083 1056 5138 prorsus
1082 5068 1384 5138 difﬁderet,
1409 5070 1479 5125 ad
1503 5070 1673 5126 aliam
1702 5073 2045 5130 callidiorem

445 5155 703 5213 fraudem
730 5172 854 5211 sese
872 5156 1086 5212 confert
1114 5160 1196 5225 {ut
1232 5159 1328 5230 qui
1354 5175 1578 5232 semper
1601 5162 1785 5217 malus
1816 5162 1906 5229 sit,
1942 5180 2048 5220 nec

446 5262 698 5319 unquam
727 5245 938 5317 aliquid
959 5247 1347 5319 moliri,atque
1370 5248 1786 5307 incommodum
1814 5252 2044 5325 aliquod

447 5341 507 5392 et
533 5335 937 5391 detrimentum
962 5336 1162 5391 afferre
1196 5337 1577 5409 intermittat),
1600 5340 1731 5396 inid
1751 5342 1905 5397 omni
1928 5349 2044 5399 stu-

445 5427 539 5482 dio
569 5422 920 5492 incumbens,
947 5431 1009 5481 ut
1038 5442 1162 5498 quae
1191 5425 1297 5482 sibi
1330 5427 1617 5484 aTheuda
1640 5431 1909 5487 mandata
1930 5432 2047 5488 fue-

443 5520 576 5573 rant
600 5520 955 5587 exsequatur.
978 5516 1177 5588 Itaque
1203 5531 1403 5573 rursus
1433 5516 1756 5591 hujusmodi
1786 5521 2049 5594 pharma-

434 5621 508 5677 ce
531 5609 840 5680 comparat.

2127 4625 2609 4698 meisrepudiatis,
2633 4625 2749 4679 Deo
2768 4629 2867 4679 tuo
2887 4639 2978 4677 me
2997 4622 3352 4695 adjungam,
3368 4613 3725 4695 ipsumquead

2128 4721 2437 4771 extremum
2455 4730 2634 4785 usque
2654 4712 2915 4784 spiritum
2932 4711 3142 4765 colam.
3164 4713 3262 4767 Ita
3282 4719 3348 4768 tu
3368 4710 3567 4767 salutis
3584 4720 3724 4765 mea.

2113 4811 2296 4876 ,atque
2319 4804 2390 4858 ad
2410 4805 2591 4858 Deum
2614 4800 3009 4866 conversionis,
3040 4801 3388 4857 mercedem
3416 4799 3637 4855 refcres.

2200 4894 2341 4948 Cum
2366 4898 2556 4947 autem
2588 4891 2684 4946 ille
2713 4905 2969 4962 quaenam
2996 4889 3120 4944 haec
3150 4892 3367 4961 petitio
3389 4896 3541 4945 esset
3552 4884 3730 4959 quaesi-

2132 4983 2317 5046 visset,
2349 4988 2471 5036 tum
2502 4981 2599 5035 illa
2627 4986 2684 5035 et
2712 4980 2929 5046 habitu,
2963 4984 3021 5033 et
3050 4986 3327 5050 aspectu,
3368 4987 3431 5036 et
3475 4990 3733 5041 sermone,

2129 5088 2195 5127 ac
2223 5071 2465 5142 denique
2490 5069 2643 5124 omni
2674 5086 2739 5123 ex
2786 5073 2948 5141 parte
2994 5083 3121 5122 sese
3153 5070 3234 5122 ad
3267 5069 3632 5125 alliciendum
3667 5065 3738 5133 ip-

2128 5161 2246 5216 sius
2273 5160 2525 5215 animum
2548 5173 2881 5229 comparans
2905 5175 2917 5211 :
2961 5156 3373 5223 Matrimonia,
3407 5156 3613 5230 inquit,
3641 5168 3740 5209 me—

2126 5265 2256 5305 cum
2309 5249 2670 5319 conjungere,
2705 5251 2874 5317 atque
2923 5260 3026 5316 ego
3075 5244 3362 5318 imperiis
3395 5246 3512 5303 tuis
3561 5242 3739 5299 lubens

2125 5338 2424 5410 obsequar.

2199 5428 2274 5483 At
2300 5427 2396 5483 ille
2422 5445 2434 5480 :
2457 5426 2768 5492 Incassum,
2789 5423 2994 5498 inquit,
3015 5440 3048 5480 o
3068 5426 3319 5493 mulier,
3339 5428 3551 5484 duram
3570 5424 3744 5493 hujus-

2128 5517 2281 5573 modi
2293 5516 2621 5589 petitionem
2633 5515 2771 5571 mihi
2785 5514 3130 5589 proposuisti
3141 5516 3324 5572 .Nam
3337 5511 3745 5591 quanquamin-

2127 5606 2282 5680 genti
2311 5606 2509 5663 salutis
2535 5609 2648 5663 tua;
2683 5620 2821 5663 cura
2858 5609 3073 5673 teneor,
3132 5610 3330 5679 teque
3359 5624 3431 5664 ex
3460 5603 3657 5662 mortis
3696 5605 3747 5655 et
