3876 6190
2365 177 2382 199 κ

185 330 270 386 565
541 329 712 388 VITA
752 328 1195 389 SANCTORUM
1228 327 1577 387 BARLAAM
1610 329 1949 388 EREMII‘A‘J
1987 332 2077 390 ET
2112 329 2480 388 JOSAPHAT
2517 330 2750 388 INDIIE
2789 330 3022 389 REGIS.
3311 327 3419 386 566

183 455 313 510 exitii
330 455 584 528 voragine
611 458 904 513 extrahere
933 458 1116 530 cupio,
1149 459 1287 513 mihi
1315 463 1510 515 tamen
1540 477 1744 532 corpus
1760 461 1810 522 A
1829 461 2173 516 matrimonii
2191 477 2338 515 nexu
2353 465 2538 514 tecum
2555 459 2803 532 copulari
2817 460 3063 532 cupiens.
3081 465 3272 515 tamen
3285 475 3421 530 quo-

184 562 344 600 meum
362 547 678 618 perfoedum
696 548 1056 604 concubitum
1075 549 1369 622 inquinare
1389 550 1556 606 nimis
1574 568 1744 622 grave
1814 551 1978 606 'niam
2019 552 2075 606 id
2104 550 2202 605 tibi
2232 551 2463 605 minime
2490 556 2714 621 gratum
2761 555 2863 616 est,
2896 567 3009 604 non
3032 551 3152 621 jam
3184 549 3284 604 tibi
3308 548 3420 602 vim

183 641 269 700 est,
298 633 406 689 imo
433 653 659 708 prorsus
688 637 1056 710 impossibile.

237 725 332 780 Illa
357 742 482 780 vero
509 728 735 798 planam
777 728 883 799 ipsi
929 727 1076 782 viam
1124 728 1194 782 ad
1234 730 1414 784 scelus
1447 735 1738 784 sternens:

181 815 383 887 Ecquid,
412 816 948 888 inquit,hujusmodi
978 833 1236 872 sermone
1261 819 1454 896 uteris,
1475 819 1570 890 qui
1590 819 1744 874 omni

181 904 436 976 sapientiae
452 923 662 976 genere
688 906 898 978 polles?
928 907 1158 978 Ecquid,
1191 907 1439 978 inquam,
1465 909 1608 962 hanc
1625 926 1744 963 rem

180 995 473 1066 spurcitiem
505 1012 568 1048 ac
596 996 703 1050 foed
713 1012 806 1050 um
821 995 1177 1050 concubitum
1201 998 1530 1068 appellasti?
1550 999 1600 1052 Ν
1605 1015 1746 1069 eque

180 1085 304 1138 enim
321 1085 436 1156 ipsa
451 1101 672 1156 quoque
686 1085 1134 1140 Christianorum
1157 1086 1426 1140 librorum
1449 1086 1646 1156 ignara
1667 1093 1748 1141 at-

179 1191 267 1246 que
285 1191 472 1245 expers
491 1191 835 1238 sum,verum
850 1180 906 1228 et
921 1175 1128 1229 multos
1148 1175 1201 1229 in
1225 1176 1404 1246 patria
1425 1193 1552 1230 mea
1576 1176 1746 1231 libros

178 1263 378 1334 perlegi,
411 1268 470 1316 et
497 1280 644 1334 saepe
669 1280 794 1318 cum
825 1263 1159 1318 Christianis
1186 1282 1472 1320 sermones
1511 1266 1740 1320 contuli.

179 1354 298 1418 Quid
324 1353 540 1424 igitur?
566 1356 764 1408 Nonne
793 1355 851 1408 in
873 1354 1113 1426 quodam
1133 1353 1402 1408 librorum
1431 1361 1744 1410 vestrorum

179 1444 412 1514 scriptum
433 1451 520 1498 est
545 1461 556 1496 :
577 1443 915 1498 Honorabile
931 1443 1270 1498 connubium
1293 1450 1349 1498 et
1369 1445 1743 1498 torusimma-

178 1533 366 1586 culatus
389 1535 572 1598 (Hebr.
607 1533 770 1601 xm)?
799 1535 878 1587 Ac
907 1549 1163 1588 rursum:
1190 1533 1389 1588 Melius
1419 1539 1504 1588 est
1533 1534 1746 1590 nubere

179 1639 319 1693 quam
349 1623 434 1676 uri
466 1625 515 1688 (1
545 1624 666 1677 Cor.
688 1623 924 1690 vn)?Ac
945 1639 1168 1676 rursum
1199 1641 1210 1676 :
1244 1623 1401 1686 Quod
1429 1623 1578 1678 Deus
1611 1641 1744 1678 con-

173 1711 346 1780 junxit,
374 1712 546 1766 homo
569 1729 678 1766 non
700 1717 922 1784 separet
939 1713 1152 1778 (Matth.
1173 1715 1274 1782 xw)
1293 1714 1316 1766 ’ἰ
1337 1713 1535 1767 Nonne
1551 1730 1744 1768 omnes

177 1805 359 1854 veteres
373 1803 395 1871 j
404 1802 660 1866 usti,tam
675 1801 1006 1872 patriarcha:
1019 1817 1186 1872 quam
1199 1802 1483 1873 propheta:
1495 1803 1745 1873 legitimo

179 1890 509 1944 matrimonio
544 1891 836 1962 cepulatos
876 1889 1043 1944 fuisse
1071 1890 1372 1961 Scripturae
1421 1897 1620 1946 vestrae
1651 1892 1745 1945 do-

175 1981 318 2032 cent?
345 1980 546 2033 Nonne
576 1980 779 2034 Petrus
799 1979 910 2046 ille,
945 1995 1110 2050 quem
1133 1981 1515 2050 apostolorum
1543 1981 1746 2052 princi-

175 2085 277 2138 pem
307 2069 474 2122 fuisse
509 2069 842 2140 przedicatis,
897 2085 1124 2123 uxorem
1170 2069 1432 2123 habuisse
1483 2069 1748 2124 scribitur

177 2151 297 2223 (Luc.
321 2161 388 2221 Iv)
412 2159 436 2210 Τ
469 2157 618 2222 Quid
640 2157 813 2228 igitur
842 2163 896 2212 te
920 2158 1168 2222 adduxit,
1190 2165 1253 2212 ut
1276 2175 1395 2212 rem
1421 2159 1745 2230 hujusmodi

175 2248 464 2318 spufcitiem
502 2248 816 2318 appellares
838 2248 861 2300 ?
884 2249 1222 2318 MagnoPere
1240 2265 1374 2302 sane
1401 2247 1539 2302 mihi
1561 2265 1594 2300 a
1613 2249 1745 2318 dog-

175 2342 356 2392 inatum
384 2344 705 2391 vestrorum
739 2337 968 2391 veritate
1000 2336 1262 2391 aberrare
1293 2337 1514 2392 videris.

231 2429 318 2482 Cui
344 2429 434 2482 ille
467 2429 764 2499 respondit
795 2447 806 2482 :
853 2427 941 2483 Ita.
976 2428 1240 2498 profecto,
1275 2428 1495 2494 mulier,
1527 2429 1647 2482 haec
1683 2445 1743 2482 se

174 2517 364 2572 habent.
388 2536 459 2589 qu
471 2519 769 2572 emadmod
778 2535 868 2572 um
890 2517 987 2572 abs
1007 2523 1061 2572 te
1077 2517 1285 2571 dictum
1305 2523 1406 2570 est.
1425 2517 1577 2571 Licet
1593 2518 1741 2572 enim

173 2607 484 2676 quibuslibet
515 2607 873 2662 matrimonio
895 2607 1163 2678 copulari,
1189 2607 1432 2677 exceptis
1460 2613 1648 2660 tamen
1673 2607 1742 2660 iis

175 2696 250 2764 qui
263 2714 280 2746 ι
292 2695 634 2768 irginitatcm
649 2697 871 2751 Christo
885 2697 1056 2750 semel
1075 2695 1448 2767 promiserint.
1459 2696 1572 2766 Ego
1591 2696 1741 2749 enim

172 2784 227 2837 ab
252 2803 309 2838 eo
336 2786 424 2840 die
443 2803 561 2857 quo
586 2803 684 2857 per
705 2785 874 2839 divini
902 2785 1166 2856 baptismi
1197 2786 1474 2838 lavacrum
1499 2786 1739 2855 ajuven-

171 2875 283 2928 tutis
300 2882 352 2929 et
379 2876 716 2946 ignorantiae
746 2892 882 2930 mem
909 2875 1150 2947 peccatis
1180 2879 1450 2946 purgatus
1479 2892 1622 2939 sum,
1643 2891 1742 2945 pu-

171 2980 272 3016 rum
293 2965 568 3036 meipsum
587 2965 811 3019 Christo
830 2963 1090 3018 exhibere
1121 2963 1400 3035 pollicitus
1429 2980 1574 3018 sum.
1595 2963 1741 3026 Quo-

170 3069 276 3106 nam
301 3053 468 3124 igitur
503 3055 669 3108 modo
707 3061 870 3126 pacta
899 3071 964 3108 ea
993 3071 1115 3126 qua:
1145 3071 1272 3108 cum
1305 3054 1419 3108 Deo
1448 3054 1606 3108 sanxi
1630 3054 1740 3109 dis-
1758 3070 1800 3129 ο

168 3142 347 3196 solvere
375 3150 552 3215 atque
583 3142 885 3214 infringere
915 3143 1167 3198 audebo?

223 3229 448 3286 Rursum
477 3238 674 3286 autem
705 3233 772 3285 ad
795 3249 924 3286 eum
946 3232 1150 3286 mulier
1168 3231 1254 3286 his
1283 3231 1463 3286 verbis
1493 3249 1595 3286 usa
1613 3238 1732 3288 est:

169 3318 235 3372 Sit
257 3337 380 3376 sane
411 3323 485 3376 de
514 3321 620 3376 hac
639 3338 701 3375 re
725 3327 788 3376 ut
817 3322 937 3392 ipse
957 3321 1058 3376 vis.
1091 3322 1164 3376 At
1194 3321 1452 3393 exiguam
1473 3323 1732 3390 alteram,

167 3424 218 3462 ac
242 3411 432 3466 nullius
463 3411 746 3465 momenti
764 3410 1126 3482 cupiditatem
1147 3427 1334 3465 meam
1356 3412 1532 3484 exple,
1547 3413 1594 3466 si
1616 3413 1736 3482 qui-

167 3495 266 3552 dem
289 3501 488 3555 animae
523 3519 662 3554 meae
693 3501 932 3554 salutem
957 3501 1158 3554 afferre
1176 3499 1276 3554 tibi
1305 3501 1459 3554 cordi
1482 3507 1586 3555 est.
1625 3503 1735 3556 llac

167 3589 402 3644 duntaxat
431 3597 601 3645 nocte
630 3607 850 3644 mecum
890 3607 1008 3644 rem
1036 3589 1199 3654 habe,
1225 3597 1391 3662 atque
1412 3590 1566 3644 efﬁce
1595 3597 1736 3646 utet

166 3696 247 3748 ego
273 3687 361 3734 tua
387 3680 813 3754 pulchritudine
858 3683 1030 3745 fruar,
1067 3697 1130 3734 ac
1171 3687 1234 3734 tu
1277 3697 1498 3734 rursum
1542 3681 1734 3736 forma:

166 3784 273 3823 mea:
299 3770 584 3842 elegantia
615 3769 912 3840 eniplearis.
946 3769 1104 3834 Quod
1150 3770 1196 3824 si
1247 3760 1460 3836 feceris,
1495 3770 1600 3824 hoc
1631 3771 1733 3825 tibi

163 3857 410 3925 polliceor,
445 3876 542 3912 me
557 3859 726 3913 simul
751 3864 918 3930 atque
933 3859 1326 3918 diesilluxerit.
1353 3859 1732 3914 Christianam

163 3947 455 4017 religionem
479 3953 1072 4020 suscepturam,atque
1089 3965 1310 4002 omnem
1330 3949 1562 4003 deorum
1585 3967 1732 4004 meo-

162 4051 260 4089 rum
272 4039 474 4093 cultum
499 4039 630 4109 fuga
651 4039 969 4092 relicturam
987 4040 1316 4108 esse.Atque
1329 4037 1398 4092 ob
1413 4037 1730 4108 hujusmodi

160 4125 440 4194 consilium,
478 4145 599 4182 non
630 4128 794 4182 modo
824 4127 1064 4193 veniam,
1099 4128 1194 4181 sed
1225 4127 1394 4181 etiam
1439 4127 1726 4193 beneficia,

159 4214 324 4270 salutis
345 4235 487 4272 mea:
521 4233 709 4280 causa,
733 4233 767 4270 a
793 4215 907 4270 Deo
928 4221 1024 4270 tuo
1044 4216 1420 4288 consequeris.
1448 4216 1726 4271 Gaudium

1827 643 2078 709 aﬂ‘eram,
2102 657 2295 697 verum
2324 640 2594 713 quidquid
2614 640 2802 694 animo
2832 645 2929 695 tuo
2956 639 3246 704 insederit,
3271 642 3423 709 post-

1829 733 1932 786 hac
1956 733 2176 786 faciam.
2192 733 2275 788 Tu
2296 733 2470 802 igitur
2497 746 2567 784 ne
2587 747 2677 784 me
2693 747 2914 801 quoque
2940 747 3170 801 prorsus
3190 727 3421 800 abjicias

1828 829 1886 877 et
1913 823 2234 885 exsecraris,
2269 837 2462 875 verum
2491 821 2549 874 in
2571 821 2676 874 hac
2705 837 2816 874 una
2847 837 2908 874 re
2936 820 3075 874 mihi
3105 819 3420 890 obsequens

1827 913 2063 967 salutem
2085 911 2220 965 mihi
2251 909 2406 977 affer,
2439 916 2610 982 atque
2635 927 2670 964 a
2698 909 3084 981 superstitioso
3113 925 3302 964 errore
3331 923 3421 962 me

1827 1001 2022 1066 libera,
2054 1007 2116 1056 tu
2146 1007 2338 1055 autem
2367 1001 2630 1071 deinceps
2660 1017 2760 1072 per
2789 1016 3013 1054 omnem
3039 999 3164 1054 vita:
3195 1014 3420 1054 cursum
3451 1069 3461 1075 ἒ

1831 1109 1952 1162 quae
1983 1091 2084 1145 tibi
2113 1091 2228 1145 visa
2258 1089 2470 1146 fuerint
2497 1090 2670 1144 facias
2699 1089 2906 1144 licebit.

1902 1178 2002 1231 llis
2029 1177 2210 1232 verbis
2228 1184 2390 1231 utens
2414 1179 2565 1244 (nam
2589 1182 2646 1232 et
2665 1176 2912 1231 habebat
2931 1176 3141 1248 quiipsi
3159 1193 3424 1248 suggere-

1828 1273 1932 1332 ret,
1963 1267 2052 1321 cui
2082 1267 2249 1321 etiam
2267 1284 2432 1321 aures
2447 1268 2590 1321 clam
2619 1265 2969 1330 admovebat,
2994 1273 3163 1338 atque
3179 1267 3426 1337 Scriptu-

1827 1373 2018 1411 rarum
2041 1357 2255 1428 peritus
2285 1363 2371 1410 est
2399 1357 2491 1410 ille
2511 1355 2628 1410 vitii
2655 1356 2855 1410 artifex
2883 1355 3178 1425 diabolus),
3209 1356 3314 1418 his,
3343 1357 3428 1411 in-

1828 1463 2016 1517 quam,
2051 1446 2231 1500 verbis
2261 1452 2444 1509 utens,
2475 1463 2717 1516 eumque
2741 1446 3084 1510 demulcens,
3117 1463 3181 1501 ac
3206 1446 3349 1502 retia
3371 1451 3427 1500 et

1828 1536 2058 1606 laqueos
2087 1535 2194 1606 ipsi
2224 1541 2343 1590 tum
2376 1552 2410 1588 a
2438 1535 2665 1600 dextris,
2697 1539 2819 1589 tum
2849 1551 2882 1588 a
2909 1535 3151 1590 sinistris
3178 1536 3426 1608 undique

1827 1625 2255 1686 nectens,animi
2269 1625 2446 1696 ipsius
2461 1624 2666 1678 turrim
2683 1623 3036 1690 labefactare,
3068 1625 3426 1696 institutique

1829 1713 2002 1785 ipsius
2019 1731 2217 1768 nervos
2237 1714 2550 1780 debilitare,
2569 1730 2633 1768 ac
2644 1715 2992 1768 voluntatem
3013 1719 3070 1768 et
3087 1715 3425 1770 sententiam

1771 1788 2082 1856 Bemollire
2106 1803 2428 1875 incipiebat.
2462 1803 2596 1856 Vitii
2626 1809 2817 1858 autem
2842 1808 3014 1868 sator,
3028 1820 3092 1857 ac
3122 1803 3426 1874 proborum

1829 1891 2072 1946 virorum
2099 1893 2272 1946 hostis
2282 1892 2583 1955 ,labantem
2601 1892 2777 1964 ipsius
2789 1893 3041 1946 animum
3055 1893 3421 1964 conspiciens,

1837 1998 1904 2034 ac
1931 1998 2152 2036 summa
2197 1981 2326 2035 inde
2357 1981 2550 2036 lzetitia
2579 1983 2856 2053 perfusus,
2901 1982 3093 2036 statim
3132 1983 3426 2054 pestiferos

1828 2071 2056 2141 spiritus
2081 2071 2176 2142 qui
2207 2087 2319 2124 una
2344 2088 2473 2124 cum
2500 2071 2596 2126 illo
2619 2072 2856 2126 aderant
2883 2072 3152 2142 appellat:
3178 2072 3422 2140 Cernite,

1829 2159 2108 2230 inquiens,
2136 2176 2382 2230 quonam
2412 2166 2571 2231 pacto
2603 2161 2788 2231 puella
2818 2161 2898 2214 ita
2919 2177 2984 2214 ea
3014 2162 3283 2232 perﬁcere
3299 2178 3430 2217 con-

1827 2249 2022 2302 tendat
2043 2266 2166 2319 qua.-
2186 2265 2220 2302 a
2239 2247 2398 2302 nobis
2421 2248 2609 2320 perfici
2631 2249 3017 2320 nequiverunt.
3036 2250 3199 2320 Agite
3228 2251 3421 2322 igitur,

1827 2339 2031 2390 acriter
2050 2354 2199 2392 nunc
2218 2338 2278 2392 in
2295 2355 2424 2392 eum
2444 2338 2716 2409 impetum
2732 2343 2793 2404 3
2809 2345 2841 2402 Ι
2857 2344 2924 2403 θ
2936 2339 3278 2394 faciamus.N
3283 2357 3425 2411 eque

1827 2426 1978 2480 enim
2011 2427 2081 2481 ad
2111 2427 2440 2498 eXplendam
2458 2429 2580 2498 ejus
2607 2445 2638 2481 a
2662 2445 2772 2499 quo
2786 2429 2942 2482 missi
2962 2445 3156 2483 sumus
3175 2429 3426 2484 volunta-

1827 2520 1940 2570 tem
1968 2515 2118 2569 aliud
2150 2533 2306 2588 aeque
2334 2523 2712 2588 opportunum
2741 2523 2965 2588 tempus
3011 2518 3419 2574 nanciscemur.

1828 2605 1956 2658 Haec
1976 2622 2102 2658 cum
2119 2606 2426 2678 versipellis
2455 2607 2550 2659 ille
2569 2605 2638 2659 ad
2671 2607 2846 2660 socios
2866 2607 3110 2667 dixisset,
3135 2607 3196 2661 in
3213 2608 3423 2662 Christi

1825 2694 2062 2748 militem
2087 2695 2361 2756 insiliunt,
2407 2711 2602 2748 omnes
2630 2695 2803 2748 animi
2828 2695 3002 2766 ipsius
3025 2696 3168 2750 vires
3196 2703 3423 2767 pertur-

1823 2783 2040 2850 bantes,
2059 2789 2228 2855 atque
2259 2785 2599 2838 acerrimum
2627 2785 2826 2856 puellae
2855 2801 3106 2840 amorem
3127 2785 3307 2857 ipsius
3332 2803 3425 2858 pe-

1823 2874 1961 2928 ctori
2037 2873 2382 2938 inserentes,
2452 2873 3119 2946 vehementissimumque
3173 2875 3422 2931 libidinis

1821 2962 2010 3033 ignem
2042 2962 2100 3016 in
2127 2963 2248 3034 ipso
2275 2962 2713 3017 inﬂammantes.

1892 3052 1991 3107 llle
2021 3057 2212 3106 autem
2241 3067 2368 3106 cum
2395 3051 2642 3122 seipsum
2689 3053 3050 3108 vehementer
3087 3055 3197 3120 uri,
3249 3058 3421 3128 capti-

1823 3157 2064 3212 vumque
2094 3142 2164 3196 ad
2193 3145 2484 3212 peccatum
2500 3140 2649 3195 trahi
2676 3143 3036 3214 perspiceret,
3065 3149 3236 3215 atque
3265 3146 3420 3215 cogi-

1819 3231 2062 3285 tationes
2092 3247 2241 3298 suas,
2274 3231 2472 3302 puellae
2508 3231 2745 3286 salutem
2785 3233 3317 3305 conversionemque
3347 3235 3420 3290 ad

1820 3321 1998 3375 Deum
2030 3321 2137 3392 ipsi
2167 3325 2562 3392 proponentes,
2587 3321 2865 3390 ﬂagitium
2884 3328 3156 3394 tanquam
3185 3323 3418 3379 hamum

1819 3411 2122 3482 quemdam
2153 3427 2278 3465 esca
2293 3411 2591 3477 occultare,
2610 3411 2897 3482 hostisque
2915 3411 3185 3467 instinctu
3207 3413 3310 3468 sibi
3323 3431 3417 3468 ne-

1815 3500 2031 3570 gotium
2058 3501 2351 3565 facessere,
2370 3500 2600 3571 perinde
2622 3501 2876 3555 videlicet
2903 3518 2967 3556 ac
2985 3502 3166 3556 scelus
3185 3503 3415 3558 minime

1821 3595 1986 3656 esset,
2011 3590 2297 3644 servandae
2308 3589 2510 3644 animae
2529 3606 2699 3644 causa
2711 3607 2839 3644 cum
2856 3591 3091 3646 muliere
3101 3593 3275 3647 semel
3292 3609 3414 3648 rem

1817 3678 2042 3746 habere,
2075 3679 2132 3732 in
2179 3679 2503 3750 hujusmodi
2540 3679 2714 3733 animi
2755 3679 3036 3735 anxietate
3081 3683 3413 3754 consiliique

1815 3769 2050 3839 penuria
2069 3769 2183 3822 alto
2203 3774 2425 3841 pectore
2449 3769 2839 3839 ingemiscens,
2859 3769 3105 3842 seipsum
3135 3772 3325 3826 statim
3339 3773 3412 3828 ad

1814 3859 2126 3912 orationem
2157 3859 2390 3923 confert,
2433 3863 2604 3929 atque
2632 3858 2834 3913 uberes
2866 3860 3242 3932 lacrymarum
3263 3863 3411 3918 rivos

1814 3963 1879 4001 ex
1903 3947 2076 4002 oculis
2106 3947 2467 4020 profundens,
2491 3947 2563 4002 ad
2595 3964 2724 4002 eum
2747 3948 2843 4020 qui
2866 3949 3104 4004 salutem
3133 3950 3202 4004 iis
3232 3951 3327 4022 qui
3352 3951 3412 4006 in

1813 4035 1933 4106 ipso
1954 4037 2244 4092 confidunt
2257 4038 2456 4092 afferre
2467 4042 2654 4108 potest
2664 4037 2970 4094 clamabat:
2988 4041 3053 4094 In
3067 4041 3404 4109 te,Domine,

1813 4126 2050 4196 speravi,
2077 4143 2188 4181 non
2209 4127 2521 4182 confundar
2540 4129 2598 4182 in
2619 4135 2891 4183 aeternum
2915 4133 3078 4198 (Psal.
3113 4134 3233 4198 xxx)
3257 4149 3270 4196 ;
3305 4147 3408 4185 ne-

1813 4231 1920 4286 que
1939 4215 2214 4270 irrideant
2225 4217 2538 4270 meinimici
2553 4217 2680 4283 mei,
2696 4218 2902 4272 dextrae
2923 4224 3035 4272 tuae
3056 4219 3363 4274 haerentem
3387 4237 3400 4286 ;

157 4305 298 4370 enim,
327 4307 521 4379 inquit
549 4307 838 4377 Scriptura
865 4312 982 4370 tua,
1029 4311 1114 4360 est
1142 4305 1198 4359 in
1243 4306 1380 4359 caelo
1418 4322 1586 4376 super
1613 4323 1724 4361 uno
1809 4321 1999 4358 verum
2017 4305 2121 4358 hac
2136 4305 2276 4359 hora
2286 4322 2386 4376 pro
2401 4311 2496 4359 tua
2516 4307 2801 4360 voluntate
2823 4305 2959 4360 mihi
2976 4308 3404 4369 asta,viasmeas

157 4403 409 4461 peccatore
428 4395 823 4470 pmnitentiam
845 4400 1047 4466 agente
1073 4398 1240 4465 (Luce
1257 4397 1394 4462 xIx).
1419 4395 1563 4448 Nam
1579 4395 1626 4449 si
1655 4395 1724 4450 ob
1808 4394 2078 4464 dirigens,
2096 4399 2160 4448 ut
2173 4399 2427 4448 sanctum
2441 4399 2605 4448 tuum
2627 4401 2684 4450 et
2699 4395 3005 4466 gloriosum
3028 4395 3404 4452 acformidan-

154 4483 375 4540 scelerati
406 4485 659 4540 hominis
689 4484 1409 4556 resipiscentiamlaetitiain
1425 4485 1562 4538 coelo
1583 4475 1784 4539 cxci-D
1807 4484 1940 4537 dum
1970 4499 2176 4538 nomen
2214 4484 2270 4537 in
2304 4501 2394 4538 me
2423 4484 2634 4540 famulo
2659 4490 2757 4540 tuo
2785 4471 3400 4558 illustretur,quoniam

153 4575 295 4637 tatur,
329 4576 476 4646 quod
511 4575 701 4628 afferri
732 4579 916 4646 potest
944 4573 1079 4645 quin
1109 4573 1276 4643 hujus
1327 4572 1723 4644 resipiscentie
1806 4571 2130 4627 benedictus
2161 4589 2220 4628 es
2247 4573 2304 4628 in
2335 4575 2556 4630 szecula.
2588 4576 2768 4629 Amen
2797 4578 2960 4643 (Psal.
2993 4579 3156 4640 xxxv).

151 4665 334 4718 auctori
364 4682 640 4736 magnum
671 4664 962 4736 praemium
983 4663 1254 4718 debeatur
1275 4664 1298 4716 ?
1877 4664 2016 4716 Cum
2037 4667 2226 4717 autem
2249 4681 2350 4735 per
2365 4664 2581 4736 aliquot
2602 4665 2768 4720 horas
2788 4683 2916 4722 cum
2935 4665 3196 4738 lacrymis
3207 4683 3402 4738 preces

207 4753 282 4806 ιω
305 4761 456 4809 certe
481 4771 574 4809 res
591 4771 650 4808 se
671 4752 855 4809 habet.
876 4770 978 4808 nec
999 4757 1084 4808 est
1097 4753 1242 4824 quod
1257 4753 1498 4808 dubites.
1533 4753 1677 4818 Quid
1701 4755 1724 4808 ’?
1805 4752 2058 4818 fudisset,
2089 4769 2384 4826 genuaque
2413 4773 2662 4827 persaepe
2709 4757 2970 4823 ﬂexisset,
3005 4757 3062 4811 in
3097 4763 3309 4811 terram
3341 4773 3402 4812 se

149 4839 218 4894 An
243 4859 346 4898 non
391 4843 636 4916 apostoli
693 4860 914 4914 quoque
959 4841 1247 4913 religionis
1292 4847 1487 4898 vestrae
1533 4843 1720 4910 duces,
1805 4843 2126 4912 prostravit,
2145 4844 2484 4916 paulumque
2505 4844 2922 4901 obdormiscens
2938 4847 3245 4918 seipsuma
3273 4847 3399 4920 qui-

149 4933 410 5002 complura
440 4939 598 4987 certo
643 4931 872 4986 consilio
913 4930 1210 4996 faciebant,
1243 4931 1493 4986 divinum
1523 4949 1723 5004 praece-
1804 4929 2041 4987 busdam
2071 4933 2366 4988 horrendis
2393 4934 2526 4987 viris
2563 4935 2736 5006 arripi
2766 4935 2931 5002 videt,
2966 4937 3400 5010 regionibusque

149 5025 282 5086 ptum
306 5023 540 5092 majoris
555 5020 816 5092 praecepti
836 5037 1005 5076 causa
1027 5021 1310 5075 interdum
1327 5021 1722 5076 violantes?An
1807 5022 2162 5092 quibusdam,
2195 5040 2331 5094 quas
2380 5037 2671 5094 nunquam
2709 5025 2942 5092 viderat,
2973 5029 3399 5098 peragratis,.in

147 5122 237 5160 non
251 5111 454 5165 Paulus
469 5111 846 5175 Timotheum,
871 5109 1276 5182 praestantioris
1297 5110 1512 5176 consilii
1533 5127 1719 5178 causa,
1805 5111 2213 5182 amplissimum
2231 5127 2491 5183 campum
2507 5113 2754 5184 perduci,
2785 5115 3035 5186 pulchris
3065 5116 3295 5172 floribus
3317 5123 3399 5174 at-

147 5195 542 5254 circumcidisse
582 5199 790 5254 dicitur
821 5202 954 5267 (Act.
977 5203 1119 5267 XVI);
1170 5199 1326 5271 atqui
1373 5199 1720 5256 circumcisio
1806 5217 1912 5272 que
1933 5201 2148 5272 ingenti
2168 5189 2882 5272 suavitatepraeditummbi
2905 5209 2962 5258 et
2980 5205 3399 5276 plantasomnis

145 5287 273 5356 apud
291 5289 645 5368 Christianos
665 5289 723 5342 in
747 5289 979 5344 crimine
993 5293 1274 5362 censetur;
1296 5306 1398 5344 nec
1418 5295 1608 5344 tamen
1629 5290 1720 5345 ille
1801 5291 2025 5360 generis
2036 5290 2606 5356 cernebat'ﬁnusitatis
2626 5293 2959 5365 quibusdam
2981 5300 3038 5350 et
3052 5297 3398 5353 admirandis

144 5373 230 5428 hoc
251 5376 432 5432 facere
463 5377 755 5434 dubitavit.
779 5380 960 5451 Atque
979 5379 1418 5450 aliahujusmodi
1443 5379 1724 5450 permulta

141 5463 188 5518 in
214 5467 520 5540 Scripturis
549 5467 660 5522 tuis
679 5469 944 5542 reperies.
969 5468 1259 5532 Quocirca,
1283 5468 1330 5522 si
1352 5469 1497 5522 serio
1519 5467 1722 5524 animae

143 5569 263 5609 mete
281 5558 531 5611 salutem
557 5559 755 5613 aii'erre
774 5558 949 5632 cupis,
972 5558 1228 5629 exiguam
1249 5558 1394 5612 hanc
1416 5575 1596 5612 meam
1630 5576 1721 5614 cu-

133 5643 417 5742 piditatem
443 5647 632 5722 exple;
675 5654 731 5735 et
757 5663 880 5739 ego,
906 5647 1228 5739 quanquam
1247 5647 1455 5720 alioqui
1477 5648 1721 5720 perfecto

1803 5377 2094 5444 fructibus,
2125 5384 2246 5434 tum
2275 5379 2377 5434 visi
2391 5381 2834 5452 jucundissimis,
2854 5389 2978 5440 tum
2995 5393 3260 5458 perceptu
3275 5403 3400 5442 sua-

1802 5469 2042 5524 vissimis
2057 5471 2456 5526 redundantes.
2487 5471 2769 5529 Arborum
2785 5491 2952 5546 porro
2967 5475 3101 5532 folia
3113 5493 3180 5531 ex
3191 5477 3398 5532 tenuis-

1805 5559 1946 5614 sima
1970 5560 2208 5631 quadam
2237 5578 2378 5616 aura
2407 5562 2630 5618 dulcem
2659 5581 2859 5620 sonum
2890 5566 3144 5632 edebant,
3167 5581 3232 5620 ac
3262 5565 3396 5620 dum

1804 5649 2640 5726 impellerentur,inexPlebilem
2659 5655 2846 5712 odoris
2857 5656 3223 5727 fragrantiam
3238 5653 3396 5710 emit-
