3876 6190
415 352 520 417 567

1441 361 1536 417 DE
1559 361 1748 419 VITIS
1787 359 2081 419 PATRUM
2118 358 2332 414 LIBER
2368 357 2656 412 PRIMUS.

3535 369 3620 428 568

421 485 636 542 tebant.
671 487 816 552 Quin
846 479 1017 542 etiam
1041 487 1203 542 sedes
1229 487 1346 542 illic
1365 487 1486 543 sitae
1505 495 1682 555 erant,
1695 506 1833 544 auro
1849 485 2276 560 atqueA'Isracl
2301 485 2450 538 Deus
2477 484 2566 538 his
2598 483 2693 556 qui
2717 487 2871 538 recto
2898 488 3032 538 sunt
3047 485 3222 552 corde,
3251 489 3341 558 qui
3367 491 3513 546 etiam
3536 495 3624 548 eri-

422 575 668 647 ingentis
709 577 871 648 pretii
899 577 1175 648 lapidibus
1212 581 1458 642 structae,
1507 579 1850 634 luculentum
1880 595 2015 634 sane

422 665 776 736 splendorem
807 666 1136 733 afferentes;
1161 664 1404 737 lectique
1423 666 1555 722 item
1575 667 1842 735 illustres,
1858 669 2015 722 miris

421 753 755 824 quibusdam
772 755 1055 826 stragulis,
1078 740 1246 826 atque
1261 755 1538 827 elegantia
1558 773 1780 812 omnem
1811 758 2015 812 oratio-

413 841 502 896 nis
530 841 853 898 facultatem
875 849 1176 914 superante
1199 844 1466 899 coornati.
1484 845 1569 900 Ad
1583 847 1696 901 haec
1712 863 1870 918 aquae
1891 863 2016 919 pro-

418 929 671 985 ﬂuebant
700 949 994 1003 perquam_
1022 933 1290 1004 limpidm,
1334 934 1636 1006 oculosque
1675 935 1824 1007 ipsos
1868 935 2014 990 oble-

416 1023 800 1076 ctantes.Tum
816 1029 1002 1076 autem
1019 1039 1118 1093 per
1131 1023 1416 1093 ingentem
1429 1028 1598 1094 atque
1617 1023 2012 1078 admirandum

414 1108 568 1165 hunc
619 1127 882 1182 campum
932 1111 1198 1166 horrendi
1249 1111 1330 1165 illi
1386 1111 1492 1166 viri
1543 1129 1671 1167 eum
1715 1113 1772 1168 in
1815 1113 2011 1168 urbem

419 1199 722 1269 quamdam
750 1199 1201 1267 introduxerunt,
1236 1199 1596 1256 inenarrabili
1616 1202 1911 1274 splendore
1923 1219 2013 1256 ru-

419 1287 697 1354 tilantem,
729 1305 794 1342 ex
823 1290 1098 1360 pellucido
1125 1290 1349 1360 quidem
1366 1307 1504 1344 auro
1533 1307 1741 1355 muros,
1768 1309 1837 1346 ex
1867 1291 2010 1363 lapi-

413 1374 576 1430 dibus
605 1383 795 1432 autem
825 1395 859 1432 a
887 1379 1112 1432 nemine
1137 1395 1388 1449 unquam
1413 1379 1544 1432 visis
1574 1379 1774 1450 pinnas
1798 1397 1862 1434 ac
1880 1397 2011 1451 pro-

415 1466 735 1536 pugnacula
762 1470 1043 1520 exstructa
1068 1466 1387 1522 habentem.
1413 1468 1482 1522 Et
1505 1468 1630 1540 quis
1657 1469 1886 1522 tandem
1928 1474 2013 1522 est

417 1553 512 1624 qui
543 1553 697 1608 urbis
725 1555 874 1609 illius
904 1556 1377 1628 pulchritudinem
1407 1574 1472 1611 ac
1511 1557 1862 1628 splendorem
1891 1575 2009 1612 ser-

417 1657 585 1696 mone
615 1644 876 1715 consequi
918 1645 1128 1716 possit?
1175 1646 1292 1699 Lux
1343 1663 1510 1716 porro
1557 1663 1798 1716 superne
1838 1647 2011 1700 radiis

2099 574 2225 646 puit
2251 573 2630 628 humilitatem
2657 589 2841 628 meam
2869 573 2940 627 de
2969 578 3136 638 ειη
3154 575 3326 631 medio
3353 581 3623 636 catulorum

2099 665 2343 724 leonum.
2375 662 2615 717 dormivi
2643 662 3008 718 conturbatus
3037 664 3142 731 (Ps.
3177 669 3340 736 LXXI).
3391 668 3489 723 Sed
3513 671 3624 724 visi-

2095 752 2240 806 tavit
2282 768 2372 806 me
2399 751 2548 806 Deus
2595 752 2838 806 salvator
2868 769 3045 816 meus,
3096 753 3336 825 mihique
3365 758 3564 826 quantis
3597 760 3629 813 ii

2101 841 2197 913 qui
2228 858 2356 896 eum
2416 842 2485 896 ad
2519 841 2869 896 iracundiam
2901 849 3198 912 provocant
3222 841 3372 898 bonis
3401 862 3508 900 sese
3535 848 3632 918 pri-

2095 937 2246 990 vent.
2273 931 2611 1003 quantisque
2632 947 2855 985 rursum
2877 931 3170 985 tormentis
3190 931 3437 987 obnoxios
3463 951 3516 988 se
3533 936 3638 989 red-

2093 1021 2230 1075 dant
2256 1020 2678 1074 demonstravit.

2165 1111 2238 1164 At
2251 1126 2418 1176 nunc,
2442 1125 2474 1164 ο
2488 1114 2665 1180 pater,
2681 1108 2944 1181 quoniam
2964 1114 3024 1164 tu
3041 1126 3204 1164 aures
3219 1114 3341 1164 tuas
3372 1111 3635 1177 occlusisti,

2092 1215 2162 1254 ne
2187 1215 2376 1254 vccem
2412 1215 2596 1252 meam
2626 1198 2771 1252 bona
2800 1204 2968 1269 atque
3004 1198 3166 1252 utilia
3205 1199 3302 1253 tibi
3331 1199 3634 1255 occinentrm

2095 1289 2338 1353 audires,
2372 1305 2442 1342 ne
2467 1304 2556 1342 me
2595 1288 2794 1342 saltem
2817 1305 2928 1360 quo
2959 1287 3142 1342 minus
3170 1293 3371 1342 rectam
3399 1289 3531 1342 viam
3557 1307 3636 1342 ca-

2093 1394 2315 1450 pessam
2351 1376 2642 1448 impedias.
2686 1378 2803 1430 Hoc
2832 1376 2979 1431 enim
3009 1377 3190 1448 cupio,
3221 1377 3322 1430 hoc
3357 1383 3552 1448 expeto,
3581 1384 3636 1432 ut

2093 1466 2353 1522 omnibus
2379 1465 2550 1520 rebus
2571 1465 2858 1530 liberatus,
2903 1466 2974 1518 ad
3004 1483 3072 1520 ea
3090 1466 3208 1520 loca
3235 1467 3562 1527 contendam,
3589 1467 3639 1520 in

2095 1556 2298 1628 quibus
2323 1557 2581 1610 Barlaam
2615 1555 2822 1610 Christi
2847 1554 3088 1609 famulus
3104 1555 3336 1620 habitat,
3371 1572 3432 1609 ac
3445 1571 3558 1608 cum
3586 1571 3640 1607 eo

2095 1645 2244 1716 quod
2273 1645 2409 1698 mihi
2430 1645 2706 1716 reliquum
2733 1650 2818 1698 est
2842 1645 2970 1698 vita:
2997 1643 3304 1698 conficiam.
3328 1643 3478 1708 Quod
3500 1643 3540 1696 si
3571 1660 3645 1696 me

415 1729 724 1786 identidem
742 1734 1362 1805 micans,omnesipsius
1385 1735 1529 1789 vicos
1549 1734 2012 1806 implebat,atque
2034 1794 2079 1806 _
2101 1751 2202 1804 per
2231 1734 2340 1788 vim
2371 1734 2613 1788 retinere
2643 1734 2700 1788 in
2732 1734 2985 1787 animum
3030 1733 3334 1798 induxeris,
3367 1749 3522 1802 quam
3549 1731 3650 1802 pri-

416 1820 550 1874 alati
581 1821 808 1892 quidam
830 1823 1102 1876 exercitus
1127 1823 1294 1877 lucidi
1325 1840 1518 1878 omnes
1548 1823 1607 1878 in
1627 1841 1694 1878 ea
1722 1823 2015 1879 moraban-
2034 1794 2080 1854 B
2099 1839 2252 1877 mum
2281 1839 2370 1877 me
2404 1839 2642 1876 maerore
2687 1839 2751 1876 ac
2775 1821 2945 1876 taedio
2983 1821 3313 1875 exstinctum
3343 1819 3559 1872 videbis.
3585 1820 3649 1870 Ita

412 1911 583 1980 tur,ej
593 1911 810 1965 usmodi
821 1917 1048 1966 cantum
1061 1912 1124 1966 ed
1133 1919 1483 1984 entes,quem
1501 1929 1788 1984 nunquam
1802 1919 2008 1968 morta-

413 1997 486 2052 lis
498 1999 652 2054 auris
673 1999 904 2055 audivit.
917 2001 1122 2055 Vocem
1131 2018 1236 2072 que
1248 2002 1523 2056 dicentem
1539 2002 1720 2057 audiit
1737 2021 1747 2055 :
1764 2003 1894 2056 Haec
1920 2019 2009 2057 eo-

412 2102 542 2142 rum
572 2088 667 2159 qui
692 2088 971 2158 justitiam
1003 2090 1280 2144 coluerint
1305 2096 1400 2145 est
1417 2091 1657 2162 requies,
1692 2092 1796 2146 hoc
1820 2108 2012 2146 eorum

415 2176 510 2247 qui
557 2177 794 2231 Domino
842 2195 954 2232 suae
996 2179 1122 2233 vitae
1163 2180 1336 2233 ratio."
1351 2196 1410 2234 es
1446 2179 1738 2252 probarint
1779 2180 2018 2234 oblecta-

415 2269 690 2320 mentum.
713 2267 869 2320 Hunc
888 2274 1077 2322 autem
1103 2285 1168 2322 ex
1189 2269 1283 2322 illo
1306 2269 1425 2322 loco
1449 2269 1712 2324 eductum
1734 2269 2015 2324 terribiles

412 2353 496 2408 illi
526 2355 629 2408 viri
650 2360 957 2411 retrorsum
985 2357 1188 2412 ducere
1215 2359 1355 2411 velle
1384 2357 1660 2412 dicebant.
1689 2361 1761 2411 At
1785 2359 1903 2429 ipse
1925 2359 2016 2428 ju-

415 2443 704 2498 cunditate
716 2443 813 2499 illa
824 2445 1130 2516 laetitiaque
1142 2445 1316 2500 animi
1335 2446 1562 2501 omnino
1576 2451 1788 2518 raptus:
1807 2448 1889 2502 Ne
1901 2463 1990 2500 me
2000 2487 2013 2513 ,

417 2548 625 2603 quaeso,
669 2533 976 2605 inquiebat,
1019 2551 1089 2589 ne
1131 2551 1220 2589 me
1251 2535 1482 2606 inquam
1511 2535 1616 2590 hac
1645 2535 1856 2601 laetitia,
1892 2552 2014 2606 qua)

417 2621 587 2676 nullis
621 2621 802 2676 verbis
848 2623 1082 2695 exprimi
1116 2629 1317 2694 potest,
1369 2625 1612 2695 private;
1672 2641 1864 2678 verum
1910 2624 2015 2678 hoc

417 2711 561 2765 mihi
587 2711 892 2778 concedite,
927 2717 992 2767 ut
1014 2712 1072 2766 in
1104 2729 1216 2768 uno
1238 2712 1598 2784 amplissimae
1617 2713 1851 2784 hujusce
1881 2711 2013 2767 civi-

415 2799 552 2855 tatis
575 2802 782 2871 angulo
813 2801 1034 2874 (legam.
1068 2801 1156 2857 Illi
1189 2807 1379 2856 autem
1399 2801 1470 2856 ad
1493 2802 1643 2857 hunc
1670 2803 1900 2857 modum
1922 2819 2011 2857 re-

421 2889 775 2961 spondebant
805 2909 816 2944 :
851 2891 998 2945 Fieri
1021 2907 1170 2945 nunc
1212 2891 1445 2945 minime
1472 2897 1659 2962 potest
1685 2897 1750 2946 ut
1768 2891 1858 2946 hic
1886 2891 1962 2946 sis
1995 2909 2006 2944 :

417 2978 526 3033 hoc
573 2985 761 3034 autem
793 2979 987 3034 multis
1032 2979 1315 3035 laboribus
1363 2995 1428 3036 ac
1464 2980 1760 3036 sudoribus
1785 2981 2012 3036 tandem

417 3068 797 3138 consequeris,
831 3068 879 3122 si
909 3069 1138 3140 quidem
1162 3069 1264 3123 tibi
1293 3069 1401 3142 ipsi
1429 3069 1540 3124 vim
1568 3068 1843 3124 intuleris.

2091 1913 2189 1966 ﬁet
2217 1917 2280 1965 ut
2307 1927 2409 1965 nec
2436 1916 2499 1965 tu
2541 1915 2704 1982 pater
2731 1911 2850 1982 jam
2889 1909 3211 1982 appelleris,
3243 1926 3344 1964 nec
3387 1925 3472 1962 me
3499 1906 3652 1960 filium

2091 2000 2386 2055 habiturus
2416 2001 2511 2053 sis.

2169 2091 2300 2144 CAP.
2322 2090 2519 2143 XXXI.
2554 2119 2618 2129 —
2640 2089 2882 2143 Rursum
2913 2089 3089 2158 igitur
3117 2089 3317 2159 ingens
3331 2103 3510 2157 regem
3545 2101 3658 2138 mm-

2097 2179 2492 2246 stitiainvasit',
2509 2195 2732 2232 rursum
2758 2195 2979 2233 omnem
3001 2179 3130 2233 vitze
3143 2195 3258 2232 suae
3283 2194 3432 2249 spem
3453 2177 3658 2253 desgon-

2097 2269 2231 2323 dere
2255 2269 2420 2340 cmpit
2445 2287 2458 2336 ;
2483 2274 2652 2338 atque
2681 2267 2878 2322 acerba
2910 2285 3100 2322 secum
3132 2268 3322 2321 animo
3366 2265 3590 2336 agitans,
3611 2263 3659 2315 in

2097 2358 2368 2430 palatium
2399 2375 2562 2412 suum
2600 2357 2754 2411 abiit.
2787 2359 2861 2412 At
2893 2374 3024 2411 vero
3055 2356 3299 2429 improbi
3332 2356 3410 2408 illi
3434 2354 3656 2424 spiritus.

2097 2448 2194 2518 qui
2222 2448 2488 2501 adversus
2513 2447 2761 2500 divinum
2791 2448 3058 2517 juvenem
3093 2464 3128 2500 a
3149 2445 3380 2500 Theuda
3402 2441 3542 2497 missi
3565 2441 3662 2494 fue-

2096 2541 2243 2602 rant,
2276 2536 2346 2590 ad
2367 2553 2493 2590 eum
2517 2535 2730 2606 pudore
2751 2535 2948 2589 suffusi
2962 2536 3226 2600 redeunt,
3247 2539 3415 2604 atque
3442 2530 3664 2603 quamvis

2096 2625 2302 2696 alioqui
2324 2624 2612 2678 mendacio
2637 2624 2941 2694 gaudeant.
2959 2630 3252 2695 acceptam
3272 2628 3456 2675 tamen
3477 2619 3665 2674 cladem

2095 2715 2450 2768 confitentur.
2477 2713 2692 2784 Quippe
2718 2713 3015 2784 perspicua
3036 2713 3218 2767 cladis
3249 2711 3410 2782 signa
3430 2711 3484 2764 in
3513 2708 3638 2762 scele

2094 2808 2217 2857 rato
2243 2820 2344 2858 suo
2375 2803 2531 2857 vultu
2557 2801 2846 2872 gerebant.
2865 2803 2964 2857 Ille
2992 2808 3190 2856 autem
3219 2819 3230 2854 :
3258 2801 3443 2872 Usque
3460 2799 3664 2858 adeone,

2093 2891 2296 2964 inquit,
2327 2891 2632 2946 imbecilles
2659 2907 2725 2945 ac
2754 2891 2941 2945 miseri
2979 2891 3142 2956 estis,
3195 2896 3259 2945 ut
3295 2890 3669 2944 adolescentem

2096 2998 2271 3036 unum
2285 2981 2504 3036 vincere
2526 2980 2756 3035 minime
2776 2981 3078 3052 potueritis
3097 2980 3298 3034 ?Tunc
3314 2976 3542 3050 improbi
3567 2974 3668 3045 spi-

2097 3071 2240 3126 ritus
2269 3071 2474 3126 virtute
2495 3069 2682 3125 divina
2701 3070 3021 3136 excruciati,
3055 3071 3360 3125 veritatem
3384 3065 3676 3122 invitiinlu-

491 3157 610 3212 Hoc
636 3173 894 3212 sermone
910 3157 1120 3223 habito,
1145 3175 1210 3213 ac
1231 3159 1472 3213 maximo
1494 3159 1590 3213 illo
1612 3175 1810 3231 campo
1823 3151 2076 3215 rursusC
2099 3176 2219 3215 cem
2243 3161 2616 3232 protulerunt,
2649 3161 2739 3215 his
2761 3160 2942 3214 verbis
2971 3165 3242 3215 utentes:
3277 3157 3483 3214 Christi
3504 3161 3675 3228 poten-

416 3252 875 3319 peragrato,eum
895 3247 952 3302 in
972 3247 1271 3302 tenebrosa
1287 3249 1432 3314 loca,
1449 3249 1744 3320 omnisque
1761 3249 2014 3304 mmroris

416 3335 603 3408 plena,
645 3341 816 3407 atque
859 3353 986 3392 cum
1017 3353 1082 3392 eo
1109 3337 1425 3408 splendore,
1476 3354 1642 3410 quem
1688 3337 1845 3410 prius
1881 3355 2015 3394 con-

417 3431 694 3496 spexerat,
716 3425 989 3481 aclzetitia
1015 3427 1114 3480 illa
1143 3443 1173 3480 e
1202 3425 1479 3481 diametro
1502 3427 2016 3498 pugnantia,duxe-

415 3519 570 3568 runt.
602 3514 824 3569 Etenim
855 3514 1094 3570 obscura
1129 3533 1360 3587 prorsus
1406 3531 1471 3570 ac
1507 3515 1807 3570 tenebrosa
1835 3517 2015 3587 caligo

418 3609 561 3671 erat,
595 3609 766 3676 atque
795 3603 1098 3658 afﬂictione
1131 3621 1196 3658 ac
1223 3605 1473 3659 tumultu
1521 3608 1676 3658 totus
1723 3605 1816 3658 ille
1863 3606 2016 3662 locus

416 3692 790 3748 redundabat.
823 3692 942 3748 Illic
972 3693 1120 3763 ignis
1143 3693 1340 3748 fornax
1368 3693 1794 3760 accendebatur,
1827 3700 1884 3749 et
1901 3711 2018 3749 car-

419 3781 649 3836 nificum
675 3781 952 3836 vermium
980 3798 1160 3852 genus
1179 3781 1458 3854 serpebat.
1484 3783 1826 3854 ultricesque
1847 3783 2018 3839 virtu-

421 3873 510 3924 tes
531 3868 742 3924 fornaci
762 3869 1150 3924 imminebant.
1167 3871 1247 3925 Ac
1262 3871 1516 3926 nonnulli
1529 3871 1794 3928 miserum
1815 3889 1873 3927 in
1896 3889 2016 3928 mo-

425 3957 560 4014 dum
589 3957 706 4032 igni
734 3957 1178 4028 conﬂagrabant,
1191 3977 1404 4031 voxque
1415 3961 1739 4030 hujusmodi
1760 3961 2020 4017 audieba-

421 4051 522 4102 tur
544 4047 676 4103 :Hic
701 4049 1100 4104 sceleratorum
1120 4049 1274 4104 locus
1294 4055 1398 4112 est,
1413 4049 1503 4104 hic
1522 4066 1716 4105 eorum
1739 4051 2019 4107 cruciatus

423 4135 522 4208 qui
549 4136 712 4192 foedis
723 4137 952 4210 ﬂagitiis
968 4137 1179 4210 seipsos
1197 4138 1812 4195 eontaminarunt.Post
1830 4147 2018 4196 autem

425 4225 496 4281 ab
522 4227 610 4282 his
639 4227 736 4299 qui
767 4245 898 4283 eum
925 4227 1058 4282 illuc
1088 4227 1534 4295 introduxerant,
1562 4243 1630 4282 ex
1659 4245 1724 4283 eo
1751 4229 1872 4284 loco
1889 4231 2022 4284 edu-

424 4321 549 4372 ctus
577 4321 682 4373 est.
719 4317 1034 4388 Statimque
1065 4317 1134 4371 ad
1182 4334 1304 4372 sese
1345 4317 1588 4383 rediens,
1629 4323 1749 4373 toto
1789 4335 2020 4390 corpore

425 4407 910 4473 contremiscebat,
937 4407 1310 4478 lacrymaeque
1330 4407 1628 4462 ﬂuminum
1653 4407 1833 4463 instar
1847 4425 1911 4464 ex
1932 4409 2018 4481 ip-

2094 3250 2186 3305 tiae
2209 3266 2273 3304 ac
2293 3249 2570 3321 passionis
2589 3249 2760 3322 ipsius
2777 3249 3120 3320 signo,quod
3137 3250 3380 3304 Crucem
3402 3245 3677 3318 appellant.

2097 3355 2168 3394 ne
2193 3339 2477 3394 tantillum
2507 3339 2731 3410 quidem
2765 3339 3039 3394 obluctari
3069 3338 3542 3411 possumus.Nam
3565 3349 3671 3387 cum

2097 3446 2166 3483 ea
2209 3428 2512 3500 efﬁngitur,
2560 3429 2751 3482 statim
2793 3433 3078 3499 quotquot
3153 3427 3306 3482 aeris
3344 3425 3608 3498 principes
3631 3439 3682 3476 ac

2097 3517 2292 3571 mundi
2310 3515 2920 3571 rectorestenebrarum
2939 3533 3145 3571 sumus
3163 3517 3378 3588 (Ephes.
3411 3521 3500 3577 vi),
3527 3526 3674 3584 quam

2097 3605 2387 3660 celerrime
2407 3605 2670 3676 fugimus.
2695 3623 2758 3660 ac
2792 3604 2945 3676 prius
2969 3606 3150 3660 etiam
3173 3621 3350 3677 quam
3373 3621 3439 3658 ea
3456 3603 3609 3676 plane
3627 3616 3682 3652 ac

2099 3695 2340 3766 perfecte
2363 3711 2624 3766 expressa
2637 3694 2728 3760 sit,
2768 3692 3577 3766 propulsamur.Quamobrem
3602 3705 3686 3743 nos

2099 3783 2326 3854 quidem
2348 3783 2404 3837 in
2427 3783 2573 3837 hunc
2583 3785 2846 3853 juvenem
2869 3782 3090 3854 impetu
3115 3783 3291 3848 facto,
3320 3781 3558 3854 graviter
3577 3793 3685 3833 eum

2098 3872 2576 3944 perturbavimus;
2595 3888 2786 3926 verum
2808 3871 2902 3925 ille
2921 3889 3054 3926 cum
3077 3873 3303 3928 Christi
3336 3888 3497 3943 opem
3519 3868 3690 3939 implo-

2100 3967 2299 4027 rasset,
2316 3978 2380 4015 ac
2401 3961 2580 4015 crucis
2600 3962 2760 4032 signo
2781 3961 2858 4015 sei
2865 3978 3027 4032 psum
3055 3961 3425 4027 munivisset,
3449 3975 3544 4013 nos
3566 3957 3689 4010 irato

2099 4050 2287 4106 animo
2307 4051 2572 4122 propulit,
2603 4057 2773 4122 atque
2819 4049 3228 4106 ﬁrmissimum
3261 4051 3371 4106 sibi
3403 4047 3693 4121 praesidium

2084 4140 2465 4212 comparavit.
2509 4142 2588 4194 Ac
2622 4139 2855 4211 proinde
2881 4140 3038 4194 nulla
3071 4139 3426 4213 interposita
3451 4153 3601 4191 mora
3621 4135 3692 4188 in-

2102 4235 2477 4284 strumentum
2529 4229 2670 4284 illud
2711 4228 3079 4300 arripuimus,
3135 4232 3309 4302 cujus
3347 4245 3519 4301 opera
3549 4225 3694 4281 etiam

2101 4318 2361 4391 princeps
2389 4324 2582 4373 noster
2619 4318 2866 4390 primum
2915 4318 3221 4374 hominem
3266 4334 3566 4391 aggressus
3605 4317 3694 4375 est,

2103 4424 2343 4480 eumque
2369 4407 2633 4480 potestati
2664 4424 2778 4462 suae
2799 4405 3059 4477 subjecit.
3088 4408 3166 4463 Et.
3197 4409 3437 4480 quidem
3477 4403 3699 4478 profecto

423 4499 543 4554 sius
581 4497 755 4552 oculis
783 4495 1064 4561 ﬂuebant;
1123 4501 1293 4566 atque
1336 4497 1518 4552 omnis
1545 4497 1840 4569 impudica:
1863 4499 2014 4554 illius
2035 4513 2084 4572 ι)
2105 4513 2438 4568 nosquoque
2455 4513 2655 4550 vanam
2685 4496 3059 4550 adolescentis
3087 4514 3260 4569 spem
3291 4515 3396 4570 pro
3425 4495 3592 4550 nihilo
3617 4491 3701 4546 du-

422 4586 643 4660 puellae,
675 4584 1136 4656 reliquarumque
1157 4584 1417 4650 aliarum,
1442 4585 1797 4656 pulchritudo
1827 4587 2021 4658 quovis

427 4691 582 4732 emno
613 4679 672 4728 et
704 4673 861 4728 sanie
884 4672 1112 4728 fetidior
1130 4673 1238 4744 ipsi
1260 4672 1377 4727 visa
1403 4679 1514 4740 est;
1539 4676 1925 4747 memoriaque
1953 4693 2022 4732 ea

427 4780 551 4835 quae
577 4763 794 4819 viderat
813 4762 1084 4829 recolens,
1110 4766 1234 4816 tum
1263 4761 1537 4816 bonorum
1552 4763 1776 4818 illorum
1803 4766 2020 4836 cupidi-

424 4857 544 4907 tate
569 4856 694 4907 tum
722 4852 978 4908 dolorum
1001 4851 1225 4907 illorum
1256 4856 1414 4910 metu
1451 4857 1759 4924 correptus,
1793 4853 1852 4908 in
1877 4855 2020 4910 lecto

422 4940 664 5014 jacebat,
680 4941 760 4997 sic
779 4941 1026 5009 etl‘ectus,
1040 4947 1104 4997 ut
1119 4935 1276 4998 nulla
1294 4941 1404 5014 ipsi
1425 4942 1758 5013 exsurgendi
1773 4949 2020 5015 potestas

428 5044 576 5092 esset
586 5076 598 5090 .

498 5125 575 5181 Ut
601 5128 791 5180 autem
821 5125 890 5180 de
912 5125 1146 5181 adversa
1155 5123 1257 5180 filii
1266 5125 1585 5182 valetudine
1601 5124 1672 5180 ad
1684 5141 1873 5197 regem
1887 5125 2019 5180 alla-

427 5220 551 5272 tum
581 5219 686 5280 est,
717 5214 910 5269 statim
931 5215 1002 5268 ad
1019 5231 1145 5269 eum
1167 5213 1448 5286 profectus
1462 5215 1728 5287 quidnam
1749 5214 1858 5287 ipsi
1875 5214 2020 5270 acci-

427 5305 606 5361 disset
630 5302 1084 5375 percontabatur.
1117 5304 1219 5358 Ille
1246 5309 1432 5359 autem
1482 5303 1753 5376 quidnam
1791 5303 2021 5359 vidisset

429 5395 674 5467 exponit,
707 5392 898 5465 aitque
923 5411 935 5447 :
955 5394 1070 5448 Cur
1085 5393 1320 5466 pedibus
1339 5393 1478 5449 meis
1497 5395 1762 5466 laqueum
1781 5395 2015 5466 parasti,

429 5488 488 5539 et
525 5481 831 5539 incurvasti
877 5481 1126 5536 animam
1154 5499 1337 5537 meam
1361 5485 1521 5547 (Psat.
1549 5481 1699 5552 LvI)?
1727 5482 1848 5538 Nisi
1869 5483 2020 5557 enim

428 5572 701 5630 Dominus
724 5570 1032 5644 adjuvisset
1057 5587 1168 5638 me,
1197 5571 1366 5644 paulo
1406 5571 1592 5626 minus
1630 5571 1940 5628 habitasset
1961 5571 2019 5626 in

429 5653 648 5718 inferno
663 5663 859 5718 anima
872 5677 1001 5717 mea
1011 5660 1180 5733 (Psal.
1200 5661 1382 5729 χχχιχ)
1393 5659 1628 5716 .Verum
1647 5677 1818 5733 quam
1839 5659 2020 5716 bonus

2101 4586 2384 4652 cebamus;
2400 4602 2590 4640 verum
2604 4585 2671 4640 ad
2687 4585 2955 4640 auxilium
2969 4601 3184 4642 rursus
3207 4587 3432 4642 accitus
3452 4583 3701 4641 Christus.

2101 4675 2342 4731 caelestis
2362 4675 2460 4730 irae
2479 4675 2598 4746 igni
2619 4691 2720 4728 nos
2741 4679 2970 4728 exustos
3004 4674 3070 4728 in
3091 4675 3306 4747 fugam
3333 4676 3519 4730 vertit.
3541 4674 3703 4737 Quare

2101 4770 2215 4820 stat
2233 4765 2515 4820 sententia
2541 4780 2653 4818 non
2681 4764 2832 4818 ultra
2859 4763 2930 4817 ad
2959 4780 3096 4818 eum
3138 4766 3442 4821 accedere.
3476 4763 3557 4820 Ad
3577 4763 3706 4816 hunc

2101 4854 2313 4910 scilicet
2343 4854 2573 4908 modum
2623 4852 2863 4924 improbi
2891 4852 3137 4924 spiritus
3172 4853 3440 4910 Theudae
3489 4870 3552 4906 ea
3601 4866 3707 4921 qua:

2101 4943 2452 5014 contigerant
2476 4942 2770 5014 perspicue
2797 4941 3194 4997 declararunt.

2174 5034 2288 5088 Rex
2303 5037 2494 5086 autem
2513 5030 2667 5085 omni
2681 5048 2748 5085 ex
2777 5035 2939 5102 parte
2962 5029 3171 5086 animo
3200 5033 3452 5097 haerens,
3472 5029 3708 5086 consilio-

2103 5139 2212 5194 que
2229 5121 2548 5186 destitutus,
2571 5119 2858 5174 Theudam
2873 5135 3074 5174 rursus
3091 5123 3376 5190 accersit,
3401 5121 3473 5177 ad
3493 5132 3710 5190 eumque

2101 5211 2211 5266 ait:
2259 5209 2534 5266 Omnibus
2576 5207 2646 5263 iis
2673 5225 2795 5280 quae
2825 5207 3092 5275 docuisti,
3153 5211 3251 5265 vir
3284 5208 3708 5283 sapientissime,

2101 5299 2360 5372 perfectis
2390 5305 2448 5354 et
2474 5297 2764 5362 absolutis,
2798 5297 2939 5351 nihil
2975 5303 3189 5354 tamen
3241 5299 3520 5356 utilitatis
3545 5309 3714 5352 conse-

2101 5389 2214 5445 cuti
2244 5405 2459 5443 sumus.
2491 5389 2653 5442 Nunc
2681 5385 2878 5458 igitur,
2911 5385 2960 5441 si
2999 5389 3167 5457 quod
3200 5389 3316 5445 tibi
3365 5389 3524 5445 aliud
3554 5385 3716 5443 consi-

2101 5479 2240 5535 lium
2261 5482 2533 5551 superest,
2561 5476 2698 5532 illud
2721 5475 3108 5548 experiamur.
3137 5478 3425 5536 Fortasse
3455 5478 3603 5535 enim
3631 5474 3718 5530 ali-

2102 5584 2271 5640 quam
2299 5566 2614 5640 depellendi
2642 5565 2776 5621 mali
2803 5565 3089 5622 rationem
3117 5571 3560 5626 nanciscemur.

2173 5660 2314 5714 Cum
2335 5656 2814 5724 autemTheudas,
2833 5661 2898 5714 ut
2927 5671 3060 5712 cum
3093 5657 3296 5730 ipsius
3321 5659 3445 5715 ﬁlio
3476 5659 3536 5714 in
3565 5654 3719 5712 collo-
