3954 6190
287 320 427 412 569.
686 357 857 413 VITA
896 359 1336 420 SANCTORUM
1373 363 1718 420 BARLAAM
1755 364 2094 422 ΕΒΕΜΙΤᾸΞ
2146 365 2234 421 ΕΤ
2271 364 2636 421 JOSAPHAT
2675 364 2900 421 INDIJE
2940 366 3175 423 REGIS.
3468 365 3573 423 570

285 484 485 555 quium
501 483 719 539 veniret
742 486 1013 557 petiisset,
1046 504 1210 545 mane
1224 508 1338 557 rex,
1364 509 1429 547 eo
1449 510 1638 548 secum
1666 511 1880 549 assum-
1895 496 1944 558 Α
1962 496 2259 567 prudentia
2287 501 2344 550 et
2371 495 2672 566 sagacitate
2698 494 2998 550 antecellit.
3022 495 3166 549 Illud
3197 494 3343 550 enim
3374 511 3501 550 eum
3534 511 3568 550 a

285 580 404 646 pto,
425 576 495 629 ad
516 574 804 630 visendum
826 577 1003 631 ﬁlium
1028 580 1417 649 proﬁciscitur.
1445 583 1698 654 Cumque
1718 601 1889 656 prope
1973 605 2082 658 quo
2116 587 2286 640 alitur
2319 586 2491 651 novit,
2542 590 2605 639 tu
2655 590 2849 639 contra
2891 586 3032 656 ejus,
3065 603 3097 639 a
3142 603 3251 657 quo
3281 602 3347 639 ex
3396 584 3570 639 nihilo

282 681 415 717 eum
447 664 804 731 consedisset,
840 683 969 721 eum
1004 669 1232 740 alloqui,
1257 687 1320 724 ac
1356 671 1574 742 probris
1604 672 1885 741 insectari,

279 758 456 825 atque
481 754 656 825 ipsius
687 756 1096 811 contumaciam
1125 758 1409 830 animique
1430 761 1772 832 rigiditatem
1804 780 1890 817 ac-

281 860 484 897 cusare
508 844 693 915 ccepit.
719 845 820 899 lllo
840 862 971 900 vero
984 853 1137 901 recta
1150 849 1413 919 dogmata
1434 868 1659 905 rursum
1683 854 1887 907 confir-

281 939 498 997 mante,
525 933 847 1005 Christique
871 952 1062 990 amore
1088 938 1229 990 nihil
1255 939 1540 1010 antiquius
1567 941 1888 996 habendum

280 1039 406 1076 esse
452 1023 748 1089 clamante,
793 1025 1051 1080 Theudas
1093 1026 1151 1080 in
1201 1029 1447 1083 medium
1486 1031 1769 1100 prodiens,
1801 1032 1889 1086 his

279 1111 473 1165 verbis
500 1129 636 1166 usus
656 1118 776 1167 est:
802 1114 1102 1181 Quidnam,
1137 1132 1168 1170 ο
1198 1117 1485 1189 Josaphat,
1519 1120 1667 1189 quod
1698 1120 1753 1174 in
1780 1120 1888 1175 im-

278 1200 618 1255 mortalibus
635 1202 742 1256 diis
761 1203 968 1257 nostris
985 1206 1505 1276 reprehendendum
1520 1209 1881 1277 sitinvenisti,

276 1296 343 1342 ut
387 1296 453 1343 tu
486 1289 554 1343 ab
590 1306 784 1344 eorum
806 1293 959 1346 cultu
981 1293 1315 1360 discederes,
1336 1312 1400 1349 ac
1418 1297 1567 1367 regis
1596 1299 1772 1369 patris
1801 1301 1886 1355 tui

276 1379 542 1433 animum
591 1379 669 1433 ita
723 1379 1053 1436 offendendo
1096 1384 1271 1438 totius
1309 1385 1500 1456 populi
1548 1386 1738 1440 odium
1783 1389 1886 1444 tibi

280 1469 704 1523 commorercs?
726 1471 813 1523 An
841 1486 953 1524 non
979 1471 1048 1524 ab
1065 1471 1135 1525 iis
1150 1472 1322 1527 vitam
1346 1475 1642 1546 accepisti?
1662 1482 1749 1533 An
1774 1496 1887 1533 non

283 1557 398 1629 ipsi
429 1558 574 1629 patri
599 1563 654 1612 te
684 1559 828 1612 dono
854 1559 1147 1629 dederunt,
1192 1564 1399 1619 auditis
1439 1567 1692 1623 videlicet
1713 1570 1887 1641 ipsius

276 1645 561 1716 precibus,
587 1662 763 1717 eoque
785 1647 1096 1704 sterilitatis
1127 1651 1359 1707 vinculis
1384 1656 1602 1709 soluto?
1620 1658 1758 1711 Cum
1791 1674 1887 1712 au-

277 1738 398 1787 tem
420 1735 639 1788 ‘multos
655 1735 851 1790 inanes
870 1754 1174 1805 sermones,
1191 1758 1255 1794 ac
1277 1744 1482 1797 multas
1499 1745 1727 1799 inutiles
1741 1763 1887 1817 quae-

1971 678 2274 749 productus
2305 693 2383 738 es,
2406 677 2677 746 cujusque
2692 675 2960 729 beneﬁcio
2976 676 3109 728 vivis
3122 682 3177 729 et
3200 675 3564 739 conservaris,

1970 768 2323 839 ignoratione
2348 765 2588 819 laboras.
2620 766 2699 819 Ac
2727 765 2893 818 deum
2924 766 3171 837 appellas
3199 783 3364 837 quem
3396 766 3561 837 paulo

1971 863 2102 912 ante
2132 857 2279 910 ferro
2308 854 2606 921 verberari,
2634 860 2802 925 atque
2830 855 2960 924 igne
2988 856 3237 920 conﬂari,
3264 861 3321 909 et
3351 855 3568 910 malleis

1970 947 2133 1001 tundi
2164 946 2409 1008 videbas,
2447 961 2610 1015 quem
2657 949 2888 1014 argento
2922 950 3089 1014 atque
3140 961 3278 998 auro
3316 944 3561 1010 cinxisti,

1971 1043 2140 1108 atque
2155 1041 2350 1089 aterra
2364 1035 2422 1088 in
2443 1036 2615 1087 altum
2640 1033 2935 1099 sustulisti;
2955 1038 3259 1103 posteaque
3278 1033 3333 1087 in
3354 1040 3561 1088 terram

1971 1127 2221 1197 abjectus
2264 1125 2467 1195 abjecti
2513 1123 2715 1195 lapidis
2755 1122 3023 1193 abjcctior
3052 1140 3110 1177 es
3139 1123 3418 1189 adorator,
3452 1140 3561 1177 non

1969 1217 2149 1270 Deum
2180 1215 2437 1280 adorans,
2472 1214 2569 1267 sed
2600 1217 2823 1266 mortua
2846 1216 2902 1265 et
2930 1212 3130 1265 anima:
3162 1212 3409 1282 expertia
3443 1229 3564 1265 ma-

1969 1322 2146 1359 nuum
2171 1310 2397 1358 tuarum
2416 1318 2603 1374 opera.
2628 1303 2747 1356 Imo
2772 1318 2915 1365 vero,
2942 1318 3012 1355 ne
3035 1305 3315 1354 mortuum
3340 1300 3563 1371 quidem

1968 1411 2190 1465 aequum
2235 1398 2321 1447 est
2372 1392 2732 1446 simulacrum
2780 1392 3083 1462 appellare,
3115 1407 3305 1444 verum
3359 1407 3561 1444 novum

1969 1484 2248 1554 quoddam
2267 1500 2330 1536 ac
2342 1488 2501 1536 tanta
2518 1481 2766 1534 amentia
2784 1481 3014 1551 dignum
3032 1496 3236 1533 nomen
3252 1479 3564 1548 excogitare

1970 1591 2071 1646 par
2098 1581 2200 1627 est.
2221 1573 2365 1625 Nam
2389 1570 2643 1641 lapideus
2672 1569 3090 1630 comminuitur,
3120 1573 3402 1622 testaceus
3431 1585 3562 1621 con-

1967 1662 2196 1733 fringitu
2206 1678 2249 1727 r,
2274 1662 2493 1731 ligneus
2509 1659 2904 1730 corrumpitur,
2922 1674 3099 1711 zereus
3114 1657 3368 1726 rubigine
3391 1657 3566 1709 infici-

1966 1759 2079 1819 tur,
2096 1769 2299 1806 aureus
2311 1756 2368 1803 et
2381 1754 2679 1819 argenteus
2692 1748 2807 1818 igni
2820 1745 3272 1823 conﬂatur.Quin
3288 1746 3457 1799 etiam
3482 1745 3558 1799 dii

276 1824 598 1878 stionesille
613 1824 934 1882 inveteratae
955 1827 1329 1899 improbitatis
1340 1832 1509 1887 homo
1523 1842 1875 1906 proponeret,
1905 1844 2051 1918 Btui
2074 1842 2277 1914 partim
2302 1839 2501 1909 exiguo
2522 1855 2586 1892 ac
2606 1838 2718 1903 vili,
2742 1838 2948 1908 partim
2971 1852 3191 1889 summo
3214 1835 3392 1905 pretio
3423 1851 3558 1888 ven-

276 1918 453 1984 atque
466 1913 535 1967 de
555 1915 837 1986 Evangelii
852 1917 1245 1987 praedicatione
1259 1929 1594 1991 argumenta
1613 1930 1877 1993 necteret,

276 2002 384 2055 hoc
422 2002 678 2058 videlicet
705 2006 911 2068 animo,
941 2011 1004 2060 ut
1032 2024 1155 2061 eam
1187 2010 1535 2080 suggillaret,
1568 2018 1736 2085 atque
1758 2015 1881 2068 ido-

276 2090 467 2145 lorum
496 2093 711 2146 cultum
748 2096 1126 2163 conﬁrmaret,
1149 2097 1243 2151 ille
1264 2101 1493 2170 superni
1518 2101 1684 2172 Regis
1710 2103 1876 2171 filius,

276 2184 453 2250 atque
482 2180 634 2235 illius
675 2183 847 2241 urbis.
880 2201 1048 2255 quam
1090 2203 1200 2240 non
1230 2188 1418 2256 homo,
1450 2191 1546 2243 sed
1582 2192 1730 2246 Deus
1758 2209 1885 2247 con-

275 2270 489 2323 struxit
512 2272 693 2336 (Hebr.
724 2276 863 2342 VIII),
890 2274 1042 2338 civis,
1066 2281 1431 2348 posteaquam
1459 2296 1581 2334 sese
1603 2282 1886 2353 paulisper

274 2359 669 2427 continuisset,
702 2366 824 2415 tum
842 2362 1066 2417 demum
1100 2366 1169 2419 ad
1198 2366 1487 2421 Theudam
1517 2369 1598 2423 ait
1633 2387 1644 2422 :

349 2451 520 2517 Audi,
556 2468 587 2505 o
615 2452 937 2525 imposturae
962 2472 1181 2527 vorago,
1215 2474 1278 2511 ac
1320 2459 1691 2530 palpabilibus
1730 2466 1882 2517 tene-

276 2539 392 2593 bris
416 2542 796 2611 caliginosior,
830 2561 1021 2599 semen
1052 2546 1470 2618 Babylonicum,
1503 2555 1671 2621 atque
1687 2551 1882 2606 Chala-

276 2629 415 2683 nica:
464 2631 638 2684 turris
681 2638 1116 2702 exstructorum,
1151 2653 1390 2707 quorum
1429 2655 1597 2692 causa
1638 2641 1880 2696 mundus

275 2719 543 2773 confusus
573 2726 674 2783 est,
710 2738 883 2793 nepos
907 2724 1056 2788 (Gen.
1091 2728 1199 2792 x1);
1232 2742 1389 2791 vane,
1422 2727 1677 2798 inquam.
1711 2735 1881 2801 atque

273 2808 466 2862 infelix
499 2826 684 2863 senex.
706 2811 801 2881 qui
820 2812 1169 2882 gravioribus
1196 2831 1361 2886 quam
1385 2817 1631 2889 quinque
1662 2818 1769 2873 illa:
1798 2820 1879 2873 di-

271 2898 403 2951 vino
432 2898 569 2967 igne
595 2907 956 2956 concremata:
987 2902 1153 2957 urbes
1184 2905 1487 2959 sceleribus
1517 2913 1573 2960 te
1600 2909 1878 2962 constrina

1964 1936 2193 1990 duntur.
2217 1932 2412 1999 Neque
2431 1928 2581 1982 enim
2604 1926 2739 1998 ipsis
2760 1924 3037 1989 divinitas,
3064 1924 3158 1977 sed
3181 1923 3416 1977 materia
3438 1940 3561 1993 pre-

1962 2020 2107 2073 tium
2128 2018 2241 2070 dat.
2267 2013 2438 2086 Atqui
2471 2014 2649 2067 Deum
2682 2012 2943 2083 quisnam
2976 2026 3164 2063 emere
3192 2013 3290 2062 aut
3321 2008 3557 2062 vendere

1964 2107 2165 2179 queat?
2181 2106 2208 2159 J
2214 2121 2303 2158 am
2326 2119 2568 2175 quonam
2586 2108 2746 2174 pacto
2760 2102 2907 2155 Deus
2927 2099 3242 2171 appellatur
3257 2096 3351 2167 qui
3373 2102 3557 2150 motus

1966 2212 2162 2268 expers
2192 2192 2316 2248 est?
2340 2194 2425 2246 An
2455 2208 2565 2246 non
2607 2190 2743 2244 illud
2787 2188 2990 2251 cernis,
3022 2203 3123 2241 nec
3160 2203 3288 2240 eum
3323 2185 3419 2255 qui
3450 2188 3565 2239 stat

1966 2301 2217 2357 unquam
2244 2282 2438 2336 sedere
2458 2297 2560 2335 nec
2590 2297 2716 2334 eum
2740 2279 2833 2350 qui
2856 2278 3029 2341 sedet,
3062 2292 3311 2346 unquam
3342 2274 3527 2328 stare?

2035 2375 2253 2429 Pudeat
2276 2378 2349 2437 te,
2386 2388 2417 2425 o
2444 2386 2657 2424 vecors
2688 2385 2915 2422 manum
2944 2367 3028 2420 ori
3056 2382 3294 2436 appone,
3315 2381 3346 2418 o
3368 2363 3557 2428 stulte,

1962 2463 2057 2535 qui
2079 2480 2167 2517 res
2187 2460 2511 2531 hujusmodi
2533 2459 2747 2513 laudas.
2772 2456 2988 2511 Etenim
3010 2472 3044 2509 a
3060 2454 3295 2508 veritate
3310 2469 3555 2516 aversus,

1960 2553 2113 2607 falsis
2139 2552 2372 2624 picturis
2402 2549 2673 2620 deciperis
2695 2553 2862 2619 atque
2883 2546 2938 2600 in
2962 2545 3215 2599 fraudem
3256 2542 3559 2607 induceris,

1962 2647 2177 2697 statuas
2207 2639 2463 2695 videlicet
2488 2638 2776 2708 effingens,
2807 2635 3083 2705 rebusque
3113 2649 3283 2686 manu
3311 2638 3410 2685 tua
3440 2632 3566 2684 etle-

1963 2732 2065 2786 ctis
2096 2730 2195 2785 Dei
2232 2746 2433 2784 nomen
2465 2728 2795 2782 attribuens.
2838 2723 3139 2795 Resipisce,
3172 2722 3363 2787 miser,
3391 2725 3561 2791 atque

1963 2820 2095 2873 illud
2118 2819 2384 2888 intellige,
2417 2822 2472 2871 te
2505 2816 2611 2870 deo
2631 2816 2730 2869 abs
2754 2822 2809 2869 te
2840 2814 2982 2868 facto
3014 2812 3390 2882 antiquiorem
3417 2827 3557 2864 esse.

1962 2910 2135 2979 Cujus
2155 2908 2385 2962 tandem
2411 2905 2617 2960 furoris
2638 2905 2744 2958 ista
2766 2903 2932 2958 sunt?
2956 2902 3195 2956 Horcine
3215 2900 3317 2955 tibi
3337 2915 3563 2971 persua-

273 2986 424 3039 xisti.
472 2987 681 3058 Ecquid
723 2990 919 3044 salutis
954 2992 1427 3062 praedicationem,
1473 3011 1573 3066 per
1611 3013 1780 3067 quam
1810 3014 1878 3052 ea
1959 2997 2100 3064 sisti,
2138 3003 2213 3064 te,
2250 3013 2376 3050 cum
2421 2996 2588 3049 homo
2619 2994 2715 3050 sis.
2750 2994 2929 3047 Deum
2960 2991 3180 3046 efﬁcere
3210 2989 3404 3062 posse?
3454 2988 3563 3052 Qui

272 3093 399 3146 qua:
432 3077 678 3130 tenebris
715 3078 1049 3134 circumfusa
1081 3086 1259 3149 erant,
1301 3083 1480 3138 lucem
1520 3090 1872 3157 acceperunt,
1962 3088 2187 3141 tandem
2205 3085 2355 3140 istud
2376 3085 2498 3138 ﬁeri
2524 3081 2726 3155 queat?
2750 3082 3021 3147 Quocirca
3049 3097 3161 3134 non
3181 3079 3463 3133 hominem
3481 3076 3563 3130 ef-

272 3181 376 3234 per
401 3182 570 3236 quam
589 3173 841 3222 errantes
869 3168 1012 3224 viam
1034 3171 1383 3237 invenerunt,
1406 3190 1686 3246 perquam
1717 3175 1757 3228 ii
1778 3176 1872 3247 qui
1892 3179 1934 3240 C
1960 3176 2096 3243 ﬁcis,
2131 3192 2323 3229 verum
2354 3172 2597 3227 hominis
2628 3177 2728 3226 aut
2764 3170 3074 3241 cujuspiam
3115 3166 3418 3222 animantis
3447 3166 3562 3220 for-

273 3254 580 3324 perierant,
605 3273 669 3309 ac
697 3257 903 3312 misera
930 3260 1197 3327 servitute
1225 3263 1640 3333 premebantur,
1671 3263 1729 3318 in
1762 3265 1872 3336 pri-
1967 3282 2138 3329 mam,
2171 3281 2284 3318 non
2330 3263 2540 3333 lingua,
2574 3278 2685 3315 non
2722 3260 2992 3323 faucibus,
3033 3274 3145 3312 non
3171 3256 3418 3320 cerebro,
3449 3271 3563 3339 non

275 3344 496 3398 stinum
528 3351 738 3400 statum
763 3348 1009 3403 restituti
1029 3358 1179 3415 sunt,
1195 3352 1400 3405 cavillis
1430 3352 1690 3407 insectari
1711 3370 1880 3409 cona-
1961 3355 2078 3408 ulla
2108 3354 2297 3424 aliqua
2326 3352 2548 3406 interna
2585 3357 2744 3422 parte
2784 3349 3104 3422 praeditam:
3137 3363 3202 3401 ac
3232 3344 3465 3417 proinde
3492 3360 3561 3397 ne

275 3433 562 3488 ris?Cedo
591 3441 780 3490 utrum
806 3439 1037 3492 tandem
1069 3456 1135 3492 ex
1163 3440 1251 3493 liis
1283 3441 1501 3495 duobus
1531 3445 1887 3514 priestantius
1967 3443 2210 3497 hominis
2238 3442 2463 3513 quidem
2501 3446 2601 3495 aut
2637 3439 2941 3495 animantis
2978 3435 3285 3491 similitudo
3325 3439 3430 3498 est,
3463 3432 3563 3487 sed

277 3529 383 3587 est,
411 3540 615 3595 nempe
642 3525 1081 3597 omnipotentem
1104 3529 1281 3583 Deum
1294 3546 1419 3584 cum
1442 3532 1731 3603 unigenito
1747 3533 1886 3587 Filio

276 3617 335 3666 et
363 3613 579 3684 Spiritu
612 3621 804 3669 sancto
834 3617 1033 3684 colere,
1065 3618 1264 3685 Deum,
1289 3619 1544 3691 inquam,
1572 3621 1886 3676 increatum

276 3706 335 3755 et
352 3701 750 3768 immortalem,
774 3703 1047 3759 bonorum
1079 3708 1330 3762 omnium
1357 3710 1586 3776 fontem,
1603 3712 1762 3781 cujus
1782 3728 1884 3764 nec

275 3791 583 3862 imperium
620 3809 683 3846 ac
730 3793 903 3848 robur
931 3797 1253 3867 conjectura
1295 3800 1524 3871 percipi,
1575 3817 1677 3854 nec
1703 3801 1884 3870 gloria

280 3887 473 3935 mente
502 3883 899 3953 comprehendi
929 3890 1131 3955 potest,
1170 3889 1256 3940 cui
1284 3889 1660 3958 angelicorum
1689 3905 1753 3942 ac
1771 3906 1882 3943 coe-

276 3970 507 4024 lestium
535 3970 795 4026 ordinum
816 3973 991 4027 millia
1005 3975 1264 4042 millium,
1281 3983 1338 4031 et
1357 3977 1541 4031 decies
1558 3983 1617 4043 3
1636 3985 1665 4041 ι
1687 3983 1745 4043 8
1763 3978 1885 4031 mil-

274 4056 354 4109 lia
372 4058 610 4112 millium
634 4065 841 4122 astant,
864 4062 1024 4133 cujus
1034 4063 1225 4133 gloriae
1245 4066 1447 4119 cmlum
1475 4072 1531 4120 et
1546 4073 1697 4120 terra
1718 4066 1884 4136 plena

275 4152 430 4207 sunt,
468 4164 570 4218 per
598 4165 763 4219 quem
793 4150 984 4204 omnia
1011 4168 1076 4205 ex
1103 4153 1278 4206 nihilo
1305 4154 1362 4208 in
1394 4160 1579 4208 ortum
1610 4155 1881 4226 producta

276 4241 430 4303 sunt,
470 4255 571 4309 per
600 4256 764 4310 quem
788 4241 1031 4297 mundus
1062 4244 1382 4298 continetur
1409 4262 1473 4299 ac
1501 4252 1877 4314 conservatur,

275 4325 567 4398 ipsiusque
585 4329 932 4399 providentia
944 4331 1312 4402 gubernatur,
1332 4334 1512 4389 colere
1527 4351 1591 4388 ac
1607 4337 1877 4404 venerari;

277 4432 353 4469 an
377 4433 505 4470 vero
516 4417 806 4489 pestiferos
821 4420 1103 4475 daemones
1118 4428 1285 4493 atque
1299 4423 1546 4478 inanima
1563 4424 1880 4492 simulacra,

1968 3532 2184 3587 inutilis
2213 3532 2442 3586 omnino
2472 3547 2561 3584 res
2588 3546 2654 3584 ac
2684 3527 2947 3582 vanitatis
2996 3527 3178 3597 plena.
3213 3523 3358 3588 Quid
3388 3523 3563 3595 igitur

1968 3621 2134 3676 rebus
2163 3637 2360 3675 sensus
2389 3618 2707 3690 expertibus
2735 3615 3042 3670 blandiris?
3071 3614 3215 3678 Quid
3250 3619 3436 3666 mente
3464 3628 3560 3665 ca-

1963 3708 2217 3764 rentibus
2239 3715 2295 3762 et
2313 3707 2602 3761 inutilibus
2621 3705 2868 3761 assides?
2896 3704 3015 3759 Nisi
3042 3702 3259 3767 latomi,
3275 3705 3375 3755 aut
3389 3699 3566 3753 archi-

1962 3799 2117 3865 tecti,
2141 3803 2241 3852 aut
2261 3796 2602 3851 malleatoris
2623 3813 2714 3850 ars
2735 3796 2976 3855 adesset,
2990 3794 3156 3848 deum
3174 3807 3285 3846 non
3304 3789 3557 3844 haberes.

1965 3886 2086 3941 Nisi
2115 3886 2373 3940 custodes
2404 3891 2604 3958 praesto
2635 3889 2840 3951 essent,
2862 3884 3029 3937 deum
3060 3888 3219 3936 tuum
3252 3878 3557 3934 amisisses.

1964 3976 2109 4029 Nam
2140 3992 2304 4046 quem
2334 3991 2480 4046 saepe
2509 3975 2839 4029 stolidorum
2868 3972 3157 4027 hominum
3182 3967 3565 4041 copiosissima

1967 4064 2099 4119 urbs
2122 4069 2391 4135 tanquam
2422 4065 2610 4130 deum,
2633 4070 2697 4118 ut
2715 4062 2785 4117 ab
2814 4080 2880 4117 eo
2892 4061 3256 4123 custodiatur,
3285 4058 3557 4119 obsecrat,

1964 4170 2089 4208 cum
2121 4170 2187 4207 eo
2220 4153 2341 4224 ipso
2378 4153 2540 4223 pauci
2571 4153 2849 4217 custodes,
2880 4168 2949 4205 ne
2983 4149 3338 4220 surripiatur,
3373 4161 3559 4199 rema-

1962 4247 2117 4297 nent.
2133 4243 2211 4295 Ac
2229 4242 2277 4295 si
2298 4242 2526 4312 quidem
2555 4259 2621 4295 ex
2651 4246 2885 4311 argento
2907 4240 2990 4292 vel
3013 4253 3151 4292 auro
3173 4240 3407 4300 constet,
3423 4232 3560 4287 dili-

1962 4338 2161 4404 genter
2201 4330 2539 4396 custoditur;
2573 4330 2621 4384 si
2659 4335 2851 4383 autem
2878 4345 2941 4383 ex
2972 4326 3175 4398 lapide.
3211 4328 3309 4378 aut
3336 4322 3554 4393 argilla,

1967 4425 2066 4474 aut
2092 4420 2201 4474 alia
2223 4420 2462 4491 quadam
2493 4419 2673 4473 viliori
2700 4418 2956 4485 materia,
2996 4416 3243 4488 seipsum
3282 4410 3550 4467 custodit.

280 4521 526 4575 quorum
555 4506 677 4561 laus
706 4513 762 4561 et
781 4509 963 4579 gloria
990 4511 1331 4567 adulterium
1363 4519 1465 4576 est,
1499 4530 1562 4567 ac
1582 4531 1883 4583 puerorum
1906 4510 2054 4600 DIta
2080 4510 2149 4563 de
2175 4515 2361 4563 vestra
2388 4510 2669 4564 sententia
2682 4509 2952 4564 valentior
2978 4513 3066 4562 est
3091 4506 3139 4560 is
3159 4504 3255 4576 qui
3274 4519 3338 4557 ex
3365 4499 3561 4571 argilla

278 4596 687 4666 constupratio,
723 4603 1034 4670 caateraque
1059 4601 1271 4672 ﬂagitia
1302 4618 1423 4672 quae
1451 4603 1519 4656 de
1543 4603 1651 4657 diis
1689 4604 1886 4658 vestris

225 4678 235 4688 ’
276 4682 339 4737 in
363 4684 774 4754 superstitionis
784 4692 981 4742 vestrae
1002 4688 1373 4744 voluminibus
1394 4692 1702 4763 conscripta
1728 4691 1886 4746 sunt?

357 4772 481 4827 Non
511 4791 607 4828 vos
631 4775 821 4845 pudet,
849 4776 1061 4844 miseri,
1085 4785 1254 4851 atque
1275 4779 1421 4851 ignis
1453 4780 1779 4852 sempiterni
1811 4781 1885 4835 ci-

275 4858 807 4936 bus,Cbaldaicique
817 4867 1041 4937 generis
1050 4867 1473 4924 similitudinem
1486 4875 1883 4940 gerentes,non

276 4966 400 5011 vos,
424 4951 673 5024 inquam,
698 4960 950 5009 mortuas
973 4961 1188 5010 statuas
1219 4958 1466 5013 humana
1496 4976 1665 5013 manu
1696 4966 1879 5015 extru-

278 5044 404 5094 ctas
433 5042 667 5095 adorare
686 5042 891 5113 pudet?
906 5045 1124 5099 Caesum
1145 5045 1293 5099 enim
1308 5047 1548 5118 lapidem
1561 5054 1660 5103 aut
1671 5049 1883 5119 lignum

278 5147 351 5184 ac
368 5130 552 5185 fabrili
580 5136 701 5186 arte
723 5132 978 5204 politum,
1000 5135 1165 5189 deum
1188 5136 1526 5208 nuncupatis
1549 5155 1560 5189 :
1587 5154 1652 5191 ac
1681 5130 1883 5192 deinde

280 5220 554 5274 eximium
585 5226 832 5288 taurum,
868 5230 967 5279 aut
991 5224 1144 5279 aliud
1172 5224 1405 5280 fortasse
1421 5231 1477 5279 et
1493 5227 1883 5297 pulcherrimis

280 5311 562 5380 cujusque
599 5312 823 5381 generis
856 5312 1235 5368 animantibus
1263 5320 1632 5382 assumentes,
1660 5323 1883 5371 mortuo

280 5398 526 5465 numini,
560 5416 671 5470 qua
691 5402 961 5456 vaecordia
979 5403 1131 5468 estis,
1156 5402 1480 5458 immolatis.
1522 5405 1707 5477 Atque
1731 5406 1885 5460 victi-

279 5504 379 5542 ma
410 5487 516 5542 deo
544 5494 641 5544 tuo
666 5492 1023 5562 praestantior
1049 5498 1152 5547 est.
1173 5493 1315 5547 Nam
1344 5493 1499 5547 illum
1521 5494 1690 5548 homo
1704 5494 1886 5549 elabo-

280 5577 450 5644 ravit,
482 5578 632 5635 Deus
660 5586 847 5636 autem
873 5581 1084 5636 animal
1115 5584 1446 5654 procreavit.
1483 5584 1562 5638 Ac
1590 5589 1887 5658 propterea

281 5666 461 5722 etiam
506 5667 733 5725 brutum
770 5670 980 5727 animal
1007 5675 1085 5741 te,
1118 5671 1213 5744 qui
1256 5674 1472 5730 ratione
1512 5674 1779 5749 praeditus
1802 5691 1884 5745 es,

1968 4615 2134 4670 quam
2169 4599 2264 4671 qui
2295 4616 2359 4654 ex
2389 4616 2526 4654 auro
2557 4601 2831 4654 conﬂatus
2861 4603 2963 4653 est.

2036 4689 2122 4742 An
2153 4704 2264 4742 non
2292 4689 2467 4760 igitur
2484 4690 2696 4760 optimo
2721 4691 2848 4759 jure
2873 4705 2967 4742 vos
2988 4687 3188 4741 stultos
3218 4688 3275 4738 et
3296 4697 3468 4736 caecos
3496 4695 3559 4733 ac

1966 4778 2197 4832 stolidos
2227 4777 2482 4833 homines
2500 4779 2752 4844 irridere,
2790 4779 2877 4831 vel
2907 4776 3090 4849 potius
3122 4776 3274 4829 luctu
3302 4776 3563 4843 prosequi

1966 4870 2292 4940 possumus?
2312 4870 2518 4940 quippe
2537 4884 2710 4938 opera
2723 4871 2906 4921 vestra
2920 4866 3160 4920 furorem
3188 4863 3376 4936 potius
3392 4877 3561 4933 quam

1970 4959 2239 5030 pietatem
2264 4958 2695 5012 redolent.Nam
2717 4956 2812 5026 qui
2836 4955 2918 5009 rei
2945 4954 3174 5008 militari
3202 4954 3410 5015 studet,
3446 4957 3562 5007 sta-

1966 5053 2124 5103 tuam
2155 5048 2226 5102 ad
2254 5046 2509 5101 militaris
2538 5045 2742 5118 speciei
2772 5044 3196 5099 similitudinem
3220 5059 3559 5116 expressam,

1967 5154 2032 5191 ac
2061 5143 2213 5192 certo
2239 5136 2357 5191 loco
2385 5136 2645 5206 positam,
2665 5137 2902 5190 Martem
2923 5139 3228 5206 nuncupat.
3249 5133 3355 5198 Qui
3374 5138 3563 5188 autem

1966 5226 2266 5281 mulierum
2300 5241 2491 5279 amore
2521 5225 2593 5279 ad
2621 5223 2899 5277 insaniam
2926 5238 3103 5295 usque
3126 5224 3345 5293 ﬂagrat,
3362 5222 3562 5277 animae

1967 5332 2081 5389 sua;
2127 5314 2492 5386 cupiditatem
2546 5314 2766 5385 pictura
2800 5312 3129 5378 informans,
3170 5313 3368 5368 vitium
3397 5326 3561 5366 suum

1967 5405 2135 5459 deum
2158 5403 2346 5469 efficit,
2362 5403 2596 5457 Veneris
2616 5402 2828 5457 scilicet
2846 5403 3072 5457 nomine
3096 5419 3225 5457 eum
3251 5401 3556 5473 appellans.

1968 5493 2126 5549 Alius
2154 5508 2350 5547 rursus
2390 5492 2732 5548 temulentis:
2768 5509 2880 5548 suae
2909 5508 3095 5556 causa,
3127 5491 3309 5545 eﬂlcto
3337 5488 3565 5542 simula-

1972 5598 2084 5644 cro,
2116 5582 2596 5654 Bacchumipsum
2607 5582 2881 5639 nominat.
2905 5583 3224 5653 Eodemque
3241 5578 3403 5634 modo
3427 5576 3563 5630 alio-

1975 5688 2100 5734 rum
2112 5671 2372 5728 vitiorum
2384 5673 2590 5747 cupidi,
2607 5688 2801 5729 eorum
2818 5673 3118 5729 simulacra
3134 5668 3564 5729 constituerunt,
