  <div class='ocr_page' id='page_1' title='image "/cluster/home/n/w/nwhite01/storage/ocr_20150623/73/hvd.32044054758776/291.png"; bbox 0 0 3876 6190; ppageno 0'>
   <div class='ocr_carea' id='block_1_1' title="bbox 434 277 532 336">
    <p class='ocr_par' dir='ltr' id='par_1_1' title="bbox 434 277 532 336">
     <span class='ocr_line' id='line_1_1' title="bbox 434 277 532 336; baseline 0.02 -2"><span class='ocrx_word' id='word_1_1' title='bbox 434 277 532 336; x_wconf 84' lang='grc'>571</span> 
     </span>
    </p>
   </div>
   <div class='ocr_carea' id='block_1_2' title="bbox 1439 303 2684 395">
    <p class='ocr_par' dir='ltr' id='par_1_2' title="bbox 1439 303 2684 395">
     <span class='ocr_line' id='line_1_2' title="bbox 1439 303 2684 395; baseline 0.013 -37"><span class='ocrx_word' id='word_1_2' title='bbox 1439 303 1534 360; x_wconf 83' lang='lat' dir='ltr'><strong>DE</strong></span> <span class='ocrx_word' id='word_1_3' title='bbox 1571 305 1758 366; x_wconf 86' lang='lat' dir='ltr'>VI&#39;l‘lS</span> <span class='ocrx_word' id='word_1_4' title='bbox 1795 311 2092 372; x_wconf 73' lang='lat' dir='ltr'>PATRUM</span> <span class='ocrx_word' id='word_1_5' title='bbox 2126 316 2341 375; x_wconf 82' lang='lat' dir='ltr'><strong>LIBER</strong></span> <span class='ocrx_word' id='word_1_6' title='bbox 2375 316 2684 395; x_wconf 26' lang='lat' dir='ltr'>PRIMUS.‘</span> 
     </span>
    </p>
   </div>
   <div class='ocr_carea' id='block_1_3' title="bbox 3550 325 3635 386">
    <p class='ocr_par' dir='ltr' id='par_1_3' title="bbox 3550 325 3635 386">
     <span class='ocr_line' id='line_1_3' title="bbox 3550 325 3635 386; baseline 0.047 -4"><span class='ocrx_word' id='word_1_7' title='bbox 3550 325 3635 386; x_wconf 75' lang='lat'>572</span> 
     </span>
    </p>
   </div>
   <div class='ocr_carea' id='block_1_4' title="bbox 404 408 3634 530">
    <p class='ocr_par' dir='ltr' id='par_1_4' title="bbox 404 408 3634 530">
     <span class='ocr_line' id='line_1_4' title="bbox 404 408 3634 530; baseline 0.011 -51"><span class='ocrx_word' id='word_1_8' title='bbox 404 430 418 436; x_wconf 79' lang='lat'>&#39;</span> <span class='ocrx_word' id='word_1_9' title='bbox 438 408 835 530; x_wconf 33' lang='grc' dir='ltr'>Ῐξΐῖξίξριιῗξξιζξε</span> <span class='ocrx_word' id='word_1_10' title='bbox 854 417 1114 530; x_wconf 52' lang='grc' dir='ltr'>Δ(ξεοιξιιιιῖις</span> <span class='ocrx_word' id='word_1_11' title='bbox 1141 428 1693 530; x_wconf 44' lang='lat' dir='ltr'>nomen‘imponunt.</span> <span class='ocrx_word' id='word_1_12' title='bbox 1740 438 1929 512; x_wconf 89' lang='lat' dir='ltr'>anue</span> <span class='ocrx_word' id='word_1_13' title='bbox 1958 443 2028 500; x_wconf 91' lang='lat' dir='ltr'>de</span> <span class='ocrx_word' id='word_1_14' title='bbox 2043 448 2097 508; x_wconf 86' lang='grc' dir='ltr'><strong>Α</strong></span> <span class='ocrx_word' id='word_1_15' title='bbox 2100 461 2352 529; x_wconf 62' lang='grc' dir='ltr'>ροιῃοηι</span> <span class='ocrx_word' id='word_1_16' title='bbox 2361 444 2804 527; x_wconf 72' lang='lat' dir='ltr'>.mprtefunctae</span> <span class='ocrx_word' id='word_1_17' title='bbox 2820 441 3634 530; x_wconf 54' lang='lat' dir='ltr'>sepulcris.expitetllauccvmll).</span> 
     </span>
    </p>
   </div>
   <div class='ocr_carea' id='block_1_5' title="bbox 440 506 3637 608">
    <p class='ocr_par' dir='ltr' id='par_1_5' title="bbox 440 506 3637 608">
     <span class='ocr_line' id='line_1_5' title="bbox 440 506 3637 608; baseline 0.006 -32"><span class='ocrx_word' id='word_1_18' title='bbox 657 506 806 577; x_wconf 75' lang='lat' dir='ltr'>aPud</span> <span class='ocrx_word' id='word_1_19' title='bbox 848 524 1040 608; x_wconf 52' lang='grc' dir='ltr'>(ξοξηξξη</span> <span class='ocrx_word' id='word_1_20' title='bbox 1079 528 1207 573; x_wconf 84' lang='lat' dir='ltr'>aras</span> <span class='ocrx_word' id='word_1_21' title='bbox 1234 516 1542 594; x_wconf 81' lang='lat' dir='ltr'>libidinosae</span> <span class='ocrx_word' id='word_1_22' title='bbox 1567 527 1892 586; x_wconf 84' lang='lat' dir='ltr'>saltationes</span> <span class='ocrx_word' id='word_1_23' title='bbox 1923 534 2033 591; x_wconf 83' lang='lat' dir='ltr'>exi-</span> <span class='ocrx_word' id='word_1_24' title='bbox 2100 506 2378 600; x_wconf 53' lang='lat' dir='ltr'>&#39;Rursum,</span> <span class='ocrx_word' id='word_1_25' title='bbox 2400 511 2464 604; x_wconf 81' lang='lat' dir='ltr'>ut</span> <span class='ocrx_word' id='word_1_26' title='bbox 2482 521 2648 590; x_wconf 77' lang='lat' dir='ltr'>hdmo</span> <span class='ocrx_word' id='word_1_27' title='bbox 2671 506 2942 599; x_wconf 32' lang='lat' dir='ltr'>moritur-5;!</span> <span class='ocrx_word' id='word_1_28' title='bbox 2969 519 3032 596; x_wconf 78' lang='lat' dir='ltr'>ut</span> <span class='ocrx_word' id='word_1_29' title='bbox 3051 521 3236 592; x_wconf 81' lang='lat' dir='ltr'>autem</span> <span class='ocrx_word' id='word_1_30' title='bbox 3263 506 3419 606; x_wconf 71' lang='lat' dir='ltr'>Deus,</span> <span class='ocrx_word' id='word_1_31' title='bbox 3437 506 3637 608; x_wconf 72' lang='lat' dir='ltr'>spoliato</span> 
     </span>
    </p>
   </div>
   <div class='ocr_carea' id='block_1_6' title="bbox 439 594 2033 689">
    <p class='ocr_par' dir='ltr' id='par_1_6' title="bbox 439 594 2033 689">
     <span class='ocr_line' id='line_1_6' title="bbox 439 594 2033 689; baseline 0.022 -45"><span class='ocrx_word' id='word_1_32' title='bbox 439 594 686 658; x_wconf 88' lang='lat' dir='ltr'>stunt,ac</span> <span class='ocrx_word' id='word_1_33' title='bbox 704 598 1013 654; x_wconf 85' lang='lat' dir='ltr'>meretricii.</span> <span class='ocrx_word' id='word_1_34' title='bbox 1026 610 1244 673; x_wconf 88' lang='lat' dir='ltr'>cantus,</span> <span class='ocrx_word' id='word_1_35' title='bbox 1262 608 1568 684; x_wconf 87' lang='lat' dir='ltr'>furiosique</span> <span class='ocrx_word' id='word_1_36' title='bbox 1589 615 1849 689; x_wconf 87' lang='lat' dir='ltr'>impetus.</span> <span class='ocrx_word' id='word_1_37' title='bbox 1872 621 2033 686; x_wconf 86' lang='lat' dir='ltr'>Quis-</span> 
     </span>
    </p>
   </div>
   <div class='ocr_carea' id='block_1_7' title="bbox 443 687 2031 786">
    <p class='ocr_par' dir='ltr' id='par_1_7' title="bbox 443 687 2031 786">
     <span class='ocr_line' id='line_1_7' title="bbox 443 687 2031 786; baseline 0.023 -56"><span class='ocrx_word' id='word_1_38' title='bbox 443 695 574 743; x_wconf 84' lang='lat' dir='ltr'>nam</span> <span class='ocrx_word' id='word_1_39' title='bbox 605 687 794 738; x_wconf 89' lang='lat' dir='ltr'>autem</span> <span class='ocrx_word' id='word_1_40' title='bbox 825 693 1228 751; x_wconf 83' lang='lat' dir='ltr'>exsecrandum</span> <span class='ocrx_word' id='word_1_41' title='bbox 1257 715 1452 755; x_wconf 89' lang='lat' dir='ltr'>eorum</span> <span class='ocrx_word' id='word_1_42' title='bbox 1473 687 1750 776; x_wconf 77' lang='lat' dir='ltr'>flagitium</span> <span class='ocrx_word' id='word_1_43' title='bbox 1770 711 2031 786; x_wconf 85' lang='lat' dir='ltr'>deinceps</span> 
     </span>
    </p>
   </div>
   <div class='ocr_carea' id='block_1_8' title="bbox 442 783 2031 872">
    <p class='ocr_par' dir='ltr' id='par_1_8' title="bbox 442 783 2031 872">
     <span class='ocr_line' id='line_1_8' title="bbox 442 783 2031 872; baseline 0.024 -52"><span class='ocrx_word' id='word_1_44' title='bbox 442 785 1076 872; x_wconf 35' lang='lat' dir='ltr'>commemorare‘queat</span> <span class='ocrx_word' id='word_1_45' title='bbox 1091 783 1239 840; x_wconf 83' lang='lat' dir='ltr'>?Aut</span> <span class='ocrx_word' id='word_1_46' title='bbox 1251 789 1377 859; x_wconf 86' lang='lat' dir='ltr'>quis</span> <span class='ocrx_word' id='word_1_47' title='bbox 1402 791 1765 854; x_wconf 71' lang='lat' dir='ltr'>foedissimam</span> <span class='ocrx_word' id='word_1_48' title='bbox 1781 783 2031 872; x_wconf 77' lang='lat' dir='ltr'>ipsorum</span> 
     </span>
    </p>
   </div>
   <div class='ocr_carea' id='block_1_9' title="bbox 441 856 2037 964">
    <p class='ocr_par' dir='ltr' id='par_1_9' title="bbox 441 856 2037 964">
     <span class='ocr_line' id='line_1_9' title="bbox 441 856 2037 964; baseline 0.025 -55"><span class='ocrx_word' id='word_1_49' title='bbox 441 856 728 916; x_wconf 86' lang='lat' dir='ltr'>libidinem</span> <span class='ocrx_word' id='word_1_50' title='bbox 761 866 1012 924; x_wconf 90' lang='lat' dir='ltr'>oratione</span> <span class='ocrx_word' id='word_1_51' title='bbox 1050 877 1444 946; x_wconf 83' lang='lat' dir='ltr'>complectens,</span> <span class='ocrx_word' id='word_1_52' title='bbox 1475 899 1540 940; x_wconf 66' lang='lat' dir='ltr'>os,</span> <span class='ocrx_word' id='word_1_53' title='bbox 1568 902 1732 943; x_wconf 90' lang='lat' dir='ltr'>suum</span> <span class='ocrx_word' id='word_1_54' title='bbox 1762 856 2037 964; x_wconf 13' lang='lat' dir='ltr'>conspur-l</span> 
     </span>
    </p>
   </div>
   <div class='ocr_carea' id='block_1_10' title="bbox 441 953 2028 1050">
    <p class='ocr_par' dir='ltr' id='par_1_10' title="bbox 441 953 2028 1050">
     <span class='ocr_line' id='line_1_10' title="bbox 441 953 2028 1050; baseline 0.025 -51"><span class='ocrx_word' id='word_1_55' title='bbox 441 963 568 1050; x_wconf 74' lang='lat' dir='ltr'>care</span> <span class='ocrx_word' id='word_1_56' title='bbox 598 953 900 1050; x_wconf 77' lang='lat' dir='ltr'>sustineat?</span> <span class='ocrx_word' id='word_1_57' title='bbox 913 957 1117 1016; x_wconf 88' lang='lat' dir='ltr'>Verum</span> <span class='ocrx_word' id='word_1_58' title='bbox 1140 964 1255 1020; x_wconf 72' lang='lat' dir='ltr'>haec</span> <span class='ocrx_word' id='word_1_59' title='bbox 1279 957 1542 1028; x_wconf 75' lang='lat' dir='ltr'>omnibus</span> <span class='ocrx_word' id='word_1_60' title='bbox 1560 978 1853 1049; x_wconf 90' lang='lat' dir='ltr'>perspicua</span> <span class='ocrx_word' id='word_1_61' title='bbox 1876 953 2028 1050; x_wconf 76' lang='lat' dir='ltr'>sunt,</span> 
     </span>
    </p>
   </div>
   <div class='ocr_carea' id='block_1_11' title="bbox 441 1037 2031 1130">
    <p class='ocr_par' dir='ltr' id='par_1_11' title="bbox 441 1037 2031 1130">
     <span class='ocr_line' id='line_1_11' title="bbox 441 1037 2031 1130; baseline 0.025 -41"><span class='ocrx_word' id='word_1_62' title='bbox 441 1037 680 1130; x_wconf 80' lang='lat' dir='ltr'>etiamsi</span> <span class='ocrx_word' id='word_1_63' title='bbox 699 1041 805 1115; x_wconf 85' lang='lat' dir='ltr'>ipsi</span> <span class='ocrx_word' id='word_1_64' title='bbox 826 1050 1130 1106; x_wconf 83' lang='lat' dir='ltr'>taceamus.</span> <span class='ocrx_word' id='word_1_65' title='bbox 1154 1053 1230 1110; x_wconf 88' lang='lat' dir='ltr'>Hi</span> <span class='ocrx_word' id='word_1_66' title='bbox 1255 1058 1339 1112; x_wconf 90' lang='lat' dir='ltr'>tui</span> <span class='ocrx_word' id='word_1_67' title='bbox 1366 1059 1443 1115; x_wconf 92' lang='lat' dir='ltr'>dii</span> <span class='ocrx_word' id='word_1_68' title='bbox 1465 1037 1614 1130; x_wconf 71' lang='lat' dir='ltr'>sunt,</span> <span class='ocrx_word' id='word_1_69' title='bbox 1640 1084 1671 1120; x_wconf 93' lang='grc' dir='ltr'>ο</span> <span class='ocrx_word' id='word_1_70' title='bbox 1689 1037 1899 1126; x_wconf 70' lang='lat' dir='ltr'>statuis</span> <span class='ocrx_word' id='word_1_71' title='bbox 1918 1037 2031 1126; x_wconf 74' lang='lat' dir='ltr'>tuis</span> 
     </span>
    </p>
   </div>
   <div class='ocr_carea' id='block_1_12' title="bbox 440 1127 2033 1226">
    <p class='ocr_par' dir='ltr' id='par_1_12' title="bbox 440 1127 2033 1226">
     <span class='ocr_line' id='line_1_12' title="bbox 440 1127 2033 1226; baseline 0.024 -48"><span class='ocrx_word' id='word_1_72' title='bbox 440 1127 717 1226; x_wconf 77' lang='lat' dir='ltr'>stupidior</span> <span class='ocrx_word' id='word_1_73' title='bbox 747 1133 996 1226; x_wconf 49' lang='lat' dir='ltr'>Theuda.</span> <span class='ocrx_word' id='word_1_74' title='bbox 1033 1141 1144 1198; x_wconf 85' lang='lat' dir='ltr'>Hos</span> <span class='ocrx_word' id='word_1_75' title='bbox 1173 1150 1237 1199; x_wconf 89' lang='lat' dir='ltr'>ut</span> <span class='ocrx_word' id='word_1_76' title='bbox 1263 1148 1512 1218; x_wconf 88' lang='lat' dir='ltr'>adorem,</span> <span class='ocrx_word' id='word_1_77' title='bbox 1558 1127 1659 1226; x_wconf 82' lang='lat' dir='ltr'>hos</span> <span class='ocrx_word' id='word_1_78' title='bbox 1703 1162 1767 1212; x_wconf 87' lang='lat' dir='ltr'>ut</span> <span class='ocrx_word' id='word_1_79' title='bbox 1799 1176 2033 1218; x_wconf 84' lang='lat' dir='ltr'>venerer</span> 
     </span>
    </p>
   </div>
   <div class='ocr_carea' id='block_1_13' title="bbox 443 1216 2029 1306">
    <p class='ocr_par' dir='ltr' id='par_1_13' title="bbox 443 1216 2029 1306">
     <span class='ocr_line' id='line_1_13' title="bbox 443 1216 2029 1306; baseline 0.025 -37"><span class='ocrx_word' id='word_1_80' title='bbox 443 1216 728 1280; x_wconf 88' lang='lat' dir='ltr'>admones.</span> <span class='ocrx_word' id='word_1_81' title='bbox 747 1223 877 1281; x_wconf 69' lang='lat' dir='ltr'>Tuae</span> <span class='ocrx_word' id='word_1_82' title='bbox 887 1233 1134 1298; x_wconf 79' lang='lat' dir='ltr'>proiecto</span> <span class='ocrx_word' id='word_1_83' title='bbox 1145 1233 1490 1306; x_wconf 81' lang='lat' dir='ltr'>improbitati</span> <span class='ocrx_word' id='word_1_84' title='bbox 1501 1216 1508 1218; x_wconf 28' lang='lat'>-</span> <span class='ocrx_word' id='word_1_85' title='bbox 1519 1259 1584 1300; x_wconf 89' lang='lat' dir='ltr'>ac</span> <span class='ocrx_word' id='word_1_86' title='bbox 1605 1223 1789 1304; x_wconf 67' lang='lat' dir='ltr'>Stulta:</span> <span class='ocrx_word' id='word_1_87' title='bbox 1801 1216 2029 1306; x_wconf 79' lang='lat' dir='ltr'>senten-</span> 
     </span>
    </p>
   </div>
   <div class='ocr_carea' id='block_1_14' title="bbox 440 1306 2030 1413">
    <p class='ocr_par' dir='ltr' id='par_1_14' title="bbox 440 1306 2030 1413">
     <span class='ocr_line' id='line_1_14' title="bbox 440 1306 2030 1413; baseline 0.025 -55"><span class='ocrx_word' id='word_1_88' title='bbox 440 1306 548 1413; x_wconf 39' lang='lat' dir='ltr'>tiae“</span> <span class='ocrx_word' id='word_1_89' title='bbox 558 1319 996 1373; x_wconf 84' lang='lat' dir='ltr'>consentaneum</span> <span class='ocrx_word' id='word_1_90' title='bbox 1013 1326 1099 1376; x_wconf 92' lang='lat' dir='ltr'>est</span> <span class='ocrx_word' id='word_1_91' title='bbox 1110 1323 1261 1382; x_wconf 83' lang='lat' dir='ltr'>istud</span> <span class='ocrx_word' id='word_1_92' title='bbox 1276 1331 1590 1401; x_wconf 86' lang='lat' dir='ltr'>consilium;</span> <span class='ocrx_word' id='word_1_93' title='bbox 1607 1342 1666 1391; x_wconf 91' lang='lat' dir='ltr'>at</span> <span class='ocrx_word' id='word_1_94' title='bbox 1680 1338 1878 1394; x_wconf 87' lang='lat' dir='ltr'>similis</span> <span class='ocrx_word' id='word_1_95' title='bbox 1895 1341 2030 1413; x_wconf 90' lang='lat' dir='ltr'>ipsis</span> 
     </span>
    </p>
   </div>
   <div class='ocr_carea' id='block_1_15' title="bbox 440 1397 1942 1499">
    <p class='ocr_par' dir='ltr' id='par_1_15' title="bbox 440 1397 1942 1499">
     <span class='ocr_line' id='line_1_15' title="bbox 440 1397 1942 1499; baseline 0.025 -51"><span class='ocrx_word' id='word_1_96' title='bbox 440 1400 502 1450; x_wconf 91' lang='lat' dir='ltr'>tu</span> <span class='ocrx_word' id='word_1_97' title='bbox 513 1397 811 1499; x_wconf 56' lang='lat' dir='ltr'>ﬁas,atque</span> <span class='ocrx_word' id='word_1_98' title='bbox 827 1423 1020 1499; x_wconf 75' lang='lat' dir='ltr'>omnes</span> <span class='ocrx_word' id='word_1_99' title='bbox 1038 1413 1132 1484; x_wconf 85' lang='lat' dir='ltr'>qui</span> <span class='ocrx_word' id='word_1_100' title='bbox 1153 1418 1512 1477; x_wconf 81' lang='lat' dir='ltr'>confiduntin</span> <span class='ocrx_word' id='word_1_101' title='bbox 1534 1397 1612 1480; x_wconf 82' lang='lat' dir='ltr'>eis</span> <span class='ocrx_word' id='word_1_102' title='bbox 1630 1427 1739 1496; x_wconf 83' lang='lat' dir='ltr'>(Ps.</span> <span class='ocrx_word' id='word_1_103' title='bbox 1765 1397 1942 1499; x_wconf 51' lang='lat' dir='ltr'>CXIII):</span> 
     </span>
    </p>
   </div>
   <div class='ocr_carea' id='block_1_16' title="bbox 512 1487 2031 1592">
    <p class='ocr_par' dir='ltr' id='par_1_16' title="bbox 512 1487 2031 1592">
     <span class='ocr_line' id='line_1_16' title="bbox 512 1487 2031 1592; baseline 0.024 -52"><span class='ocrx_word' id='word_1_104' title='bbox 512 1487 626 1558; x_wconf 87' lang='lat' dir='ltr'>Ego</span> <span class='ocrx_word' id='word_1_105' title='bbox 647 1498 850 1592; x_wconf 55' lang='lat' dir='ltr'>autem—</span> <span class='ocrx_word' id='word_1_106' title='bbox 864 1497 1040 1554; x_wconf 91' lang='lat' dir='ltr'>Deum</span> <span class='ocrx_word' id='word_1_107' title='bbox 1061 1518 1249 1561; x_wconf 88' lang='lat' dir='ltr'>meum</span> <span class='ocrx_word' id='word_1_108' title='bbox 1281 1509 1478 1579; x_wconf 91' lang='lat' dir='ltr'>colam,</span> <span class='ocrx_word' id='word_1_109' title='bbox 1503 1530 1705 1587; x_wconf 89' lang='lat' dir='ltr'>meque</span> <span class='ocrx_word' id='word_1_110' title='bbox 1722 1487 2031 1592; x_wconf 46' lang='lat' dir='ltr'>totumlipsi</span> 
     </span>
    </p>
   </div>
   <div class='ocr_carea' id='block_1_17' title="bbox 437 1582 2044 1671">
    <p class='ocr_par' dir='ltr' id='par_1_17' title="bbox 437 1582 2044 1671">
     <span class='ocr_line' id='line_1_17' title="bbox 437 1582 2044 1671; baseline 0.024 -43"><span class='ocrx_word' id='word_1_111' title='bbox 437 1582 790 1671; x_wconf 85' lang='lat' dir='ltr'>consecrabo;</span> <span class='ocrx_word' id='word_1_112' title='bbox 813 1585 1485 1667; x_wconf 80' lang='lat' dir='ltr'>Deo,inquam,creatori,</span> <span class='ocrx_word' id='word_1_113' title='bbox 1510 1608 1571 1669; x_wconf 74' lang='lat'><strong>3</strong></span> <span class='ocrx_word' id='word_1_114' title='bbox 1584 1582 1633 1671; x_wconf 66' lang='grc' dir='ltr'>ί</span> <span class='ocrx_word' id='word_1_115' title='bbox 1637 1611 1702 1670; x_wconf 82' lang='lat'><strong>9</strong></span> <span class='ocrx_word' id='word_1_116' title='bbox 1731 1623 1795 1663; x_wconf 89' lang='lat' dir='ltr'>ac</span> <span class='ocrx_word' id='word_1_117' title='bbox 1841 1582 2044 1666; x_wconf 21' lang='lat' dir='ltr'>rerum.</span> 
     </span>
    </p>
   </div>
   <div class='ocr_carea' id='block_1_18' title="bbox 442 1668 2044 1755">
    <p class='ocr_par' dir='ltr' id='par_1_18' title="bbox 442 1668 2044 1755">
     <span class='ocr_line' id='line_1_18' title="bbox 442 1668 2044 1755; baseline 0.023 -37"><span class='ocrx_word' id='word_1_118' title='bbox 442 1668 691 1724; x_wconf 89' lang='lat' dir='ltr'>omnium</span> <span class='ocrx_word' id='word_1_119' title='bbox 719 1673 1102 1747; x_wconf 80' lang='lat' dir='ltr'>gubernatori,</span> <span class='ocrx_word' id='word_1_120' title='bbox 1126 1701 1226 1754; x_wconf 91' lang='lat' dir='ltr'>per</span> <span class='ocrx_word' id='word_1_121' title='bbox 1243 1687 1545 1746; x_wconf 90' lang='lat' dir='ltr'>Dominum</span> <span class='ocrx_word' id='word_1_122' title='bbox 1566 1700 1822 1751; x_wconf 91' lang='lat' dir='ltr'>nostrum</span> <span class='ocrx_word' id='word_1_123' title='bbox 1837 1683 2044 1755; x_wconf 14' lang='lat' dir='ltr'>Jesum.</span> 
     </span>
    </p>
   </div>
   <div class='ocr_carea' id='block_1_19' title="bbox 2110 610 3643 694">
    <p class='ocr_par' dir='ltr' id='par_1_19' title="bbox 2110 610 3643 694">
     <span class='ocr_line' id='line_1_19' title="bbox 2110 610 3643 694; baseline 0.003 -16"><span class='ocrx_word' id='word_1_124' title='bbox 2110 610 2358 690; x_wconf 75' lang='lat' dir='ltr'>inferno,</span> <span class='ocrx_word' id='word_1_125' title='bbox 2383 626 2454 680; x_wconf 93' lang='lat' dir='ltr'>ad</span> <span class='ocrx_word' id='word_1_126' title='bbox 2483 626 2651 680; x_wconf 85' lang='lat' dir='ltr'>vitam</span> <span class='ocrx_word' id='word_1_127' title='bbox 2695 625 2858 680; x_wconf 85' lang='lat' dir='ltr'>redit.</span> <span class='ocrx_word' id='word_1_128' title='bbox 2890 611 2985 679; x_wconf 30' lang='lat' dir='ltr'>&#39;Ob.</span> <span class='ocrx_word' id='word_1_129' title='bbox 3020 623 3184 694; x_wconf 89' lang='lat' dir='ltr'>idque</span> <span class='ocrx_word' id='word_1_130' title='bbox 3220 613 3378 679; x_wconf 79' lang='lat' dir='ltr'>etiam</span> <span class='ocrx_word' id='word_1_131' title='bbox 3422 627 3643 683; x_wconf 82' lang='lat' dir='ltr'>clamavit</span> 
     </span>
    </p>
   </div>
   <div class='ocr_carea' id='block_1_20' title="bbox 2112 698 3641 786">
    <p class='ocr_par' dir='ltr' id='par_1_20' title="bbox 2112 698 3641 786">
     <span class='ocr_line' id='line_1_20' title="bbox 2112 698 3641 786; baseline 0.003 -17"><span class='ocrx_word' id='word_1_132' title='bbox 2112 698 2393 786; x_wconf 76' lang='lat' dir='ltr'>Propheta</span> <span class='ocrx_word' id='word_1_133' title='bbox 2420 734 2431 768; x_wconf 88' lang='lat'><strong><em>:</em></strong></span> <span class='ocrx_word' id='word_1_134' title='bbox 2466 715 2723 770; x_wconf 86' lang='lat' dir='ltr'>Infernus</span> <span class='ocrx_word' id='word_1_135' title='bbox 2752 699 2810 772; x_wconf 81' lang='lat' dir='ltr'>in</span> <span class='ocrx_word' id='word_1_136' title='bbox 2837 712 3209 776; x_wconf 83' lang='lat' dir='ltr'>amaritudine</span> <span class='ocrx_word' id='word_1_137' title='bbox 3242 713 3358 774; x_wconf 78' lang='lat' dir='ltr'>fuit,</span> <span class='ocrx_word' id='word_1_138' title='bbox 3390 732 3641 773; x_wconf 84' lang='lat' dir='ltr'>occurrens</span> 
     </span>
    </p>
   </div>
   <div class='ocr_carea' id='block_1_21' title="bbox 2113 803 3646 878">
    <p class='ocr_par' dir='ltr' id='par_1_21' title="bbox 2113 803 3646 878">
     <span class='ocr_line' id='line_1_21' title="bbox 2113 803 3646 878; baseline 0.003 -19"><span class='ocrx_word' id='word_1_139' title='bbox 2113 804 2216 860; x_wconf 91' lang='lat' dir='ltr'>tibi</span> <span class='ocrx_word' id='word_1_140' title='bbox 2245 805 2524 860; x_wconf 88' lang='lat' dir='ltr'>deorsum.</span> <span class='ocrx_word' id='word_1_141' title='bbox 2560 804 2847 876; x_wconf 90' lang='lat' dir='ltr'>Siquidem</span> <span class='ocrx_word' id='word_1_142' title='bbox 2879 803 2937 857; x_wconf 95' lang='lat' dir='ltr'>in</span> <span class='ocrx_word' id='word_1_143' title='bbox 2984 803 3352 864; x_wconf 79' lang='lat' dir='ltr'>amaritudine</span> <span class='ocrx_word' id='word_1_144' title='bbox 3383 805 3480 859; x_wconf 82' lang='lat' dir='ltr'>fuit</span> <span class='ocrx_word' id='word_1_145' title='bbox 3505 813 3646 878; x_wconf 87' lang='lat' dir='ltr'>atque</span> 
     </span>
    </p>
   </div>
   <div class='ocr_carea' id='block_1_22' title="bbox 2113 893 3647 966">
    <p class='ocr_par' dir='ltr' id='par_1_22' title="bbox 2113 893 3647 966">
     <span class='ocr_line' id='line_1_22' title="bbox 2113 893 3647 966; baseline 0.001 -17"><span class='ocrx_word' id='word_1_146' title='bbox 2113 895 2310 952; x_wconf 91' lang='lat' dir='ltr'>illusus</span> <span class='ocrx_word' id='word_1_147' title='bbox 2334 900 2436 959; x_wconf 88' lang='lat' dir='ltr'>est,</span> <span class='ocrx_word' id='word_1_148' title='bbox 2455 911 2582 949; x_wconf 91' lang='lat' dir='ltr'>cum</span> <span class='ocrx_word' id='word_1_149' title='bbox 2612 895 2826 950; x_wconf 89' lang='lat' dir='ltr'>nudum</span> <span class='ocrx_word' id='word_1_150' title='bbox 2853 893 3135 947; x_wconf 90' lang='lat' dir='ltr'>hominem</span> <span class='ocrx_word' id='word_1_151' title='bbox 3157 909 3270 946; x_wconf 88' lang='lat' dir='ltr'>sese</span> <span class='ocrx_word' id='word_1_152' title='bbox 3299 895 3547 966; x_wconf 88' lang='lat' dir='ltr'>accepisse</span> <span class='ocrx_word' id='word_1_153' title='bbox 3565 914 3647 966; x_wconf 87' lang='lat' dir='ltr'>pu-</span> 
     </span>
    </p>
   </div>
   <div class='ocr_carea' id='block_1_23' title="bbox 2113 980 3649 1056">
    <p class='ocr_par' dir='ltr' id='par_1_23' title="bbox 2113 980 3649 1056">
     <span class='ocr_line' id='line_1_23' title="bbox 2113 980 3649 1056; baseline -0.001 -17"><span class='ocrx_word' id='word_1_154' title='bbox 2113 989 2259 1050; x_wconf 86' lang='lat' dir='ltr'>tans,</span> <span class='ocrx_word' id='word_1_155' title='bbox 2293 985 2351 1038; x_wconf 92' lang='lat' dir='ltr'>in</span> <span class='ocrx_word' id='word_1_156' title='bbox 2370 985 2550 1039; x_wconf 86' lang='lat' dir='ltr'>Deum</span> <span class='ocrx_word' id='word_1_157' title='bbox 2571 983 2789 1050; x_wconf 91' lang='lat' dir='ltr'>incidit,</span> <span class='ocrx_word' id='word_1_158' title='bbox 2816 998 2880 1036; x_wconf 91' lang='lat' dir='ltr'>ac</span> <span class='ocrx_word' id='word_1_159' title='bbox 2909 987 3138 1054; x_wconf 90' lang='lat' dir='ltr'>repente</span> <span class='ocrx_word' id='word_1_160' title='bbox 3163 980 3337 1036; x_wconf 88' lang='lat' dir='ltr'>inanis</span> <span class='ocrx_word' id='word_1_161' title='bbox 3357 989 3408 1037; x_wconf 90' lang='lat' dir='ltr'>et</span> <span class='ocrx_word' id='word_1_162' title='bbox 3434 983 3649 1056; x_wconf 83' lang='lat' dir='ltr'>captivus</span> 
     </span>
    </p>
   </div>
   <div class='ocr_carea' id='block_1_24' title="bbox 2115 1072 3645 1146">
    <p class='ocr_par' dir='ltr' id='par_1_24' title="bbox 2115 1072 3645 1146">
     <span class='ocr_line' id='line_1_24' title="bbox 2115 1072 3645 1146; baseline 0.001 -20"><span class='ocrx_word' id='word_1_163' title='bbox 2115 1073 2344 1139; x_wconf 72' lang='lat' dir='ltr'>exstitit.</span> <span class='ocrx_word' id='word_1_164' title='bbox 2379 1073 2643 1144; x_wconf 86' lang='lat' dir='ltr'>Resurgit</span> <span class='ocrx_word' id='word_1_165' title='bbox 2669 1072 2866 1146; x_wconf 81' lang='lat' dir='ltr'>itaque</span> <span class='ocrx_word' id='word_1_166' title='bbox 2891 1077 2954 1126; x_wconf 90' lang='lat' dir='ltr'>ut</span> <span class='ocrx_word' id='word_1_167' title='bbox 2978 1072 3155 1136; x_wconf 88' lang='lat' dir='ltr'>Deus;</span> <span class='ocrx_word' id='word_1_168' title='bbox 3189 1076 3347 1141; x_wconf 77' lang='lat' dir='ltr'>atque</span> <span class='ocrx_word' id='word_1_169' title='bbox 3375 1073 3428 1126; x_wconf 90' lang='lat' dir='ltr'>in</span> <span class='ocrx_word' id='word_1_170' title='bbox 3455 1073 3645 1140; x_wconf 83' lang='lat' dir='ltr'>coelum,</span> 
     </span>
    </p>
   </div>
   <div class='ocr_carea' id='block_1_25' title="bbox 2113 1148 3656 1233">
    <p class='ocr_par' dir='ltr' id='par_1_25' title="bbox 2113 1148 3656 1233">
     <span class='ocr_line' id='line_1_25' title="bbox 2113 1148 3656 1233; baseline 0.001 -17"><span class='ocrx_word' id='word_1_171' title='bbox 2113 1162 2262 1217; x_wconf 90' lang='lat' dir='ltr'>unde</span> <span class='ocrx_word' id='word_1_172' title='bbox 2291 1163 2443 1217; x_wconf 83' lang='lat' dir='ltr'>nullo</span> <span class='ocrx_word' id='word_1_173' title='bbox 2475 1162 2638 1216; x_wconf 92' lang='lat' dir='ltr'>modo</span> <span class='ocrx_word' id='word_1_174' title='bbox 2671 1148 2954 1233; x_wconf 88' lang='lat' dir='ltr'>digressus</span> <span class='ocrx_word' id='word_1_175' title='bbox 2981 1161 3180 1228; x_wconf 84' lang='lat' dir='ltr'>fuerat,</span> <span class='ocrx_word' id='word_1_176' title='bbox 3214 1153 3464 1227; x_wconf 77' lang='lat' dir='ltr'>aScendit,</span> <span class='ocrx_word' id='word_1_177' title='bbox 3495 1179 3552 1216; x_wconf 89' lang='lat' dir='ltr'>ac</span> <span class='ocrx_word' id='word_1_178' title='bbox 3575 1180 3656 1217; x_wconf 88' lang='lat' dir='ltr'>no-</span> 
     </span>
    </p>
   </div>
   <div class='ocr_carea' id='block_1_26' title="bbox 2114 1250 3656 1324">
    <p class='ocr_par' dir='ltr' id='par_1_26' title="bbox 2114 1250 3656 1324">
     <span class='ocr_line' id='line_1_26' title="bbox 2114 1250 3656 1324; baseline 0.001 -19"><span class='ocrx_word' id='word_1_179' title='bbox 2114 1257 2289 1306; x_wconf 90' lang='lat' dir='ltr'>stram</span> <span class='ocrx_word' id='word_1_180' title='bbox 2310 1251 2704 1324; x_wconf 86' lang='lat' dir='ltr'>despicabilem</span> <span class='ocrx_word' id='word_1_181' title='bbox 2728 1257 2897 1324; x_wconf 90' lang='lat' dir='ltr'>atque</span> <span class='ocrx_word' id='word_1_182' title='bbox 2920 1251 3176 1306; x_wconf 90' lang='lat' dir='ltr'>omnibus</span> <span class='ocrx_word' id='word_1_183' title='bbox 3197 1250 3495 1305; x_wconf 83' lang='lat' dir='ltr'>inferiorem</span> <span class='ocrx_word' id='word_1_184' title='bbox 3515 1258 3656 1306; x_wconf 89' lang='lat' dir='ltr'>natu-</span> 
     </span>
    </p>
   </div>
   <div class='ocr_carea' id='block_1_27' title="bbox 2111 1339 3659 1413">
    <p class='ocr_par' dir='ltr' id='par_1_27' title="bbox 2111 1339 3659 1413">
     <span class='ocr_line' id='line_1_27' title="bbox 2111 1339 3659 1413; baseline 0 -19"><span class='ocrx_word' id='word_1_185' title='bbox 2111 1357 2234 1396; x_wconf 89' lang='lat' dir='ltr'>ram</span> <span class='ocrx_word' id='word_1_186' title='bbox 2251 1341 2509 1396; x_wconf 90' lang='lat' dir='ltr'>omnibus</span> <span class='ocrx_word' id='word_1_187' title='bbox 2521 1340 2868 1413; x_wconf 87' lang='lat' dir='ltr'>superiorem</span> <span class='ocrx_word' id='word_1_188' title='bbox 2889 1339 3551 1410; x_wconf 85' lang='lat' dir='ltr'>reddidit.immortalique</span> <span class='ocrx_word' id='word_1_189' title='bbox 3562 1341 3659 1410; x_wconf 88' lang='lat' dir='ltr'>glo-</span> 
     </span>
    </p>
   </div>
   <div class='ocr_carea' id='block_1_28' title="bbox 2113 1429 3659 1499">
    <p class='ocr_par' dir='ltr' id='par_1_28' title="bbox 2113 1429 3659 1499">
     <span class='ocr_line' id='line_1_28' title="bbox 2113 1429 3659 1499; baseline -0.001 -15"><span class='ocrx_word' id='word_1_190' title='bbox 2113 1429 2197 1488; x_wconf 81' lang='lat' dir='ltr'>ria</span> <span class='ocrx_word' id='word_1_191' title='bbox 2224 1429 2550 1490; x_wconf 86' lang='lat' dir='ltr'>rutilantem</span> <span class='ocrx_word' id='word_1_192' title='bbox 2578 1429 2635 1484; x_wconf 93' lang='lat' dir='ltr'>in</span> <span class='ocrx_word' id='word_1_193' title='bbox 2650 1429 2842 1499; x_wconf 67' lang='lat' dir='ltr'>gloriae</span> <span class='ocrx_word' id='word_1_194' title='bbox 2863 1429 3064 1484; x_wconf 84' lang='lat' dir='ltr'>throno</span> <span class='ocrx_word' id='word_1_195' title='bbox 3085 1429 3382 1483; x_wconf 84' lang='lat' dir='ltr'>collocavit.</span> <span class='ocrx_word' id='word_1_196' title='bbox 3413 1429 3659 1493; x_wconf 87' lang='lat' dir='ltr'>Quidnam</span> 
     </span>
    </p>
   </div>
   <div class='ocr_carea' id='block_1_29' title="bbox 2113 1499 3660 1592">
    <p class='ocr_par' dir='ltr' id='par_1_29' title="bbox 2113 1499 3660 1592">
     <span class='ocr_line' id='line_1_29' title="bbox 2113 1499 3660 1592; baseline 0 -20"><span class='ocrx_word' id='word_1_197' title='bbox 2113 1499 2286 1592; x_wconf 84' lang='lat' dir='ltr'>igitur</span> <span class='ocrx_word' id='word_1_198' title='bbox 2331 1518 2462 1574; x_wconf 89' lang='lat' dir='ltr'>hinc</span> <span class='ocrx_word' id='word_1_199' title='bbox 2507 1519 2622 1576; x_wconf 91' lang='lat' dir='ltr'>Deo</span> <span class='ocrx_word' id='word_1_200' title='bbox 2662 1519 2844 1573; x_wconf 84' lang='lat' dir='ltr'>Verbo</span> <span class='ocrx_word' id='word_1_201' title='bbox 2884 1517 3207 1573; x_wconf 91' lang='lat' dir='ltr'>detrimenti</span> <span class='ocrx_word' id='word_1_202' title='bbox 3244 1519 3530 1572; x_wconf 86' lang='lat' dir='ltr'>conﬂatum</span> <span class='ocrx_word' id='word_1_203' title='bbox 3571 1525 3660 1583; x_wconf 85' lang='lat' dir='ltr'>est,</span> 
     </span>
    </p>
   </div>
   <div class='ocr_carea' id='block_1_30' title="bbox 2114 1604 3664 1679">
    <p class='ocr_par' dir='ltr' id='par_1_30' title="bbox 2114 1604 3664 1679">
     <span class='ocr_line' id='line_1_30' title="bbox 2114 1604 3664 1679; baseline -0.003 -17"><span class='ocrx_word' id='word_1_204' title='bbox 2114 1607 2261 1679; x_wconf 90' lang='lat' dir='ltr'>quod</span> <span class='ocrx_word' id='word_1_205' title='bbox 2289 1613 2351 1661; x_wconf 89' lang='lat' dir='ltr'>tu</span> <span class='ocrx_word' id='word_1_206' title='bbox 2390 1623 2518 1661; x_wconf 92' lang='lat' dir='ltr'>eum</span> <span class='ocrx_word' id='word_1_207' title='bbox 2549 1605 2859 1660; x_wconf 87' lang='lat' dir='ltr'>maledictis</span> <span class='ocrx_word' id='word_1_208' title='bbox 2898 1611 3068 1676; x_wconf 89' lang='lat' dir='ltr'>atque</span> <span class='ocrx_word' id='word_1_209' title='bbox 3094 1604 3437 1660; x_wconf 76' lang='lat' dir='ltr'>contumeliis</span> <span class='ocrx_word' id='word_1_210' title='bbox 3473 1605 3664 1676; x_wconf 87' lang='lat' dir='ltr'>insequi</span> 
     </span>
    </p>
   </div>
   <div class='ocr_carea' id='block_1_31' title="bbox 2113 1693 3661 1766">
    <p class='ocr_par' dir='ltr' id='par_1_31' title="bbox 2113 1693 3661 1766">
     <span class='ocr_line' id='line_1_31' title="bbox 2113 1693 3661 1766; baseline -0.003 -15"><span class='ocrx_word' id='word_1_211' title='bbox 2113 1713 2226 1762; x_wconf 85' lang='lat' dir='ltr'>non</span> <span class='ocrx_word' id='word_1_212' title='bbox 2263 1695 2574 1757; x_wconf 85' lang='lat' dir='ltr'>erubescis?</span> <span class='ocrx_word' id='word_1_213' title='bbox 2603 1695 2824 1762; x_wconf 84' lang='lat' dir='ltr'>Utrum,</span> <span class='ocrx_word' id='word_1_214' title='bbox 2859 1711 3069 1766; x_wconf 73' lang='lat' dir='ltr'>quaeso,</span> <span class='ocrx_word' id='word_1_215' title='bbox 3104 1711 3170 1748; x_wconf 85' lang='lat' dir='ltr'>ex</span> <span class='ocrx_word' id='word_1_216' title='bbox 3198 1694 3282 1756; x_wconf 84' lang='lat' dir='ltr'>his</span> <span class='ocrx_word' id='word_1_217' title='bbox 3312 1693 3514 1747; x_wconf 90' lang='lat' dir='ltr'>duobus</span> <span class='ocrx_word' id='word_1_218' title='bbox 3541 1711 3661 1765; x_wconf 64' lang='lat' dir='ltr'>prae-</span> 
     </span>
    </p>
   </div>
   <div class='ocr_carea' id='block_1_32' title="bbox 441 1755 3667 1856">
    <p class='ocr_par' dir='ltr' id='par_1_32' title="bbox 441 1755 3667 1856">
     <span class='ocr_line' id='line_1_32' title="bbox 441 1755 3667 1856; baseline 0.009 -48"><span class='ocrx_word' id='word_1_219' title='bbox 441 1755 746 1856; x_wconf 64' lang='lat' dir='ltr'>Christum,</span> <span class='ocrx_word' id='word_1_220' title='bbox 779 1781 936 1856; x_wconf 84' lang='lat' dir='ltr'>spem</span> <span class='ocrx_word' id='word_1_221' title='bbox 972 1777 1240 1839; x_wconf 89' lang='lat' dir='ltr'>nostram,</span> <span class='ocrx_word' id='word_1_222' title='bbox 1267 1793 1367 1848; x_wconf 89' lang='lat' dir='ltr'>per</span> <span class='ocrx_word' id='word_1_223' title='bbox 1382 1796 1549 1849; x_wconf 90' lang='lat' dir='ltr'>quem</span> <span class='ocrx_word' id='word_1_224' title='bbox 1570 1784 1736 1839; x_wconf 90' lang='lat' dir='ltr'>etiam</span> <span class='ocrx_word' id='word_1_225' title='bbox 1761 1787 1833 1841; x_wconf 88' lang='lat' dir='ltr'>ad</span> <span class='ocrx_word' id='word_1_226' title='bbox 1861 1788 2029 1842; x_wconf 87' lang='lat' dir='ltr'>lumi-</span> <span class='ocrx_word' id='word_1_227' title='bbox 2055 1760 2356 1841; x_wconf 86' lang='lat' dir='ltr'>Bstantius</span> <span class='ocrx_word' id='word_1_228' title='bbox 2378 1755 2480 1840; x_wconf 74' lang='lat' dir='ltr'>eSt.</span> <span class='ocrx_word' id='word_1_229' title='bbox 2499 1802 2701 1856; x_wconf 89' lang='lat' dir='ltr'>nempe</span> <span class='ocrx_word' id='word_1_230' title='bbox 2719 1755 2836 1840; x_wconf 73' lang='lat' dir='ltr'>haec</span> <span class='ocrx_word' id='word_1_231' title='bbox 2856 1755 3132 1852; x_wconf 66' lang='lat' dir='ltr'>conﬁteri,</span> <span class='ocrx_word' id='word_1_232' title='bbox 3146 1789 3312 1854; x_wconf 87' lang='lat' dir='ltr'>atque</span> <span class='ocrx_word' id='word_1_233' title='bbox 3328 1783 3468 1837; x_wconf 91' lang='lat' dir='ltr'>hunc</span> <span class='ocrx_word' id='word_1_234' title='bbox 3486 1755 3667 1836; x_wconf 70' lang='lat' dir='ltr'>bonum</span> 
     </span>
    </p>
   </div>
   <div class='ocr_carea' id='block_1_33' title="bbox 440 1848 2029 1944">
    <p class='ocr_par' dir='ltr' id='par_1_33' title="bbox 440 1848 2029 1944">
     <span class='ocr_line' id='line_1_33' title="bbox 440 1848 2029 1944; baseline 0.023 -47"><span class='ocrx_word' id='word_1_235' title='bbox 440 1860 575 1900; x_wconf 91' lang='lat' dir='ltr'>num</span> <span class='ocrx_word' id='word_1_236' title='bbox 595 1848 820 1908; x_wconf 89' lang='lat' dir='ltr'>Patrem</span> <span class='ocrx_word' id='word_1_237' title='bbox 850 1855 908 1911; x_wconf 90' lang='lat' dir='ltr'>in</span> <span class='ocrx_word' id='word_1_238' title='bbox 939 1858 1149 1930; x_wconf 88' lang='lat' dir='ltr'>Spiritu</span> <span class='ocrx_word' id='word_1_239' title='bbox 1181 1872 1374 1922; x_wconf 86' lang='lat' dir='ltr'>sancto</span> <span class='ocrx_word' id='word_1_240' title='bbox 1393 1885 1677 1930; x_wconf 88' lang='lat' dir='ltr'>accessum</span> <span class='ocrx_word' id='word_1_241' title='bbox 1711 1875 2029 1944; x_wconf 82' lang='lat' dir='ltr'>habuimus,</span> 
     </span>
    </p>
   </div>
   <div class='ocr_carea' id='block_1_34' title="bbox 439 1943 2033 2042">
    <p class='ocr_par' dir='ltr' id='par_1_34' title="bbox 439 1943 2033 2042">
     <span class='ocr_line' id='line_1_34' title="bbox 439 1943 2033 2042; baseline 0.023 -55"><span class='ocrx_word' id='word_1_242' title='bbox 439 1951 541 2042; x_wconf 76' lang='lat' dir='ltr'>per</span> <span class='ocrx_word' id='word_1_243' title='bbox 564 1954 733 2042; x_wconf 74' lang='lat' dir='ltr'>quem</span> <span class='ocrx_word' id='word_1_244' title='bbox 768 1943 838 1998; x_wconf 90' lang='lat' dir='ltr'>ab</span> <span class='ocrx_word' id='word_1_245' title='bbox 868 1948 1069 2003; x_wconf 89' lang='lat' dir='ltr'>acerba</span> <span class='ocrx_word' id='word_1_246' title='bbox 1097 1954 1374 2010; x_wconf 86' lang='lat' dir='ltr'>servitute.</span> <span class='ocrx_word' id='word_1_247' title='bbox 1391 1957 1452 2012; x_wconf 92' lang='lat' dir='ltr'>in</span> <span class='ocrx_word' id='word_1_248' title='bbox 1480 1959 1655 2032; x_wconf 90' lang='lat' dir='ltr'>ipsius</span> <span class='ocrx_word' id='word_1_249' title='bbox 1676 1966 1950 2036; x_wconf 82' lang='lat' dir='ltr'>sanguine</span> <span class='ocrx_word' id='word_1_250' title='bbox 1970 1943 2033 2021; x_wconf 32' lang='lat' dir='ltr'>li;-</span> 
     </span>
    </p>
   </div>
   <div class='ocr_carea' id='block_1_35' title="bbox 439 2022 2031 2127">
    <p class='ocr_par' dir='ltr' id='par_1_35' title="bbox 439 2022 2031 2127">
     <span class='ocr_line' id='line_1_35' title="bbox 439 2022 2031 2127; baseline 0.021 -49"><span class='ocrx_word' id='word_1_251' title='bbox 439 2022 618 2127; x_wconf 75' lang='lat' dir='ltr'>berati</span> <span class='ocrx_word' id='word_1_252' title='bbox 645 2046 839 2127; x_wconf 78' lang='lat' dir='ltr'>sumus</span> <span class='ocrx_word' id='word_1_253' title='bbox 861 2037 1167 2112; x_wconf 63' lang='lat' dir='ltr'>(Ep/163.11).</span> <span class='ocrx_word' id='word_1_254' title='bbox 1193 2042 1316 2098; x_wconf 85' lang='lat' dir='ltr'>Nisi</span> <span class='ocrx_word' id='word_1_255' title='bbox 1337 2047 1483 2102; x_wconf 91' lang='lat' dir='ltr'>enim</span> <span class='ocrx_word' id='word_1_256' title='bbox 1503 2022 1624 2120; x_wconf 80' lang='lat' dir='ltr'>ipse</span> <span class='ocrx_word' id='word_1_257' title='bbox 1655 2022 1824 2108; x_wconf 67' lang='lat' dir='ltr'>etiam</span> <span class='ocrx_word' id='word_1_258' title='bbox 1853 2037 2031 2127; x_wconf 86' lang='lat' dir='ltr'>usque</span> 
     </span>
    </p>
   </div>
   <div class='ocr_carea' id='block_1_36' title="bbox 440 2113 2028 2213">
    <p class='ocr_par' dir='ltr' id='par_1_36' title="bbox 440 2113 2028 2213">
     <span class='ocr_line' id='line_1_36' title="bbox 440 2113 2028 2213; baseline 0.023 -47"><span class='ocrx_word' id='word_1_259' title='bbox 440 2113 511 2213; x_wconf 74' lang='lat' dir='ltr'>ad</span> <span class='ocrx_word' id='word_1_260' title='bbox 566 2120 824 2213; x_wconf 76' lang='lat' dir='ltr'>servilem</span> <span class='ocrx_word' id='word_1_261' title='bbox 873 2125 1110 2184; x_wconf 82' lang='lat' dir='ltr'>formam</span> <span class='ocrx_word' id='word_1_262' title='bbox 1159 2149 1282 2189; x_wconf 91' lang='lat' dir='ltr'>sese</span> <span class='ocrx_word' id='word_1_263' title='bbox 1331 2113 1627 2208; x_wconf 71' lang='lat' dir='ltr'>abjecisset</span> <span class='ocrx_word' id='word_1_264' title='bbox 1676 2143 1905 2213; x_wconf 70' lang='lat' dir='ltr'>(Philip.</span> <span class='ocrx_word' id='word_1_265' title='bbox 1938 2113 2028 2212; x_wconf 43' lang='grc' dir='ltr'>λι),</span> 
     </span>
    </p>
   </div>
   <div class='ocr_carea' id='block_1_37' title="bbox 438 2203 2034 2298">
    <p class='ocr_par' dir='ltr' id='par_1_37' title="bbox 438 2203 2034 2298">
     <span class='ocr_line' id='line_1_37' title="bbox 438 2203 2034 2298; baseline 0.021 -43"><span class='ocrx_word' id='word_1_266' title='bbox 438 2203 874 2281; x_wconf 89' lang='lat' dir='ltr'>haudquaquam</span> <span class='ocrx_word' id='word_1_267' title='bbox 896 2215 949 2269; x_wconf 90' lang='lat' dir='ltr'>id</span> <span class='ocrx_word' id='word_1_268' title='bbox 973 2223 1255 2277; x_wconf 89' lang='lat' dir='ltr'>consecuti</span> <span class='ocrx_word' id='word_1_269' title='bbox 1282 2241 1550 2294; x_wconf 85' lang='lat' dir='ltr'>essemus,</span> <span class='ocrx_word' id='word_1_270' title='bbox 1581 2236 1647 2298; x_wconf 84' lang='lat' dir='ltr'>ut</span> <span class='ocrx_word' id='word_1_271' title='bbox 1673 2203 1732 2288; x_wconf 76' lang='lat' dir='ltr'>in</span> <span class='ocrx_word' id='word_1_272' title='bbox 1762 2203 1907 2288; x_wconf 78' lang='lat' dir='ltr'>ﬁlios</span> <span class='ocrx_word' id='word_1_273' title='bbox 1937 2233 2034 2288; x_wconf 83' lang='lat' dir='ltr'>ad-</span> 
     </span>
    </p>
   </div>
   <div class='ocr_carea' id='block_1_38' title="bbox 441 2300 2031 2392">
    <p class='ocr_par' dir='ltr' id='par_1_38' title="bbox 441 2300 2031 2392">
     <span class='ocr_line' id='line_1_38' title="bbox 441 2300 2031 2392; baseline 0.02 -45"><span class='ocrx_word' id='word_1_274' title='bbox 441 2300 786 2392; x_wconf 63' lang='lat' dir='ltr'>qptaremur.</span> <span class='ocrx_word' id='word_1_275' title='bbox 813 2302 1030 2377; x_wconf 88' lang='lat' dir='ltr'>Quippe</span> <span class='ocrx_word' id='word_1_276' title='bbox 1051 2317 1246 2367; x_wconf 89' lang='lat' dir='ltr'>nostra</span> <span class='ocrx_word' id='word_1_277' title='bbox 1267 2330 1434 2371; x_wconf 90' lang='lat' dir='ltr'>causa</span> <span class='ocrx_word' id='word_1_278' title='bbox 1459 2335 1519 2373; x_wconf 91' lang='lat' dir='ltr'>se</span> <span class='ocrx_word' id='word_1_279' title='bbox 1549 2319 1670 2390; x_wconf 87' lang='lat' dir='ltr'>ipse</span> <span class='ocrx_word' id='word_1_280' title='bbox 1687 2321 1909 2392; x_wconf 88' lang='lat' dir='ltr'>abjecit,</span> <span class='ocrx_word' id='word_1_281' title='bbox 1928 2341 2031 2377; x_wconf 89' lang='lat' dir='ltr'>nec</span> 
     </span>
    </p>
   </div>
   <div class='ocr_carea' id='block_1_39' title="bbox 437 2381 2033 2484">
    <p class='ocr_par' dir='ltr' id='par_1_39' title="bbox 437 2381 2033 2484">
     <span class='ocr_line' id='line_1_39' title="bbox 437 2381 2033 2484; baseline 0.021 -48"><span class='ocrx_word' id='word_1_282' title='bbox 437 2381 717 2484; x_wconf 76' lang='lat' dir='ltr'>Deitatem</span> <span class='ocrx_word' id='word_1_283' title='bbox 742 2393 996 2484; x_wconf 88' lang='lat' dir='ltr'>rapinam</span> <span class='ocrx_word' id='word_1_284' title='bbox 1022 2398 1326 2458; x_wconf 84' lang='lat' dir='ltr'>arbitratus</span> <span class='ocrx_word' id='word_1_285' title='bbox 1347 2411 1448 2471; x_wconf 84' lang='lat' dir='ltr'>est,</span> <span class='ocrx_word' id='word_1_286' title='bbox 1483 2381 1589 2463; x_wconf 50' lang='lat' dir='ltr'>sed.</span> <span class='ocrx_word' id='word_1_287' title='bbox 1607 2381 2033 2484; x_wconf 40' lang='lat' dir='ltr'>quodverat&#39;per-</span> 
     </span>
    </p>
   </div>
   <div class='ocr_carea' id='block_1_40' title="bbox 435 2475 2031 2566">
    <p class='ocr_par' dir='ltr' id='par_1_40' title="bbox 435 2475 2031 2566">
     <span class='ocr_line' id='line_1_40' title="bbox 435 2475 2031 2566; baseline 0.02 -40"><span class='ocrx_word' id='word_1_288' title='bbox 435 2475 661 2540; x_wconf 88' lang='lat' dir='ltr'>mansit,</span> <span class='ocrx_word' id='word_1_289' title='bbox 687 2485 744 2533; x_wconf 91' lang='lat' dir='ltr'>et</span> <span class='ocrx_word' id='word_1_290' title='bbox 762 2483 906 2551; x_wconf 90' lang='lat' dir='ltr'>quod</span> <span class='ocrx_word' id='word_1_291' title='bbox 935 2501 1045 2542; x_wconf 91' lang='lat' dir='ltr'>non</span> <span class='ocrx_word' id='word_1_292' title='bbox 1071 2496 1193 2544; x_wconf 90' lang='lat' dir='ltr'>erat</span> <span class='ocrx_word' id='word_1_293' title='bbox 1208 2496 1530 2566; x_wconf 89' lang='lat' dir='ltr'>assumpsit.</span> <span class='ocrx_word' id='word_1_294' title='bbox 1556 2475 2031 2556; x_wconf 63' lang='lat' dir='ltr'>Consuetudinem</span> 
     </span>
    </p>
   </div>
   <div class='ocr_carea' id='block_1_41' title="bbox 437 2566 2030 2655">
    <p class='ocr_par' dir='ltr' id='par_1_41' title="bbox 437 2566 2030 2655">
     <span class='ocr_line' id='line_1_41' title="bbox 437 2566 2030 2655; baseline 0.018 -39"><span class='ocrx_word' id='word_1_295' title='bbox 437 2578 562 2624; x_wconf 86' lang='lat' dir='ltr'>cum</span> <span class='ocrx_word' id='word_1_296' title='bbox 592 2566 912 2626; x_wconf 88' lang='lat' dir='ltr'>hominibus</span> <span class='ocrx_word' id='word_1_297' title='bbox 948 2575 1146 2632; x_wconf 89' lang='lat' dir='ltr'>habuit</span> <span class='ocrx_word' id='word_1_298' title='bbox 1174 2582 1429 2640; x_wconf 87' lang='lat' dir='ltr'>(Baruch.</span> <span class='ocrx_word' id='word_1_299' title='bbox 1456 2590 1562 2655; x_wconf 86' lang='lat' dir='ltr'>Ill),</span> <span class='ocrx_word' id='word_1_300' title='bbox 1602 2604 1770 2645; x_wconf 88' lang='lat' dir='ltr'>carne</span> <span class='ocrx_word' id='word_1_301' title='bbox 1821 2607 1923 2645; x_wconf 89' lang='lat' dir='ltr'>sua</span> <span class='ocrx_word' id='word_1_302' title='bbox 1970 2591 2030 2646; x_wconf 90' lang='lat' dir='ltr'>in</span> 
     </span>
    </p>
   </div>
   <div class='ocr_carea' id='block_1_42' title="bbox 436 2662 2028 2744">
    <p class='ocr_par' dir='ltr' id='par_1_42' title="bbox 436 2662 2028 2744">
     <span class='ocr_line' id='line_1_42' title="bbox 436 2662 2028 2744; baseline 0.018 -39"><span class='ocrx_word' id='word_1_303' title='bbox 436 2667 657 2744; x_wconf 80' lang='lat' dir='ltr'>crucem</span> <span class='ocrx_word' id='word_1_304' title='bbox 687 2662 958 2729; x_wconf 89' lang='lat' dir='ltr'>ascendit,</span> <span class='ocrx_word' id='word_1_305' title='bbox 977 2666 1164 2723; x_wconf 90' lang='lat' dir='ltr'>triduo</span> <span class='ocrx_word' id='word_1_306' title='bbox 1179 2669 1237 2724; x_wconf 93' lang='lat' dir='ltr'>in</span> <span class='ocrx_word' id='word_1_307' title='bbox 1265 2674 1520 2744; x_wconf 91' lang='lat' dir='ltr'>sepulcro</span> <span class='ocrx_word' id='word_1_308' title='bbox 1551 2677 1806 2734; x_wconf 86' lang='lat' dir='ltr'>conditus</span> <span class='ocrx_word' id='word_1_309' title='bbox 1835 2684 1936 2743; x_wconf 89' lang='lat' dir='ltr'>est,</span> <span class='ocrx_word' id='word_1_310' title='bbox 1959 2679 2028 2734; x_wconf 90' lang='lat' dir='ltr'>ad</span> 
     </span>
    </p>
   </div>
   <div class='ocr_carea' id='block_1_43' title="bbox 434 2739 2031 2836">
    <p class='ocr_par' dir='ltr' id='par_1_43' title="bbox 434 2739 2031 2836">
     <span class='ocr_line' id='line_1_43' title="bbox 434 2739 2031 2836; baseline 0.018 -40"><span class='ocrx_word' id='word_1_311' title='bbox 434 2739 644 2836; x_wconf 73' lang='lat' dir='ltr'>inferos</span> <span class='ocrx_word' id='word_1_312' title='bbox 667 2747 974 2836; x_wconf 86' lang='lat' dir='ltr'>descendit,</span> <span class='ocrx_word' id='word_1_313' title='bbox 1000 2755 1130 2810; x_wconf 92' lang='lat' dir='ltr'>inde</span> <span class='ocrx_word' id='word_1_314' title='bbox 1151 2775 1245 2813; x_wconf 91' lang='lat' dir='ltr'>eos</span> <span class='ocrx_word' id='word_1_315' title='bbox 1257 2739 1394 2832; x_wconf 78' lang='lat' dir='ltr'>quos</span> <span class='ocrx_word' id='word_1_316' title='bbox 1413 2763 1514 2819; x_wconf 90' lang='lat' dir='ltr'>sub</span> <span class='ocrx_word' id='word_1_317' title='bbox 1534 2773 1758 2836; x_wconf 86' lang='lat' dir='ltr'>peccato</span> <span class='ocrx_word' id='word_1_318' title='bbox 1778 2739 2031 2826; x_wconf 86' lang='lat' dir='ltr'>venditos</span> 
     </span>
    </p>
   </div>
   <div class='ocr_carea' id='block_1_44' title="bbox 437 2830 2026 2920">
    <p class='ocr_par' dir='ltr' id='par_1_44' title="bbox 437 2830 2026 2920">
     <span class='ocr_line' id='line_1_44' title="bbox 437 2830 2026 2920; baseline 0.016 -35"><span class='ocrx_word' id='word_1_319' title='bbox 437 2830 749 2892; x_wconf 86' lang='lat' dir='ltr'>horrendus</span> <span class='ocrx_word' id='word_1_320' title='bbox 786 2842 981 2898; x_wconf 89' lang='lat' dir='ltr'>mundi</span> <span class='ocrx_word' id='word_1_321' title='bbox 1009 2846 1266 2919; x_wconf 87' lang='lat' dir='ltr'>princeps</span> <span class='ocrx_word' id='word_1_322' title='bbox 1295 2851 1508 2907; x_wconf 89' lang='lat' dir='ltr'>vinctos</span> <span class='ocrx_word' id='word_1_323' title='bbox 1527 2854 1774 2920; x_wconf 89' lang='lat' dir='ltr'>tenebat,</span> <span class='ocrx_word' id='word_1_324' title='bbox 1818 2858 2026 2914; x_wconf 88' lang='lat' dir='ltr'>eduxit.</span> 
     </span>
    </p>
   </div>
   <div class='ocr_carea' id='block_1_45' title="bbox 439 2920 2029 3022">
    <p class='ocr_par' dir='ltr' id='par_1_45' title="bbox 439 2920 2029 3022">
     <span class='ocr_line' id='line_1_45' title="bbox 439 2920 2029 3022; baseline 0.018 -48"><span class='ocrx_word' id='word_1_325' title='bbox 439 2920 718 3020; x_wconf 76' lang='lat' dir='ltr'>Quidnam</span> <span class='ocrx_word' id='word_1_326' title='bbox 751 2927 924 3022; x_wconf 75' lang='lat' dir='ltr'>igitur</span> <span class='ocrx_word' id='word_1_327' title='bbox 951 2932 1082 2988; x_wconf 90' lang='lat' dir='ltr'>hinc</span> <span class='ocrx_word' id='word_1_328' title='bbox 1117 2935 1440 3020; x_wconf 85' lang='lat' dir='ltr'>detrimenti</span> <span class='ocrx_word' id='word_1_329' title='bbox 1470 2943 1619 3010; x_wconf 89' lang='lat' dir='ltr'>tulit,</span> <span class='ocrx_word' id='word_1_330' title='bbox 1653 2945 1800 3016; x_wconf 89' lang='lat' dir='ltr'>quod</span> <span class='ocrx_word' id='word_1_331' title='bbox 1830 2963 1894 3022; x_wconf 85' lang='lat' dir='ltr'>eo</span> <span class='ocrx_word' id='word_1_332' title='bbox 1926 2964 2029 3001; x_wconf 92' lang='lat' dir='ltr'>no-</span> 
     </span>
    </p>
   </div>
   <div class='ocr_carea' id='block_1_46' title="bbox 437 3010 2032 3107">
    <p class='ocr_par' dir='ltr' id='par_1_46' title="bbox 437 3010 2032 3107">
     <span class='ocr_line' id='line_1_46' title="bbox 437 3010 2032 3107; baseline 0.018 -43"><span class='ocrx_word' id='word_1_333' title='bbox 437 3010 589 3107; x_wconf 74' lang='lat' dir='ltr'>mine</span> <span class='ocrx_word' id='word_1_334' title='bbox 606 3030 734 3107; x_wconf 82' lang='lat' dir='ltr'>eum</span> <span class='ocrx_word' id='word_1_335' title='bbox 751 3018 960 3107; x_wconf 80' lang='lat' dir='ltr'>cavillis</span> <span class='ocrx_word' id='word_1_336' title='bbox 984 3016 1248 3081; x_wconf 84' lang='lat' dir='ltr'>insectari</span> <span class='ocrx_word' id='word_1_337' title='bbox 1269 3028 1498 3084; x_wconf 84' lang='lat' dir='ltr'>videris?</span> <span class='ocrx_word' id='word_1_338' title='bbox 1521 3033 1606 3087; x_wconf 83' lang='lat' dir='ltr'>An</span> <span class='ocrx_word' id='word_1_339' title='bbox 1629 3010 1739 3088; x_wconf 76' lang='lat' dir='ltr'>non</span> <span class='ocrx_word' id='word_1_340' title='bbox 1761 3019 2032 3107; x_wconf 87' lang='lat' dir='ltr'>perspicis</span> 
     </span>
    </p>
   </div>
   <div class='ocr_carea' id='block_1_47' title="bbox 2114 1871 3667 1947">
    <p class='ocr_par' dir='ltr' id='par_1_47' title="bbox 2114 1871 3667 1947">
     <span class='ocr_line' id='line_1_47' title="bbox 2114 1871 3667 1947; baseline -0.003 -18"><span class='ocrx_word' id='word_1_341' title='bbox 2114 1876 2518 1947; x_wconf 84' lang='lat' dir='ltr'>hominumque</span> <span class='ocrx_word' id='word_1_342' title='bbox 2538 1880 2821 1930; x_wconf 89' lang='lat' dir='ltr'>amantem</span> <span class='ocrx_word' id='word_1_343' title='bbox 2837 1875 3015 1929; x_wconf 91' lang='lat' dir='ltr'>Deum</span> <span class='ocrx_word' id='word_1_344' title='bbox 3034 1873 3283 1928; x_wconf 87' lang='lat' dir='ltr'>venerari</span> <span class='ocrx_word' id='word_1_345' title='bbox 3300 1873 3409 1944; x_wconf 87' lang='lat' dir='ltr'>(qui</span> <span class='ocrx_word' id='word_1_346' title='bbox 3419 1871 3667 1940; x_wconf 86' lang='lat' dir='ltr'>justitiam</span> 
     </span>
    </p>
   </div>
   <div class='ocr_carea' id='block_1_48' title="bbox 2115 1948 3674 2035">
    <p class='ocr_par' dir='ltr' id='par_1_48' title="bbox 2115 1948 3674 2035">
     <span class='ocr_line' id='line_1_48' title="bbox 2115 1948 3674 2035; baseline -0.004 -16"><span class='ocrx_word' id='word_1_347' title='bbox 2115 1948 2363 2032; x_wconf 80' lang='lat' dir='ltr'>mandat,</span> <span class='ocrx_word' id='word_1_348' title='bbox 2396 1966 2796 2022; x_wconf 86' lang='lat' dir='ltr'>continentiam</span> <span class='ocrx_word' id='word_1_349' title='bbox 2827 1963 3097 2035; x_wconf 77' lang='lat' dir='ltr'>praecipit,</span> <span class='ocrx_word' id='word_1_350' title='bbox 3130 1961 3428 2034; x_wconf 88' lang='lat' dir='ltr'>puritatem</span> <span class='ocrx_word' id='word_1_351' title='bbox 3455 1959 3674 2032; x_wconf 69' lang='lat' dir='ltr'>praescri-</span> 
     </span>
    </p>
   </div>
   <div class='ocr_carea' id='block_1_49' title="bbox 2113 2050 3668 2146">
    <p class='ocr_par' dir='ltr' id='par_1_49' title="bbox 2113 2050 3668 2140">
     <span class='ocr_line' id='line_1_49' title="bbox 2113 2050 3668 2140; baseline -0.005 -31"><span class='ocrx_word' id='word_1_352' title='bbox 2113 2055 2209 2122; x_wconf 86' lang='lat' dir='ltr'>bit,</span> <span class='ocrx_word' id='word_1_353' title='bbox 2236 2058 2306 2112; x_wconf 90' lang='lat' dir='ltr'>ad</span> <span class='ocrx_word' id='word_1_354' title='bbox 2337 2055 2780 2140; x_wconf 80' lang='lat' dir='ltr'>misericordiam</span> <span class='ocrx_word' id='word_1_355' title='bbox 2809 2069 3152 2125; x_wconf 90' lang='lat' dir='ltr'>propensum</span> <span class='ocrx_word' id='word_1_356' title='bbox 3182 2068 3302 2122; x_wconf 87' lang='lat' dir='ltr'>esse</span> <span class='ocrx_word' id='word_1_357' title='bbox 3332 2051 3502 2116; x_wconf 88' lang='lat' dir='ltr'>docet,</span> <span class='ocrx_word' id='word_1_358' title='bbox 3525 2050 3668 2102; x_wconf 84' lang='lat' dir='ltr'>ﬁdem</span> 
     </span>
    </p>
   </div>
   <div class='ocr_carea' id='block_1_50' title="bbox 2113 2127 3676 2235">
    <p class='ocr_par' dir='ltr' id='par_1_50' title="bbox 2113 2127 3676 2235">
     <span class='ocr_line' id='line_1_50' title="bbox 2113 2127 3676 2235; baseline -0.009 -33"><span class='ocrx_word' id='word_1_359' title='bbox 2113 2146 2544 2218; x_wconf 62' lang='lat' dir='ltr'>praebet,pacem</span> <span class='ocrx_word' id='word_1_360' title='bbox 2568 2127 2851 2224; x_wconf 64' lang='lat' dir='ltr'>praedicat,</span> <span class='ocrx_word' id='word_1_361' title='bbox 2879 2143 3120 2216; x_wconf 90' lang='lat' dir='ltr'>ipsamet</span> <span class='ocrx_word' id='word_1_362' title='bbox 3150 2141 3352 2202; x_wconf 85' lang='lat' dir='ltr'>veritas</span> <span class='ocrx_word' id='word_1_363' title='bbox 3382 2144 3436 2192; x_wconf 90' lang='lat' dir='ltr'>et</span> <span class='ocrx_word' id='word_1_364' title='bbox 3451 2136 3676 2235; x_wconf 78' lang='lat' dir='ltr'>nomina-</span> 
     </span>
    </p>
   </div>
   <div class='ocr_carea' id='block_1_51' title="bbox 2113 2233 3670 2306">
    <p class='ocr_par' dir='ltr' id='par_1_51' title="bbox 2113 2233 3670 2306">
     <span class='ocr_line' id='line_1_51' title="bbox 2113 2233 3670 2306; baseline -0.01 -14"><span class='ocrx_word' id='word_1_365' title='bbox 2113 2243 2207 2292; x_wconf 86' lang='lat' dir='ltr'>tur</span> <span class='ocrx_word' id='word_1_366' title='bbox 2227 2243 2285 2292; x_wconf 91' lang='lat' dir='ltr'>et</span> <span class='ocrx_word' id='word_1_367' title='bbox 2301 2241 2404 2302; x_wconf 88' lang='lat' dir='ltr'>est,</span> <span class='ocrx_word' id='word_1_368' title='bbox 2430 2235 2671 2306; x_wconf 87' lang='lat' dir='ltr'>ipsamet</span> <span class='ocrx_word' id='word_1_369' title='bbox 2689 2233 2975 2302; x_wconf 81' lang='lat' dir='ltr'>Charitas),</span> <span class='ocrx_word' id='word_1_370' title='bbox 2995 2234 3145 2296; x_wconf 89' lang='lat' dir='ltr'>hunc</span> <span class='ocrx_word' id='word_1_371' title='bbox 3161 2233 3390 2302; x_wconf 88' lang='lat' dir='ltr'>inquam</span> <span class='ocrx_word' id='word_1_372' title='bbox 3420 2233 3670 2289; x_wconf 86' lang='lat' dir='ltr'>venerari;</span> 
     </span>
    </p>
   </div>
   <div class='ocr_carea' id='block_1_52' title="bbox 2113 2309 3672 2396">
    <p class='ocr_par' dir='ltr' id='par_1_52' title="bbox 2113 2309 3672 2396">
     <span class='ocr_line' id='line_1_52' title="bbox 2113 2309 3672 2396; baseline -0.008 -17"><span class='ocrx_word' id='word_1_373' title='bbox 2113 2309 2186 2381; x_wconf 86' lang='lat' dir='ltr'>an</span> <span class='ocrx_word' id='word_1_374' title='bbox 2216 2331 2411 2380; x_wconf 88' lang='lat' dir='ltr'>contra</span> <span class='ocrx_word' id='word_1_375' title='bbox 2432 2321 2716 2396; x_wconf 88' lang='lat' dir='ltr'>improbos</span> <span class='ocrx_word' id='word_1_376' title='bbox 2761 2330 2818 2378; x_wconf 90' lang='lat' dir='ltr'>et</span> <span class='ocrx_word' id='word_1_377' title='bbox 2850 2321 3106 2395; x_wconf 90' lang='lat' dir='ltr'>plurimis</span> <span class='ocrx_word' id='word_1_378' title='bbox 3138 2317 3365 2390; x_wconf 87' lang='lat' dir='ltr'>ﬂagitiis</span> <span class='ocrx_word' id='word_1_379' title='bbox 3402 2315 3672 2378; x_wconf 73' lang='lat' dir='ltr'>devinctos,</span> 
     </span>
    </p>
   </div>
   <div class='ocr_carea' id='block_1_53' title="bbox 2114 2403 3676 2499">
    <p class='ocr_par' dir='ltr' id='par_1_53' title="bbox 2114 2403 3676 2499">
     <span class='ocr_line' id='line_1_53' title="bbox 2114 2403 3676 2499; baseline -0.01 -29"><span class='ocrx_word' id='word_1_380' title='bbox 2114 2433 2178 2472; x_wconf 91' lang='lat' dir='ltr'>ac</span> <span class='ocrx_word' id='word_1_381' title='bbox 2206 2422 2324 2471; x_wconf 85' lang='lat' dir='ltr'>tam</span> <span class='ocrx_word' id='word_1_382' title='bbox 2349 2415 2512 2470; x_wconf 90' lang='lat' dir='ltr'>rebus</span> <span class='ocrx_word' id='word_1_383' title='bbox 2533 2416 2669 2488; x_wconf 89' lang='lat' dir='ltr'>ipsis</span> <span class='ocrx_word' id='word_1_384' title='bbox 2696 2431 2864 2486; x_wconf 91' lang='lat' dir='ltr'>quam</span> <span class='ocrx_word' id='word_1_385' title='bbox 2895 2410 3219 2470; x_wconf 90' lang='lat' dir='ltr'>nominibus</span> <span class='ocrx_word' id='word_1_386' title='bbox 3240 2407 3411 2461; x_wconf 90' lang='lat' dir='ltr'>foedos</span> <span class='ocrx_word' id='word_1_387' title='bbox 3440 2410 3492 2459; x_wconf 91' lang='lat' dir='ltr'>et</span> <span class='ocrx_word' id='word_1_388' title='bbox 3511 2403 3676 2499; x_wconf 81' lang='lat' dir='ltr'>obsce-</span> 
     </span>
    </p>
   </div>
   <div class='ocr_carea' id='block_1_54' title="bbox 2114 2491 3678 2569">
    <p class='ocr_par' dir='ltr' id='par_1_54' title="bbox 2114 2491 3678 2569">
     <span class='ocr_line' id='line_1_54' title="bbox 2114 2491 3678 2569; baseline -0.012 -9"><span class='ocrx_word' id='word_1_389' title='bbox 2114 2523 2216 2567; x_wconf 83' lang='lat' dir='ltr'>nos</span> <span class='ocrx_word' id='word_1_390' title='bbox 2243 2505 2377 2559; x_wconf 92' lang='lat' dir='ltr'>deos</span> <span class='ocrx_word' id='word_1_391' title='bbox 2406 2506 2571 2560; x_wconf 91' lang='lat' dir='ltr'>tuos?</span> <span class='ocrx_word' id='word_1_392' title='bbox 2593 2505 2685 2560; x_wconf 59' lang='lat' dir='ltr'>Va:</span> <span class='ocrx_word' id='word_1_393' title='bbox 2708 2503 2879 2569; x_wconf 80' lang='lat' dir='ltr'>vobis,</span> <span class='ocrx_word' id='word_1_394' title='bbox 2909 2519 2942 2555; x_wconf 91' lang='grc' dir='ltr'>ο</span> <span class='ocrx_word' id='word_1_395' title='bbox 2971 2500 3120 2555; x_wconf 87' lang='lat' dir='ltr'>saxis</span> <span class='ocrx_word' id='word_1_396' title='bbox 3148 2497 3423 2562; x_wconf 89' lang='lat' dir='ltr'>duriores,</span> <span class='ocrx_word' id='word_1_397' title='bbox 3453 2497 3508 2546; x_wconf 90' lang='lat' dir='ltr'>ct</span> <span class='ocrx_word' id='word_1_398' title='bbox 3521 2491 3678 2545; x_wconf 88' lang='lat' dir='ltr'>brutis</span> 
     </span>
    </p>
   </div>
   <div class='ocr_carea' id='block_1_55' title="bbox 2110 2581 3678 2666">
    <p class='ocr_par' dir='ltr' id='par_1_55' title="bbox 2110 2581 3678 2666">
     <span class='ocr_line' id='line_1_55' title="bbox 2110 2581 3678 2666; baseline -0.017 -10"><span class='ocrx_word' id='word_1_399' title='bbox 2110 2596 2468 2661; x_wconf 79' lang='lat' dir='ltr'>amentiores,</span> <span class='ocrx_word' id='word_1_400' title='bbox 2486 2599 2654 2666; x_wconf 90' lang='lat' dir='ltr'>atque</span> <span class='ocrx_word' id='word_1_401' title='bbox 2675 2593 2828 2648; x_wconf 85' lang='lat' dir='ltr'>exitii</span> <span class='ocrx_word' id='word_1_402' title='bbox 2843 2590 2962 2657; x_wconf 87' lang='lat' dir='ltr'>ﬁlii,</span> <span class='ocrx_word' id='word_1_403' title='bbox 2978 2607 3043 2645; x_wconf 90' lang='lat' dir='ltr'>ac</span> <span class='ocrx_word' id='word_1_404' title='bbox 3053 2588 3418 2646; x_wconf 84' lang='lat' dir='ltr'>tenebrarum</span> <span class='ocrx_word' id='word_1_405' title='bbox 3439 2581 3678 2637; x_wconf 68' lang='lat' dir='ltr'>haeredes.</span> 
     </span>
    </p>
   </div>
   <div class='ocr_carea' id='block_1_56' title="bbox 2112 2670 3726 2753">
    <p class='ocr_par' dir='ltr' id='par_1_56' title="bbox 2112 2670 3726 2753">
     <span class='ocr_line' id='line_1_56' title="bbox 2112 2670 3726 2753; baseline -0.014 -11"><span class='ocrx_word' id='word_1_406' title='bbox 2112 2687 2318 2742; x_wconf 88' lang='lat' dir='ltr'>Beatus</span> <span class='ocrx_word' id='word_1_407' title='bbox 2341 2691 2532 2740; x_wconf 87' lang='lat' dir='ltr'>autem</span> <span class='ocrx_word' id='word_1_408' title='bbox 2561 2700 2663 2753; x_wconf 88' lang='lat' dir='ltr'>ego</span> <span class='ocrx_word' id='word_1_409' title='bbox 2701 2699 2766 2737; x_wconf 85' lang='lat' dir='ltr'>ac</span> <span class='ocrx_word' id='word_1_410' title='bbox 2789 2679 3094 2736; x_wconf 88' lang='lat' dir='ltr'>Christiani</span> <span class='ocrx_word' id='word_1_411' title='bbox 3125 2693 3340 2740; x_wconf 89' lang='lat' dir='ltr'>omnes,</span> <span class='ocrx_word' id='word_1_412' title='bbox 3376 2673 3468 2744; x_wconf 88' lang='lat' dir='ltr'>qui</span> <span class='ocrx_word' id='word_1_413' title='bbox 3494 2670 3678 2724; x_wconf 88' lang='lat' dir='ltr'>bonum</span> <span class='ocrx_word' id='word_1_414' title='bbox 3717 2701 3726 2728; x_wconf 70' lang='grc' dir='ltr'><em>ς</em></span> 
     </span>
    </p>
   </div>
   <div class='ocr_carea' id='block_1_57' title="bbox 2113 2756 3685 2856">
    <p class='ocr_par' dir='ltr' id='par_1_57' title="bbox 2113 2756 3685 2856">
     <span class='ocr_line' id='line_1_57' title="bbox 2113 2756 3685 2856; baseline -0.019 -19"><span class='ocrx_word' id='word_1_415' title='bbox 2113 2791 2178 2836; x_wconf 65' lang='grc' dir='ltr'>διο</span> <span class='ocrx_word' id='word_1_416' title='bbox 2199 2774 2503 2844; x_wconf 87' lang='lat' dir='ltr'>benignum</span> <span class='ocrx_word' id='word_1_417' title='bbox 2525 2773 2700 2827; x_wconf 91' lang='lat' dir='ltr'>Deum</span> <span class='ocrx_word' id='word_1_418' title='bbox 2721 2770 3012 2826; x_wconf 90' lang='lat' dir='ltr'>habemus.</span> <span class='ocrx_word' id='word_1_419' title='bbox 3030 2769 3176 2822; x_wconf 89' lang='lat' dir='ltr'>Nam</span> <span class='ocrx_word' id='word_1_420' title='bbox 3197 2765 3292 2838; x_wconf 89' lang='lat' dir='ltr'>qui</span> <span class='ocrx_word' id='word_1_421' title='bbox 3313 2764 3363 2818; x_wconf 81' lang='lat' dir='ltr'>ei</span> <span class='ocrx_word' id='word_1_422' title='bbox 3385 2762 3584 2816; x_wconf 89' lang='lat' dir='ltr'>cultum</span> <span class='ocrx_word' id='word_1_423' title='bbox 3604 2756 3685 2856; x_wconf 79' lang='lat' dir='ltr'>ad-</span> 
     </span>
    </p>
   </div>
   <div class='ocr_carea' id='block_1_58' title="bbox 2113 2851 3682 2929">
    <p class='ocr_par' dir='ltr' id='par_1_58' title="bbox 2113 2851 3682 2929">
     <span class='ocr_line' id='line_1_58' title="bbox 2113 2851 3682 2929; baseline -0.012 -12"><span class='ocrx_word' id='word_1_424' title='bbox 2113 2863 2326 2924; x_wconf 79' lang='lat' dir='ltr'>hibent.</span> <span class='ocrx_word' id='word_1_425' title='bbox 2350 2862 2568 2918; x_wconf 88' lang='lat' dir='ltr'>etiamsi</span> <span class='ocrx_word' id='word_1_426' title='bbox 2588 2861 2659 2915; x_wconf 92' lang='lat' dir='ltr'>ad</span> <span class='ocrx_word' id='word_1_427' title='bbox 2684 2860 2849 2914; x_wconf 85' lang='lat' dir='ltr'>breve</span> <span class='ocrx_word' id='word_1_428' title='bbox 2875 2857 3101 2929; x_wconf 81' lang='lat' dir='ltr'>aliquod</span> <span class='ocrx_word' id='word_1_429' title='bbox 3129 2862 3358 2926; x_wconf 91' lang='lat' dir='ltr'>tempus</span> <span class='ocrx_word' id='word_1_430' title='bbox 3378 2853 3434 2906; x_wconf 87' lang='lat' dir='ltr'>in</span> <span class='ocrx_word' id='word_1_431' title='bbox 3464 2851 3560 2903; x_wconf 87' lang='lat' dir='ltr'>hac</span> <span class='ocrx_word' id='word_1_432' title='bbox 3584 2851 3682 2899; x_wconf 85' lang='lat' dir='ltr'>vita</span> 
     </span>
    </p>
   </div>
   <div class='ocr_carea' id='block_1_59' title="bbox 2111 2943 3682 3036">
    <p class='ocr_par' dir='ltr' id='par_1_59' title="bbox 2111 2943 3682 3012">
     <span class='ocr_line' id='line_1_59' title="bbox 2111 2943 3682 3012; baseline -0.015 0"><span class='ocrx_word' id='word_1_433' title='bbox 2111 2952 2279 3012; x_wconf 81' lang='lat' dir='ltr'>rebus</span> <span class='ocrx_word' id='word_1_434' title='bbox 2300 2951 2546 3006; x_wconf 87' lang='lat' dir='ltr'>adversis</span> <span class='ocrx_word' id='word_1_435' title='bbox 2577 2950 2988 3012; x_wconf 79' lang='lat' dir='ltr'>conflictentur,</span> <span class='ocrx_word' id='word_1_436' title='bbox 3011 2952 3073 3004; x_wconf 87' lang='lat' dir='ltr'>at</span> <span class='ocrx_word' id='word_1_437' title='bbox 3101 2943 3483 3006; x_wconf 88' lang='lat' dir='ltr'>immortalem</span> <span class='ocrx_word' id='word_1_438' title='bbox 3513 2947 3682 2992; x_wconf 82' lang='lat' dir='ltr'>tamen</span> 
     </span>
    </p>
   </div>
   <div class='ocr_carea' id='block_1_60' title="bbox 2110 3028 3685 3108">
    <p class='ocr_par' dir='ltr' id='par_1_60' title="bbox 2110 3028 3685 3108">
     <span class='ocr_line' id='line_1_60' title="bbox 2110 3028 3685 3108; baseline -0.013 -11"><span class='ocrx_word' id='word_1_439' title='bbox 2110 3042 2385 3097; x_wconf 89' lang='lat' dir='ltr'>mercedis</span> <span class='ocrx_word' id='word_1_440' title='bbox 2412 3040 2656 3095; x_wconf 86' lang='lat' dir='ltr'>fructum</span> <span class='ocrx_word' id='word_1_441' title='bbox 2686 3039 2742 3092; x_wconf 92' lang='lat' dir='ltr'>in</span> <span class='ocrx_word' id='word_1_442' title='bbox 2763 3037 3118 3108; x_wconf 71' lang='lat' dir='ltr'>sempiternae</span> <span class='ocrx_word' id='word_1_443' title='bbox 3150 3050 3218 3098; x_wconf 85' lang='lat' dir='ltr'>ac</span> <span class='ocrx_word' id='word_1_444' title='bbox 3249 3031 3447 3087; x_wconf 70' lang='lat' dir='ltr'>divinae</span> <span class='ocrx_word' id='word_1_445' title='bbox 3474 3028 3685 3082; x_wconf 87' lang='lat' dir='ltr'>beatitu-</span> 
     </span>
    </p>
   </div>
   <div class='ocr_carea' id='block_1_61' title="bbox 431 3098 2820 3208">
    <p class='ocr_par' dir='ltr' id='par_1_61' title="bbox 431 3098 2820 3208">
     <span class='ocr_line' id='line_1_61' title="bbox 431 3098 2820 3208; baseline 0.009 -49"><span class='ocrx_word' id='word_1_446' title='bbox 431 3098 660 3208; x_wconf 40' lang='lat' dir='ltr'>iltl‘quot</span> <span class='ocrx_word' id='word_1_447' title='bbox 683 3104 833 3208; x_wconf 60' lang='lat' dir='ltr'>fceda</span> <span class='ocrx_word' id='word_1_448' title='bbox 859 3114 915 3208; x_wconf 72' lang='lat' dir='ltr'>et</span> <span class='ocrx_word' id='word_1_449' title='bbox 936 3110 1324 3208; x_wconf 73' lang='lat' dir='ltr'>obscenaloca</span> <span class='ocrx_word' id='word_1_450' title='bbox 1348 3119 1534 3176; x_wconf 83' lang='lat' dir='ltr'>radios</span> <span class='ocrx_word' id='word_1_451' title='bbox 1563 3139 1696 3179; x_wconf 91' lang='lat' dir='ltr'>suos</span> <span class='ocrx_word' id='word_1_452' title='bbox 1719 3098 1802 3178; x_wconf 76' lang='lat' dir='ltr'>sol</span> <span class='ocrx_word' id='word_1_453' title='bbox 1831 3098 2029 3182; x_wconf 61' lang='lat' dir='ltr'>demit-</span> <span class='ocrx_word' id='word_1_454' title='bbox 2049 3131 2260 3208; x_wconf 81' lang='lat' dir='ltr'>Cdinis</span> <span class='ocrx_word' id='word_1_455' title='bbox 2287 3147 2461 3201; x_wconf 88' lang='lat' dir='ltr'>regno</span> <span class='ocrx_word' id='word_1_456' title='bbox 2492 3128 2820 3201; x_wconf 90' lang='lat' dir='ltr'>percipient.</span> 
     </span>
    </p>
   </div>
   <div class='ocr_carea' id='block_1_62' title="bbox 433 3193 2030 3292">
    <p class='ocr_par' dir='ltr' id='par_1_62' title="bbox 433 3193 2030 3292">
     <span class='ocr_line' id='line_1_62' title="bbox 433 3193 2030 3292; baseline 0.016 -47"><span class='ocrx_word' id='word_1_457' title='bbox 433 3193 537 3292; x_wconf 61' lang='lat' dir='ltr'>tat,</span> <span class='ocrx_word' id='word_1_458' title='bbox 593 3200 842 3292; x_wconf 39' lang='lat' dir='ltr'>quo-tque</span> <span class='ocrx_word' id='word_1_459' title='bbox 879 3198 1053 3256; x_wconf 86' lang='lat' dir='ltr'>fetida</span> <span class='ocrx_word' id='word_1_460' title='bbox 1097 3205 1370 3264; x_wconf 86' lang='lat' dir='ltr'>cadavera</span> <span class='ocrx_word' id='word_1_461' title='bbox 1403 3210 1750 3282; x_wconf 83' lang='lat' dir='ltr'>conspiciat?</span> <span class='ocrx_word' id='word_1_462' title='bbox 1777 3215 1864 3268; x_wconf 88' lang='lat' dir='ltr'>An</span> <span class='ocrx_word' id='word_1_463' title='bbox 1899 3215 2030 3292; x_wconf 89' lang='lat' dir='ltr'>hinc</span> 
     </span>
    </p>
   </div>
   <div class='ocr_carea' id='block_1_63' title="bbox 433 3278 2028 3375">
    <p class='ocr_par' dir='ltr' id='par_1_63' title="bbox 433 3278 2028 3375">
     <span class='ocr_line' id='line_1_63' title="bbox 433 3278 2028 3375; baseline 0.015 -41"><span class='ocrx_word' id='word_1_464' title='bbox 433 3278 618 3375; x_wconf 69' lang='lat' dir='ltr'>labem</span> <span class='ocrx_word' id='word_1_465' title='bbox 641 3284 890 3356; x_wconf 76' lang='lat' dir='ltr'>aliquam</span> <span class='ocrx_word' id='word_1_466' title='bbox 912 3293 1220 3350; x_wconf 85' lang='lat' dir='ltr'>contrahit?</span> <span class='ocrx_word' id='word_1_467' title='bbox 1243 3297 1332 3351; x_wconf 81' lang='lat' dir='ltr'>An</span> <span class='ocrx_word' id='word_1_468' title='bbox 1352 3315 1462 3353; x_wconf 91' lang='lat' dir='ltr'>non</span> <span class='ocrx_word' id='word_1_469' title='bbox 1483 3278 1670 3372; x_wconf 79' lang='lat' dir='ltr'>potius</span> <span class='ocrx_word' id='word_1_470' title='bbox 1693 3319 1760 3356; x_wconf 89' lang='lat' dir='ltr'>ea</span> <span class='ocrx_word' id='word_1_471' title='bbox 1772 3320 1894 3375; x_wconf 70' lang='lat' dir='ltr'>quae</span> <span class='ocrx_word' id='word_1_472' title='bbox 1913 3289 2028 3360; x_wconf 55' lang='lat' dir='ltr'>sor?</span> 
     </span>
    </p>
   </div>
   <div class='ocr_carea' id='block_1_64' title="bbox 435 3368 2027 3466">
    <p class='ocr_par' dir='ltr' id='par_1_64' title="bbox 435 3368 2027 3466">
     <span class='ocr_line' id='line_1_64' title="bbox 435 3368 2027 3466; baseline 0.016 -43"><span class='ocrx_word' id='word_1_473' title='bbox 435 3368 567 3466; x_wconf 34' lang='lat' dir='ltr'>did-a</span> <span class='ocrx_word' id='word_1_474' title='bbox 586 3389 655 3466; x_wconf 84' lang='lat' dir='ltr'>ac</span> <span class='ocrx_word' id='word_1_475' title='bbox 671 3375 869 3445; x_wconf 87' lang='lat' dir='ltr'>putida</span> <span class='ocrx_word' id='word_1_476' title='bbox 892 3386 1025 3436; x_wconf 90' lang='lat' dir='ltr'>sunt</span> <span class='ocrx_word' id='word_1_477' title='bbox 1053 3383 1293 3440; x_wconf 87' lang='lat' dir='ltr'>exsiccat</span> <span class='ocrx_word' id='word_1_478' title='bbox 1320 3368 1502 3461; x_wconf 33' lang='lat' dir='ltr'>atque.</span> <span class='ocrx_word' id='word_1_479' title='bbox 1517 3368 1870 3462; x_wconf 76' lang='lat' dir='ltr'>constringit,</span> <span class='ocrx_word' id='word_1_480' title='bbox 1902 3410 2027 3466; x_wconf 67' lang='lat' dir='ltr'>quae</span> 
     </span>
    </p>
   </div>
   <div class='ocr_carea' id='block_1_65' title="bbox 433 3459 2027 3552">
    <p class='ocr_par' dir='ltr' id='par_1_65' title="bbox 433 3459 2027 3552">
     <span class='ocr_line' id='line_1_65' title="bbox 433 3459 2027 3552; baseline 0.016 -39"><span class='ocrx_word' id='word_1_481' title='bbox 433 3459 739 3552; x_wconf 78' lang='lat' dir='ltr'>caliginosa</span> <span class='ocrx_word' id='word_1_482' title='bbox 753 3473 886 3522; x_wconf 91' lang='lat' dir='ltr'>sunt</span> <span class='ocrx_word' id='word_1_483' title='bbox 903 3468 1204 3540; x_wconf 86' lang='lat' dir='ltr'>illuminat,</span> <span class='ocrx_word' id='word_1_484' title='bbox 1221 3481 1392 3547; x_wconf 90' lang='lat' dir='ltr'>atque</span> <span class='ocrx_word' id='word_1_485' title='bbox 1403 3459 1637 3533; x_wconf 80' lang='lat' dir='ltr'>interim</span> <span class='ocrx_word' id='word_1_486' title='bbox 1658 3459 2027 3552; x_wconf 51' lang='lat' dir='ltr'>ipse—prorsus</span> 
     </span>
    </p>
   </div>
   <div class='ocr_carea' id='block_1_66' title="bbox 431 3548 2026 3646">
    <p class='ocr_par' dir='ltr' id='par_1_66' title="bbox 431 3548 2026 3646">
     <span class='ocr_line' id='line_1_66' title="bbox 431 3548 2026 3646; baseline 0.016 -45"><span class='ocrx_word' id='word_1_487' title='bbox 431 3548 727 3646; x_wconf 73' lang='lat' dir='ltr'>incolumis</span> <span class='ocrx_word' id='word_1_488' title='bbox 747 3571 810 3610; x_wconf 90' lang='lat' dir='ltr'>ac</span> <span class='ocrx_word' id='word_1_489' title='bbox 833 3556 973 3612; x_wconf 85' lang='lat' dir='ltr'>labis</span> <span class='ocrx_word' id='word_1_490' title='bbox 994 3563 1175 3616; x_wconf 91' lang='lat' dir='ltr'>omnis</span> <span class='ocrx_word' id='word_1_491' title='bbox 1189 3579 1385 3635; x_wconf 87' lang='lat' dir='ltr'>expers</span> <span class='ocrx_word' id='word_1_492' title='bbox 1405 3573 1598 3622; x_wconf 89' lang='lat' dir='ltr'>manet</span> <span class='ocrx_word' id='word_1_493' title='bbox 1614 3548 1740 3624; x_wconf 31' lang='lat' dir='ltr'>?Avn</span> <span class='ocrx_word' id='word_1_494' title='bbox 1759 3548 1870 3624; x_wconf 70' lang='lat' dir='ltr'>nbn</span> <span class='ocrx_word' id='word_1_495' title='bbox 1889 3571 2026 3626; x_wconf 90' lang='lat' dir='ltr'>item</span> 
     </span>
    </p>
   </div>
   <div class='ocr_carea' id='block_1_67' title="bbox 433 3637 2025 3729">
    <p class='ocr_par' dir='ltr' id='par_1_67' title="bbox 433 3637 2025 3729">
     <span class='ocr_line' id='line_1_67' title="bbox 433 3637 2025 3729; baseline 0.014 -37"><span class='ocrx_word' id='word_1_496' title='bbox 433 3637 582 3708; x_wconf 90' lang='lat' dir='ltr'>ignis</span> <span class='ocrx_word' id='word_1_497' title='bbox 610 3640 844 3711; x_wconf 89' lang='lat' dir='ltr'>ferrum,</span> <span class='ocrx_word' id='word_1_498' title='bbox 879 3649 1027 3718; x_wconf 91' lang='lat' dir='ltr'>quod</span> <span class='ocrx_word' id='word_1_499' title='bbox 1056 3667 1160 3704; x_wconf 87' lang='lat' dir='ltr'>sua</span> <span class='ocrx_word' id='word_1_500' title='bbox 1187 3658 1390 3708; x_wconf 83' lang='lat' dir='ltr'>natura</span> <span class='ocrx_word' id='word_1_501' title='bbox 1420 3656 1645 3726; x_wconf 89' lang='lat' dir='ltr'>nigrum</span> <span class='ocrx_word' id='word_1_502' title='bbox 1673 3674 1738 3712; x_wconf 94' lang='lat' dir='ltr'>ac</span> <span class='ocrx_word' id='word_1_503' title='bbox 1758 3643 2025 3729; x_wconf 85' lang='lat' dir='ltr'>frigidum</span> 
     </span>
    </p>
   </div>
   <div class='ocr_carea' id='block_1_68' title="bbox 431 3732 2021 3818">
    <p class='ocr_par' dir='ltr' id='par_1_68' title="bbox 431 3732 2021 3818">
     <span class='ocr_line' id='line_1_68' title="bbox 431 3732 2021 3818; baseline 0.014 -38"><span class='ocrx_word' id='word_1_504' title='bbox 431 3732 534 3790; x_wconf 87' lang='lat' dir='ltr'>est.</span> <span class='ocrx_word' id='word_1_505' title='bbox 568 3745 878 3818; x_wconf 87' lang='lat' dir='ltr'>assumens,</span> <span class='ocrx_word' id='word_1_506' title='bbox 907 3752 1136 3806; x_wconf 85' lang='lat' dir='ltr'>prorsus</span> <span class='ocrx_word' id='word_1_507' title='bbox 1152 3740 1469 3798; x_wconf 88' lang='lat' dir='ltr'>inﬂammat</span> <span class='ocrx_word' id='word_1_508' title='bbox 1496 3751 1665 3818; x_wconf 89' lang='lat' dir='ltr'>atque</span> <span class='ocrx_word' id='word_1_509' title='bbox 1693 3748 2021 3816; x_wconf 85' lang='lat' dir='ltr'>candefacit,</span> 
     </span>
    </p>
   </div>
   <div class='ocr_carea' id='block_1_69' title="bbox 431 3817 2026 3912">
    <p class='ocr_par' dir='ltr' id='par_1_69' title="bbox 431 3817 2026 3912">
     <span class='ocr_line' id='line_1_69' title="bbox 431 3817 2026 3912; baseline 0.016 -43"><span class='ocrx_word' id='word_1_510' title='bbox 431 3831 535 3912; x_wconf 69' lang='lat' dir='ltr'>nec</span> <span class='ocrx_word' id='word_1_511' title='bbox 562 3817 789 3912; x_wconf 84' lang='lat' dir='ltr'>interim</span> <span class='ocrx_word' id='word_1_512' title='bbox 810 3821 943 3886; x_wconf 82' lang='lat' dir='ltr'>ferri</span> <span class='ocrx_word' id='word_1_513' title='bbox 971 3828 1342 3898; x_wconf 90' lang='lat' dir='ltr'>proprietates</span> <span class='ocrx_word' id='word_1_514' title='bbox 1364 3833 1478 3888; x_wconf 91' lang='lat' dir='ltr'>ulla</span> <span class='ocrx_word' id='word_1_515' title='bbox 1503 3817 1750 3906; x_wconf 86' lang='lat' dir='ltr'>exparte</span> <span class='ocrx_word' id='word_1_516' title='bbox 1779 3838 2026 3912; x_wconf 84' lang='lat' dir='ltr'>recipit?</span> 
     </span>
    </p>
   </div>
   <div class='ocr_carea' id='block_1_70' title="bbox 431 3905 2028 3998">
    <p class='ocr_par' dir='ltr' id='par_1_70' title="bbox 431 3905 2028 3998">
     <span class='ocr_line' id='line_1_70' title="bbox 431 3905 2028 3998; baseline 0.018 -40"><span class='ocrx_word' id='word_1_517' title='bbox 431 3905 736 3998; x_wconf 58' lang='lat' dir='ltr'>hicnenim</span> <span class='ocrx_word' id='word_1_518' title='bbox 766 3927 831 3966; x_wconf 88' lang='lat' dir='ltr'>eo</span> <span class='ocrx_word' id='word_1_519' title='bbox 852 3914 1068 3970; x_wconf 89' lang='lat' dir='ltr'>malleis</span> <span class='ocrx_word' id='word_1_520' title='bbox 1098 3928 1328 3976; x_wconf 89' lang='lat' dir='ltr'>contuso</span> <span class='ocrx_word' id='word_1_521' title='bbox 1357 3922 1568 3994; x_wconf 90' lang='lat' dir='ltr'>aliquid</span> <span class='ocrx_word' id='word_1_522' title='bbox 1590 3905 1916 3998; x_wconf 66' lang='lat' dir='ltr'>perpetitur~</span> <span class='ocrx_word' id='word_1_523' title='bbox 1927 3934 2028 3986; x_wconf 90' lang='lat' dir='ltr'>aut</span> 
     </span>
    </p>
   </div>
   <div class='ocr_carea' id='block_1_71' title="bbox 435 3994 1334 4082">
    <p class='ocr_par' dir='ltr' id='par_1_71' title="bbox 435 3994 1334 4082">
     <span class='ocr_line' id='line_1_71' title="bbox 435 3994 1334 4082; baseline 0.019 -34"><span class='ocrx_word' id='word_1_524' title='bbox 435 3994 756 4055; x_wconf 71' lang='lat' dir='ltr'>detrimenti</span> <span class='ocrx_word' id='word_1_525' title='bbox 781 4003 1087 4076; x_wconf 87' lang='lat' dir='ltr'>quidquam</span> <span class='ocrx_word' id='word_1_526' title='bbox 1115 4009 1334 4082; x_wconf 88' lang='lat' dir='ltr'>accipit.</span> 
     </span>
    </p>
   </div>
   <div class='ocr_carea' id='block_1_72' title="bbox 505 4085 2023 4176">
    <p class='ocr_par' dir='ltr' id='par_1_72' title="bbox 505 4085 2023 4176">
     <span class='ocr_line' id='line_1_72' title="bbox 505 4085 2023 4176; baseline 0.016 -35"><span class='ocrx_word' id='word_1_527' title='bbox 505 4085 774 4152; x_wconf 82' lang='lat' dir='ltr'>Quocirca</span> <span class='ocrx_word' id='word_1_528' title='bbox 809 4093 856 4148; x_wconf 89' lang='lat' dir='ltr'>si</span> <span class='ocrx_word' id='word_1_529' title='bbox 884 4094 1001 4151; x_wconf 68' lang='lat' dir='ltr'>haec</span> <span class='ocrx_word' id='word_1_530' title='bbox 1039 4114 1162 4168; x_wconf 82' lang='lat' dir='ltr'>quae</span> <span class='ocrx_word' id='word_1_531' title='bbox 1190 4105 1380 4155; x_wconf 83' lang='lat' dir='ltr'>creata</span> <span class='ocrx_word' id='word_1_532' title='bbox 1407 4107 1556 4171; x_wconf 91' lang='lat' dir='ltr'>sunt,</span> <span class='ocrx_word' id='word_1_533' title='bbox 1590 4121 1826 4176; x_wconf 86' lang='lat' dir='ltr'>eamque</span> <span class='ocrx_word' id='word_1_534' title='bbox 1856 4113 2023 4170; x_wconf 89' lang='lat' dir='ltr'>natu-_</span> 
     </span>
    </p>
   </div>
   <div class='ocr_carea' id='block_1_73' title="bbox 430 4177 2024 4258">
    <p class='ocr_par' dir='ltr' id='par_1_73' title="bbox 430 4177 2024 4258">
     <span class='ocr_line' id='line_1_73' title="bbox 430 4177 2024 4258; baseline 0.014 -28"><span class='ocrx_word' id='word_1_535' title='bbox 430 4189 553 4240; x_wconf 82' lang='lat' dir='ltr'>ram</span> <span class='ocrx_word' id='word_1_536' title='bbox 586 4177 795 4246; x_wconf 81' lang='lat' dir='ltr'>habent</span> <span class='ocrx_word' id='word_1_537' title='bbox 822 4188 887 4238; x_wconf 92' lang='lat' dir='ltr'>ut</span> <span class='ocrx_word' id='word_1_538' title='bbox 907 4184 1210 4256; x_wconf 86' lang='lat' dir='ltr'>aliquando</span> <span class='ocrx_word' id='word_1_539' title='bbox 1236 4189 1535 4258; x_wconf 89' lang='lat' dir='ltr'>intereant,</span> <span class='ocrx_word' id='word_1_540' title='bbox 1571 4210 1636 4248; x_wconf 85' lang='lat' dir='ltr'>ex</span> <span class='ocrx_word' id='word_1_541' title='bbox 1672 4195 1929 4252; x_wconf 89' lang='lat' dir='ltr'>viliorum</span> <span class='ocrx_word' id='word_1_542' title='bbox 1960 4213 2024 4254; x_wconf 90' lang='lat' dir='ltr'>ac</span> 
     </span>
    </p>
   </div>
   <div class='ocr_carea' id='block_1_74' title="bbox 431 4263 2023 4349">
    <p class='ocr_par' dir='ltr' id='par_1_74' title="bbox 431 4263 2023 4349">
     <span class='ocr_line' id='line_1_74' title="bbox 431 4263 2023 4349; baseline 0.013 -29"><span class='ocrx_word' id='word_1_543' title='bbox 431 4263 772 4327; x_wconf 84' lang='lat' dir='ltr'>deteriorum</span> <span class='ocrx_word' id='word_1_544' title='bbox 792 4289 982 4328; x_wconf 85' lang='lat' dir='ltr'>rerum</span> <span class='ocrx_word' id='word_1_545' title='bbox 1002 4278 1333 4349; x_wconf 81' lang='lat' dir='ltr'>contagione</span> <span class='ocrx_word' id='word_1_546' title='bbox 1355 4281 1508 4336; x_wconf 91' lang='lat' dir='ltr'>nullo</span> <span class='ocrx_word' id='word_1_547' title='bbox 1539 4282 1889 4340; x_wconf 90' lang='lat' dir='ltr'>incommodo</span> <span class='ocrx_word' id='word_1_548' title='bbox 1905 4287 2023 4340; x_wconf 82' lang='lat' dir='ltr'>afﬁ-</span> 
     </span>
    </p>
   </div>
   <div class='ocr_carea' id='block_1_75' title="bbox 431 4354 2022 4435">
    <p class='ocr_par' dir='ltr' id='par_1_75' title="bbox 431 4354 2022 4435">
     <span class='ocr_line' id='line_1_75' title="bbox 431 4354 2022 4435; baseline 0.014 -25"><span class='ocrx_word' id='word_1_549' title='bbox 431 4354 670 4424; x_wconf 86' lang='lat' dir='ltr'>ciuntur,</span> <span class='ocrx_word' id='word_1_550' title='bbox 699 4365 1048 4432; x_wconf 85' lang='lat' dir='ltr'>quatandem</span> <span class='ocrx_word' id='word_1_551' title='bbox 1078 4367 1314 4435; x_wconf 88' lang='lat' dir='ltr'>ratione,</span> <span class='ocrx_word' id='word_1_552' title='bbox 1339 4387 1371 4424; x_wconf 94' lang='lat' dir='ltr'>o</span> <span class='ocrx_word' id='word_1_553' title='bbox 1396 4371 1596 4428; x_wconf 91' lang='lat' dir='ltr'>stolide</span> <span class='ocrx_word' id='word_1_554' title='bbox 1618 4389 1682 4428; x_wconf 88' lang='lat' dir='ltr'>ac</span> <span class='ocrx_word' id='word_1_555' title='bbox 1709 4391 1879 4430; x_wconf 88' lang='lat' dir='ltr'>saxeo</span> <span class='ocrx_word' id='word_1_556' title='bbox 1897 4393 2022 4432; x_wconf 92' lang='lat' dir='ltr'>cor-</span> 
     </span>
    </p>
   </div>
   <div class='ocr_carea' id='block_1_76' title="bbox 2179 3207 3684 3282">
    <p class='ocr_par' dir='ltr' id='par_1_76' title="bbox 2179 3207 3684 3282">
     <span class='ocr_line' id='line_1_76' title="bbox 2179 3207 3684 3282; baseline -0.013 -6"><span class='ocrx_word' id='word_1_557' title='bbox 2179 3219 2330 3276; x_wconf 87' lang='lat' dir='ltr'>Dixit</span> <span class='ocrx_word' id='word_1_558' title='bbox 2345 3225 2534 3274; x_wconf 89' lang='lat' dir='ltr'>autem</span> <span class='ocrx_word' id='word_1_559' title='bbox 2556 3219 2625 3272; x_wconf 89' lang='lat' dir='ltr'>ad</span> <span class='ocrx_word' id='word_1_560' title='bbox 2639 3234 2766 3272; x_wconf 91' lang='lat' dir='ltr'>eum</span> <span class='ocrx_word' id='word_1_561' title='bbox 2780 3215 3040 3273; x_wconf 89' lang='lat' dir='ltr'>Theudas</span> <span class='ocrx_word' id='word_1_562' title='bbox 3058 3231 3069 3267; x_wconf 90' lang='lat'><strong>:</strong></span> <span class='ocrx_word' id='word_1_563' title='bbox 3085 3214 3174 3270; x_wconf 90' lang='lat' dir='ltr'>En</span> <span class='ocrx_word' id='word_1_564' title='bbox 3194 3212 3338 3268; x_wconf 90' lang='lat' dir='ltr'>illud</span> <span class='ocrx_word' id='word_1_565' title='bbox 3358 3207 3684 3282; x_wconf 86' lang='lat' dir='ltr'>perspicuum</span> 
     </span>
    </p>
   </div>
   <div class='ocr_carea' id='block_1_77' title="bbox 2109 3298 3689 3378">
    <p class='ocr_par' dir='ltr' id='par_1_77' title="bbox 2109 3298 3689 3378">
     <span class='ocr_line' id='line_1_77' title="bbox 2109 3298 3689 3378; baseline -0.014 -9"><span class='ocrx_word' id='word_1_566' title='bbox 2109 3316 2213 3376; x_wconf 84' lang='lat' dir='ltr'>est,</span> <span class='ocrx_word' id='word_1_567' title='bbox 2233 3310 2440 3364; x_wconf 91' lang='lat' dir='ltr'>multos</span> <span class='ocrx_word' id='word_1_568' title='bbox 2461 3313 2517 3364; x_wconf 91' lang='lat' dir='ltr'>et</span> <span class='ocrx_word' id='word_1_569' title='bbox 2535 3324 2769 3378; x_wconf 89' lang='lat' dir='ltr'>magnos</span> <span class='ocrx_word' id='word_1_570' title='bbox 2790 3312 2847 3360; x_wconf 90' lang='lat' dir='ltr'>et</span> <span class='ocrx_word' id='word_1_571' title='bbox 2870 3305 3157 3377; x_wconf 87' lang='lat' dir='ltr'>sapientes</span> <span class='ocrx_word' id='word_1_572' title='bbox 3178 3303 3329 3358; x_wconf 90' lang='lat' dir='ltr'>viros</span> <span class='ocrx_word' id='word_1_573' title='bbox 3349 3306 3515 3371; x_wconf 88' lang='lat' dir='ltr'>atque</span> <span class='ocrx_word' id='word_1_574' title='bbox 3540 3298 3689 3351; x_wconf 88' lang='lat' dir='ltr'>inter-</span> 
     </span>
    </p>
   </div>
   <div class='ocr_carea' id='block_1_78' title="bbox 2108 3388 3689 3472">
    <p class='ocr_par' dir='ltr' id='par_1_78' title="bbox 2108 3388 3689 3472">
     <span class='ocr_line' id='line_1_78' title="bbox 2108 3388 3689 3472; baseline -0.012 -17"><span class='ocrx_word' id='word_1_575' title='bbox 2108 3405 2312 3472; x_wconf 90' lang='lat' dir='ltr'>pretes,</span> <span class='ocrx_word' id='word_1_576' title='bbox 2337 3415 2402 3454; x_wconf 84' lang='lat' dir='ltr'>ac</span> <span class='ocrx_word' id='word_1_577' title='bbox 2421 3403 2543 3453; x_wconf 82' lang='lat' dir='ltr'>tum</span> <span class='ocrx_word' id='word_1_578' title='bbox 2570 3397 2776 3451; x_wconf 91' lang='lat' dir='ltr'>virtute</span> <span class='ocrx_word' id='word_1_579' title='bbox 2797 3401 2919 3450; x_wconf 89' lang='lat' dir='ltr'>tum</span> <span class='ocrx_word' id='word_1_580' title='bbox 2934 3393 3198 3450; x_wconf 83' lang='lat' dir='ltr'>doctrina</span> <span class='ocrx_word' id='word_1_581' title='bbox 3226 3388 3596 3451; x_wconf 88' lang='lat' dir='ltr'>admirabiles,</span> <span class='ocrx_word' id='word_1_582' title='bbox 3620 3400 3689 3437; x_wconf 89' lang='lat' dir='ltr'>re-</span> 
     </span>
    </p>
   </div>
   <div class='ocr_carea' id='block_1_79' title="bbox 2108 3478 3690 3576">
    <p class='ocr_par' dir='ltr' id='par_1_79' title="bbox 2108 3478 3690 3561">
     <span class='ocr_line' id='line_1_79' title="bbox 2108 3478 3690 3561; baseline -0.011 -17"><span class='ocrx_word' id='word_1_583' title='bbox 2108 3490 2377 3561; x_wconf 90' lang='lat' dir='ltr'>ligionem</span> <span class='ocrx_word' id='word_1_584' title='bbox 2401 3493 2651 3542; x_wconf 88' lang='lat' dir='ltr'>nostram</span> <span class='ocrx_word' id='word_1_585' title='bbox 2679 3485 3010 3551; x_wconf 90' lang='lat' dir='ltr'>instituisse,</span> <span class='ocrx_word' id='word_1_586' title='bbox 3035 3499 3355 3554; x_wconf 88' lang='lat' dir='ltr'>omnesque</span> <span class='ocrx_word' id='word_1_587' title='bbox 3377 3478 3523 3534; x_wconf 88' lang='lat' dir='ltr'>orbis</span> <span class='ocrx_word' id='word_1_588' title='bbox 3546 3483 3690 3531; x_wconf 72' lang='lat' dir='ltr'>terrea</span> 
     </span>
    </p>
   </div>
   <div class='ocr_carea' id='block_1_80' title="bbox 2107 3573 3691 3662">
    <p class='ocr_par' dir='ltr' id='par_1_80' title="bbox 2107 3573 3691 3662">
     <span class='ocr_line' id='line_1_80' title="bbox 2107 3573 3691 3662; baseline -0.011 -28"><span class='ocrx_word' id='word_1_589' title='bbox 2107 3596 2268 3650; x_wconf 90' lang='lat' dir='ltr'>reges</span> <span class='ocrx_word' id='word_1_590' title='bbox 2287 3595 2351 3633; x_wconf 90' lang='lat' dir='ltr'>ac</span> <span class='ocrx_word' id='word_1_591' title='bbox 2370 3577 2649 3650; x_wconf 88' lang='lat' dir='ltr'>principes</span> <span class='ocrx_word' id='word_1_592' title='bbox 2670 3592 2795 3630; x_wconf 88' lang='lat' dir='ltr'>eam</span> <span class='ocrx_word' id='word_1_593' title='bbox 2815 3580 2878 3630; x_wconf 93' lang='lat' dir='ltr'>ut</span> <span class='ocrx_word' id='word_1_594' title='bbox 2893 3573 3229 3645; x_wconf 82' lang='lat' dir='ltr'>praeclaram</span> <span class='ocrx_word' id='word_1_595' title='bbox 3259 3578 3431 3643; x_wconf 81' lang='lat' dir='ltr'>atque</span> <span class='ocrx_word' id='word_1_596' title='bbox 3450 3573 3593 3623; x_wconf 84' lang='lat' dir='ltr'>omni</span> <span class='ocrx_word' id='word_1_597' title='bbox 3611 3581 3691 3662; x_wconf 75' lang='lat' dir='ltr'>pe-</span> 
     </span>
    </p>
   </div>
   <div class='ocr_carea' id='block_1_81' title="bbox 2107 3657 3692 3737">
    <p class='ocr_par' dir='ltr' id='par_1_81' title="bbox 2107 3657 3692 3737">
     <span class='ocr_line' id='line_1_81' title="bbox 2107 3657 3692 3737; baseline -0.01 -15"><span class='ocrx_word' id='word_1_598' title='bbox 2107 3668 2282 3723; x_wconf 89' lang='lat' dir='ltr'>riculo</span> <span class='ocrx_word' id='word_1_599' title='bbox 2307 3683 2536 3722; x_wconf 90' lang='lat' dir='ltr'>vacuam</span> <span class='ocrx_word' id='word_1_600' title='bbox 2565 3665 2871 3737; x_wconf 86' lang='lat' dir='ltr'>excepisse;</span> <span class='ocrx_word' id='word_1_601' title='bbox 2895 3663 3266 3718; x_wconf 65' lang='lat' dir='ltr'>Galilaeorum</span> <span class='ocrx_word' id='word_1_602' title='bbox 3290 3665 3486 3716; x_wconf 86' lang='lat' dir='ltr'>contra</span> <span class='ocrx_word' id='word_1_603' title='bbox 3505 3657 3692 3711; x_wconf 88' lang='lat' dir='ltr'>doctri-</span> 
     </span>
    </p>
   </div>
   <div class='ocr_carea' id='block_1_82' title="bbox 2108 3744 3691 3827">
    <p class='ocr_par' dir='ltr' id='par_1_82' title="bbox 2108 3744 3691 3827">
     <span class='ocr_line' id='line_1_82' title="bbox 2108 3744 3691 3827; baseline -0.012 -14"><span class='ocrx_word' id='word_1_604' title='bbox 2108 3774 2239 3814; x_wconf 89' lang='lat' dir='ltr'>nam</span> <span class='ocrx_word' id='word_1_605' title='bbox 2258 3757 2495 3812; x_wconf 91' lang='lat' dir='ltr'>rusticos</span> <span class='ocrx_word' id='word_1_606' title='bbox 2523 3755 2795 3827; x_wconf 88' lang='lat' dir='ltr'>quosdam</span> <span class='ocrx_word' id='word_1_607' title='bbox 2815 3770 2878 3808; x_wconf 91' lang='lat' dir='ltr'>ac</span> <span class='ocrx_word' id='word_1_608' title='bbox 2903 3769 3186 3825; x_wconf 88' lang='lat' dir='ltr'>pauperes</span> <span class='ocrx_word' id='word_1_609' title='bbox 3209 3756 3268 3810; x_wconf 86' lang='lat' dir='ltr'>et</span> <span class='ocrx_word' id='word_1_610' title='bbox 3284 3750 3374 3820; x_wconf 85' lang='lat' dir='ltr'>abj</span> <span class='ocrx_word' id='word_1_611' title='bbox 3383 3754 3530 3802; x_wconf 87' lang='lat' dir='ltr'>ectos</span> <span class='ocrx_word' id='word_1_612' title='bbox 3544 3744 3691 3804; x_wconf 84' lang='lat' dir='ltr'>viros,</span> 
     </span>
    </p>
   </div>
   <div class='ocr_carea' id='block_1_83' title="bbox 2109 3837 3696 3919">
    <p class='ocr_par' dir='ltr' id='par_1_83' title="bbox 2109 3837 3696 3919">
     <span class='ocr_line' id='line_1_83' title="bbox 2109 3837 3696 3919; baseline -0.011 -17"><span class='ocrx_word' id='word_1_613' title='bbox 2109 3863 2313 3919; x_wconf 88' lang='lat' dir='ltr'>eosque</span> <span class='ocrx_word' id='word_1_614' title='bbox 2340 3861 2666 3918; x_wconf 90' lang='lat' dir='ltr'>perpaucos,</span> <span class='ocrx_word' id='word_1_615' title='bbox 2689 3860 2791 3898; x_wconf 90' lang='lat' dir='ltr'>nec</span> <span class='ocrx_word' id='word_1_616' title='bbox 2806 3843 2993 3916; x_wconf 88' lang='lat' dir='ltr'>plures</span> <span class='ocrx_word' id='word_1_617' title='bbox 3023 3858 3200 3914; x_wconf 91' lang='lat' dir='ltr'>quam</span> <span class='ocrx_word' id='word_1_618' title='bbox 3231 3837 3546 3902; x_wconf 89' lang='lat' dir='ltr'>duodecim,</span> <span class='ocrx_word' id='word_1_619' title='bbox 3574 3848 3696 3906; x_wconf 80' lang='lat' dir='ltr'>prae-</span> 
     </span>
    </p>
   </div>
   <div class='ocr_carea' id='block_1_84' title="bbox 2106 3931 3693 4004">
    <p class='ocr_par' dir='ltr' id='par_1_84' title="bbox 2106 3931 3693 4004">
     <span class='ocr_line' id='line_1_84' title="bbox 2106 3931 3693 4004; baseline -0.008 -14"><span class='ocrx_word' id='word_1_620' title='bbox 2106 3935 2339 3990; x_wconf 89' lang='lat' dir='ltr'>dicasse.</span> <span class='ocrx_word' id='word_1_621' title='bbox 2363 3936 2510 3989; x_wconf 89' lang='lat' dir='ltr'>Num</span> <span class='ocrx_word' id='word_1_622' title='bbox 2540 3933 2715 4004; x_wconf 82' lang='lat' dir='ltr'>igitur</span> <span class='ocrx_word' id='word_1_623' title='bbox 2734 3931 3065 4004; x_wconf 87' lang='lat' dir='ltr'>ignobilium</span> <span class='ocrx_word' id='word_1_624' title='bbox 3097 3949 3165 3990; x_wconf 88' lang='lat' dir='ltr'>ac</span> <span class='ocrx_word' id='word_1_625' title='bbox 3195 3931 3538 3985; x_wconf 87' lang='lat' dir='ltr'>rusticorum</span> <span class='ocrx_word' id='word_1_626' title='bbox 3567 3939 3693 3995; x_wconf 72' lang='lat' dir='ltr'>prae-</span> 
     </span>
    </p>
   </div>
   <div class='ocr_carea' id='block_1_85' title="bbox 2106 4014 3697 4092">
    <p class='ocr_par' dir='ltr' id='par_1_85' title="bbox 2106 4014 3697 4092">
     <span class='ocr_line' id='line_1_85' title="bbox 2106 4014 3697 4092; baseline -0.01 -12"><span class='ocrx_word' id='word_1_627' title='bbox 2106 4025 2311 4080; x_wconf 86' lang='lat' dir='ltr'>dicatio</span> <span class='ocrx_word' id='word_1_628' title='bbox 2354 4025 2662 4078; x_wconf 91' lang='lat' dir='ltr'>multorum</span> <span class='ocrx_word' id='word_1_629' title='bbox 2706 4038 2772 4076; x_wconf 88' lang='lat' dir='ltr'>ac</span> <span class='ocrx_word' id='word_1_630' title='bbox 2813 4037 3153 4092; x_wconf 86' lang='lat' dir='ltr'>magnorum</span> <span class='ocrx_word' id='word_1_631' title='bbox 3195 4021 3477 4080; x_wconf 81' lang='lat' dir='ltr'>virorum,</span> <span class='ocrx_word' id='word_1_632' title='bbox 3509 4014 3697 4088; x_wconf 84' lang='lat' dir='ltr'>quique</span> 
     </span>
    </p>
   </div>
   <div class='ocr_carea' id='block_1_86' title="bbox 2103 4106 3698 4186">
    <p class='ocr_par' dir='ltr' id='par_1_86' title="bbox 2103 4106 3698 4186">
     <span class='ocr_line' id='line_1_86' title="bbox 2103 4106 3698 4186; baseline -0.009 -16"><span class='ocrx_word' id='word_1_633' title='bbox 2103 4120 2266 4170; x_wconf 87' lang='lat' dir='ltr'>tanta</span> <span class='ocrx_word' id='word_1_634' title='bbox 2287 4114 2576 4186; x_wconf 69' lang='lat' dir='ltr'>sapientiae</span> <span class='ocrx_word' id='word_1_635' title='bbox 2607 4113 2772 4170; x_wconf 85' lang='lat' dir='ltr'>laude</span> <span class='ocrx_word' id='word_1_636' title='bbox 2802 4113 3136 4178; x_wconf 81' lang='lat' dir='ltr'>ﬂoruerunt,</span> <span class='ocrx_word' id='word_1_637' title='bbox 3178 4111 3406 4183; x_wconf 87' lang='lat' dir='ltr'>legibus</span> <span class='ocrx_word' id='word_1_638' title='bbox 3431 4116 3595 4179; x_wconf 88' lang='lat' dir='ltr'>atque</span> <span class='ocrx_word' id='word_1_639' title='bbox 3622 4106 3698 4158; x_wconf 83' lang='lat' dir='ltr'>in-</span> 
     </span>
    </p>
   </div>
   <div class='ocr_carea' id='block_1_87' title="bbox 2104 4192 3698 4275">
    <p class='ocr_par' dir='ltr' id='par_1_87' title="bbox 2104 4192 3698 4275">
     <span class='ocr_line' id='line_1_87' title="bbox 2104 4192 3698 4275; baseline -0.008 -17"><span class='ocrx_word' id='word_1_640' title='bbox 2104 4203 2317 4258; x_wconf 90' lang='lat' dir='ltr'>stitutis</span> <span class='ocrx_word' id='word_1_641' title='bbox 2347 4203 2530 4275; x_wconf 89' lang='lat' dir='ltr'>potior</span> <span class='ocrx_word' id='word_1_642' title='bbox 2558 4202 2814 4263; x_wconf 84' lang='lat' dir='ltr'>habenda</span> <span class='ocrx_word' id='word_1_643' title='bbox 2829 4201 2949 4257; x_wconf 88' lang='lat' dir='ltr'>est?</span> <span class='ocrx_word' id='word_1_644' title='bbox 2975 4201 3124 4265; x_wconf 85' lang='lat' dir='ltr'>Quid</span> <span class='ocrx_word' id='word_1_645' title='bbox 3145 4207 3348 4257; x_wconf 89' lang='lat' dir='ltr'>autem</span> <span class='ocrx_word' id='word_1_646' title='bbox 3378 4198 3548 4254; x_wconf 83' lang='lat' dir='ltr'>habes</span> <span class='ocrx_word' id='word_1_647' title='bbox 3567 4192 3698 4249; x_wconf 90' lang='lat' dir='ltr'>unde</span> 
     </span>
    </p>
   </div>
   <div class='ocr_carea' id='block_1_88' title="bbox 2104 4290 3438 4358">
    <p class='ocr_par' dir='ltr' id='par_1_88' title="bbox 2104 4290 3438 4358">
     <span class='ocr_line' id='line_1_88' title="bbox 2104 4290 3438 4358; baseline -0.002 -12"><span class='ocrx_word' id='word_1_648' title='bbox 2104 4293 2206 4350; x_wconf 92' lang='lat' dir='ltr'>hos</span> <span class='ocrx_word' id='word_1_649' title='bbox 2233 4309 2362 4347; x_wconf 90' lang='lat' dir='ltr'>vera</span> <span class='ocrx_word' id='word_1_650' title='bbox 2388 4291 2590 4358; x_wconf 88' lang='lat' dir='ltr'>dicere,</span> <span class='ocrx_word' id='word_1_651' title='bbox 2618 4292 2744 4346; x_wconf 93' lang='lat' dir='ltr'>illos</span> <span class='ocrx_word' id='word_1_652' title='bbox 2772 4290 2998 4346; x_wconf 89' lang='lat' dir='ltr'>mentiri</span> <span class='ocrx_word' id='word_1_653' title='bbox 3026 4290 3438 4350; x_wconf 88' lang='lat' dir='ltr'>demonstres?</span> 
     </span>
    </p>
   </div>
   <div class='ocr_carea' id='block_1_89' title="bbox 2174 4377 3699 4452">
    <p class='ocr_par' dir='ltr' id='par_1_89' title="bbox 2174 4377 3699 4452">
     <span class='ocr_line' id='line_1_89' title="bbox 2174 4377 3699 4452; baseline -0.007 -16"><span class='ocrx_word' id='word_1_654' title='bbox 2174 4382 2416 4436; x_wconf 86' lang='lat' dir='ltr'>Rursum</span> <span class='ocrx_word' id='word_1_655' title='bbox 2445 4381 2621 4452; x_wconf 88' lang='lat' dir='ltr'>igitur</span> <span class='ocrx_word' id='word_1_656' title='bbox 2649 4380 2797 4451; x_wconf 85' lang='lat' dir='ltr'>regis</span> <span class='ocrx_word' id='word_1_657' title='bbox 2823 4380 2971 4434; x_wconf 82' lang='lat' dir='ltr'>ﬁlius</span> <span class='ocrx_word' id='word_1_658' title='bbox 2998 4380 3332 4452; x_wconf 89' lang='lat' dir='ltr'>respondit:</span> <span class='ocrx_word' id='word_1_659' title='bbox 3359 4377 3562 4434; x_wconf 87' lang='lat' dir='ltr'>Asinus</span> <span class='ocrx_word' id='word_1_660' title='bbox 3582 4390 3654 4440; x_wconf 91' lang='lat' dir='ltr'>es,</span> <span class='ocrx_word' id='word_1_661' title='bbox 3672 4388 3699 4426; x_wconf 93' lang='grc' dir='ltr'>ο</span> 
     </span>
    </p>
   </div>
   <div class='ocr_carea' id='block_1_90' title="bbox 427 4444 3704 4542">
    <p class='ocr_par' dir='ltr' id='par_1_90' title="bbox 427 4444 3704 4542">
     <span class='ocr_line' id='line_1_90' title="bbox 427 4444 3704 4542; baseline 0.002 -31"><span class='ocrx_word' id='word_1_662' title='bbox 427 4444 499 4508; x_wconf 67' lang='lat' dir='ltr'>de.</span> <span class='ocrx_word' id='word_1_663' title='bbox 515 4449 777 4542; x_wconf 51' lang='lat' dir='ltr'>Praeditf,</span> <span class='ocrx_word' id='word_1_664' title='bbox 801 4451 1037 4542; x_wconf 76' lang='lat' dir='ltr'>irridere</span> <span class='ocrx_word' id='word_1_665' title='bbox 1067 4471 1155 4508; x_wconf 91' lang='lat' dir='ltr'>me</span> <span class='ocrx_word' id='word_1_666' title='bbox 1183 4455 1388 4513; x_wconf 89' lang='lat' dir='ltr'>idcirco</span> <span class='ocrx_word' id='word_1_667' title='bbox 1407 4461 1600 4528; x_wconf 89' lang='lat' dir='ltr'>audes,</span> <span class='ocrx_word' id='word_1_668' title='bbox 1644 4464 1791 4534; x_wconf 91' lang='lat' dir='ltr'>quod</span> <span class='ocrx_word' id='word_1_669' title='bbox 1821 4465 2024 4520; x_wconf 89' lang='lat' dir='ltr'>Filium</span> <span class='ocrx_word' id='word_1_670' title='bbox 2041 4467 2090 4528; x_wconf 89' lang='lat' dir='ltr'><strong>D</strong></span> <span class='ocrx_word' id='word_1_671' title='bbox 2107 4471 2356 4536; x_wconf 88' lang='lat' dir='ltr'>Theuda,</span> <span class='ocrx_word' id='word_1_672' title='bbox 2384 4477 2449 4525; x_wconf 90' lang='lat' dir='ltr'>ut</span> <span class='ocrx_word' id='word_1_673' title='bbox 2467 4444 2584 4524; x_wconf 75' lang='lat' dir='ltr'>dici</span> <span class='ocrx_word' id='word_1_674' title='bbox 2613 4444 2772 4535; x_wconf 70' lang='lat' dir='ltr'>solet,</span> <span class='ocrx_word' id='word_1_675' title='bbox 2797 4470 2978 4542; x_wconf 87' lang='lat' dir='ltr'>lyram</span> <span class='ocrx_word' id='word_1_676' title='bbox 3005 4444 3253 4530; x_wconf 84' lang='lat' dir='ltr'>audiens</span> <span class='ocrx_word' id='word_1_677' title='bbox 3285 4469 3416 4538; x_wconf 77' lang='grc'>(15),</span> <span class='ocrx_word' id='word_1_678' title='bbox 3443 4474 3606 4539; x_wconf 87' lang='lat' dir='ltr'>atque</span> <span class='ocrx_word' id='word_1_679' title='bbox 3633 4464 3704 4517; x_wconf 88' lang='lat' dir='ltr'>in-</span> 
     </span>
    </p>
   </div>
   <div class='ocr_carea' id='block_1_91' title="bbox 429 4535 2025 4616">
    <p class='ocr_par' dir='ltr' id='par_1_91' title="bbox 429 4535 2025 4616">
     <span class='ocr_line' id='line_1_91' title="bbox 429 4535 2025 4616; baseline 0.014 -29"><span class='ocrx_word' id='word_1_680' title='bbox 429 4549 494 4588; x_wconf 91' lang='lat' dir='ltr'>ac</span> <span class='ocrx_word' id='word_1_681' title='bbox 515 4535 692 4590; x_wconf 90' lang='lat' dir='ltr'>Deum</span> <span class='ocrx_word' id='word_1_682' title='bbox 711 4537 957 4594; x_wconf 89' lang='lat' dir='ltr'>Verbum</span> <span class='ocrx_word' id='word_1_683' title='bbox 977 4558 1011 4595; x_wconf 91' lang='lat' dir='ltr'>a</span> <span class='ocrx_word' id='word_1_684' title='bbox 1025 4549 1262 4612; x_wconf 82' lang='lat' dir='ltr'>paterna</span> <span class='ocrx_word' id='word_1_685' title='bbox 1273 4546 1451 4616; x_wconf 88' lang='lat' dir='ltr'>gloria</span> <span class='ocrx_word' id='word_1_686' title='bbox 1469 4551 1621 4604; x_wconf 91' lang='lat' dir='ltr'>nullo</span> <span class='ocrx_word' id='word_1_687' title='bbox 1639 4553 1802 4607; x_wconf 92' lang='lat' dir='ltr'>modo</span> <span class='ocrx_word' id='word_1_688' title='bbox 1822 4554 2025 4610; x_wconf 86' lang='lat' dir='ltr'>disces-</span> 
     </span>
    </p>
   </div>
   <div class='ocr_carea' id='block_1_92' title="bbox 429 4623 2024 4699">
    <p class='ocr_par' dir='ltr' id='par_1_92' title="bbox 429 4623 2024 4699">
     <span class='ocr_line' id='line_1_92' title="bbox 429 4623 2024 4699; baseline 0.014 -22"><span class='ocrx_word' id='word_1_689' title='bbox 429 4623 591 4689; x_wconf 79' lang='lat' dir='ltr'>sisse,</span> <span class='ocrx_word' id='word_1_690' title='bbox 619 4626 719 4680; x_wconf 87' lang='lat' dir='ltr'>sed</span> <span class='ocrx_word' id='word_1_691' title='bbox 760 4643 888 4682; x_wconf 90' lang='lat' dir='ltr'>cum</span> <span class='ocrx_word' id='word_1_692' title='bbox 926 4629 1076 4686; x_wconf 89' lang='lat' dir='ltr'>Deus</span> <span class='ocrx_word' id='word_1_693' title='bbox 1122 4640 1284 4698; x_wconf 89' lang='lat' dir='ltr'>esset,</span> <span class='ocrx_word' id='word_1_694' title='bbox 1339 4636 1599 4693; x_wconf 79' lang='lat' dir='ltr'>humanae</span> <span class='ocrx_word' id='word_1_695' title='bbox 1627 4642 1825 4698; x_wconf 89' lang='lat' dir='ltr'>salutis</span> <span class='ocrx_word' id='word_1_696' title='bbox 1854 4660 2024 4699; x_wconf 87' lang='lat' dir='ltr'>causa</span> 
     </span>
    </p>
   </div>
   <div class='ocr_carea' id='block_1_93' title="bbox 428 4716 2022 4798">
    <p class='ocr_par' dir='ltr' id='par_1_93' title="bbox 428 4716 2022 4798">
     <span class='ocr_line' id='line_1_93' title="bbox 428 4716 2022 4798; baseline 0.013 -30"><span class='ocrx_word' id='word_1_697' title='bbox 428 4729 632 4785; x_wconf 78' lang='lat' dir='ltr'>corpus</span> <span class='ocrx_word' id='word_1_698' title='bbox 665 4716 974 4780; x_wconf 86' lang='lat' dir='ltr'>humanum</span> <span class='ocrx_word' id='word_1_699' title='bbox 1020 4724 1388 4795; x_wconf 85' lang='lat' dir='ltr'>assumpsisse</span> <span class='ocrx_word' id='word_1_700' title='bbox 1417 4726 1619 4798; x_wconf 88' lang='lat' dir='ltr'>dicam,</span> <span class='ocrx_word' id='word_1_701' title='bbox 1655 4736 1720 4784; x_wconf 91' lang='lat' dir='ltr'>ut</span> <span class='ocrx_word' id='word_1_702' title='bbox 1767 4730 2022 4788; x_wconf 90' lang='lat' dir='ltr'>homines</span> 
     </span>
    </p>
   </div>
   <div class='ocr_carea' id='block_1_94' title="bbox 425 4801 2022 4888">
    <p class='ocr_par' dir='ltr' id='par_1_94' title="bbox 425 4801 2022 4888">
     <span class='ocr_line' id='line_1_94' title="bbox 425 4801 2022 4888; baseline 0.016 -34"><span class='ocrx_word' id='word_1_703' title='bbox 425 4801 628 4866; x_wconf 72' lang='lat' dir='ltr'>divinae</span> <span class='ocrx_word' id='word_1_704' title='bbox 655 4821 720 4862; x_wconf 89' lang='lat' dir='ltr'>ac</span> <span class='ocrx_word' id='word_1_705' title='bbox 749 4808 1060 4888; x_wconf 88' lang='lat' dir='ltr'>spiritualis</span> <span class='ocrx_word' id='word_1_706' title='bbox 1091 4818 1306 4880; x_wconf 53' lang='lat' dir='ltr'>natura;</span> <span class='ocrx_word' id='word_1_707' title='bbox 1322 4815 1621 4888; x_wconf 87' lang='lat' dir='ltr'>participes</span> <span class='ocrx_word' id='word_1_708' title='bbox 1643 4819 1908 4886; x_wconf 80' lang='lat' dir='ltr'>efﬁceret,</span> <span class='ocrx_word' id='word_1_709' title='bbox 1926 4839 2022 4878; x_wconf 83' lang='lat' dir='ltr'>no-</span> 
     </span>
    </p>
   </div>
   <div class='ocr_carea' id='block_1_95' title="bbox 425 4885 2021 4981">
    <p class='ocr_par' dir='ltr' id='par_1_95' title="bbox 425 4885 2021 4981">
     <span class='ocr_line' id='line_1_95' title="bbox 425 4885 2021 4981; baseline 0.014 -36"><span class='ocrx_word' id='word_1_710' title='bbox 425 4897 718 4981; x_wconf 82' lang='lat' dir='ltr'>stramque</span> <span class='ocrx_word' id='word_1_711' title='bbox 745 4885 1114 4956; x_wconf 89' lang='lat' dir='ltr'>substantiam</span> <span class='ocrx_word' id='word_1_712' title='bbox 1143 4918 1206 4956; x_wconf 88' lang='lat' dir='ltr'>ex</span> <span class='ocrx_word' id='word_1_713' title='bbox 1225 4885 1606 4961; x_wconf 79' lang='lat' dir='ltr'>subterraneis</span> <span class='ocrx_word' id='word_1_714' title='bbox 1621 4907 1825 4964; x_wconf 79' lang='lat' dir='ltr'>inferni</span> <span class='ocrx_word' id='word_1_715' title='bbox 1843 4912 2021 4981; x_wconf 89' lang='lat' dir='ltr'>parti-</span> 
     </span>
    </p>
   </div>
   <div class='ocr_carea' id='block_1_96' title="bbox 430 4980 2021 5070">
    <p class='ocr_par' dir='ltr' id='par_1_96' title="bbox 430 4980 2021 5070">
     <span class='ocr_line' id='line_1_96' title="bbox 430 4980 2021 5070; baseline 0.014 -35"><span class='ocrx_word' id='word_1_716' title='bbox 430 4980 535 5046; x_wconf 78' lang='lat' dir='ltr'>bus</span> <span class='ocrx_word' id='word_1_717' title='bbox 566 4983 846 5054; x_wconf 85' lang='lat' dir='ltr'>eductam,</span> <span class='ocrx_word' id='word_1_718' title='bbox 875 4989 1086 5044; x_wconf 70' lang='lat' dir='ltr'>caelesti</span> <span class='ocrx_word' id='word_1_719' title='bbox 1125 4992 1309 5062; x_wconf 85' lang='lat' dir='ltr'>gloria</span> <span class='ocrx_word' id='word_1_720' title='bbox 1337 5002 1651 5065; x_wconf 84' lang='lat' dir='ltr'>exornaret,</span> <span class='ocrx_word' id='word_1_721' title='bbox 1686 4980 1862 5070; x_wconf 80' lang='lat' dir='ltr'>atque</span> <span class='ocrx_word' id='word_1_722' title='bbox 1884 5001 2021 5064; x_wconf 87' lang='lat' dir='ltr'>item</span> 
     </span>
    </p>
   </div>
   <div class='ocr_carea' id='block_1_97' title="bbox 430 5073 2021 5162">
    <p class='ocr_par' dir='ltr' id='par_1_97' title="bbox 430 5073 2021 5162">
     <span class='ocr_line' id='line_1_97' title="bbox 430 5073 2021 5162; baseline 0.013 -36"><span class='ocrx_word' id='word_1_723' title='bbox 430 5076 495 5134; x_wconf 85' lang='lat' dir='ltr'>ut</span> <span class='ocrx_word' id='word_1_724' title='bbox 536 5073 896 5144; x_wconf 63' lang='lat' dir='ltr'>tanebrarum</span> <span class='ocrx_word' id='word_1_725' title='bbox 943 5078 1112 5150; x_wconf 69' lang='lat' dir='ltr'>hujus</span> <span class='ocrx_word' id='word_1_726' title='bbox 1149 5083 1336 5138; x_wconf 68' lang='lat' dir='ltr'>saeculi</span> <span class='ocrx_word' id='word_1_727' title='bbox 1373 5085 1702 5158; x_wconf 88' lang='lat' dir='ltr'>principem,</span> <span class='ocrx_word' id='word_1_728' title='bbox 1749 5097 2021 5162; x_wconf 83' lang='lat' dir='ltr'>susceptae</span> 
     </span>
    </p>
   </div>
   <div class='ocr_carea' id='block_1_98' title="bbox 429 5161 2022 5243">
    <p class='ocr_par' dir='ltr' id='par_1_98' title="bbox 429 5161 2022 5243">
     <span class='ocr_line' id='line_1_98' title="bbox 429 5161 2022 5243; baseline 0.015 -30"><span class='ocrx_word' id='word_1_729' title='bbox 429 5161 616 5228; x_wconf 82' lang='lat' dir='ltr'>carnis</span> <span class='ocrx_word' id='word_1_730' title='bbox 644 5168 915 5235; x_wconf 76' lang='lat' dir='ltr'>tanquam</span> <span class='ocrx_word' id='word_1_731' title='bbox 941 5167 1217 5226; x_wconf 88' lang='lat' dir='ltr'>illecebris</span> <span class='ocrx_word' id='word_1_732' title='bbox 1237 5172 1570 5243; x_wconf 88' lang='lat' dir='ltr'>quibusdam</span> <span class='ocrx_word' id='word_1_733' title='bbox 1590 5176 1902 5234; x_wconf 81' lang='lat' dir='ltr'>inescatam</span> <span class='ocrx_word' id='word_1_734' title='bbox 1915 5161 2022 5238; x_wconf 16' lang='lat' dir='ltr'>ﬁsu-</span> 
     </span>
    </p>
   </div>
   <div class='ocr_carea' id='block_1_99' title="bbox 426 5257 2021 5344">
    <p class='ocr_par' dir='ltr' id='par_1_99' title="bbox 426 5257 2021 5344">
     <span class='ocr_line' id='line_1_99' title="bbox 426 5257 2021 5344; baseline 0.014 -39"><span class='ocrx_word' id='word_1_735' title='bbox 426 5257 670 5344; x_wconf 75' lang='lat' dir='ltr'>peteret,</span> <span class='ocrx_word' id='word_1_736' title='bbox 682 5269 991 5344; x_wconf 75' lang='lat' dir='ltr'>genusque</span> <span class='ocrx_word' id='word_1_737' title='bbox 1011 5264 1267 5324; x_wconf 83' lang='lat' dir='ltr'>nostrum</span> <span class='ocrx_word' id='word_1_738' title='bbox 1283 5279 1351 5329; x_wconf 77' lang='lat' dir='ltr'>ex</span> <span class='ocrx_word' id='word_1_739' title='bbox 1370 5263 1546 5335; x_wconf 83' lang='lat' dir='ltr'>ipsius</span> <span class='ocrx_word' id='word_1_740' title='bbox 1564 5268 1833 5324; x_wconf 87' lang='lat' dir='ltr'>servitute</span> <span class='ocrx_word' id='word_1_741' title='bbox 1854 5287 1919 5325; x_wconf 89' lang='lat' dir='ltr'>ac</span> <span class='ocrx_word' id='word_1_742' title='bbox 1937 5276 2021 5344; x_wconf 76' lang='lat' dir='ltr'>ty-</span> 
     </span>
    </p>
   </div>
   <div class='ocr_carea' id='block_1_100' title="bbox 431 5341 2020 5424">
    <p class='ocr_par' dir='ltr' id='par_1_100' title="bbox 431 5341 2020 5424">
     <span class='ocr_line' id='line_1_100' title="bbox 431 5341 2020 5424; baseline 0.015 -31"><span class='ocrx_word' id='word_1_743' title='bbox 431 5341 667 5407; x_wconf 81' lang='lat' dir='ltr'>rannide</span> <span class='ocrx_word' id='word_1_744' title='bbox 677 5341 970 5399; x_wconf 84' lang='lat' dir='ltr'>liberaret?</span> <span class='ocrx_word' id='word_1_745' title='bbox 983 5347 1141 5402; x_wconf 91' lang='lat' dir='ltr'>Unde</span> <span class='ocrx_word' id='word_1_746' title='bbox 1154 5349 1324 5406; x_wconf 84' lang='lat' dir='ltr'>etiam</span> <span class='ocrx_word' id='word_1_747' title='bbox 1341 5354 1521 5410; x_wconf 86' lang='lat' dir='ltr'>crucis</span> <span class='ocrx_word' id='word_1_748' title='bbox 1541 5360 1884 5422; x_wconf 88' lang='lat' dir='ltr'>tormentum</span> <span class='ocrx_word' id='word_1_749' title='bbox 1899 5341 2020 5424; x_wconf 83' lang='lat' dir='ltr'>sine</span> 
     </span>
    </p>
   </div>
   <div class='ocr_carea' id='block_1_101' title="bbox 431 5431 2022 5516">
    <p class='ocr_par' dir='ltr' id='par_1_101' title="bbox 431 5431 2022 5516">
     <span class='ocr_line' id='line_1_101' title="bbox 431 5431 2022 5516; baseline 0.016 -33"><span class='ocrx_word' id='word_1_750' title='bbox 431 5431 793 5502; x_wconf 83' lang='lat' dir='ltr'>perpessione</span> <span class='ocrx_word' id='word_1_751' title='bbox 819 5432 1010 5501; x_wconf 87' lang='lat' dir='ltr'>subiit,</span> <span class='ocrx_word' id='word_1_752' title='bbox 1050 5436 1190 5492; x_wconf 86' lang='lat' dir='ltr'>duas</span> <span class='ocrx_word' id='word_1_753' title='bbox 1227 5439 1486 5511; x_wconf 84' lang='lat' dir='ltr'>videlicet</span> <span class='ocrx_word' id='word_1_754' title='bbox 1511 5461 1644 5514; x_wconf 80' lang='lat' dir='ltr'>suas</span> <span class='ocrx_word' id='word_1_755' title='bbox 1673 5453 1905 5516; x_wconf 80' lang='lat' dir='ltr'>naturas</span> <span class='ocrx_word' id='word_1_756' title='bbox 1929 5451 2022 5506; x_wconf 89' lang='lat' dir='ltr'>de-</span> 
     </span>
    </p>
   </div>
   <div class='ocr_carea' id='block_1_102' title="bbox 429 5520 2020 5608">
    <p class='ocr_par' dir='ltr' id='par_1_102' title="bbox 429 5520 2020 5608">
     <span class='ocr_line' id='line_1_102' title="bbox 429 5520 2020 5608; baseline 0.014 -22"><span class='ocrx_word' id='word_1_757' title='bbox 429 5520 667 5588; x_wconf 63' lang='lat' dir='ltr'>claram-</span> <span class='ocrx_word' id='word_1_758' title='bbox 701 5523 776 5591; x_wconf 72' lang='lat' dir='ltr'>Ut</span> <span class='ocrx_word' id='word_1_759' title='bbox 805 5523 956 5594; x_wconf 71' lang='lat' dir='ltr'>enim</span> <span class='ocrx_word' id='word_1_760' title='bbox 977 5525 1152 5596; x_wconf 9' lang='lat' dir='ltr'>(hamo</span> <span class='ocrx_word' id='word_1_761' title='bbox 1179 5527 1242 5597; x_wconf 67' lang='lat' dir='ltr'>in</span> <span class='ocrx_word' id='word_1_762' title='bbox 1277 5547 1499 5603; x_wconf 64' lang='lat' dir='ltr'>omnem</span> <span class='ocrx_word' id='word_1_763' title='bbox 1526 5537 1732 5608; x_wconf 66' lang='lat' dir='ltr'>agitur.</span> <span class='ocrx_word' id='word_1_764' title='bbox 1779 5545 1844 5596; x_wconf 83' lang='lat' dir='ltr'>ut</span> <span class='ocrx_word' id='word_1_765' title='bbox 1869 5540 2020 5608; x_wconf 74' lang='lat' dir='ltr'>Deus</span> 
     </span>
    </p>
   </div>
   <div class='ocr_carea' id='block_1_103' title="bbox 428 5611 2022 5700">
    <p class='ocr_par' dir='ltr' id='par_1_103' title="bbox 428 5611 2022 5700">
     <span class='ocr_line' id='line_1_103' title="bbox 428 5611 2022 5700; baseline 0.009 -23"><span class='ocrx_word' id='word_1_766' title='bbox 428 5615 622 5678; x_wconf 62' lang='lat' dir='ltr'>sum</span> <span class='ocrx_word' id='word_1_767' title='bbox 635 5611 740 5683; x_wconf 60' lang='lat'>$91.1</span> <span class='ocrx_word' id='word_1_768' title='bbox 1037 5617 1298 5690; x_wconf 57' lang='grc' dir='ltr'>θαιιιλάὶι,</span> <span class='ocrx_word' id='word_1_769' title='bbox 1327 5626 1539 5690; x_wconf 61' lang='lat' dir='ltr'>terram</span> <span class='ocrx_word' id='word_1_770' title='bbox 1551 5628 1830 5700; x_wconf 55' lang='lat' dir='ltr'>qustum</span> <span class='ocrx_word' id='word_1_771' title='bbox 1840 5633 2022 5700; x_wconf 75' lang='lat' dir='ltr'>multa</span> 
     </span>
    </p>
   </div>
   <div class='ocr_carea' id='block_1_104' title="bbox 2105 4557 3698 4632">
    <p class='ocr_par' dir='ltr' id='par_1_104' title="bbox 2105 4557 3698 4632">
     <span class='ocr_line' id='line_1_104' title="bbox 2105 4557 3698 4632; baseline 0 -16"><span class='ocrx_word' id='word_1_772' title='bbox 2105 4561 2360 4616; x_wconf 88' lang='lat' dir='ltr'>tellectus</span> <span class='ocrx_word' id='word_1_773' title='bbox 2405 4576 2601 4632; x_wconf 88' lang='lat' dir='ltr'>expers</span> <span class='ocrx_word' id='word_1_774' title='bbox 2636 4575 2871 4616; x_wconf 89' lang='lat' dir='ltr'>manens</span> <span class='ocrx_word' id='word_1_775' title='bbox 2903 4577 2916 4626; x_wconf 87' lang='lat'><strong>;</strong></span> <span class='ocrx_word' id='word_1_776' title='bbox 2948 4559 3053 4623; x_wconf 78' lang='lat' dir='ltr'>vel,</span> <span class='ocrx_word' id='word_1_777' title='bbox 3102 4564 3172 4614; x_wconf 90' lang='lat' dir='ltr'>ut</span> <span class='ocrx_word' id='word_1_778' title='bbox 3225 4559 3443 4616; x_wconf 88' lang='lat' dir='ltr'>rectius</span> <span class='ocrx_word' id='word_1_779' title='bbox 3503 4557 3698 4627; x_wconf 60' lang='lat' dir='ltr'>loquar.</span> 
     </span>
    </p>
   </div>
   <div class='ocr_carea' id='block_1_105' title="bbox 2105 4646 3708 4721">
    <p class='ocr_par' dir='ltr' id='par_1_105' title="bbox 2105 4646 3708 4721">
     <span class='ocr_line' id='line_1_105' title="bbox 2105 4646 3708 4721; baseline -0.004 -17"><span class='ocrx_word' id='word_1_780' title='bbox 2105 4649 2272 4721; x_wconf 86' lang='lat' dir='ltr'>aspis,</span> <span class='ocrx_word' id='word_1_781' title='bbox 2301 4665 2466 4704; x_wconf 90' lang='lat' dir='ltr'>aures</span> <span class='ocrx_word' id='word_1_782' title='bbox 2492 4647 2781 4720; x_wconf 81' lang='lat' dir='ltr'>obturans,</span> <span class='ocrx_word' id='word_1_783' title='bbox 2811 4663 2882 4701; x_wconf 91' lang='lat' dir='ltr'>ne</span> <span class='ocrx_word' id='word_1_784' title='bbox 2901 4646 3170 4720; x_wconf 82' lang='lat' dir='ltr'>praeclare</span> <span class='ocrx_word' id='word_1_785' title='bbox 3187 4647 3609 4714; x_wconf 85' lang='lat' dir='ltr'>incantantium</span> <span class='ocrx_word' id='word_1_786' title='bbox 3630 4660 3708 4697; x_wconf 69' lang='grc' dir='ltr'>τοο</span> 
     </span>
    </p>
   </div>
   <div class='ocr_carea' id='block_1_106' title="bbox 2103 4735 3704 4806">
    <p class='ocr_par' dir='ltr' id='par_1_106' title="bbox 2103 4735 3704 4806">
     <span class='ocr_line' id='line_1_106' title="bbox 2103 4735 3704 4806; baseline -0.006 -13"><span class='ocrx_word' id='word_1_787' title='bbox 2103 4755 2225 4793; x_wconf 88' lang='lat' dir='ltr'>cem</span> <span class='ocrx_word' id='word_1_788' title='bbox 2253 4738 2516 4792; x_wconf 82' lang='lat' dir='ltr'>exaudias</span> <span class='ocrx_word' id='word_1_789' title='bbox 2546 4740 2709 4805; x_wconf 82' lang='lat' dir='ltr'>(Psal.</span> <span class='ocrx_word' id='word_1_790' title='bbox 2743 4741 2893 4802; x_wconf 77' lang='lat' dir='ltr'>Lvn).</span> <span class='ocrx_word' id='word_1_791' title='bbox 2925 4735 3094 4790; x_wconf 83' lang='lat' dir='ltr'>Recte</span> <span class='ocrx_word' id='word_1_792' title='bbox 3126 4736 3320 4806; x_wconf 86' lang='lat' dir='ltr'>igitur</span> <span class='ocrx_word' id='word_1_793' title='bbox 3349 4737 3421 4792; x_wconf 91' lang='lat' dir='ltr'>de</span> <span class='ocrx_word' id='word_1_794' title='bbox 3448 4741 3506 4792; x_wconf 87' lang='lat' dir='ltr'>te</span> <span class='ocrx_word' id='word_1_795' title='bbox 3535 4751 3568 4788; x_wconf 89' lang='lat' dir='ltr'>a</span> <span class='ocrx_word' id='word_1_796' title='bbox 3590 4749 3704 4804; x_wconf 89' lang='lat' dir='ltr'>pro-</span> 
     </span>
    </p>
   </div>
   <div class='ocr_carea' id='block_1_107' title="bbox 2102 4824 3708 4900">
    <p class='ocr_par' dir='ltr' id='par_1_107' title="bbox 2102 4824 3708 4900">
     <span class='ocr_line' id='line_1_107' title="bbox 2102 4824 3708 4900; baseline -0.004 -18"><span class='ocrx_word' id='word_1_797' title='bbox 2102 4829 2274 4900; x_wconf 90' lang='lat' dir='ltr'>pheta</span> <span class='ocrx_word' id='word_1_798' title='bbox 2293 4827 2505 4884; x_wconf 89' lang='lat' dir='ltr'>dictum</span> <span class='ocrx_word' id='word_1_799' title='bbox 2529 4832 2645 4882; x_wconf 92' lang='lat' dir='ltr'>est:</span> <span class='ocrx_word' id='word_1_800' title='bbox 2675 4826 2733 4881; x_wconf 92' lang='lat' dir='ltr'>Si</span> <span class='ocrx_word' id='word_1_801' title='bbox 2763 4830 2982 4881; x_wconf 88' lang='lat' dir='ltr'>mutare</span> <span class='ocrx_word' id='word_1_802' title='bbox 3013 4832 3192 4896; x_wconf 88' lang='lat' dir='ltr'>queat</span> <span class='ocrx_word' id='word_1_803' title='bbox 3222 4826 3493 4898; x_wconf 64' lang='lat' dir='ltr'>Ethiops</span> <span class='ocrx_word' id='word_1_804' title='bbox 3522 4824 3708 4897; x_wconf 87' lang='lat' dir='ltr'>pellem</span> 
     </span>
    </p>
   </div>
   <div class='ocr_carea' id='block_1_108' title="bbox 2104 4915 3708 4990">
    <p class='ocr_par' dir='ltr' id='par_1_108' title="bbox 2104 4915 3708 4990">
     <span class='ocr_line' id='line_1_108' title="bbox 2104 4915 3708 4990; baseline -0.006 -17"><span class='ocrx_word' id='word_1_805' title='bbox 2104 4934 2284 4984; x_wconf 89' lang='lat' dir='ltr'>suam,</span> <span class='ocrx_word' id='word_1_806' title='bbox 2313 4933 2377 4972; x_wconf 89' lang='lat' dir='ltr'>ac</span> <span class='ocrx_word' id='word_1_807' title='bbox 2407 4921 2598 4990; x_wconf 57' lang='grc' dir='ltr'>παις)</span> <span class='ocrx_word' id='word_1_808' title='bbox 2624 4915 2833 4988; x_wconf 90' lang='lat' dir='ltr'>pardus</span> <span class='ocrx_word' id='word_1_809' title='bbox 2863 4915 3167 4970; x_wconf 87' lang='lat' dir='ltr'>varietates</span> <span class='ocrx_word' id='word_1_810' title='bbox 3210 4933 3377 4983; x_wconf 82' lang='lat' dir='ltr'>snas,</span> <span class='ocrx_word' id='word_1_811' title='bbox 3411 4922 3474 4970; x_wconf 89' lang='lat' dir='ltr'>tu</span> <span class='ocrx_word' id='word_1_812' title='bbox 3505 4926 3708 4986; x_wconf 90' lang='lat' dir='ltr'>quoque</span> 
     </span>
    </p>
   </div>
   <div class='ocr_carea' id='block_1_109' title="bbox 2101 5002 3711 5076">
    <p class='ocr_par' dir='ltr' id='par_1_109' title="bbox 2101 5002 3711 5076">
     <span class='ocr_line' id='line_1_109' title="bbox 2101 5002 3711 5076; baseline -0.004 -14"><span class='ocrx_word' id='word_1_813' title='bbox 2101 5007 2273 5062; x_wconf 81' lang='lat' dir='ltr'>stulte</span> <span class='ocrx_word' id='word_1_814' title='bbox 2303 5012 2361 5061; x_wconf 90' lang='lat' dir='ltr'>et</span> <span class='ocrx_word' id='word_1_815' title='bbox 2387 5022 2546 5071; x_wconf 61' lang='grc' dir='ltr'>αωοβ,</span> <span class='ocrx_word' id='word_1_816' title='bbox 2568 5003 2894 5060; x_wconf 85' lang='lat' dir='ltr'>benefacere</span> <span class='ocrx_word' id='word_1_817' title='bbox 2917 5004 3152 5076; x_wconf 80' lang='lat' dir='ltr'>poteris,</span> <span class='ocrx_word' id='word_1_818' title='bbox 3169 5021 3310 5062; x_wconf 88' lang='lat' dir='ltr'>cum</span> <span class='ocrx_word' id='word_1_819' title='bbox 3333 5005 3490 5061; x_wconf 88' lang='lat' dir='ltr'>mala</span> <span class='ocrx_word' id='word_1_820' title='bbox 3517 5002 3711 5059; x_wconf 87' lang='lat' dir='ltr'>didice-</span> 
     </span>
    </p>
   </div>
   <div class='ocr_carea' id='block_1_110' title="bbox 2103 5093 3713 5161">
    <p class='ocr_par' dir='ltr' id='par_1_110' title="bbox 2103 5093 3713 5161">
     <span class='ocr_line' id='line_1_110' title="bbox 2103 5093 3713 5161; baseline -0.006 -7"><span class='ocrx_word' id='word_1_821' title='bbox 2103 5097 2201 5154; x_wconf 83' lang='lat' dir='ltr'>ris.</span> <span class='ocrx_word' id='word_1_822' title='bbox 2248 5096 2395 5161; x_wconf 88' lang='lat' dir='ltr'>Quin</span> <span class='ocrx_word' id='word_1_823' title='bbox 2429 5101 2485 5151; x_wconf 90' lang='lat' dir='ltr'>te</span> <span class='ocrx_word' id='word_1_824' title='bbox 2523 5094 2605 5152; x_wconf 86' lang='lat' dir='ltr'>vis</span> <span class='ocrx_word' id='word_1_825' title='bbox 2648 5094 2900 5151; x_wconf 89' lang='lat' dir='ltr'>veritatis</span> <span class='ocrx_word' id='word_1_826' title='bbox 2947 5110 3114 5150; x_wconf 91' lang='lat' dir='ltr'>sensu</span> <span class='ocrx_word' id='word_1_827' title='bbox 3147 5095 3388 5151; x_wconf 82' lang='lat' dir='ltr'>afﬁcit?</span> <span class='ocrx_word' id='word_1_828' title='bbox 3431 5095 3572 5149; x_wconf 80' lang='lat' dir='ltr'>Nam</span> <span class='ocrx_word' id='word_1_829' title='bbox 3619 5093 3713 5146; x_wconf 93' lang='lat' dir='ltr'>hoc</span> 
     </span>
    </p>
   </div>
   <div class='ocr_carea' id='block_1_111' title="bbox 2101 5180 3715 5265">
    <p class='ocr_par' dir='ltr' id='par_1_111' title="bbox 2101 5180 3715 5265">
     <span class='ocr_line' id='line_1_111' title="bbox 2101 5180 3715 5265; baseline -0.004 -25"><span class='ocrx_word' id='word_1_830' title='bbox 2101 5184 2286 5257; x_wconf 88' lang='lat' dir='ltr'>ipsum</span> <span class='ocrx_word' id='word_1_831' title='bbox 2299 5185 2444 5257; x_wconf 92' lang='lat' dir='ltr'>quod</span> <span class='ocrx_word' id='word_1_832' title='bbox 2458 5185 2558 5251; x_wconf 88' lang='lat' dir='ltr'>ais,</span> <span class='ocrx_word' id='word_1_833' title='bbox 2579 5201 2615 5240; x_wconf 90' lang='lat' dir='ltr'>a</span> <span class='ocrx_word' id='word_1_834' title='bbox 2625 5184 2818 5240; x_wconf 88' lang='lat' dir='ltr'>multis</span> <span class='ocrx_word' id='word_1_835' title='bbox 2830 5183 3147 5242; x_wconf 83' lang='lat' dir='ltr'>admirabili</span> <span class='ocrx_word' id='word_1_836' title='bbox 3167 5185 3472 5265; x_wconf 85' lang='lat' dir='ltr'>sapientia</span> <span class='ocrx_word' id='word_1_837' title='bbox 3480 5180 3715 5257; x_wconf 65' lang='lat' dir='ltr'>praeditis</span> 
     </span>
    </p>
   </div>
   <div class='ocr_carea' id='block_1_112' title="bbox 2102 5270 3714 5345">
    <p class='ocr_par' dir='ltr' id='par_1_112' title="bbox 2102 5270 3714 5345">
     <span class='ocr_line' id='line_1_112' title="bbox 2102 5270 3714 5345; baseline -0.004 -17"><span class='ocrx_word' id='word_1_838' title='bbox 2102 5275 2239 5332; x_wconf 88' lang='lat' dir='ltr'>viris</span> <span class='ocrx_word' id='word_1_839' title='bbox 2276 5274 2518 5332; x_wconf 81' lang='lat' dir='ltr'>nefarios</span> <span class='ocrx_word' id='word_1_840' title='bbox 2550 5279 2678 5330; x_wconf 88' lang='lat' dir='ltr'>tuos</span> <span class='ocrx_word' id='word_1_841' title='bbox 2727 5274 2910 5329; x_wconf 89' lang='lat' dir='ltr'>cultus</span> <span class='ocrx_word' id='word_1_842' title='bbox 2957 5272 3204 5339; x_wconf 88' lang='lat' dir='ltr'>laudari,</span> <span class='ocrx_word' id='word_1_843' title='bbox 3241 5280 3426 5345; x_wconf 84' lang='lat' dir='ltr'>atque</span> <span class='ocrx_word' id='word_1_844' title='bbox 3460 5292 3491 5328; x_wconf 89' lang='lat' dir='ltr'>a</span> <span class='ocrx_word' id='word_1_845' title='bbox 3538 5270 3714 5327; x_wconf 87' lang='lat' dir='ltr'>multis</span> 
     </span>
    </p>
   </div>
   <div class='ocr_carea' id='block_1_113' title="bbox 2095 5358 3714 5439">
    <p class='ocr_par' dir='ltr' id='par_1_113' title="bbox 2095 5358 3714 5439">
     <span class='ocr_line' id='line_1_113' title="bbox 2095 5358 3714 5439; baseline -0.005 -17"><span class='ocrx_word' id='word_1_846' title='bbox 2095 5363 2331 5434; x_wconf 83' lang='lat' dir='ltr'>regibus</span> <span class='ocrx_word' id='word_1_847' title='bbox 2360 5363 2700 5430; x_wconf 83' lang='lat' dir='ltr'>conﬁrmari,</span> <span class='ocrx_word' id='word_1_848' title='bbox 2734 5369 3039 5435; x_wconf 75' lang='lat' dir='ltr'>contraque</span> <span class='ocrx_word' id='word_1_849' title='bbox 3076 5362 3497 5439; x_wconf 76' lang='lat' dir='ltr'>Evangelicam</span> <span class='ocrx_word' id='word_1_850' title='bbox 3524 5358 3714 5435; x_wconf 62' lang='lat' dir='ltr'>praedi-</span> 
     </span>
    </p>
   </div>
   <div class='ocr_carea' id='block_1_114' title="bbox 2101 5449 3712 5528">
    <p class='ocr_par' dir='ltr' id='par_1_114' title="bbox 2101 5449 3712 5528">
     <span class='ocr_line' id='line_1_114' title="bbox 2101 5449 3712 5528; baseline -0.003 -20"><span class='ocrx_word' id='word_1_851' title='bbox 2101 5453 2379 5514; x_wconf 79' lang='lat' dir='ltr'>cationem</span> <span class='ocrx_word' id='word_1_852' title='bbox 2419 5469 2454 5508; x_wconf 89' lang='lat' dir='ltr'>a</span> <span class='ocrx_word' id='word_1_853' title='bbox 2477 5453 2689 5526; x_wconf 88' lang='lat' dir='ltr'>paucis,</span> <span class='ocrx_word' id='word_1_854' title='bbox 2715 5453 2894 5526; x_wconf 89' lang='lat' dir='ltr'>iisque</span> <span class='ocrx_word' id='word_1_855' title='bbox 2923 5451 3180 5528; x_wconf 83' lang='lat' dir='ltr'>obscuris</span> <span class='ocrx_word' id='word_1_856' title='bbox 3223 5453 3372 5508; x_wconf 72' lang='lat' dir='ltr'>viris</span> <span class='ocrx_word' id='word_1_857' title='bbox 3414 5449 3712 5525; x_wconf 64' lang='lat' dir='ltr'>praedicari,</span> 
     </span>
    </p>
   </div>
   <div class='ocr_carea' id='block_1_115' title="bbox 2097 5541 3716 5626">
    <p class='ocr_par' dir='ltr' id='par_1_115' title="bbox 2097 5541 3716 5626">
     <span class='ocr_line' id='line_1_115' title="bbox 2097 5541 3716 5626; baseline -0.002 -29"><span class='ocrx_word' id='word_1_858' title='bbox 2097 5543 2158 5598; x_wconf 87' lang='lat' dir='ltr'>id</span> <span class='ocrx_word' id='word_1_859' title='bbox 2182 5559 2312 5612; x_wconf 86' lang='lat' dir='ltr'>vero</span> <span class='ocrx_word' id='word_1_860' title='bbox 2331 5548 2454 5626; x_wconf 76' lang='lat' dir='ltr'>tum</span> <span class='ocrx_word' id='word_1_861' title='bbox 2473 5543 2762 5618; x_wconf 71' lang='lat' dir='ltr'>religionis</span> <span class='ocrx_word' id='word_1_862' title='bbox 2777 5547 2981 5616; x_wconf 58' lang='lat' dir='ltr'>nostra;</span> <span class='ocrx_word' id='word_1_863' title='bbox 3006 5541 3142 5610; x_wconf 88' lang='lat' dir='ltr'>vim,</span> <span class='ocrx_word' id='word_1_864' title='bbox 3163 5546 3302 5609; x_wconf 81' lang='lat' dir='ltr'>tum</span> <span class='ocrx_word' id='word_1_865' title='bbox 3333 5541 3716 5616; x_wconf 88' lang='lat' dir='ltr'>improborum</span> 
     </span>
    </p>
   </div>
   <div class='ocr_carea' id='block_1_116' title="bbox 2101 5631 3720 5716">
    <p class='ocr_par' dir='ltr' id='par_1_116' title="bbox 2101 5631 3720 5716">
     <span class='ocr_line' id='line_1_116' title="bbox 2101 5631 3720 5716; baseline -0.006 1"><span class='ocrx_word' id='word_1_866' title='bbox 2101 5638 2414 5703; x_wconf 53' lang='lat' dir='ltr'>Vestram“</span> <span class='ocrx_word' id='word_1_867' title='bbox 2443 5633 2781 5716; x_wconf 58' lang='lat' dir='ltr'>ﬂectamus</span> <span class='ocrx_word' id='word_1_868' title='bbox 2819 5631 3278 5713; x_wconf 50' lang='lat' dir='ltr'>meammeam</span> <span class='ocrx_word' id='word_1_869' title='bbox 3316 5649 3389 5714; x_wconf 65' lang='lat' dir='ltr'>eo</span> <span class='ocrx_word' id='word_1_870' title='bbox 3418 5631 3720 5715; x_wconf 68' lang='lat' dir='ltr'>Perniciem</span> 
     </span>
    </p>
   </div>
  </div>
