3876 6190
227 368 311 424 573

578 367 746 422 V'ITA
787 365 1225 425 SANCTORUM
1265 368 1612 427 BARLAAM
1652 367 1998 427 EREMITJE
2035 368 2122 426 ET
2159 367 2523 426 JOSAPHAT
2565 368 2638 424 ΙΝ
2649 366 2795 425 1)le
2833 363 3063 420 REGIS.

3355 360 3417 418 5.7
3429 360 3465 418 4,

225 496 568 550 demonstrat:
599 492 810 564 quippe
837 509 967 548 cum
997 492 1253 548 doctrina
1281 499 1484 560 vestra,
1528 495 1784 567 quamvis
1795 497 1848 557 A
1865 510 2100 566 expone.
2134 492 2280 558 Quid
2308 493 2378 548 de
2423 493 2574 566 ipsis
2593 493 2756 566 quod.
2777 491 3062 564 praedices,
3108 486 3326 555 habes,
3350 485 3460 548 nisi

226 584 442 640 eruditos
467 588 726 654 patronos
755 600 821 637 ac
851 584 1044 638 ﬁrmos
1060 583 1348 654 adjutores
1377 584 1601 651 habeat,
1629 585 1782 639 debi-

226 675 391 727 litetur
419 679 600 726 tamen
622 679 680 726 et
699 673 1088 742 exstinguatur
1107 692 1120 741 ;
1138 680 1333 728 nostra
1351 679 1542 728 autem
1563 674 1777 746 religio,

225 763 332 816 licet
361 761 502 814 omni
524 761 772 815 humano
800 760 1049 816 subsidio
1079 767 1286 826 careat,
1319 763 1434 816 sole
1464 767 1655 817 tamen
1675 763 1782 816 cla-

223 851 319 906 rius
343 851 532 915 luceat,
564 851 869 921 orbemque
898 856 1080 904 totum
1110 851 1430 921 occuparit:
1463 867 1591 905 nam
1636 851 1682 905 si
1712 850 1782 905 ab

225 938 504 994 amtoribus
535 945 592 994 et
615 939 960 1010 philosophis
987 939 1138 993 edita
1165 939 1380 1001 fuisset,
1412 957 1683 1012 regesque
1719 957 1785 994 ac

225 1029 468 1100 principes
492 1029 780 1101 adjutores
809 1028 1115 1096 habuisset,
1167 1029 1351 1083 dicere
1399 1029 1652 1095 fortasse,
1702 1030 1784 1083 vir

225 1117 459 1188 improbe,
494 1118 790 1188 potuisses,
822 1118 1130 1172 humanam
1156 1119 1465 1190 potentiam
1506 1119 1561 1173 id
1603 1125 1785 1173 totum

223 1207 534 1278 pra-stitisse.
557 1208 720 1262 Nunc
733 1224 861 1261 vero
882 1213 1136 1262 sanctum
1155 1207 1515 1278 Evangelinm
1535 1225 1570 1262 a
1587 1207 1786 1262 vilibus

225 1295 557 1366 piscatoribus
575 1297 972 1367 conscriptum,
997 1303 1167 1368 atque
1195 1296 1266 1350 ab
1294 1297 1554 1352 omnibus
1591 1303 1787 1368 tyran-

227 1385 295 1437 nis
321 1392 586 1450 vexatum,
612 1385 786 1439 nihilo
815 1391 1004 1440 tamen
1027 1386 1209 1440 secius
1229 1391 1410 1440 totum
1435 1385 1627 1440 orbem
1648 1385 1789 1440 obti-

226 1489 334 1526 nere
361 1474 697 1545 perspiciens
727 1474 808 1540 (in
837 1491 1060 1529 omnem
1090 1475 1260 1540 enim,
1285 1475 1471 1546 inquit
1497 1475 1591 1529 ille
1618 1475 1784 1545 [PsaL

227 1576 335 1616 xvm
360 1581 371 1628 ς
401 1565 552 1617 Rom.
586 1563 662 1633 x],
693 1569 901 1617 terram
921 1564 1089 1618 exivit
1105 1581 1275 1618 sonus
1305 1581 1518 1627 eorum,
1547 1563 1680 1618 etin
1719 1564 1788 1616 ﬁ-

226 1668 305 1704 nes
327 1651 464 1705 orbis
483 1658 651 1707 terrae
671 1652 840 1707 verba
855 1657 1089 1717 eorum),
1114 1653 1245 1724 quid
1259 1655 1377 1724 jam
1408 1654 1560 1707 aliud
1605 1653 1789 1707 dicere

224 1741 388 1810 possis,
419 1758 592 1811 quam
613 1742 857 1796 divinam
888 1748 942 1797 et
973 1742 1236 1796 invictam
1288 1743 1597 1813 potentiam
1644 1758 1784 1806 esse,

1862 583 2207 639 dementiam
2259 599 2324 637 ac
2381 583 2807 654 turpitudinem,
2871 581 3212 651 inanemque
3252 582 3456 645 artem,

1861 672 2157 727 verborum
2187 671 2467 743 elegantia
2490 672 2693 728 fmtidaa
2740 687 2854 726 suae
2900 669 3186 741 religionis
3235 682 3463 724 caenum.

1862 768 2252 834 contegentem
2264 761 2289 816 ?

1935 852 2082 917 Quin
2111 852 2282 906 etiam
2312 868 2376 905 ex
2407 851 2588 922 poetis
2611 851 2744 916 tuis,
2784 850 3102 923 quicunque
3142 849 3212 906 ab
3243 848 3457 918 ingenti

1863 929 2251 1012 furore-atque
2280 941 2500 995 insania
2528 941 2611 994 vel
2640 941 2922 995 tantulum
2953 956 3240 1008 emergere
3257 945 3458 1008 potue-

1865 1036 2016 1097 runt,
2052 1031 2108 1085 id
2137 1031 2286 1102 quod
2313 1031 2503 1084 verius
2523 1035 2644 1083 crat
2676 1029 2961 1095 dixerunt,
2994 1046 3192 1099 nempe
3222 1045 3318 1082 eos
3362 1027 3458 1097 qui

1867 1121 1947 1174 dii
1998 1121 2354 1192 appellantur
2411 1119 2666 1173 homines
2709 1118 3002 1182 exstitisse,
3050 1135 3112 1172 ac
3164 1122 3459 1188 propterea

1869 1210 2017 1280 quod
2041 1209 2270 1280 quidam
2287 1225 2480 1263 eorum
2503 1207 2734 1262 urbibus
2755 1224 2821 1262 ac
2858 1207 3180 1274 regionibus
3217 1206 3461 1276 impera-

1868 1305 2019 1362 runt,
2039 1299 2266 1370 quidam
2287 1305 2474 1352 autem
2498 1297 2649 1352 aliud
2664 1297 2930 1368 quiddam
2943 1296 3327 1366 nullius-poene
3349 1310 3462 1348 mo-

1869 1387 2066 1453 menti,
2100 1387 2235 1442 dum
2263 1387 2527 1451 viverent,
2577 1387 2896 1449 effecerunt,
2951 1384 3205 1438 homines
3271 1398 3461 1436 errore

1868 1477 2073 1548 lapsos,
2115 1477 2347 1531 deorum
2391 1476 2615 1530 nomine
2657 1492 2751 1529 eos
2800 1475 3130 1546 appellasse.
3183 1471 3461 1541 Principio

1870 1566 2018 1621 enim
2041 1564 2378 1635 SeruchHG)
2424 1565 2516 1618 ille
2561 1571 2778 1620 statuas
2818 1564 3095 1618 invenisse
3141 1563 3458 1616 litterarum

1870 1654 2249 1708 monumentis
2268 1653 2523 1724 proditus
2543 1659 2646 1708 est.
2672 1652 2959 1723 Siquidem
2982 1668 3076 1705 eos
3097 1650 3191 1722 qui
3211 1646 3458 1719 antiqui-

1867 1748 1961 1798 tus
1981 1743 2296 1798 veLstrenui
2312 1743 2508 1807 animi,
2527 1743 2610 1796 vel
2629 1741 2907 1805 amicitiae,
2931 1741 3016 1794 vel
3036 1738 3348 1810 cujuspiam
3375 1736 3459 1790 al-

223 1829 386 1882 salutis
412 1830 675 1884 humanae
699 1846 870 1884 causa
884 1830 1097 1885 cultum
1118 1847 1282 1884 suum
1313 1832 1741 1885 conﬁrmantem
1766 1819 2037 1887 7Bterius
2066 1832 2290 1886 virtutis
2313 1831 2742 1904 Opusmcmoria
2757 1831 2988 1900 dignum
3011 1827 3334 1891 edidissent,
3349 1829 3461 1880 sta-

221 1917 408 1988 Ecquod
433 1924 648 1985 autem,
677 1936 710 1973 ο
735 1936 947 1984 vecors,
981 1926 1377 1991 argumentum
1407 1919 1476 1974 iis
1509 1937 1632 1993 qua:
1662 1921 1784 1991 jam

217 2007 358 2061 allata
375 2013 510 2062 sunt
529 2007 890 2079 praestantius
909 2025 1131 2080 quaeris,
1159 2026 1268 2080 quo
1284 2016 1411 2064 tuos
1429 2009 1675 2075 mentiri,
1690 2027 1785 2064 no-

218 2103 334 2149 stros
359 2113 486 2150 vera
515 2097 669 2168 loqui
697 2097 926 2168 probem
946 2098 1129 2152 ?Nam
1160 2098 1268 2152 nisi
1296 2105 1394 2153 tua
1414 2098 1602 2153 omnia
1623 2115 1783 2170 nugae

218 2201 267 2236 ac
292 2187 547 2255 ﬁgmenta
579 2193 782 2250 essent,
817 2187 1063 2258 profecto
1078 2203 1205 2241 cum
1236 2187 1408 2242 tantis
1428 2187 1690 2241 humanis
1710 2187 1786 2241 vi-

219 2273 343 2326 ribus
373 2274 648 2342 nitantur,
684 2276 1406 2331 minimeimminuerentur
1431 2293 1495 2330 ac
1526 2276 1784 2330 debilita-

219 2370 397 2417 rentur.
419 2365 550 2417 V’idi
569 2365 740 2430 enim,
773 2365 957 2435 inquit
975 2365 1087 2430 ille,
1112 2365 1346 2437 impium
1367 2366 1784 2436 superexaltum

220 2459 263 2504 et
285 2453 548 2506 elevatum
566 2454 712 2508 sicut
726 2455 921 2508 cedros
941 2454 1169 2508 Libani:
1199 2460 1256 2508 et
1295 2455 1546 2518 transivi,
1575 2461 1632 2509 et
1660 2471 1783 2509 ecce

221 2557 307 2594 non
333 2551 486 2607 erat;
525 2543 924 2613 quaesivieum,
968 2551 1025 2598 et
1051 2560 1164 2598 non
1194 2550 1275 2598 est
1325 2543 1585 2598 inventus
1630 2544 1784 2598 locus

220 2632 317 2699 ejus
338 2634 470 2692 \l’sa!
482 2672 497 2684 .
513 2637 722 2697 xxxvl).
747 2632 827 2686 De
848 2633 1020 2700 vobis,
1041 2633 1137 2704 qui
1166 2633 1349 2686 insani
1368 2633 1645 2687 idolorum
1667 2633 1787 2687 cul-

222 2725 291 2772 tus
313 2727 753 2792 propugnatores
798 2721 947 2779 estis.
981 2722 1097 2777 haec
1127 2723 1266 2776 dixit
1303 2723 1619 2793 Propheta:
1662 2723 1786 2777 Jam

218 2809 412 2879 jamque
439 2810 618 2875 enim,
660 2815 718 2864 et
743 2827 855 2864 non
884 2810 1202 2866 invenietur
1243 2797 1419 2882 ipsius
1453 2812 1644 2876 locus;
1689 2811 1784 2866 sed

222 2897 337 2952 sicut
353 2899 544 2954 deﬁcit
570 2899 779 2964 fumus,
811 2899 1048 2963 deﬁciet,
1078 2906 1135 2954 et
1153 2900 1627 2971 quemadmodum
1655 2900 1788 2954 deli-

221 2987 282 3040 cit
303 3005 417 3042 cera
444 3006 482 3042 a
511 2989 651 3043 facie
676 2989 842 3060 ignis,
876 2989 954 3044 sic
977 2989 1229 3060 peribitis
1252 2993 1411 3057 (Psal.
1440 2995 1624 3056 vau).

279 3078 465 3132 Contra
501 3079 571 3132 de
614 3079 944 3149 Evangelica
985 3078 1086 3133 Dei
1129 3079 1444 3149 cognitione
1489 3078 1630 3133 dixit
1673 3079 1786 3133 Do-

1866 1922 1977 1976 tuis
2007 1938 2235 1976 ornasse
2255 1921 2482 1976 dicitur.
2507 1921 2722 1974 Posteri
2758 1924 2966 1985 autem,
2995 1919 3273 1988 majorum
3301 1929 3458 1968 mena

1868 2015 1980 2065 tem
2011 2011 2355 2081 ignorantes,
2405 2026 2606 2081 nempe
2653 2009 2802 2080 quod
2850 2007 3134 2062 memoriae
3189 2006 3462 2060 duntaxat

1867 2117 2036 2154 causa
2064 2101 2134 2156 iis
2173 2100 2268 2172 qui
2297 2100 2462 2154 laude
2487 2099 2719 2169 dignum
2749 2097 2962 2168 aliquid
2993 2095 3306 2150 eﬁ‘ecissent.
3343 2100 3460 2147 sta-

1865 2193 1992 2244 tuas
2022 2195 2079 2244 et
2105 2189 2396 2244 columnas
2414 2188 2738 2252 erexissent,
2769 2185 3037 2240 daemonis
3065 2185 3183 2238 vitii
3215 2181 3462 2238 auctoris

1867 2293 2037 2349 opera
2057 2277 2329 2349 paulatim
2360 2277 2704 2340 aberrantes,
2739 2275 2993 2330 homines
3021 2274 3219 2328 iisdem
3250 2272 3459 2342 passio-

1866 2367 2031 2421 nibus
2061 2366 2326 2421 obnoxios
2353 2384 2418 2420 ac
2448 2365 2794 2437 corruptioni
2837 2364 3139 2434 subjectos,
3187 2367 3458 2431 tanquam

1864 2456 2212 2511 immortales
2249 2457 2382 2511 deos
2409 2456 2735 2519 adorarunt,
2782 2453 3166 2524 sacriﬁciaque
3217 2451 3357 2522 ipsis
3395 2465 3461 2503 ac

1865 2545 2135 2599 libamina
2193 2545 2623 2615 excogitarunt:
2684 2542 3030 2598 daemonibus
3086 2540 3343 2595 videlicet
3400 2539 3458 2596 in

1870 2635 2074 2688 statuis
2101 2634 2505 2697 habitantibus,
2538 2640 2706 2704 atque
2729 2631 3052 2702 hujusmodi
3097 2631 3367 2685 honorem
3403 2632 3462 2685 et

1868 2724 2143 2779 sacriﬁcia
2163 2725 2232 2778 ad
2253 2741 2374 2780 sese
2402 2721 2873 2796 pertrahentibus.
2899 2722 2987 2777 Illi
3002 2722 3192 2791 itaque
3229 2735 3324 2773 eos
3364 2718 3461 2790 qui

1868 2813 2048 2868 Deum
2078 2814 2136 2868 in
2167 2814 2370 2868 notitia
2397 2813 2601 2867 habere
2633 2812 2866 2866 minime
2902 2809 3145 2882 probant
3187 2810 3361 2875 (Rom.
3395 2811 3458 2874 1),

1869 2901 2076 2973 duplici
2106 2903 2176 2956 de
2223 2919 2394 2957 causa
2437 2908 2504 2956 ut
2547 2918 2606 2955 se
2647 2901 2784 2955 deos
2820 2917 2944 2954 esse
2997 2898 3317 2953 existiment
3359 2896 3460 2952 ad-

1870 2992 2117 3046 ducunt:
2157 2992 2354 3058 altera,
2399 2996 2464 3046 ut
2505 2988 2614 3062 ipsi
2662 2990 2768 3044 hoc
2815 2988 3042 3044 nomine
3087 2987 3459 3051 celebrentur,

1867 3081 2120 3152 gaudent
2139 3081 2288 3135 enim
2305 3081 2430 3154 ipsi,
2452 3085 2643 3152 utpote
2653 3079 2801 3133 fastu
2823 3083 2990 3149 atque
3007 3071 3330 3147 arrogantia
3342 3075 3462 3146 ple-

221 3165 399 3222 minus:
419 3167 878 3222 Caelumetterra
897 3167 1237 3234 transibunt,
1265 3168 1431 3222 verba
1449 3173 1638 3222 autem
1659 3184 1786 3223 mea
1807 3179 1850 3240 ο
1871 3171 1949 3236 ni,
1975 3188 2102 3224 cum
2132 3170 2269 3242 ipsis
2296 3176 2565 3242 tanquam
2598 3168 2704 3222 diis
2731 3168 2909 3222 honor
2937 3165 3206 3222 tribuitur
3229 3164 3459 3232 ;altera,

222 3270 311 3308 non
331 3256 652 3311 transibunt
675 3259 846 3320 (Luca
872 3261 1006 3325 xm).
1030 3259 1110 3312 Ac
1137 3274 1362 3312 rursum
1395 3258 1676 3329 Propheta
1700 3257 1787 3311 his

224 3343 374 3398 verbis
401 3347 617 3400 utitur:
653 3347 717 3400 In
737 3346 1012 3418 principio
1033 3352 1116 3412 tu,
1143 3346 1398 3413 Domine,
1433 3352 1644 3401 terram
1660 3345 1788 3401 tun-

223 3432 358 3501 dasti,
388 3442 442 3489 et
460 3452 642 3506 opera
661 3452 930 3490 manuum
947 3441 1170 3491 tuarum
1197 3444 1329 3491 sunt
1348 3436 1490 3490 cna-li.
1514 3436 1627 3508 Ipsi
1646 3435 1790 3508 peri-

223 3519 352 3586 bunt,
381 3531 441 3578 tu
471 3531 671 3578 autem
690 3541 1005 3596 permanes,
1041 3531 1099 3580 et
1111 3542 1305 3580 omnes
1326 3526 1470 3580 sicut
1490 3525 1790 3580 vestimen-

223 3619 320 3666 tum
349 3620 715 3668 veterascent.
751 3615 820 3668 Et
844 3613 989 3668 sicut
1016 3615 1360 3686 cpertorium
1401 3615 1645 3670 mutabis
1673 3631 1787 3682 eos,

225 3707 268 3754 et
291 3703 695 3768 mutabuntur;
726 3709 789 3757 tu
813 3709 1004 3758 autem
1035 3704 1183 3758 idem
1212 3703 1332 3775 ipse
1357 3721 1434 3770 es,
1459 3710 1516 3759 et
1546 3705 1679 3758 anni
1711 3703 1792 3757 tui

225 3805 315 3844 non
339 3793 605 3847 deﬁcient
634 3795 799 3860 (Psal.
835 3799 930 3861 cr).
955 3794 1034 3847 Ac
1069 3793 1241 3846 divini
1271 3792 1492 3864 quidem
1523 3794 1794 3848 adventus

226 3879 399 3936 Christi
426 3898 737 3954 praecones,
763 3889 821 3936 et
845 3881 1126 3953 sapientes
1144 3881 1294 3936 orbis
1315 3888 1594 3936 terrarum
1621 3883 1795 3954 pisca-

224 3973 365 4037 tores,
397 3972 497 4042 qui
527 3989 591 4025 ex
617 3971 822 4026 erroris
850 3988 914 4025 ac
934 3971 1147 4026 fraudis
1168 3971 1430 4042 voragine
1465 3988 1659 4026 omnes
1697 3988 1793 4025 ex-

225 4064 493 4115 traxerunt
520 4067 679 4131 (quos
707 4061 933 4131 quidem
956 4066 1037 4126 tu,
1073 4061 1168 4132 qui
1194 4061 1406 4132 peccati
1439 4077 1565 4114 vere
1603 4077 1795 4115 servus

223 4164 287 4209 es,
315 4149 634 4220 aspernaris
654 4166 721 4204 ac
746 4150 906 4203 nihili
925 4150 1162 4222 pendis),
1195 4167 1296 4222 per
1316 4150 1478 4220 signa
1505 4155 1563 4204 et
1606 4149 1796 4221 prodi-

1871 3265 1995 3327 32
2012 3267 2044 3324 I
2087 3265 2152 3314 ut
2180 3276 2274 3315 eos
2305 3276 2443 3332 quos
2467 3259 2527 3313 in
2555 3257 2808 3312 fraudem
2830 3254 3235 3310 induxerintad
3255 3270 3464 3326 prepa-

1870 3356 2058 3403 ratum
2085 3348 2190 3403 sibi
2221 3349 2626 3419 sempiternum
2639 3346 2829 3416 ignem
2860 3345 3106 3400 trahant.
3141 3344 3330 3415 quue
3359 3359 3462 3400 no-

1871 3440 2022 3493 mine
2054 3439 2205 3492 omni
2225 3438 2424 3508 ﬂagitii
2447 3455 2512 3492 ac
2530 3435 2896 3507 turpitudinis
2914 3449 3124 3505 genere
3161 3433 3312 3504 ipsos
3333 3449 3464 3490 ενα-ο

1873 3529 2116 3594 dierunt,
2134 3527 2272 3581 adeo
2293 3533 2357 3581 ut
2366 3542 2561 3582 eorum
2580 3525 2945 3596 fraudiatque
2959 3524 3279 3594 imposturze
3291 3522 3465 3578 semel

1873 3617 2081 3672 addicti
2106 3617 2380 3681 homines,
2415 3615 2621 3670 mentis
2649 3613 2894 3668 tenebris
2922 3611 3263 3678 circumfusi,
3295 3617 3466 3683 atque

1875 3707 1944 3760 ad
1967 3707 2242 3760 malorum
2275 3705 2639 3776 colaphonem
2668 3703 2975 3767 venientes,
2990 3701 3076 3756 sui
3093 3700 3329 3771 quisque
3348 3699 3468 3756 vitii

1876 3812 1940 3849 ac
1966 3812 2080 3850 sua:
2103 3794 2426 3866 cupiditatis
2446 3798 2691 3848 statuam
2713 3791 2954 3857 ﬁxerint,
2992 3790 3273 3860 deumque
3293 3787 3471 3844 nomi-

1876 3885 2084 3940 narint.
2113 3885 2235 3949 Qua
2266 3883 2494 3956 quidem
2523 3883 2581 3937 in
2611 3898 2692 3948 re,
2724 3897 2851 3936 cum
2891 3879 3098 3936 erroris
3126 3879 3214 3935 sui
3244 3877 3471 3934 nomine

1877 3973 2201 4028 exsecrandi
2229 3972 2360 4038 sint,
2390 3977 2513 4026 tum
2523 3987 2654 4025 vero
2683 3969 2753 4024 ob
2767 3985 2960 4024 earum
2979 3984 3171 4024 rerum
3185 3983 3324 4038 quas
3340 3966 3470 4021 ado-

1876 4068 2007 4118 rant
2049 4061 2454 4116 absurditateru
2495 4059 2697 4131 majori
2737 4058 3116 4113 exsecratione
3161 4056 3362 4128 dignos
3407 4071 3468 4110 se

1878 4150 2257 4225 praebuerunt.
2292 4150 2355 4206 Id
2385 4154 2576 4204 autem
2605 4149 2802 4202 tandiu
2834 4149 3018 4202 locum
3037 4145 3252 4211 habuit,
3285 4143 3471 4216 quoad

223 4237 300 4305 gia
325 4240 450 4293 solis
479 4239 666 4292 instar
693 4239 751 4292 in
776 4239 986 4294 mundo
1015 4240 1311 4301 fulserunt,
1330 4239 1486 4294 caecis
1513 4239 1692 4293 lucem
1705 4238 1799 4292 do-
1879 4241 2151 4296 Dominus
2169 4256 2269 4310 per
2289 4239 2501 4293 viscera
2512 4236 2907 4292 misericordiae
2928 4251 3044 4290 suae
3057 4251 3159 4289 nos
3179 4234 3276 4304 qui
3293 4233 3471 4305 ipsius

224 4335 415 4395 nantes,
449 4328 644 4383 surdis
673 4328 950 4395 auditum,
986 4327 1198 4384 claudis
1225 4345 1502 4400 gressum,
1561 4327 1798 4382 mortuis
1880 4330 1988 4384 ﬁde
2014 4328 2233 4400 praediti
2257 4343 2470 4393 sumus,
2494 4343 2560 4381 ex
2582 4324 2833 4396 improbo
2864 4340 2928 4378 ac
2962 4323 3226 4394 pestifero
3270 4322 3472 4391 hujusv

223 4413 436 4488 denique
465 4417 644 4471 vitam
675 4418 1082 4488 impertientes.
1114 4419 1259 4473 Nam
1280 4418 1366 4473 vel
1381 4434 1576 4472 eorum
1601 4417 1801 4472 dunta-
1881 4418 2232 4473 modierrore
2247 4413 2891 4485 liberavit,veraqueDei
2908 4411 3230 4482 cognitione
3247 4408 3468 4468 imbuit.

224 4515 303 4560 tat
325 4507 541 4562 umbrae
579 4523 776 4562 omnes
815 4507 1104 4562 hominum
1148 4507 1372 4562 morbos
1425 4499 2076 4579 proﬁigabantDNeque
2103 4506 2251 4561 enim
2272 4505 2332 4560 in
2351 4504 2461 4560 alio
2480 4505 2596 4561 ullo
2616 4503 2768 4558 salus
2805 4507 2908 4569 est,
2933 4518 3035 4558 nec
3065 4504 3272 4572 praeter
3288 4498 3474 4570 ipsum

228 4599 344 4656 (Act.
378 4603 449 4667 v).
485 4599 782 4652 Daemones
811 4613 951 4669 quos
980 4614 1075 4651 vos
1103 4603 1168 4652 ut.
1195 4597 1329 4652 deos
1371 4597 1639 4661 metuitis,
1686 4612 1800 4651 non

225 4686 368 4763 modo
386 4687 456 4742 ab
473 4687 740 4742 humanis
762 4686 1086 4758 corporibus
1113 4685 1485 4759 depellebant,
1509 4686 1606 4740 sed
1630 4685 1801 4740 etiam

225 4777 382 4832 crucis
410 4778 576 4849 signo
606 4794 672 4830 ex
690 4776 811 4848 ipso
829 4782 1110 4831 terrarum
1134 4776 1268 4831 orbe
1287 4775 1590 4847 fugabant:
1639 4776 1800 4845 cujus

224 4880 313 4936 ope
339 4875 510 4940 atque
541 4867 868 4936 adjumento
898 4883 1122 4921 omnem
1145 4865 1371 4936 quidem
1394 4864 1640 4936 magiam
1655 4864 1803 4918 dele-

224 4963 423 5022 verunt,
443 4955 825 5026 veneficiaque
840 4955 1201 5010 omniairrita
1221 4954 1606 5009 reddiderunt.
1620 4955 1802 5024 Atque

221 5042 291 5098 illi
317 5046 544 5116 quidem
575 5045 823 5100 humana
839 5044 1170 5099 inﬁrmitate
1185 5060 1287 5115 per
1311 5043 1517 5098 Christi
1537 5043 1803 5097 virtutem

223 5133 280 5186 ad
308 5134 457 5189 hunc
496 5134 728 5189 modum
755 5133 956 5199 sanati,
981 5133 1260 5204 rebusque
1287 5132 1546 5188 omnibus
1565 5131 1802 5186 conditis

223 5225 510 5287 renovatis,
541 5230 814 5295 tanquam
833 5223 1083 5278 veritatis
1109 5239 1390 5295 praecones
1437 5221 1510 5277 ab
1543 5220 1802 5276 omnibus

219 5311 279 5365 iis
298 5315 391 5385 qui
411 5314 692 5386 sapientia
705 5314 928 5386 praediti
940 5319 1075 5368 sunt
1088 5314 1410 5380 laudantur,
1428 5311 1811 5367 admirationi-

223 5418 319 5473 que
345 5405 644 5459 habentur.
662 5404 806 5470 Quid
825 5410 1016 5459 autem
1029 5403 1374 5476 habes,quod
1385 5404 1454 5458 de
1465 5401 1812 5475 sapientibus

221 5498 380 5563 atque
389 5494 708 5549 oratoribus
719 5493 851 5553 tuis.
868 5510 1107 5564 quorum
1128 5494 1278 5549 Deus
1301 5492 1636 5564 sapientiam
1667 5490 1810 5546 stul-

220 5587 326 5636 tam
336 5581 493 5649 fecit,
505 5584 572 5639 de
589 5583 722 5652 illis,
732 5583 993 5657 inquam,
1012 5582 1219 5639 diaboli
1228 5580 1480 5655 patronis
1491 5580 1808 5637 inmedium

219 5671 452 5730 afferas?
472 5673 614 5740 Quid
624 5673 910 5736 memoria
936 5672 1172 5746 dignum
1206 5671 1418 5730 mundo
1447 5671 1804 5748 reliquerint,

1882 4597 2062 4652 solum
2089 4595 2184 4668 qui
2212 4595 2486 4650 mundum
2526 4593 2727 4659 eﬁ‘ecit,
2776 4608 2840 4647 ac
2881 4589 3102 4647 virtutis
3143 4605 3256 4648 sua
3307 4585 3473 4648 verbo

1883 4684 2070 4740 omnia
2082 4689 2270 4757 portat
2287 4685 2466 4752 (Hebr.
2497 4685 2554 4750 1),
2581 4682 2725 4737 alius
2741 4681 2878 4735 deus
2906 4685 3006 4736 aut
3031 4679 3091 4735 in
3122 4678 3262 4734 melo
3289 4680 3389 4734 aut
3415 4675 3474 4740 in

1881 4780 2036 4829 terra
2085 4779 2188 4829 est.
2237 4772 2420 4828 Verbo
2467 4773 2618 4828 enim
2661 4769 2904 4837 Domini,
2952 4767 3138 4839 inquit
3182 4767 3295 4833 ille,
3350 4765 3474 4831 cali

1883 4865 2092 4920 ﬁrmati
2118 4868 2269 4931 sunt,
2293 4869 2348 4918 et
2382 4862 2584 4934 spiritu
2619 4859 2734 4916 oris
2779 4860 2902 4930 ejus
2949 4857 3133 4914 omnis
3178 4857 3358 4912 virtus
3387 4872 3477 4914 eoe-

1884 4971 2010 5010 rum
2042 4957 2207 5022 (Ρεαι.
2257 4956 2455 5020 xxxn);
2509 4956 2678 5020 atque
2723 4948 2915 5003 omnia
2959 4963 3060 5019 per
3096 4947 3280 5018 ipsum
3330 4945 3478 5002 facta

1884 5049 2035 5109 sunt,
2068 5048 2129 5097 et
2153 5042 2275 5096 sine
2303 5040 2422 5112 ipso
2452 5040 2661 5094 factum
2695 5043 2780 5092 est
2809 5036 2948 5090 nihil
2978 5036 3128 5108 quod
3153 5035 3362 5092 factum
3389 5039 3480 5096 est

1883 5134 2066 5205 (Joan.
2092 5135 2156 5201 1).

1953 5221 2211 5278 Theudas
2239 5224 2432 5275 autem
2459 5234 2588 5275 cum
2616 5217 2733 5272 hec
2761 5215 2930 5272 verba
2951 5214 3276 5280 audivisset,
3307 5220 3477 5286 atque

1883 5311 2206 5384 hujusmodi
2233 5325 2551 5366 sermonem
2581 5306 2847 5362 divinitus
2875 5306 3061 5364 infusa
3073 5303 3354 5378 sapientia
3367 5303 3479 5374 ple-

1883 5419 2018 5457 num
2038 5404 2725 5469 essecerneret,tanquam
2746 5395 2988 5453 tonitrui
3001 5411 3139 5451 sono
3161 5393 3478 5466 perculsus,

1883 5490 2106 5546 silentio
2124 5489 2441 5544 tenebatur.
2478 5487 2727 5544 Tandem
2756 5493 2947 5544 autem
2979 5483 3280 5556 aliquando
3309 5479 3478 5534 mise-

1889 5579 2032 5634 riam
2073 5594 2240 5634 suam
2285 5593 2594 5650 agnoscens
2639 5576 3058 5646 (obtenebratos
3093 5572 3245 5630 enim
3295 5565 3481 5628 cordis

1891 5669 2067 5745 ipsius
2085 5669 2276 5727 oculos
2301 5666 2833 5730 saiutazisdootrina
2853 5662 3132 5736 ment)
