3876 6190
345 354 452 414 575

1363 352 1458 412 DE
1494 353 1682 411 VITIS
1719 351 2016 410 PATRUM
2049 353 2265 410 LIBER
2299 348 2591 408 PRIMUS.

3508 290 3618 382 ere

352 492 552 544 teactae
569 488 697 543 vitae
717 485 1064 559 pmnitudine
1093 485 1324 540 affectus
1345 489 1432 539 est
1455 503 1468 551 ;
1491 488 1661 555 atque
1682 483 1946 538 condem-
1962 482 2013 542 Α
2098 479 2358 534 Theudae
2385 475 2558 548 igitur
2591 472 2679 528 his
2718 467 2902 559 verbis
2947 463 3258 559 institutus.
3305 453 3498 512 statim
3531 465 3622 559 ei:

350 585 484 633 nato
515 579 791 632 idolorum
811 592 1020 640 errore,
1040 575 1109 629 ad
1124 575 1347 646 pietatis
1369 575 1550 628 lucem
1587 573 1848 639 accurrit,
1881 589 1946 626 ac
2025 569 2156 624 aula
2185 567 2418 632 excedit,
2461 569 2630 634 atque
2656 561 2726 616 ad
2755 558 3085 614 sceleratam
3104 549 3426 646 speluncam
3447 555 3624 643 suam

350 667 612 738 deinceps
633 683 666 720 a
687 667 958 720 scelerata
973 671 1031 719 et
1043 665 1381 718 exsecranda
1391 663 1516 717 vitae
1533 663 1750 716 ratione
1769 678 1946 732 usque

353 757 492 810 adeo
523 773 644 810 sese
677 756 932 821 removit,
961 759 1297 824 tantumque
1327 770 1454 806 cum
1486 751 1744 823 turpibus
1773 751 1948 805 animi

353 845 738 899 affectionibus
759 844 1098 915 magicisque
1109 842 1324 896 artibus
1333 842 1541 896 bellum
1557 841 1751 912 gessit,
1778 857 1951 912 quan-

353 940 479 988 tum
496 940 628 988 ante
648 935 855 988 amoris
875 933 1052 988 foedus
1073 949 1200 987 cum
1219 932 1356 1003 ipsis
1378 931 1623 985 ferierat.
1666 932 1809 984 Nam
1828 935 1950 984 tum

356 1023 415 1076 in
436 1023 618 1078 medio
633 1023 866 1077 concilio
884 1029 1060 1087 stans,
1074 1023 1407 1093 praesidente
1428 1037 1576 1091 rege,
1602 1037 1808 1091 magna
1821 1035 1952 1074 voce

359 1113 723 1168 exclamavit:
757 1113 920 1178 Vere,
952 1129 984 1166 o
1005 1128 1120 1173 rex,
1145 1111 1374 1183 spiritus
1401 1111 1502 1164 Dei
1520 1111 1578 1164 in
1593 1111 1708 1164 ﬁlio
1728 1116 1824 1164 tuo
1848 1111 1952 1163 ha-

359 1201 522 1267 bitat,
553 1219 682 1256 vere
703 1199 861 1256 fracti
875 1218 940 1255 ac
951 1201 1200 1272 superati
1215 1217 1427 1264 sumus,
1452 1216 1555 1254 nec
1574 1200 1953 1254 defensionem

283 1320 292 1328 ο
361 1291 534 1345 ullam
565 1291 855 1357 habemus,
887 1308 990 1344 nec
1018 1291 1086 1344 ad
1107 1307 1173 1344 ea
1202 1307 1324 1361 quae
1356 1289 1425 1343 ab
1453 1289 1574 1361 ipso
1613 1305 1954 1344 commemo-

364 1385 488 1434 rata
513 1386 662 1442 sunt,
701 1381 783 1434 vel
805 1381 1158 1450 oculosipsos
1181 1379 1468 1434 obvertere
1496 1395 1808 1449 possumus.
1843 1379 1956 1432 Ma-

362 1485 508 1540 gnus
535 1469 712 1540 igitur
740 1485 932 1523 revera
949 1469 1398 1524 Christianorum
1421 1469 1570 1522 Deus
1600 1472 1727 1534 est,~
1753 1484 1960 1538 magna

365 1558 540 1629 ipsius
570 1559 730 1620 ﬁdes,
761 1575 970 1626 magna
1000 1559 1284 1630 mysteria.

437 1649 749 1702 Conversus
768 1647 958 1718 itaque
979 1648 1048 1701 ad
1071 1648 1219 1717 regis
1239 1648 1436 1708 filium,
1459 1647 1572 1702 ait:
1604 1647 1723 1713 Dic,
1748 1663 1956 1719 quaeso,

365 1753 398 1790 o
427 1737 578 1790 claro
605 1753 672 1790 ac
701 1737 906 1790 illustri
928 1737 1117 1790 animo
1141 1737 1385 1807 praedite,
1424 1737 1647 1791 Deusne
1681 1751 1770 1790 me
1797 1755 1960 1791 exce-

2027 658 2326 730 profectus.
2350 653 2600 724 magicos
2622 649 2794 704 libros
2813 661 2944 701 suos
2971 648 3243 712 tanquam
3267 631 3494 730 sceleris
3507 644 3628 684 om:

2029 724 2116 802 nis
2139 745 2434 818 primitias,
2455 759 2518 796 ac
2537 739 2938 795 diabolicorum
2955 742 3288 786 arcanorum
3305 724 3623 818 thesauros,

2031 806 2290 892 excussit.
2325 835 2450 904 Ipse
2481 835 2667 884 autem
2699 827 2770 881 ad
2806 819 3146 879 sacrosancti
3175 816 3326 870 illius
3373 811 3524 904 viri,-
3555 806 3631 861 ad

2032 943 2199 998 quem
2223 898 2393 979 etiam
2417 921 2638 978 Nachor
2657 917 2996 989 perrexerat.
3011 915 3236 964 antrum
3253 919 3376 960 sese
3389 898 3628 998 confert,

2032 989 2334 1086 rerumque
2362 1027 2591 1068 suarum
2623 1005 2877 1062 omnium
2897 1005 3107 1057 statum
3131 996 3237 1068 ipsi
3266 989 3513 1086 exponit,
3539 1003 3635 1040 ca-

2035 1107 2140 1180 piti
2168 1079 2268 1160 suo
2286 1110 2498 1160 terram
2517 1111 2838 1171 aspergens,
2859 1103 3166 1180 gravesque
3174 1083 3418 1180 gemitus
3432 1079 3630 1180 edens,

2037 1167 2101 1252 ac
2125 1195 2368 1267 seipsum
2397 1189 2660 1262 lacrymis
2680 1182 3038 1258 perfundens,
3060 1175 3386 1243 nefarieque
3405 1185 3510 1267 sua
3522 1167 3634 1264 ila:

2035 1286 2178 1358 gitia
2204 1262 2324 1340 seni
2355 1281 2550 1337 ordine
2579 1287 3044 1332 commemorans.
3075 1266 3176 1322 Ille
3203 1267 3414 1358 autem,
3439 1262 3507 1358 ut
3534 1262 3637 1326 qui

2039 1347 2236 1430 salutis
2266 1372 2465 1426 animae
2487 1365 2800 1428 afferendae,
2833 1367 3000 1430 atque
3019 1374 3086 1412 ex
3104 1349 3411 1422 versipellis
3438 1347 3640 1400 draco-

2039 1465 2125 1520 nis
2137 1461 2388 1518 faucibus
2403 1456 2701 1530 eripiendis
2721 1449 3094 1526 peritissimus
3110 1449 3276 1507 esset,
3289 1433 3640 1530 salutaribus

2039 1553 2224 1609 verbis
2241 1567 2371 1606 eum
2385 1523 2876 1609 demulcet,:izg
2889 1556 2954 1594 ac
2964 1537 3114 1591 velut
3123 1523 3641 1588 excantat.veniam

2042 1642 2298 1715 spondet,
2331 1656 2396 1693 ac
2423 1635 2727 1710 propitium
2759 1636 2817 1686 et
2841 1629 3084 1715 facilem,
3105 1613 3646 1715 ipsi-judicner.n.fore

2043 1703 2354 1804 pollicetur.
2388 1703 2466 1780 Ac
2498 1703 2693 1796 postea
2722 1736 2850 1775 cum
2879 1733 3007 1772 eum
3029 1703 3650 1804 Christianae-fidamu-

363 1830 564 1896 pturus
592 1830 693 1888 est,
719 1826 765 1879 si
785 1825 854 1880 ab
889 1825 1158 1896 improbis
1177 1825 1489 1880 actionibus
1518 1825 1839 1891 abscedens,
1891 1827 1960 1880 ad
1982 1819 2308 1900 Bdimentis
2337 1815 2651 1876 imbuisset,
2681 1809 3102 1900 multorumque
3121 1795 3651 1900 dierum‘jejuniurn

367 1930 497 1969 eum
527 1931 616 1968 me
635 1919 959 1968 convertere
980 1915 1003 1968 ?
1028 1915 1192 1980 Sane,
1235 1915 1418 1986 inquit
1464 1915 1715 1969 veritatis
1761 1933 1960 1986 praeco,
1985 1879 2156 1982 "ipsi
2185 1907 2500 1970 indixisset,
2533 1918 2662 1958 eum
2693 1897 2878 1954 divino
2919 1893 3198 1986 baptismo
3243 1887 3546 1986 lustrant:
3570 1879 3656 1933 Ac

369 2019 520 2066 sane,
537 2003 850 2074 inquam,te
861 2003 1116 2075 excipiet,
1130 2020 1433 2075 omnesque
1445 2003 1577 2058 item
1595 2005 1688 2075 qui
1699 2005 1768 2058 ad
1781 2005 1964 2076 ipsum

369 2107 490 2146 sese
519 2093 912 2147 converterint.
937 2094 1052 2146 Nec
1072 2109 1201 2147 vero
1225 2092 1438 2164 vulgari
1485 2094 1652 2147 modo
1681 2094 1917 2164 excipiet
1947 2112 1962 2162 ;

366 2197 559 2235 verum
589 2187 654 2236 ut
676 2181 791 2236 ﬁlio
813 2199 844 2237 e
871 2182 1179 2253 longinqua
1215 2183 1442 2252 regione
1491 2183 1744 2236 redeunti
1793 2184 1966 2250 (Luca:

371 2273 476 2336 xv),
509 2270 613 2324 hoc
641 2275 744 2336 est,
780 2287 814 2323 a
843 2271 1114 2325 scelerata
1143 2271 1266 2325 vita:
1299 2270 1518 2324 ratione
1555 2271 1624 2325 ad
1674 2271 1964 2324 meliorem

370 2361 589 2429 frugem
619 2376 741 2414 sese
770 2360 1134 2424 convertenti,
1180 2359 1396 2414 obviam
1427 2359 1688 2430 prodibit,
1726 2377 1966 2430 eumque

371 2449 744 2519 amplectetur
772 2455 828 2502 et
863 2448 1310 2514 exosculabitur;
1353 2465 1417 2502 ac
1465 2449 1674 2520 peccati
1715 2449 1967 2504 fmditate

373 2535 645 2601 detracta,
670 2536 858 2590 statim
875 2537 980 2606 ipsi
999 2536 1389 2591 vestimentum
1413 2537 1677 2592 salutaris
1698 2537 1966 2608 imponet,

373 2624 815 2694 charissimaque
842 2625 1035 2694 gloriae
1059 2625 1203 2678 stola
1227 2641 1356 2680 eum
1381 2625 1638 2692 induens,
1674 2627 1971 2699 mysticum

374 2713 632 2783 supernis
661 2713 958 2766 virtutibus
977 2715 1204 2784 epulum
1227 2720 1474 2786 peraget,
1500 2715 1569 2768 ob
1595 2721 1876 2786 receptam
1897 2717 1974 2770 vi-

373 2801 576 2855 delicet
601 2816 759 2855 ovem
777 2803 1054 2873 perditam
1067 2803 1269 2857 festum
1287 2803 1437 2857 diem
1460 2803 1746 2859 celebrans
1762 2807 1969 2874 (Ibid).

375 2891 622 2960 Ipsemet
648 2891 799 2944 enim
819 2891 1090 2946 Dominus
1105 2892 1302 2963 ingens
1321 2893 1380 2947 in
1411 2893 1548 2947 coelo
1567 2895 1836 2964 gaudium
1853 2911 1974 2949 esse

377 2979 518 3034 dixit
545 2995 716 3050 super
737 2995 849 3034 uno
873 2986 1162 3052 peccatore
1194 2981 1577 3052 pcenitentiam
1627 2989 1846 3053 agente.
1897 2985 1975 3038 Ac

377 3085 600 3123 rursum
628 3087 639 3121 :
667 3069 791 3123 Non
814 3070 938 3123 veni
963 3086 1158 3124 vocare
1177 3072 1378 3140 justos,
1410 3071 1507 3126 sed
1541 3078 1861 3143 peccatores
1905 3073 1976 3127 ad

2045 1969 2308 2068 deinceps
2338 2011 2439 2068 per
2459 2007 2682 2048 omnem
2712 1989 2839 2042 vitae
2859 1997 3083 2040 cursum
3103 1979 3197 2034 ille
3217 1976 3433 2068 sincero
3453 1969 3656 2068 animo

2045 2090 2116 2142 de
2147 2063 2408 2142 admissis
2439 2080 2742 2137 sceleribus
2771 2071 3160 2148 paenitentiam
3188 2065 3321 2136 egit,
3349 2063 3657 2132 lacrymis-

2047 2177 2154 2249 que
2181 2193 2245 2230 ac
2271 2171 2576 2245 gemitibus
2605 2170 2784 2224 Deum
2818 2165 3039 2236 placare
3067 2157 3301 2249 studuit.
3587 2237 3598 2247 .

2119 2268 2250 2320 Car.
2277 2243 2480 2318 iurqu
2505 2293 2567 2305 —
2589 2259 2724 2324 Quae
2752 2271 2878 2310 cum
2899 2253 2970 2306 ad
2997 2251 3149 2304 hunc
3176 2243 3403 2300 modum
3431 2243 3659 2294 evenis-

2049 2362 2192 2412 sent.
2223 2370 2320 2408 rex
2349 2349 2568 2406 consilii
2581 2347 2773 2418 inopia
2790 2342 3040 2413 undique
3053 2337 3376 2394 destitutus,
3407 2331 3467 2385 in
3487 2326 3655 2399 gravi

2050 2447 2214 2518 plane
2244 2456 2482 2496 maerore
2511 2435 2858 2498 versabatur,
2883 2431 3184 2498 animoque
3205 2434 3546 2518 magnopere
3567 2419 3660 2518 ja-

2051 2507 2327 2590 ctabatur.
2348 2531 2556 2585 Coacto
2579 2533 2768 2580 autem
2789 2535 3014 2576 rursum
3043 2521 3262 2576 senatu,
3294 2509 3568 2583 quidnam
3587 2507 3662 2560 de

2051 2624 2167 2678 ﬁlio
2199 2639 2299 2676 suo
2313 2611 2874 2686 faceretdispiciebat.
2888 2610 3029 2664 Cum
3051 2609 3241 2660 autem
3257 2599 3418 2654 multi
3439 2597 3660 2686 multas

2053 2709 2360 2768 sententias
2383 2708 2441 2761 in
2469 2685 2715 2760 medium
2745 2698 3128 2773 protulissent,
3161 2690 3407 2746 Araches
3435 2687 3554 2750 ille,
3586 2685 3661 2738 de

2056 2817 2166 2873 quo
2197 2797 2456 2870 superius
2485 2792 2830 2848 mentionem
2845 2787 3096 2848 fecimus,
3121 2781 3289 2854 quiet
3307 2779 3514 2873 ducum
3529 2791 3660 2828 om-

2055 2865 2210 2944 nium
2242 2865 2740 2948 clarissimuserat,
2767 2883 2825 2932 et
2846 2875 3153 2950 principem
3169 2872 3227 2925 in
3253 2872 3451 2924 senatu
3466 2865 3662 2919 locum

2057 2975 2364 3034 obtinebat.
2397 2974 2486 3028 his
2515 2972 2583 3026 ad
2614 2984 2806 3040 regem
2837 2965 3019 3020 verbis
3039 2977 3172 3017 usus
3200 2965 3309 3014 est:
3343 2954 3656 3021 Quidnam,

2059 3085 2091 3123 ο
2117 3084 2232 3132 rex,
2263 3065 2379 3119 filio
2408 3069 2507 3118 tuo
2535 3061 2716 3115 facere
2742 3053 2992 3128 oportuit
3019 3051 3168 3124 quod
3191 3065 3304 3104 non
3331 3044 3657 3107 fecerimus,

375 3157 764 3229 paenitentiam
813 3159 986 3224 (Luca
1035 3163 1100 3225 v).
1147 3159 1216 3212 Et
1268 3175 1370 3230 per
1418 3140 1747 3231 prophetam
1775 3178 1786 3213 :
1837 3161 1974 3216 Vivo
1994 3157 2038 3217 Ο
2063 3163 2124 3212 ut
2152 3157 2222 3210 ad
2244 3151 2529 3225 sequenda
2547 3155 2744 3204 nostra
2758 3147 3041 3217 dogmata,
3057 3141 3310 3231 deosque
3316 3140 3549 3231 nostros
3569 3149 3664 3186 co-

376 3263 497 3318 ego,
533 3247 666 3301 dicit
697 3247 1009 3314 Dominus;
1049 3248 1178 3302 nolo
1225 3253 1464 3303 mortem
1502 3249 1827 3320 peccatoris.
1876 3251 1974 3305 sed

376 3337 556 3406 magis
575 3341 640 3390 ut
661 3342 1019 3391 convertatur
1039 3354 1073 3391 a
1091 3337 1180 3391 via
1198 3355 1300 3392 sua
1320 3343 1376 3392 et
1399 3338 1564 3392 vivat.
1602 3339 1974 3393 Convertimi-

378 3425 436 3480 ni
467 3443 500 3480 a
533 3426 619 3480 via
647 3431 833 3480 vestra
874 3427 1058 3494 mala,
1106 3432 1164 3480 et
1208 3444 1382 3498 quare
1431 3427 1747 3482 moriemini
1777 3429 1976 3484 domus

377 3515 552 3570 Israel
572 3515 597 3569 ?
625 3515 896 3586 iniquitas
915 3515 1095 3586 iniqui
1119 3533 1231 3570 non
1260 3515 1482 3570 nocebit
1501 3517 1552 3570 ei
1569 3517 1626 3570 in
1641 3533 1971 3589 quacunque

377 3603 469 3658 die
497 3621 794 3658 conversus
831 3604 1004 3658 fuerit
1035 3604 1104 3658 ab
1153 3604 1451 3674 iniquitate
1497 3621 1618 3672 sua,
1675 3611 1731 3660 et
1779 3605 1974 3662 fecerit

375 3693 675 3764 justitiam,
727 3698 785 3747 et
819 3693 878 3746 in
925 3693 1191 3747 mandato
1238 3694 1362 3748 vitae
1416 3693 1803 3759 ambulaverit,
1862 3696 1975 3750 vita

377 3781 542 3844 vivet,
571 3788 628 3836 et
645 3798 755 3835 non
774 3782 1059 3835 morietur.
1097 3781 1302 3837 Omnia
1328 3788 1556 3852 peccata
1575 3800 1696 3854 quae
1725 3784 1970 3851 admisit,

379 3887 494 3926 non
515 3869 997 3935 memorabuntur,
1019 3871 1152 3941 quia
1175 3871 1450 3941 judicium
1463 3879 1520 3926 et
1527 3873 1809 3942 justitiam
1826 3873 1973 3940 fecit,

380 3959 440 4014 in
468 3959 606 4030 ipsis
634 3958 777 4012 vivet
797 3959 1007 4026 (Ezech.
1025 3963 1237 4028 xxxm).
1269 3961 1344 4014 Ac
1371 3976 1598 4014 rursum
1621 3978 1720 4032 per
1739 3963 1980 4017 alterum

367 4048 716 4125 prophetam
748 4048 1022 4102 exclamat
1039 4067 1050 4077 ·
1073 4049 1380 4115 Lavamini,
1406 4051 1602 4104 mundi
1640 4056 1842 4116 estote,
1855 4087 1862 4096 -
1875 4069 1977 4106 au-

379 4139 521 4194 ferte
543 4138 752 4192 malum
774 4136 1177 4209 cogitationum
1199 4143 1508 4192 vestrarum
1527 4139 1598 4192 ab
1623 4139 1796 4194 oculis
1813 4141 1972 4206 meis,

382 4227 654 4302 quiescite
675 4243 841 4298 agere
861 4242 1142 4298 perverse,
1171 4226 1369 4281 discite
1385 4226 1726 4282 benefacere.
1771 4229 1828 4283 Si
1855 4229 1978 4283 fue-

381 4319 500 4373 rint
528 4323 755 4388 peccata
781 4321 968 4371 vestra
995 4315 1141 4370 sicut
1156 4315 1460 4384 coccinum,
1489 4322 1758 4388 tanquam
1774 4317 1868 4372 nix
1887 4319 1981 4372 de-

383 4407 760 4474 albabuntur;
828 4411 886 4460 et
925 4405 973 4459 si
1003 4404 1212 4460 fuerint
1240 4405 1410 4458 rubra
1441 4407 1594 4460 velut
1621 4407 1976 4473 vermiculus,

2055 3246 2248 3301 lendos
2279 3223 2408 3298 eum
2435 3236 2865 3295 induceremus?
2885 3234 3114 3289 Verum.
3131 3235 3198 3285 ut
3223 3225 3404 3290 video,
3432 3223 3627 3294 impos
3643 3251 3662 3262 -

2057 3335 2242 3391 sibilia
2254 3331 2616 3404 aggredimur
2633 3347 2644 3382 :
2669 3325 2946 3398 siquidem
2959 3339 2993 3376 a
3002 3325 3209 3376 natura
3226 3315 3354 3387 ipsi,
3369 3312 3664 3404 autetiam

2056 3401 2357 3480 fortasse'a
2391 3422 2632 3484 fortuna,
2668 3413 2977 3490 pervicacia
3003 3415 3062 3467 et
3088 3407 3262 3464 animi
3293 3403 3531 3460 durities
3569 3401 3667 3456 in—

2059 3515 2170 3569 sita
2203 3520 2305 3568 est.
2347 3512 2544 3581 Itaque
2573 3507 2619 3562 si
2649 3489 2834 3578 ipsum
2874 3499 3162 3574 suppliciis
3208 3514 3273 3552 ac
3313 3489 3668 3550 cruciatibus

2054 3603 2277 3657 aﬂicere
2325 3600 2383 3654 in
2427 3597 2678 3653 animum
2727 3591 3032 3654 induxeris,
3089 3593 3214 3642 tum
3255 3585 3374 3658 ipse
3437 3587 3669 3636 natura:

2054 3693 2273 3748 hostem
2325 3695 2382 3744 te
2443 3685 2746 3760 praebebis,
2803 3681 3090 3754 patrisque
3146 3691 3350 3732 nomen
3398 3671 3666 3734 amittes,

2055 3787 2178 3836 tum
2225 3779 2402 3851 ipsius
2451 3778 2732 3848 jacturam
2777 3771 2968 3836 facies,
3015 3771 3080 3823 ut
3125 3765 3224 3837 qui
3277 3780 3379 3836 pro
3431 3760 3670 3851 Christo

2061 3849 2301 3926 mortem
2349 3870 2613 3939 appetere
2656 3867 2887 3934 paratus
2933 3858 3026 3912 sit.
3077 3855 3374 3926 Reliquum
3419 3856 3507 3906 est
3553 3849 3669 3920 igi-

2059 3966 2154 4015 tur
2210 3963 2272 4012 ut
2327 3959 2473 4011 hanc
2525 3953 2802 4008 rationem
2845 3950 3023 4008 ineas.
3077 3960 3279 4016 nempe
3321 3947 3385 3996 ut
3419 3955 3671 4011 regnum

2061 4065 2188 4104 cum
2219 4064 2285 4102 eo
2314 4044 2594 4118 partiaris,
2648 4041 2811 4112 eique
2851 4039 2910 4093 in
2956 4053 3025 4092 ea
3057 4044 3233 4108 .parte
3263 4049 3386 4104 quae
3425 4031 3498 4085 ad
3529 4046 3668 4084 eum

2060 4136 2355 4193 attinuerit
2402 4133 2541 4206 regii
2595 4129 2846 4186 muneris
2901 4123 3450 4182 administrationem
3506 4136 3669 4174 eom-

2059 4228 2272 4283 mittas.
2305 4226 2384 4279 Ac
2412 4224 2460 4278 si
2487 4221 2714 4294 quidem
2735 4217 3090 4290 negotiorum
3109 4218 3330 4277 natura,
3352 4225 3670 4280 rerumque

2062 4315 2477 4371 mundanarum
2505 4327 2642 4366 cura
2656 4325 2784 4364 eum
2812 4307 2881 4361 ad
2897 4304 3220 4360 institutum
3243 4304 3501 4354 nostrum
3515 4297 3564 4350 vi
3574 4303 3670 4352 ta:-

2063 4421 2170 4477 que
2185 4419 2363 4475 genus
2382 4398 2831 4472 amplectendam
2861 4391 3255 4468 pertraxerint.
3284 4405 3376 4443 res
3403 4386 3574 4477 nobis
3599 4403 3667 4440 ex

382 4497 532 4552 sicut
550 4497 681 4550 lana
708 4495 835 4550 alba
853 4497 1023 4549 erunt
1049 4496 1225 4561 (Isaia
1251 4496 1310 4555 Ι).
1335 4495 1476 4549 Cum
1509 4495 1680 4566 igitur
1709 4496 1794 4550 hae
1824 4497 1980 4568 polli-
2001 4491 2341 4576 Dsententia
2369 4489 2645 4546 succedet.
2678 4488 2862 4542 Mores
2897 4482 3107 4576 etenim
3151 4480 3211 4534 in
3263 4478 3455 4576 animo
3494 4476 3666 4574 vehet

382 4586 678 4641 citationer:
691 4585 762 4640 iis
782 4585 880 4656 qui
891 4583 961 4638 ad
975 4582 1260 4637 meliorem
1276 4583 1493 4653 frugem
1510 4601 1632 4638 sese
1646 4587 1976 4656 receperint,

385 4691 420 4730 a
446 4677 559 4730 Deo
579 4675 878 4746 propositae
888 4673 1028 4738 sint;
1063 4689 1133 4726 ne
1153 4672 1449 4737 cuncteris,
1469 4689 1501 4726 ο
1523 4672 1713 4739 homo,
1738 4690 1840 4728 nec
1859 4692 1980 4730 mo-

384 4781 507 4820 ram
538 4766 709 4819 ullam
725 4763 995 4818 adhibeas
1021 4781 1034 4831 ;
1057 4777 1246 4815 verum
1270 4761 1340 4814 ad
1362 4760 1648 4816 Christum
1675 4761 1978 4834 benignum

385 4854 563 4908 Deum
593 4861 851 4908 nostrum
879 4852 1098 4918 accede,
1121 4856 1180 4905 et
1205 4850 1546 4916 illuminare,
1581 4857 1638 4905 et
1663 4851 1832 4906 facies
1879 4858 1982 4908 tua

385 4958 498 4996 non
529 4942 898 4996 confuncetur
928 4944 1093 5010 (Psal.
1126 4943 1318 5008 xxx").
1352 4940 1496 4994 Nam
1528 4939 1698 4994 simul
1727 4952 1896 5012 atque
1921 4943 1980 4996 in

387 5030 558 5085 divini
587 5030 938 5101 baptismatis
964 5029 1236 5101 piscinam
1283 5028 1581 5083 immersus
1621 5028 1812 5096 fueris,
1860 5036 1982 5087 tota

387 5119 589 5174 veteris
617 5118 858 5172 hominis
888 5117 1201 5190 spurcities,
1234 5122 1403 5189 atque
1429 5117 1694 5172 universa
1707 5120 1981 5175 scelerum

385 5208 610 5264 sarcina
635 5207 693 5261 in
718 5223 865 5278 aqua
892 5207 1211 5278 sepelietur,
1244 5212 1414 5277 atque
1431 5206 1488 5261 in
1509 5206 1747 5262 nihilum
1777 5209 1983 5265 dilabe-

385 5306 518 5364 tur;
551 5302 730 5368 tuque
759 5311 933 5350 novus
962 5295 1116 5350 illinc
1144 5311 1208 5349 ac
1237 5311 1450 5362 recens,
1503 5301 1673 5369 atque
1713 5297 1782 5352 ab
1830 5299 1983 5354 omni

385 5389 512 5445 labe
535 5403 712 5460 purus
739 5384 1094 5448 conscendes,
1134 5384 1345 5439 nullam
1395 5386 1608 5456 peccati
1650 5386 1835 5442 labem
1881 5393 1982 5444 aut

387 5495 586 5550 rugam
613 5481 799 5531 tecum
828 5473 1028 5528 ferens.
1059 5474 1138 5526 Ac
1153 5471 1414 5544 deinceps
1436 5474 1495 5528 in
1515 5479 1571 5530 te
1597 5475 1767 5532 situm
1797 5477 1905 5532 erit
1917 5483 1984 5533 ut

391 5567 783 5642 purgationem
809 5579 911 5636 per
924 5561 1136 5617 viscera
1151 5560 1546 5620 misericordiae
1559 5564 1659 5620 Dei
1669 5567 1848 5624 nostri
1856 5567 1988 5624 hinc

391 5661 738 5714 contractam
770 5652 984 5711 tuearis
1013 5655 1182 5724 atque
1211 5665 1523 5709 conserves.

2062 4587 2282 4638 menter
2309 4577 2654 4636 corroborati
2685 4591 2832 4648 aegre
2859 4571 3102 4645 expungi
3129 4575 3299 4641 atque
3345 4564 3666 4622 oblitterari

2061 4675 2314 4746 possunt,
2347 4669 2640 4724 verborum
2649 4682 2755 4738 que
2767 4663 2952 4737 potius
2963 4658 3246 4716 blanditiis
3260 4673 3431 4729 quam
3514 4671 3669 4709 com-

2062 4743 2372 4816 mutantur.
2405 4758 2505 4812 Sin
2551 4761 2742 4810 autem
2785 4753 2846 4808 in
2895 4749 3344 4806 Christianorum
3385 4743 3668 4814 religione

2060 4848 2388 4922 perstiterit,
2419 4845 2558 4901 illud
2587 4845 2772 4916 ipsum
2801 4845 2972 4906 certe,
3004 4838 3155 4910 quod
3184 4835 3298 4890 ﬁlio
3324 4851 3437 4888 non
3471 4833 3552 4888 sis
3580 4849 3668 4887 or-

2060 4921 2245 5000 batus,
2271 4951 2570 4992 maerorem
2598 4939 2759 4988 tuum
2789 4931 2981 5001 aliqua
3025 4945 3093 4982 ex
3141 4929 3300 4998 parte
3356 4921 3665 4993 mitigabit.

2062 5029 2219 5083 Hanc
2232 5025 2541 5082 orationem
2553 5039 2678 5078 cum
2694 5020 2937 5075 Araches
2947 5016 3255 5072 habuisset.
3276 5029 3474 5069 omnes
3485 5011 3668 5084 ipsius

2064 5116 2404 5173 sententiam
2439 5110 2895 5184 comprobarunt,
2941 5123 3008 5163 ac
3057 5103 3292 5178 proinde
3337 5117 3436 5157 rex
3480 5118 3546 5157 se
3589 5101 3672 5156 ita

2063 5213 2320 5262 acturum
2349 5203 2603 5259 assensit.

2138 5298 2334 5368 Itaque
2347 5291 2616 5366 postridie
2627 5306 2752 5345 cum
2767 5287 3060 5353 illuxisset,
3077 5284 3258 5340 ﬁlium
3271 5281 3490 5346 accivit,
3505 5297 3666 5336 eum-

2062 5403 2170 5459 que
2197 5385 2279 5439 ita
2303 5388 2390 5439 est
2413 5382 2686 5436 allocutus
2711 5397 2722 5432 :
2755 5377 2851 5432 Hic
2881 5375 3038 5440 mihi,
3087 5391 3119 5429 ο
3156 5378 3307 5438 nate,
3346 5376 3672 5442 postremus

2063 5476 2134 5531 ad
2159 5481 2217 5530 te
2250 5488 2434 5528 sermo
2446 5475 2550 5538 est,
2575 5469 2666 5524 cui
2693 5467 2802 5523 nisi
2826 5464 3246 5538 quamprimum
3271 5459 3555 5534 parueris,
3585 5465 3672 5512 at-

2071 5581 2180 5639 que
2208 5564 2269 5619 in
2295 5563 2400 5617 hac
2420 5560 2622 5616 saltem
2643 5555 2958 5630 repectoris
2969 5554 3080 5610 mei
3099 5551 3350 5609 dolorem
3377 5547 3666 5613 leniveris,

2069 5671 2185 5710 non
2202 5653 2372 5722 ultra,
2401 5649 2538 5706 mihi
2566 5647 2750 5714 crede,
2771 5645 3321 5718 indulgentertecum
3334 5655 3523 5712 agam.
3540 5639 3674 5694 Per-

2072 5745 2333 5802 contante
2352 5745 2541 5799 autem
2569 5738 2666 5796 illo
2691 5735 2842 5812 quod
2868 5733 2976 5794 sibi
3001 5733 3110 5792 hoc
3148 5745 3408 5790 sermone
3455 5727 3668 5785 vellet:
