3954 6190
283 372 393 429 577

697 368 868 424 VITA
904 365 1344 423 SANCTORUM
1380 357 1726 418 BARLAAM
1765 352 2108 411 EREMITIE
2146 353 2234 408 ET
2272 353 2637 408 JOSAPHAT
2674 354 2897 408 INDIIE
2936 354 3172 409 REGIS.

3462 352 3566 410 578

288 497 590 565 Quoniam:
640 495 825 567 ίηίιυίι
869 494 981 555 ίιιθν
1034 492 1228 546 munis
1271 488 1544 560 susceptis
1595 482 1878 539 laboribus
1901 488 1951 544 Α
1965 497 2260 551 etlenitate
2277 497 2692 551 venerationem
2713 514 2775 552 ac
2791 504 3065 552 terrorem
3079 498 3185 552 sibi
3204 514 3553 553 commovere

287 588 634 661 perfractum
692 591 750 639 et
790 588 1177 639 contumacem
1222 587 1279 634 te
1318 580 1387 633 ad
1420 594 1614 632 omnes
1680 573 1880 644 reperi,

288 684 357 732 ut
384 677 483 749 qui
507 676 678 730 nullis
717 690 966 744 unquam
1017 669 1367 725 sermonibus
1406 667 1544 721 meis
1574 664 1886 735 parendum

285 766 393 821 tibi
421 765 673 831 duxeris,
704 780 827 834 age,
861 761 1036 816 diviso
1062 760 1296 831 imperio
1335 773 1459 811 meo
1488 756 1542 809 id
1572 754 1790 815 faciam,
1824 758 1888 805 ut

284 860 353 911 tu
380 854 687 926 separatim
717 853 909 923 degas,
948 868 1012 905 ac
1032 866 1266 920 regnum
1286 864 1470 917 geras.
1502 846 1587 899 Ita
1612 845 1731 914 jam
1763 840 1882 903 tibi,

286 960 457 1017 quam
479 944 657 1015 cupis,
682 941 830 995 viam
851 939 1070 1010 ingredi
1092 944 1215 992 tuto
1235 936 1439 990 licebit.
1468 933 1667 987 Divina
1697 937 1886 984 autem

285 1034 384 1088 illa
413 1034 624 1097 anima,
657 1047 979 1103 quanquam
1005 1027 1214 1097 alioqui
1242 1041 1433 1094 regem
1467 1024 1569 1076 hoc
1596 1021 1703 1075 sibi
1733 1019 1883 1073 labe-

282 1122 536 1177 factandi
563 1121 651 1175 sui
698 1119 941 1173 instituti
972 1133 1141 1171 causa
1180 1130 1491 1187 proponere
1538 1114 1888 1180 compertum

286 1211 545 1277 haberet,
573 1207 1073 1280 obtemperandum
1104 1212 1293 1259 tamen
1329 1203 1506 1267 duxit,
1541 1202 1643 1254 hoc
1679 1198 1889 1251 scilicet

287 1302 645 1367 animo,utex
666 1299 844 1370 ipsius
861 1296 1118 1350 manibus
1130 1292 1527 1365 elapsus,viam
1540 1306 1708 1361 quam
1727 1304 1887 1357 cxpe-

1967 586 2244 657 cupiebat.
2279 587 2412 649 Quae
2441 586 2611 639 etiam
2644 603 2731 639 res
2760 603 2954 640 omnes
2975 587 3042 639 ad
3067 604 3197 641 eum
3228 588 3407 657 magis
3438 605 3563 660 per-

1968 676 2520 737 trahebat,nitnirum
2542 677 2708 746 quod,
2736 682 2800 729 ut
2814 677 2927 729 vita
2948 682 3005 729 et
3033 676 3346 730 actionibus
3376 678 3558 731 admi-

1970 766 2196 831 randus,
2229 766 2308 819 ita
2338 770 2506 820 etiam
2536 766 2725 819 animo
2756 767 2929 820 facilis
2955 783 3019 820 ac
3052 768 3338 821 modestus
3388 774 3553 821 esset.

1972 856 2048 910 Ex
2066 872 2175 926 quo
2197 856 2453 909 effectum
2475 861 2560 908 est
2582 862 2643 908 ut
2663 855 2914 925 potentia
2936 873 3201 926 magnum
3224 874 3257 909 a
3287 857 3561 910 modestia

1971 954 2029 998 et
2056 944 2482 998 mansuetudine
2510 944 2821 997 subsidium
2858 950 3040 1009 nacta,
3077 962 3270 999 omnes
3295 963 3359 1000 eo
3389 946 3563 1000 addu-

1971 1040 2140 1095 ceret,
2173 1039 2235 1086 ut
2266 1033 2440 1103 ipsius
2470 1034 2650 1086 verbis
2679 1040 2962 1103 parerent.

2044 1122 2332 1193 Siquidem
2362 1122 2416 1175 in
2454 1130 2570 1176 tam
2601 1122 2750 1176 brevi
2789 1123 2928 1176 adeo
2956 1125 3225 1194 temporis
3255 1126 3557 1189 curriculo.

1971 1211 2125 1282 plebs
2140 1212 2320 1265 omnis
2343 1212 2447 1282 ipsi
2463 1211 2853 1281 subjecta.,tam
2871 1212 3133 1283 oppidani
3152 1230 3318 1284 quam
3339 1215 3560 1269 ﬁnitimi

1967 1300 2168 1354 divinis
2196 1301 2371 1371 ipsius
2399 1302 2749 1355 sermonibus
2774 1302 2831 1356 in
2856 1302 3176 1356 Christiana
3193 1303 3462 1372 religione
3479 1305 3560 1358 in-

285 1381 1685 1460 tebatingrederetur.Sermonemigiturexcipiens
1714 1377 1784 1431 ad
1805 1394 1887 1429 re-
1969 1390 2362 1455 statuebantur,
2397 1408 2461 1445 ac
2487 1391 2685 1445 falsum
2720 1393 3025 1446 multorum
3074 1393 3309 1446 deorum
3344 1394 3557 1447 cultum

281 1496 416 1551 εθιη
437 1480 537 1533 ait:
558 1477 828 1549 E‘l“idem
845 1476 965 1547 ipse
982 1473 1404 1528 άίνίηυτηίυυπι
1425 1471 1601 1523 "imm
1626 1467 1720 1538 qni
1748 1465 1885 1519 mihi
1969 1480 2284 1549 ejurabant,
2304 1487 2361 1534 et
2387 1480 2456 1534 ab
2498 1480 2775 1534 idolorum
2818 1482 3109 1535 sacriﬁciis
3138 1487 3195 1535 et
3224 1484 3559 1536 exsecrando

282 1569 488 1623 salutis
498 1564 1077 1622 itercommonstl‘mit
1096 1579 1348 1634 quaerere
1362 1555 1889 1629 ἕθεῐίθδξιῐηννθδυε-
1971 1585 2165 1622 eorum
2189 1570 2343 1622 cultu
2363 1586 2483 1623 sese
2504 1569 2931 1640 abrumpebant,
2950 1577 3119 1641 atque
3142 1572 3210 1624 ad
3231 1572 3394 1625 ﬁdem
3416 1588 3568 1625 erro-

284 1676 397 1729 que
418 1657 678 1713 omnibus
699 1654 1210 1725 Valerejussiswum
1226 1669 1290 1704 eo
1310 1648 1582 1721 quidquid
1606 1646 1742 1700 mihi
1764 1645 1888 1698 VWB
1972 1657 2049 1710 ris
2076 1665 2358 1728 expertem
2391 1676 2513 1712 sese
2562 1660 2943 1723 conferebant,
2977 1661 3262 1730 ipsiusque
3303 1660 3560 1714 doctrina

283 1749 569 1818 reliquum
590 1752 676 1801 est
686 1746 999 1800 traducere.
1023 1743 1231 1796 Verum
1251 1739 1517 1811 quoniam
1534 1754 1631 1807 per
1652 1741 1766 1797 te,0
1792 1738 1889 1786 l’a-

1996 1748 2240 1809 nnovati,
2256 1748 2327 1801 ad
2348 1749 2630 1801 Christum
2643 1750 2732 1818 adj
2742 1749 3067 1818 ungebantu
3077 1767 3119 1804 r.
3144 1751 3352 1804 Omnes
3369 1758 3563 1804 autem

285 1837 766 1907 tenmihieaquae
793 1834 946 1889 οονάί
965 1837 1117 1890 sunt.
1152 1831 1331 1884 facere
1354 1828 1583 1882 minime
1605 1826 1750 1887 licet,
1784 1823 1888 1875 hac
1909 1820 2285 1891 Bsacerdotes
2315 1844 2372 1891 et
2403 1838 2677 1900 monachi,
2703 1855 2767 1890 ac
2796 1839 3332 1910 nonnulliepiscopi,
3367 1841 3464 1910 qui
3494 1840 3563 1893 ob

286 1928 347 1982 in
377 1944 440 1980 re
468 1926 569 1980 tibi
602 1941 815 1979 morem
834 1939 989 1994 gero,
1014 1920 1291 1991 siquidem
1314 1919 1372 1971 in
1400 1917 1485 1969 his
1508 1914 1671 1968 rebus
1695 1914 1748 1965 in
1774 1911 1890 1981 qui-

1988 1927 2147 1979 Jatris
2176 1926 2350 1997 ipsius
2375 1931 2584 1980 metum
2617 1927 2674 1979 in
2705 1934 2923 1980 montes
2944 1934 3000 1980 et
3024 1928 3316 1997 speluncas
3345 1945 3464 1982 sese
3495 1929 3565 1982 ab

287 2015 396 2071 bus
432 2015 792 2087 Perspicuum
831 2012 1064 2067 “mum
1110 2016 1280 2080 atque
1320 2005 1654 2061 abaliemtio
1701 2020 1735 2055 ³
1774 2002 1889 2055 Πθο
1972 2015 2249 2081 diderant,
2289 2032 2319 2068 e
2347 2015 2594 2070 latibulis
2624 2016 2740 2070 suis
2766 2021 3049 2081 exeuntes,
3107 2018 3233 2071 laeto
3270 2018 3457 2071 animo
3500 2018 3569 2072 ad

288 2122 406 2160 non
426 2103 777 2176 proponitur,
807 2101 954 2173 patri
986 2099 1375 2170 obtemperare
1430 2094 1726 2166 pulchrum
1777 2095 1885 2143 est.

1988 2121 2102 2159 eum
2127 2105 2637 2175 proﬁciscebantur.
2659 2107 2783 2176 Ipse
2801 2122 2930 2159 vero
2951 2105 3019 2159 iis
3046 2107 3142 2176 qui
3168 2107 3373 2160 Christi
3394 2124 3565 2161 causa

360 2195 480 2248 Rex
500 2193 688 2263 itaque
707 2207 930 2246 summa
953 2189 1147 2244 laetitia
1165 2187 1440 2259 perfusus»
1470 2183 1755 2253 Γθὲίουθῐη
1774 2195 1889 2233 om‘
1972 2194 2148 2247 tantis
2176 2193 2444 2247 molestiis
2474 2199 2531 2247 et
2557 2194 2975 2255 acerbitatibus,
3009 2200 3204 2265 totque
3222 2196 3561 2251 calamitati-

288 2282 675 2354 nemimperio
692 2298 795 2336 suo
809 2279 1112 2334 acdictioni
1130 2277 1441 2347 subjectam
1456 2274 1513 2327 in
1536 2274 1675 2326 duas
1698 2274 1885 2341 partes

1988 2299 2077 2336 aus
2098 2282 2279 2335 aﬁ'ecti
2308 2283 2551 2343 fuerant,
2574 2282 2792 2337 obviam
2822 2284 3105 2354 prodiens,
3130 2301 3224 2338 eos
3256 2285 3562 2338 honoriﬁce

288 2371 807 2441 dividit,ﬁliumque
821 2385 1010 2439 regem
1031 2373 1272 2433 creat,ac
1291 2365 1609 2419 diademate
1633 2364 1886 2422 exornat,

1988 2371 2302 2441 excipiebat,
2335 2378 2503 2442 atque
2532 2372 2591 2425 in
2625 2372 2898 2442 palatium
2945 2390 3110 2426 suum
3156 2372 3563 2439 introducebat,

289 2461 563 2532 regiaque
590 2459 743 2515 omni
762 2458 943 2529 gloria
968 2456 1299 2527 insignitum
1330 2455 1387 2508 in
1417 2470 1540 2507 eam
1572 2451 1730 2522 regni
1759 2465 1888 2521 P81"
1976 2460 2631 2531 pedesipsorumlavans,
2662 2462 2976 2531 squalidam
3005 2478 3221 2516 comam
3240 2462 3566 2532 abstergens

290 2557 411 2605 tem
428 2566 553 2621 quae
572 2549 678 2621 ipsi
698 2548 969 2602 attributa
991 2552 1113 2601 erat
1133 2562 1258 2600 cum
1279 2544 1563 2598 luculenta
1586 2540 1894 2594 satellitum
1977 2558 2145 2620 atque
2166 2550 2494 2604 omniofﬁcii
2514 2566 2721 2620 genere
2741 2550 2890 2621 ipsos
2916 2551 3451 2621 complectehspost
3467 2569 3564 2605 au-

291 2656 469 2695 manu
484 2639 721 2705 emittit;
753 2636 1096 2708 principibus
1124 2645 1313 2689 autem
1345 2651 1410 2687 ac
1430 2631 1682 2689 ducibus.
1703 2629 1894 2698 Γθίίιυθ
1979 2643 2095 2693 tcm
2117 2639 2409 2693 ecclesiam
2437 2656 2629 2693 recens
2657 2656 2688 2694 a
2709 2656 2767 2693 se
2801 2646 3176 2694 constructam
3201 2640 3569 2695 dedicandam

294 2728 562 2784 militaris
592 2726 867 2799 praefectis
902 2732 960 2779 et
989 2724 1249 2794 satrapis,
1282 2724 1329 2777 si
1369 2738 1608 2793 quorum
1634 2720 1892 2772 voluntas
1979 2734 2157 2791 curat,
2179 2734 2346 2799 atque
2366 2729 2687 2799 episcopum
2712 2730 3134 2800 quemdam,qui
3151 2730 3277 2783 ﬁdei
3295 2730 3567 2783 Christia-

295 2820 380 2873 ita
406 2818 650 2875 tulisset,
673 2833 799 2871 cum
829 2816 945 2869 ﬁlio
982 2831 1083 2869 suo
1115 2830 1180 2868 ac
1201 2830 1333 2883 rege
1372 2809 1758 2883 proficiscendi
1791 2823 1891 2878 ΡΟ·
1978 2833 2065 2870 nae
2086 2833 2252 2871 causa
2274 2818 2464 2871 multis
2492 2817 2756 2871 aerumnis
2770 2818 3122 2872 conflictatus
3142 2818 3343 2881 fuerat.
3368 2819 3568 2889 suique

290 2913 560 2962 ιθεῒθίεω
583 2906 731 2960 ίθοίῐ·
756 2907 939 2976 Atque
965 2904 1250 2973 ίηεειιῑθιη
1273 2901 1576 2972 quamdam
1606 2916 1670 2953 ac
1695 2913 1896 2952 nume-
1979 2906 2331 2976 episcopatus
2358 2906 2623 2961 thronum
2653 2906 2940 2971 amiserat,
2982 2907 3293 2961 antistitem
3319 2907 3377 2961 in
3400 2924 3465 2962 eo
3490 2908 3572 2962 in-

294 2997 652 3051 Γυείεδίωθιω
683 2994 902 3060 urbem,
935 2993 1128 3063 ἱιιειιιει
1156 2991 1368 3061 regiam
1400 2990 1591 3044 sedem
1639 2987 1889 3051 haberet,
1980 2994 2180 3061 stituit,
2230 2995 2429 3061 virum,
2482 2998 2734 3066 inquam,
2796 3002 3073 3061 sanctum,
3130 3002 3187 3050 et
3233 2997 3568 3050 ecclesiasti-

293 3087 574 3157 assignate
607 3084 908 3154 omniaque
927 3097 994 3137 ea
1022 3098 1144 3152 qum
1173 3080 1398 3151 regibus
1426 3078 1762 3133 conveniunt
1782 3075 1886 3146 iPSi
1911 3142 1948 3157 η
1976 3101 2169 3138 corum
2212 3101 2490 3139 canonum
2538 3085 2801 3155 peritum,
2852 3085 3151 3154 divinoque
3185 3086 3302 3138 zelo
3340 3102 3570 3155 prorsus

294 3142 572 3247 impertit.
596 3175 740 3227 Tum
770 3142 943 3243 igitur
963 3142 1177 3241 regiam
1211 3142 1601 3223 auctoritatem
1631 3184 1695 3220 ac
1727 3142 1884 3237 pote-
1908 3142 1950 3201 Ο
1980 3174 2334 3241 ﬂagrantem.
2378 3176 2457 3228 Ac
2493 3142 2616 3227 tum
2654 3142 2870 3244 piscina
2905 3191 2969 3226 ex
3000 3142 3251 3245 tempore
3276 3142 3443 3236 facta,
3473 3191 3558 3239 eo,

295 3270 506 3319 etatem
530 3268 727 3316 nactus
754 3261 1041 3332 Josaphat,
1074 3276 1201 3315 cum
1232 3259 1301 3313 ad
1331 3275 1457 3313 eam
1480 3257 1677 3311 urbem
1708 3255 1766 3309 in
1785 3270 1897 3325 qua
1980 3262 2074 3332 qui
2104 3263 2176 3316 ad
2207 3262 2492 3316 Christum
2521 3279 2645 3316 sese
2669 3267 3079 3327 converterant,
3106 3262 3374 3333 baptizari
3384 3262 3570 3332 jubet.

296 3370 370 3409 ea
396 3370 521 3424 quae
548 3351 620 3406 ad
668 3366 904 3421 regnum
933 3350 1244 3420 gerendum
1296 3347 1653 3420 pertinebant
1699 3348 1896 3415 parata
1980 3350 2049 3403 Et
2078 3352 2304 3421 quidem
2334 3353 2613 3423 principes
2634 3370 2697 3408 ac
2723 3352 3083 3422 magistratus
3112 3351 3275 3423 primi
3307 3352 3570 3423 baptizati

297 3448 467 3498 erant
493 3439 1051 3505 venisset,dominicaa
1073 3438 1347 3510 passionis
1387 3437 1630 3506 signum,
1654 3434 1758 3486 hoc
1789 3438 1891 3495 est.

297 3530 680 3587 venerandam
696 3528 875 3584 Chrisl
886 3530 903 3583 i
914 3545 1134 3583 crucem
1152 3528 1209 3581 in
1224 3526 1460 3595 singulis
1474 3524 1628 3578 urbis
1649 3521 1899 3577 turribus

301 3619 614 3676 collocavit.
636 3618 920 3673 Idolorum
942 3623 1131 3672 autem
1155 3614 1390 3670 delubra
1428 3619 1487 3668 et
1511 3630 1638 3667 aras
1667 3611 1894 3681 dejecnt,

298 3716 475 3782 atque
504 3726 539 3763 a
570 3707 949 3763 fundamentis
978 3706 1113 3777 ipsis
1132 3705 1297 3771 eruit,
1322 3703 1506 3758 nullas
1527 3702 1784 3756 videlicet
1798 3700 1897 3754 im-

298 3798 532 3872 pietatis
549 3797 816 3869 reliquias
836 3796 1113 3866 linquens.

366 3891 555 3960 Atque
586 3888 644 3941 in
669 3886 857 3941 media
884 3885 1021 3939 urbe
1069 3884 1267 3955 ingens
1305 3900 1370 3938 ac
1398 3883 1725 3954 praeclarum
1755 3884 1901 3933 tem-

295 3979 457 4051 plum
490 3976 711 4032 Christo
739 3975 978 4029 Domino
994 3974 1270 4039 excitavit,
1303 3968 1895 4044 plebiqueimperavit,

299 4075 369 4121 ut
396 4067 469 4121 ad
496 4082 627 4121 eum
655 4066 840 4119 locum
869 4063 1063 4118 crebro
1088 4078 1428 4128 commeans,
1462 4062 1576 4115 Deo
1600 4077 1701 4130 per
1724 4058 1902 4112 crucis

301 4156 695 4210 adorationem
729 4154 942 4209 cultum
987 4151 1296 4207 adhiberet.
1344 4154 1419 4205 At
1446 4155 1581 4203 tunc
1609 4149 1731 4219 ipse
1772 4153 1902 4202 ante

298 4261 503 4300 omnes
522 4246 580 4298 in
597 4243 845 4298 medium
866 4242 1148 4314 prodiens,
1164 4239 1537 4313 intentissimo
1560 4239 1751 4293 animo
1770 4255 1899 4308 pre-

298 4352 396 4389 ces
422 4333 712 4399 fundebat,
748 4348 1054 4403 omnesque
1072 4348 1166 4385 eos
1192 4330 1286 4401 qui
1307 4328 1411 4384 sub
1434 4329 1610 4399 ipsius
1624 4332 1901 4399 potestate

300 4441 373 4480 ac
396 4423 610 4478 ditione
637 4428 800 4477 erant
827 4420 1108 4487 monebat,
1136 4418 1480 4483 obsecrabat,
1502 4418 1642 4472 nihil
1661 4417 1903 4487 denique

301 4512 794 4586 praetermittebat,
819 4528 929 4582 quo
942 4510 1091 4581 ipsos
1113 4526 1147 4563 a
1161 4508 1550 4580 superstitioso
1562 4524 1749 4561 errore
1770 4505 1897 4559 abs-

304 4603 584 4669 traheret,
612 4606 782 4671 atque
811 4600 882 4653 ad
902 4599 1191 4653 Christum
1215 4598 1549 4668 adjungeret
1572 4615 1583 4649 :
1618 4596 1898 4650 idolorum

307 4693 497 4747 cultus
522 4691 778 4746 fraudem
799 4696 968 4761 atque
996 4689 1367 4760 imposturam
1396 4685 1696 4742 indicabat.
1732 4686 1904 4739 Evan-

308 4782 449 4853 gelii
471 4780 923 4853 pradicationem
943 4776 1382 4854 exponebat,Dei
1411 4776 1563 4831 verbi
1585 4776 1905 4846 323918-

307 4887 447 4926 nam
475 4869 837 4942 indulgentize
865 4866 1259 4922 demissionem
1291 4863 1784 4929 commemorabat,
1816 4863 1911 4917 ad-

307 4964 514 5015 ventus
523 4959 700 5031 ipsius
711 4958 980 5013 miracula
993 4954 1347 5027 praedicabat.
1355 4954 1535 5010 crucis
1550 4953 1901 5025 supplicium,

309 5065 420 5122 per
445 5047 596 5118 quod
617 5048 860 5102 salutem
887 5044 1170 5101 consecuti
1195 5061 1408 5104 sumus,
1445 5042 1783 5108 declarabat,
1816 5058 1907 5096 re-

312 5136 681 5193 surrectionis
711 5136 821 5190 vim
844 5134 1083 5207 atquein
1110 5133 1278 5188 caelos
1306 5133 1686 5188 ascensionem
1716 5147 1910 5186 narra-

309 5224 434 5290 bat,
452 5226 693 5297 denique
710 5225 1061 5279 tremendum
1081 5223 1241 5277 illum
1258 5222 1407 5278 diem
1428 5220 1803 5277 annuntiabat
1827 5237 1910 5275 se-

312 5316 487 5371 cundi
512 5314 688 5387 ipsius
704 5312 970 5369 horrendi
999 5313 1288 5379 adventus,
1314 5318 1481 5383 atque
1505 5318 1630 5366 tum
1661 5310 1910 5365 recondi-

313 5412 382 5460 ta
408 5405 514 5477 piis
540 5404 706 5470 bona,
732 5409 852 5458 tum
878 5419 973 5458 eos
1000 5402 1280 5457 cruciatus
1306 5401 1401 5472 qui
1422 5401 1623 5472 impios
1653 5417 1718 5455 ac
1735 5401 1911 5455 scele-

314 5500 473 5550 ratos
505 5497 760 5549 manent.
793 5494 922 5548 Hec
940 5492 1131 5547 omnia
1150 5507 1421 5563 perquam
1441 5489 1660 5545 lenibus
1678 5506 1744 5544 ac
1762 5489 1916 5545 blan-

1980 3446 2264 3511 sunt,post
2287 3447 2474 3494 autem
2506 3440 2599 3511 qui
2631 3441 2892 3495 militaris
2924 3440 3137 3495 ordinis
3167 3446 3345 3505 erant,
3381 3457 3447 3494 ac
3486 3458 3576 3494 re-

1981 3529 2199 3599 liquum
2220 3530 2434 3599 vulgus.
2451 3531 2529 3584 Ac
2556 3531 2648 3600 qui
2672 3529 3013 3601 baptismum
3035 3528 3431 3601 suscipiebant,
3458 3546 3569 3583 non

1981 3618 2146 3672 modo
2176 3619 2493 3673 animarum
2516 3619 2815 3673 sanitatem
2836 3619 3341 3689 consequebantur.
3371 3635 3564 3673 verum

1981 3708 2151 3761 etiam
2172 3708 2491 3779 quicunque
2506 3708 2754 3779 corporis
2777 3708 2985 3762 morbis
3020 3715 3077 3761 ct
3091 3707 3338 3762 febribus
3359 3707 3573 3762 labora-

1982 3796 2137 3860 bant,
2168 3796 2386 3868 abjecta
2415 3798 2568 3852 omni
2597 3798 2832 3852 adversa
2859 3797 3197 3863 valetudine,
3234 3802 3355 3851 tum
3387 3797 3574 3851 animo

1985 3902 2145 3956 puro,
2173 3893 2295 3940 tum
2315 3886 2533 3957 integro
2562 3902 2793 3957 corpore
2822 3903 2853 3940 e
2883 3886 3097 3957 piscina
3124 3885 3567 3950 revertebantur,

1986 3981 2249 4046 percepta
2274 3975 2532 4030 videlicet
2560 3981 2684 4030 tum
2701 3975 3017 4030 animorum
3035 3980 3156 4030 tum
3171 3992 3469 4047 corporum
3483 3992 3576 4029 sa-

1987 4063 2163 4118 nitate
2173 4107 2183 4116 .

2058 4152 2142 4207 Ob
2153 4169 2388 4224 eamque
2400 4170 2629 4208 causam
2650 4154 2849 4223 ingens
2882 4154 3171 4207 hominum
3191 4152 3493 4206 multitudo
3507 4153 3578 4206 ad

1985 4258 2176 4311 regem
2230 4242 2506 4312 Josapbat
2543 4241 2915 4311 undecunque
2968 4239 3305 4301 conﬂuebat,
3350 4240 3577 4310 pietatis

1984 4329 2241 4383 doctrina
2260 4329 2329 4383 ab
2342 4347 2405 4384 eo
2422 4329 2597 4383 imbui
2625 4345 2944 4399 exposcens,
2975 4333 3144 4398 atque
3174 4328 3365 4382 omnia
3394 4329 3575 4381 idolo-

1934 4435 2109 4515 Drum
2138 4418 2351 4489 templa
2378 4418 2787 4479 evertebantur,
2821 4434 3124 4487 omnesque
3154 4434 3286 4488 opes
3316 4434 3381 4470 nc
3405 4433 3572 4487 pecu-

1991 4506 2097 4561 nias
2126 4506 2183 4560 in
2221 4507 2365 4561 fanis
2392 4507 2689 4562 reconditae
2734 4506 3222 4572 abstrahebantur,
3272 4521 3578 4575 eorumque

1990 4597 2109 4651 loco
2138 4602 2496 4652 sacrosancta
2517 4597 2727 4668 templa
2746 4598 2861 4651 Deo
2875 4595 3380 4659 exaediﬁcabantur,
3415 4612 3579 4666 opes-

1986 4703 2095 4756 que
2114 4686 2237 4741 illas
2266 4686 2622 4757 ingentisque
2661 4686 2826 4757 pretii
2858 4691 3038 4740 vestes
3066 4703 3130 4739 ac
3160 4685 3453 4738 thesauros
3485 4700 3580 4737 rex

1990 4775 2261 4846 Josaphat
2304 4775 2442 4846 ipsis
2470 4774 2808 4845 assignabat,
2843 4775 3008 4829 vilem
3047 4774 3257 4828 scilicet
3286 4790 3350 4827 ac
3391 4789 3589 4844 super-

1990 4880 2290 4919 vacaneam
2312 4864 2468 4918 illam
2492 4864 2785 4918 materiam
2809 4865 2913 4918 hac
2929 4864 3145 4917 ratione
3164 4863 3361 4917 utilem
3384 4879 3447 4917 ac
3465 4863 3584 4917 fru-

1993 4960 2245 5008 ctuosam
2277 4953 2540 5007 efﬁciens.
2564 4952 2896 5007 Exsecrandi
2921 4969 3085 5023 porro
3096 4953 3395 5017 daemones,
3414 4952 3510 5023 qui
3524 4951 3584 5005 in

1990 5041 2136 5097 fanis
2155 5042 2266 5096 illis
2287 5048 2344 5095 et
2354 5042 2624 5097 altaribus
2647 5042 3156 5107 commorabantur,
3177 5040 3587 5097 atrocissimum

1990 5132 2051 5185 in
2081 5132 2309 5186 modum
2338 5129 2700 5196 vexabantur,
2739 5147 2803 5185 ac
2833 5130 3193 5201 fugabantur,
3226 5138 3586 5201 coortamque

1992 5220 2097 5275 sibi
2107 5220 2425 5275 calamitate
2433 5237 2483 5274 m
2496 5220 2853 5275 audientibus
2869 5220 3056 5275 multis
3066 5220 3590 5289 clamabant.Atque

1996 5310 2232 5364 ﬁnitima
2250 5309 2347 5363 illa
2367 5309 2626 5363 universa
2645 5310 2798 5379 regio
2818 5310 3372 5381 tenebrosaipsorum
3394 5308 3589 5363 fraude

1997 5405 2165 5470 atque
2190 5399 2500 5470 impostura
2517 5398 2879 5465 liberabatur,
2903 5416 2967 5454 ac
2988 5399 3433 5455 Christianorum
3455 5396 3582 5450 ﬁdei

1997 5487 2068 5542 ab
2098 5486 2250 5543 omni
2273 5488 2399 5543 labe
2434 5504 2499 5543 ac
2542 5489 2975 5561 reprehensione
3012 5488 3201 5544 liberte
3231 5489 3351 5543 luce
3379 5485 3584 5540 collus-

313 5583 405 5638 dis
420 5582 608 5639 verbis
624 5580 1174 5655 complectebatur.N
1178 5596 1319 5653 eque
1333 5579 1483 5635 enim
1499 5587 1617 5635 tam
1628 5580 1921 5651 potestatis
2004 5575 2281 5633 trahatur.

322 5671 702 5746 amplitudine
719 5688 785 5728 ac
804 5672 961 5743 regia
988 5669 1418 5741 magniﬁcentia
1447 5686 1619 5741 quam
1649 5669 1923 5726 modestia

2077 5667 2366 5740 Siquidem
2385 5667 2504 5741 ipse
2516 5684 2738 5741 quoque
2756 5685 2856 5725 rex
2883 5667 3140 5726 omnibus
3162 5663 3385 5721 virtutis
3404 5676 3592 5718 exem-
