3954 6190
479 365 582 422 579

1478 363 1570 417 DE
1609 361 1799 417 VITIS
1839 360 2136 417 PATRUM
2174 362 2386 418 LIBER
2424 362 2715 418 PRIMUS.

3599 369 3683 426 580

481 491 608 562 plar
636 494 776 555 erat,
819 505 885 543 ac
926 486 1236 558 permultos
1267 487 1336 540 ad
1366 487 1622 541 eamdem
1649 487 1992 541 voluntatem
2023 487 2323 549 etAficere
2354 489 2718 551 existimaret,
2744 503 2871 540 cum
2897 487 2953 539 in
2979 502 3073 539 eos
3104 485 3350 542 beneﬁcii
3375 490 3564 560 aliquid
3581 509 3686 548 con-

477 579 814 633 sententiam
863 574 1147 630 excitabat
1189 582 1246 629 et
1290 575 1696 630 inflammabat.
1731 576 2073 646 Hujusmodi

478 667 682 738 quippe
699 665 1045 736 principatus
1065 671 1234 735 atque
1257 665 1481 735 imperii
1504 671 1706 719 natura
1726 670 1830 731 est;
1854 681 2076 738 semper

477 755 625 809 enim
658 754 867 808 subditi
896 753 966 808 ad
989 770 1116 807 eum
1150 753 1244 824 qui
1268 770 1453 807 rerum
1476 754 1690 825 potitur
1708 771 1828 807 sese
1849 771 2075 824 compo-

479 850 638 909 nunt,
658 860 835 914 eaque
850 859 1041 896 amare
1063 859 1127 895 ac
1141 843 1450 897 consectari
1467 844 1666 908 solent,
1704 843 1906 913 quibus
1925 844 2076 914 prin-

472 934 652 1004 cipem
672 932 1222 986 delectarisentiunt.
1242 932 1400 997 Hinc,
1424 933 1538 985 Deo
1556 933 1878 1002 adjuvante,
1898 932 2075 1002 pietas

475 1021 610 1092 ipsis
623 1021 1033 1092 augebatur,no
1041 1038 1242 1092 vosque
1264 1022 1321 1074 in
1337 1022 1455 1075 dies
1469 1039 1794 1092 progressus
1815 1021 2071 1087 faciebat,

473 1127 537 1165 ac
565 1127 662 1164 rex
693 1111 750 1164 in
781 1110 986 1164 Christi
1026 1110 1418 1164 mandatorum
1447 1109 1888 1164 observationem
1923 1116 2074 1164 totus

473 1199 850 1265 incumbebat,
896 1206 1064 1270 atque
1111 1217 1176 1254 ex
1226 1199 1401 1270 ipsius
1451 1199 1724 1254 charitate
1772 1199 2068 1270 pendebat.

475 1291 719 1360 Eratque
749 1289 902 1343 verbi
917 1289 1116 1358 gratiae
1137 1289 1508 1359 dispensator,
1533 1305 1598 1342 ac
1625 1289 1933 1343 multarum
1956 1289 2073 1342 ani-

473 1395 693 1434 marum
722 1378 1084 1449 gubernator,
1127 1379 1196 1432 ad
1232 1380 1329 1433 Dei
1361 1384 1584 1449 portum
1632 1395 1727 1433 eas
1761 1379 2065 1449 appellens.

477 1469 695 1522 Etenim
712 1469 847 1522 illud
869 1468 1216 1538 exploratum
1243 1468 1500 1531 habebat,
1518 1468 1769 1522 omnium
1785 1469 2070 1537 regiorum

473 1574 769 1612 munerum
802 1559 906 1611 hoc
932 1557 1261 1628 primarium
1291 1563 1346 1611 et
1375 1557 1900 1628 praestantissimum
1923 1575 2064 1621 esse,

475 1652 540 1701 ut
556 1647 812 1700 homines
832 1647 902 1700 ad
915 1647 1013 1700 Dei
1029 1652 1240 1700 metum
1262 1664 1324 1700 ac
1335 1646 1569 1716 justitiaz
1589 1646 1801 1700 cultum
1823 1646 2062 1700 erudiat:

473 1735 620 1806 quod
641 1736 944 1806 etiamipse
971 1735 1228 1801 faciebat,
1253 1737 1499 1806 seipsum
1521 1735 1780 1789 videlicet
1799 1735 1870 1789 ad
1892 1736 2069 1806 impe-

470 1825 554 1878 rio
565 1825 837 1879 tenendas
856 1825 1029 1878 animi
1054 1824 1504 1896 perturbationes
1524 1824 2072 1896 comparans.subdi-
2090 1805 2133 1864 Β

472 1919 671 1983 tosque
693 1930 823 1967 suos
852 1914 1178 1979 admonens,
1200 1920 1367 1984 atque
1390 1914 1585 1984 optimi
1617 1915 1865 1968 naucleri
1888 1913 2073 1967 instar

469 2002 704 2072 justitize
736 2002 952 2056 clavum
986 2002 1180 2057 sedulo
1240 2008 1456 2057 tenens.
1502 2004 1647 2057 Nam
1683 2003 1800 2058 hmo
1845 2003 2074 2058 demum

482 2090 598 2145 veri
629 2091 788 2162 regni
842 2091 926 2144 lex
975 2108 1040 2144 ac
1099 2108 1295 2146 norma
1350 2097 1452 2158 est,
1505 2092 1772 2147 nimirum
1824 2093 2074 2164 volupta-

477 2179 627 2234 tibus
678 2181 976 2252 imperare,
1028 2180 1207 2252 iisque
1254 2181 1548 2246 dominari,
1601 2183 2072 2253 quemadmodum

474 2269 594 2340 ipse
623 2269 793 2324 etiam
824 2269 1076 2324 faciebat.
1110 2271 1325 2342 Quippe
1353 2288 1455 2325 nec
1483 2272 1553 2325 de
1573 2273 1853 2342 majorum
1876 2271 2074 2326 nobili-

474 2367 610 2427 tate,
642 2379 744 2416 nec
771 2361 841 2416 de
869 2363 1025 2433 regia
1067 2363 1266 2433 gloria,
1309 2364 1367 2418 in
1403 2381 1513 2434 qua
1553 2364 1895 2430 versabatur,
1957 2365 2072 2420 ullo

470 2452 639 2506 modo
669 2469 793 2506 sese
823 2453 1058 2506 efferens
1106 2453 1583 2524 (quandoquidem
1625 2455 1836 2508 luteum
1878 2470 2071 2508 omnes

469 2542 694 2611 generis
705 2546 990 2596 auctorem
1005 2541 1293 2606 habemus,
1318 2543 1682 2613 ejusdemque
1700 2542 1909 2612 argilla)
1929 2560 2070 2614 pau-

473 2647 636 2701 peres
663 2648 824 2701 mque
849 2647 912 2684 ac
940 2631 1139 2684 divites
1160 2636 1395 2698 sumus),
1435 2649 1622 2685 verum
1651 2631 1707 2685 in
1740 2633 2072 2686 humilitatis

474 2719 738 2790 abyssum
753 2727 998 2774 mentem
1023 2735 1185 2773 suam
1208 2721 1431 2775 assidue
1443 2721 1766 2791 conjiciens,
1791 2723 2072 2776 futuram-

475 2826 583 2881 que
605 2809 1010 2863 beatitudinem
1041 2809 1227 2863 animo
1257 2815 1313 2863 et
1335 2810 1673 2880 cogitatione
1703 2815 1892 2876 3934
1922 2828 2070 2865 com-

475 2899 741 2970 plectens,
775 2899 1117 2969 inquilinum
1140 2898 1230 2952 hic
1252 2899 1499 2970 seipsum
1540 2916 1661 2954 esse
1701 2900 1969 2968 ducebat;
2005 2918 2072 2954 ea

474 2994 664 3042 autem
685 2987 912 3059 propria
932 3005 1052 3042 esse
1074 2987 1376 3049 statuebat.
1400 2988 1601 3059 quibus
1613 2994 1738 3060 post
1757 2989 1928 3060 hujus
1945 2991 2072 3044 vitae

480 3077 992 3148 peregrinationem
1032 3077 1331 3131 frueretur.
1389 3079 1531 3132 Cum
1569 3084 1757 3132 autem
1790 3079 1907 3134 haec
1935 3097 2072 3150 prae-

2155 578 2345 632 ferret.
2379 579 2520 631 Nam
2549 595 2675 631 cum
2703 577 2891 629 animo
2921 575 3306 630 liberalismmo
3340 595 3400 632 ac
3429 595 3540 633 vere
3565 585 3688 652 regio

2159 667 2423 737 praeditus
2443 672 2608 730 esset,
2633 665 2925 735 egentibus
2939 664 3196 718 omnibus
3212 665 3415 720 affatim
3426 669 3686 738 tribuebat;

2160 757 2308 826 quod
2335 757 2547 809 scilicet
2585 755 2817 808 infinitis
2853 753 3102 825 partibus
3131 756 3396 823 majorem
3425 759 3691 814 mercedem

2158 846 2288 898 hinc
2303 851 2573 916 speraret,
2599 861 2724 898 cum
2745 849 2967 914 tempus
2988 843 3124 896 illud
3146 844 3212 898 ad
3224 845 3449 899 venisset
3462 863 3559 916 quo
3579 865 3693 902 mer~

2159 953 2249 988 ces
2273 934 2584 988 actionibus
2617 933 2973 1004 rependenda
3003 937 3167 989 esset.

2229 1024 2370 1077 Cum
2393 1030 2580 1078 autem
2605 1022 2926 1093 hujusmodi
2955 1022 3132 1092 ipsius
3147 1022 3298 1075 fama
3324 1021 3467 1077 brevi
3493 1042 3694 1095 quaqua-

2159 1129 2378 1166 versum
2403 1129 2598 1183 sparsa
2609 1118 2775 1176 esset,
2793 1128 2989 1164 omnes
3013 1111 3082 1163 ad
3103 1127 3232 1164 eum
3252 1116 3506 1182 tanquam
3541 1114 3695 1183 aliquo

2159 1201 2432 1271 unguenti
2462 1201 2632 1255 odore
2661 1200 2942 1263 concitati,
2987 1200 3236 1270 quotidie
3267 1201 3610 1268 confluebant,
3648 1212 3697 1256 ut

2155 1297 2275 1344 tum
2305 1307 2620 1362 corporum,
2655 1296 2775 1356 tum
2803 1290 3122 1343 animarum
3167 1295 3538 1360 paupertatem
3566 1308 3696 1345 excu-

2154 1385 2358 1451 terent;
2392 1386 2559 1451 atque
2589 1380 2706 1450 ipse
2735 1378 2992 1433 omnibus
3022 1379 3078 1432 in
3105 1395 3201 1432 ore
3223 1384 3358 1432 erat.
3389 1380 3696 1450 Nequeenim

2155 1479 2338 1523 terror
2365 1487 2428 1522 ac
2455 1470 2751 1540 tyrannica
2775 1469 2852 1522 vis
2881 1469 3150 1538 populum
3163 1468 3525 1538 pertrahebat,
3539 1487 3696 1522 verum

2154 1558 2495 1612 desiderium
2523 1574 2586 1610 ac
2607 1557 2857 1610 sincerus
2885 1573 3017 1627 erga
3039 1573 3166 1610 eum
3196 1573 3372 1620 amor,
3399 1557 3489 1626 qui
3510 1558 3697 1627 quidem

2154 1647 2420 1701 divinitus
2440 1653 2610 1717 atque
2625 1664 2690 1700 ex
2713 1645 3175 1716 praestantissima
3191 1645 3364 1716 ipsius
3386 1646 3502 1698 vitae
3520 1647 3699 1699 ratione

2153 1736 2212 1788 in
2227 1737 2478 1790 omnium
2496 1735 2699 1789 animis
2720 1736 2922 1788 insitus
2937 1741 3076 1788 erat.
3108 1735 3252 1788 Tum
3278 1734 3467 1803 igitur,
3483 1740 3606 1795 tum,
3635 1735 3699 1788 in-

2157 1840 2344 1894 quam,
2363 1825 2402 1878 ii
2431 1841 2652 1896 quoque
2670 1841 2764 1894 qui
2795 1823 2898 1878 sub
2926 1824 3102 1894 patris
3124 1823 3300 1894 ipsius
3319 1823 3536 1894 imperio
3551 1830 3696 1888 erant,

2156 1913 2224 1967 ad
2255 1931 2384 1969 eum
2426 1914 2609 1985 potius
2639 1930 2760 1968 sese
2797 1912 3204 1983 adjungebant,
3237 1913 3488 1982 omnique
3523 1911 3699 1981 abjecto

2157 2020 2365 2070 errore,
2395 2004 2686 2079 veritatem
2740 2001 3145 2074 praedicabant.
3177 2003 3258 2056 Ac
3300 2002 3488 2056 domus
3514 2001 3698 2072 quidem

2155 2095 2424 2165 Josaphat
2446 2093 2731 2148 crescebat
2757 2098 2814 2146 et
2841 2091 3218 2146 invalescebat
3251 2111 3264 2156 ;
3313 2091 3501 2144 domus
3544 2097 3696 2144 autem

2155 2183 2418 2238 Abenner
2453 2183 2810 2238 decrescebat
2837 2198 2902 2236 ac
2931 2180 3350 2244 debilitabatur,
3383 2180 3697 2251 quemadmo-

2155 2274 2290 2328 dum
2311 2273 2520 2328 scilicet
2541 2274 2609 2327 de
2634 2272 2838 2327 Davide
2869 2288 2933 2326 ac
2965 2271 3134 2326 Saule
3158 2271 3216 2325 in
3241 2269 3589 2341 Regumlibro
3603 2285 3698 2340 pro-

2154 2363 2336 2418 ditum
2367 2370 2455 2418 est
2487 2365 2562 2430 (II
2587 2365 2710 2430 Reg.
2739 2363 2832 2431 ιι).

2226 2454 2355 2508 CAP.
2382 2467 2570 2506 xxxxv.
2600 2484 2608 2486 -
2676 2452 2804 2505 Haec
2834 2467 2930 2504 rex
2956 2450 3222 2505 Abenner
3236 2449 3579 2520 conspiciens,
3606 2455 3698 2500 tan-

2154 2543 2282 2597 dem
2337 2542 2638 2612 aliquando
2686 2547 2909 2612 recepta
2947 2545 3156 2602 mente,
3208 2540 3469 2593 falsorum
3504 2537 3696 2590 deorum

2154 2649 2384 2686 suorum
2415 2638 2583 2701 atque
2608 2630 2791 2684 inanis
2813 2630 3136 2700 imposturaa
3160 2628 3580 2682 imbecillitatem
3599 2641 3699 2678 con-

2153 2720 2454 2774 demnavit.
2469 2721 2547 2773 Ac
2567 2735 2792 2772 rursum
2809 2718 3044 2772 coarctis
3065 2717 3337 2771 senatorii
3367 2714 3561 2769 ordinis
3579 2713 3698 2785 prin-

2153 2809 2386 2880 cipibus,
2413 2809 2665 2879 quaeipse
2685 2807 2742 2861 in
2760 2807 2948 2861 animo
2973 2806 3234 2871 haberet,
3269 2807 3325 2860 in
3356 2806 3524 2859 lucem
3550 2809 3700 2874 protu-

2153 2899 2236 2952 lit.
2253 2899 2526 2953 Omnibus
2550 2904 2741 2951 autem
2771 2897 2965 2950 eadem
2988 2894 3449 2950 confirmantibus
3470 2893 3696 2961 (visitarat

2154 2988 2304 3042 enim
2326 3005 2420 3042 eos
2451 2987 2652 3042 Oriens
2672 3001 2735 3039 ex
2765 2987 2878 3039 alto
2911 2988 3083 3053 (Luca
3112 3001 3172 3050 ιι,
3215 2987 3319 3039 hoc
3346 2991 3442 3048 est,
3472 2983 3695 3043 Salvator,

2154 3077 2415 3131 exaudita
2435 3076 2688 3130 videlicet
2706 3075 2900 3129 famuli
2922 3075 3008 3128 sui
3039 3075 3317 3145 Josaphat
3337 3071 3605 3138 oratione),
3627 3085 3698 3121 rex

475 3167 622 3221 clare
644 3166 928 3236 gessisset,
957 3171 1124 3237 atque
1137 3183 1330 3220 omnes
1353 3166 1554 3237 quibus
1574 3174 1828 3238 praeerat,
1847 3169 2068 3223 aveteri
2089 3169 2133 3230 Ο
2151 3165 2220 3220 de
2242 3166 2326 3220 his
2362 3165 2529 3220 rebus
2567 3165 2745 3218 filium
2775 3164 3068 3218 certiorem
3113 3163 3432 3218 faciendum
3461 3177 3570 3215 esse
3592 3175 3695 3212 cen-

475 3260 698 3326 atquea
729 3255 983 3326 patribus
1003 3256 1213 3310 tradito
1250 3272 1439 3310 errore
1481 3256 1766 3322 liberatos,
1814 3259 1936 3328 ejus
1973 3257 2069 3329 qui

472 3361 574 3398 nos
603 3344 849 3415 pretioso
864 3361 966 3399 suo
987 3345 1260 3415 sanguine
1290 3363 1355 3399 ex
1377 3345 1529 3400 mala
1549 3347 1818 3402 servitute
1831 3348 2069 3402 redemit

471 3451 659 3488 servos
689 3434 980 3500 effecisset,
1014 3441 1208 3505 postea
1237 3434 1292 3488 id
1333 3435 1522 3490 animo
1567 3436 1782 3506 agitare
1813 3437 1980 3508 coepit
2009 3442 2074 3491 ut

467 3523 848 3578 beneficentiae
878 3540 944 3576 ac
973 3523 1291 3594 largitionis
1308 3525 1574 3579 virtutem
1595 3525 1889 3580 excoleret.
1924 3528 2070 3581 Nam

469 3605 902 3683 temperantiam
924 3612 1150 3682 quidem
1171 3629 1235 3666 ac
1249 3614 1532 3683 justitiam
1551 3614 1799 3668 numeris
1815 3616 1935 3684 jam
1956 3633 2072 3670 om-

472 3701 637 3755 nibus
658 3701 991 3765 absolverat,
1007 3706 1072 3754 ut
1098 3702 1263 3771 quiet
1279 3704 1663 3773 temperantiae
1683 3720 1890 3758 corona
1919 3705 2069 3758 redi-

391 3797 398 3803 ‘
476 3790 668 3855 mitus,
709 3795 767 3844 et
788 3789 1022 3859 justitiae
1051 3807 1301 3860 purpura
1345 3793 1683 3847 convestitus
1728 3799 1892 3847 esset.
1927 3795 2070 3848 Illud

473 3877 1156 3946 igituranimadvertebat,
1183 3886 1535 3935 terrenarum
1549 3899 1716 3952 opum
1743 3883 2066 3938 inconstan-

472 3965 610 4020 tiam
623 3966 1020 4037 proﬂuentium
1033 3983 1306 4037 aquarum
1321 3986 1545 4024 cursum
1559 3971 1787 4026 imitari:
1808 3973 2068 4043 quocirca

472 4055 588 4109 illic
611 4071 706 4110 eas
727 4055 1030 4109 recondere
1067 4058 1419 4128 properabat,
1457 4060 1549 4113 ubi
1578 4077 1759 4132 neque
1781 4062 1938 4117 tinea
1965 4080 2066 4117 ne-

475 4161 583 4216 que
615 4143 814 4214 rubigo
838 4145 1158 4212 demolitur,
1190 4162 1292 4201 nec
1320 4147 1472 4202 fures
1493 4149 1766 4206 effodiunt
1789 4167 1854 4206 ac
1877 4151 2066 4206 furan-

473 4239 584 4301 tur;
616 4233 957 4308 itaquesine
980 4234 1092 4288 ulla
1123 4235 1470 4305 parcimonia
1498 4239 1762 4308 pecunias
1793 4255 1988 4295 omnes
2008 4241 2066 4294 in

2152 3255 2283 3310 suit.
2315 3257 2510 3325 Itaque
2539 3253 2809 3324 postridie
2832 3253 3128 3324 epistolam
3158 3253 3234 3306 ad
3260 3269 3388 3306 eum
3406 3249 3596 3313 scribit,
3618 3247 3698 3300 hoc

2153 3345 2407 3415 exemplo
2451 3362 2462 3396 :

2229 3452 2252 3484 «
2284 3434 2397 3487 Rex
2425 3431 2688 3486 Abenner
2731 3430 3061 3485 charissima
3093 3445 3200 3484 suo
3224 3430 3337 3484 filio
3365 3427 3610 3498 Josaphat
3631 3439 3697 3475 sa-

2152 3522 2348 3577 lutem.

2230 3631 2252 3662 (
2279 3611 2657 3682 Cogitationes
2687 3611 2895 3674 multae,
2927 3626 2959 3662 ο
3004 3607 3334 3662 charissime
3363 3608 3459 3672 fili,
3491 3604 3697 3658 animum

2153 3700 2475 3765 subeuntes,
2502 3715 2630 3754 eum
2651 3698 2979 3770 gravissime
3004 3697 3364 3752 conturbant.
3394 3694 3594 3751 Etenim
3617 3707 3696 3746 no—

2153 3797 2270 3844 stra
2297 3790 2487 3844 omnia
2523 3791 2702 3843 instar
2731 3788 2869 3843 fumi
2900 3787 3136 3842 deficere
3172 3794 3353 3857 atque
3395 3797 3695 3845 evanescere,

2151 3897 2216 3934 ac
2241 3879 2778 3948 contrareligionem
2799 3885 2955 3931 tuam
2977 3877 3092 3931 sole
3114 3876 3323 3930 clarius
3346 3875 3547 3945 fulgere
3569 3886 3698 3926 cons-

2151 3971 2380 4041 piciens,
2406 3987 2468 4023 ea
2494 3985 2617 4040 quae
2647 3985 2680 4021 a
2708 3974 2764 4022 te
2792 3967 2929 4021 mihi
2946 3967 3097 4021 dicta
3117 3971 3252 4020 sunt
3275 3982 3405 4020 vera
3422 3981 3533 4018 esse
3551 3959 3696 4024 sensi;

2151 4060 2409 4130 quodque
2438 4059 2624 4113 densae
2656 4057 2927 4111 scelerum
2952 4063 3010 4109 et
3039 4055 3351 4126 impietatis
3376 4052 3598 4109 tenebra:
3621 4063 3698 4102 nos

2148 4148 2226 4202 ita
2255 4147 2582 4211 obruebant,
2607 4146 2742 4201 utin
2763 4146 3054 4200 veritatem
3075 4145 3268 4199 oculos
3280 4143 3699 4214 conjicere,atque

2149 4236 2401 4290 omnium
2423 4253 2610 4290 rerum
2635 4241 2926 4306 parentem
2965 4239 3022 4287 et
3041 4232 3413 4288 architectum
3443 4239 3698 4300 agnoscere

2149 4325 2380 4379 minime
2411 4342 2720 4397 possemus,
2754 4340 2947 4378 verum
2970 4323 3152 4377 lucem
3181 4338 3363 4393 usque
3388 4320 3519 4375 adeo
3547 4316 3698 4387 splen-

473 4339 745 4394 pauperes
774 4322 1108 4378 distribuere
1138 4325 1323 4396 coepit.
1365 4326 1509 4380 illud
1533 4327 1682 4382 enim
1711 4335 2064 4400 perspectum

2149 4414 2340 4469 didam
2395 4415 2494 4470 abs
2539 4421 2595 4469 te
2643 4413 2805 4468 nobis
2849 4414 3319 4477 demonstratam,
3391 4407 3604 4464 occlusis
3644 4402 3696 4454 de

471 4411 730 4476 habebat,
766 4411 817 4465 ei
847 4411 941 4482 qui
971 4412 1041 4466 ad
1087 4414 1373 4483 ingentem
1403 4416 1712 4485 potentiam
1747 4419 2067 4489 pervenerit

469 4503 781 4557 curandum
812 4518 935 4556 esse
976 4508 1040 4556 ut
1081 4519 1212 4557 eum
1251 4505 1412 4574 cujus
1450 4503 1718 4561 beneficio
1755 4509 2120 4578 potentiam_
2147 4503 2426 4559 industria
2455 4505 2628 4559 oculis
2658 4503 2972 4575 perspicere
3013 4517 3422 4564 recusaremus,
3461 4504 3609 4567 atque
3647 4499 3692 4578 te

468 4598 798 4647 consecutus
822 4590 896 4644 sit
934 4608 1034 4661 pro
1065 4591 1276 4646 viribus
1316 4593 1600 4662 imitetur;
1635 4595 1740 4650 hac
1785 4613 1950 4668 porro
1981 4573 2130 4651 ra-D
2151 4593 2340 4648 multis
2372 4594 2534 4648 malis
2561 4594 2929 4656 afficeremus,
2955 4597 3013 4645 et
3043 4600 3091 4654 (ο
3121 4607 3212 4644 me
3237 4590 3500 4643 miserum
3524 4577 3695 4650 !)haud

470 4681 623 4736 tione
655 4697 784 4735 eum
814 4679 886 4734 ad
917 4679 1018 4734 Dei
1049 4679 1423 4735 imitationem
1458 4699 1813 4739 accessurum
1843 4702 1982 4751 esse,
2017 4685 2064 4739 si
2146 4699 2352 4754 paucos
2384 4683 2734 4738 Christianos
2761 4680 3044 4736 crudelem
3071 4679 3129 4733 in
3167 4679 3401 4734 modum
3428 4672 3696 4731 trucidare-

469 4770 614 4825 nihil
659 4768 1044 4824 misericordia
1081 4769 1268 4840 potius
1323 4777 1493 4842 atque
1539 4773 1828 4845 antiquius
1871 4774 2057 4828 ducat.
2144 4788 2270 4827 mus
2304 4773 2437 4844 :qui
2457 4771 2900 4844 quideminvicta
2922 4769 3174 4840 potentia
3193 4767 3332 4839 ipsis
3348 4782 3504 4837 apem
3525 4763 3695 4816 ferente

469 4857 846 4922 Quamobrem
878 4857 1102 4929 pietatis
1150 4876 1300 4931 opes,
1328 4877 1450 4932 quae
1471 4866 1527 4916 et
1541 4861 1633 4917 hic
1652 4861 1854 4918 futurae
1875 4864 2062 4936 volup-
2145 4861 2510 4928 corroborati,
2544 4862 2613 4916 ad
2645 4867 2954 4916 extremum
2972 4875 3148 4930 usque
3165 4857 3430 4928 spiritum
3448 4855 3694 4908 adversum

468 4946 606 5000 tatis
634 4963 732 5017 spe
758 4947 1009 5002 animum
1042 4947 1342 5016 oblectant,
1377 4955 1435 5004 et
1462 4951 1575 5006 illic
1605 4959 1842 5023 sperata:
1880 4952 2060 5008 beati-
2140 4949 2551 5006 immanitatem
2569 4942 3695 5008 nostramdimicarunt.Nuncvero,detrac-

468 5034 680 5088 tudinis
708 5035 892 5090 fructu
923 5037 1172 5092 animum
1205 5039 1537 5104 exhilarant,
1569 5059 1738 5114 super
1767 5059 1969 5098 aurum
2006 5048 2062 5097 et

469 5123 712 5194 lapidem
754 5125 1063 5194 pretiosum
1093 5126 1196 5181 sibi
1229 5129 1548 5199 aggerebat.
1589 5132 1790 5186 Postea
1816 5149 2065 5187 carceres

473 5228 604 5267 suos
633 5219 1010 5283 perscrutans,
1045 5220 1164 5269 tum
1188 5216 1255 5270 iis
1289 5219 1385 5288 qui
1427 5220 1498 5273 ad
1549 5221 1777 5275 metalla
1813 5221 2064 5276 damnati

475 5305 654 5366 erant,
689 5306 808 5355 tum
839 5301 908 5355 iis
957 5303 1052 5372 qui
1080 5319 1112 5357 a
1139 5305 1509 5362 creditoribus
1539 5309 2057 5380 strangulabantur,

473 5407 538 5445 ac
586 5389 829 5461 denique
873 5389 1130 5446 omnibus
1157 5395 1348 5449 omnia
1395 5398 1616 5469 copiose
1665 5398 2062 5454 subministra-

469 5480 586 5535 bat.
619 5478 1013 5550 Orphanorum
1053 5481 1305 5537 omnium
1332 5491 1392 5539 et
1430 5487 1725 5542 viduarum
1755 5505 1820 5542 ac
1848 5504 2060 5560 paupe-

469 5586 596 5624 rum
617 5573 776 5640 pater
790 5573 928 5634 erat,
953 5567 1249 5640 indulgens
1260 5571 1487 5646 inquam
1507 5593 1571 5630 ac
1588 5576 1864 5648 benignus
1878 5582 2055 5648 pater,

470 5664 639 5728 atque
685 5656 776 5712 ita
827 5663 1204 5728 comparatus,
1253 5666 1320 5716 ut
1373 5663 1620 5735 seipanm
1672 5662 1943 5721 beneﬁcio
1973 5664 2057 5721 af-

2147 5049 2201 5099 ta
2219 5060 2281 5098 ex
2301 5041 2474 5097 oculis
2484 5039 2691 5095 nostris
2702 5056 2888 5094 crassa
2901 5037 3525 5109 illacaligine,exiguum
3541 5041 3694 5100 quem-

2147 5133 2278 5187 dam
2294 5130 2544 5186 veritatis
2561 5129 2777 5184 radium
2794 5128 3094 5190 cernimus,
3101 5128 3351 5200 priorum
3359 5141 3463 5196 que
3473 5119 3693 5175 vitiorum

2147 5221 2436 5293 paenitudo
2459 5220 2709 5275 animum
2726 5217 2895 5272 subit.
2916 5218 3124 5272 Verum
3147 5218 3297 5271 hunc
3318 5228 3530 5286 quoque
3547 5206 3694 5278 splen-

2145 5310 2337 5365 dorem
2367 5309 2479 5364 alia
2520 5307 2811 5363 horrenda:
2839 5306 3243 5379 desperationis
3276 5303 3453 5359 nubes
3477 5297 3691 5354 exoriens

2145 5399 2463 5471 opprimere
2487 5403 2654 5468 atque
2665 5396 3021 5466 exstinguere
3039 5403 3290 5460 conatur,
3323 5391 3456 5447 mihi
3474 5383 3690 5441 videlicet

2143 5493 2496 5560 peccatorum
2527 5503 2778 5541 meorum
2829 5485 3244 5540 multitudinem
3278 5483 3349 5537 ob
3376 5479 3556 5536 oculos
3585 5487 3690 5544 pro—

2143 5593 2376 5650 ponens,
2409 5575 2669 5647 quodque
2683 5576 2803 5645 jam
2832 5591 2935 5644 ego
2957 5574 3179 5638 Christo
3207 5572 3333 5626 odio
3385 5575 3545 5639 atque
3561 5575 3688 5655 exse:

2141 5649 2379 5724 orationi
2397 5679 2542 5730 sum,
2566 5680 2744 5734 eaque
2771 5663 2831 5718 in
2859 5678 3046 5729 causa,
3080 5668 3145 5719 ut
3159 5663 3277 5732 jam
3309 5659 3379 5714 ab
3408 5658 3520 5728 ipso
3547 5649 3688 5717 recipi
