3954 6190
307 381 405 441 581

701 384 871 439 VITA
909 380 1350 438 SANCTORUM
1388 357 1733 436 BARLAAM
1772 379 2112 436 EREMITAE
2151 381 2239 438 ET
2279 383 2642 445 JOSAPHAT
2680 393 2910 451 INDIIE
2951 399 3181 460 REGIS.

3473 411 3575 468 58‘2

305 525 605 581 nequeam,
634 514 701 563 ut
728 507 822 580 qui
853 508 1118 562 adversus
1155 523 1283 561 eum
1313 504 1652 571 rebellarim,
1687 505 1902 576 ipsique
1925 506 2124 569 Aliare
2180 525 2402 579 queam.
2465 511 2740 576 Quoniam
2797 526 2855 575 tu
2892 523 3167 591 gloriosus
3198 547 3256 585 es
3296 532 3353 587 in
3374 537 3575 593 saecula

301 597 514 654 bellum
545 598 860 653 indixerim.
902 597 1046 662 Quid
1097 597 1269 666 igitur
1322 597 1459 667 spei,
1513 613 1545 648 ο
1575 595 1900 650 suavissime

301 689 402 755 fili,
437 690 509 744 ad
539 690 656 745 haec
684 689 857 750 dicas,
881 689 969 744 fac
995 688 1415 760 quamprimum
1445 688 1638 750 sciam,
1675 705 1738 741 ac
1768 687 1900 758 quid

301 778 442 832 mihi
469 779 616 850 patri
646 785 744 834 tuo
792 779 1103 832 faciendum
1149 778 1222 832 sit
1267 779 1421 842 doce,
1457 783 1626 848 atque
1653 778 1724 830 ad
1755 778 1895 847 ejus,

299 868 450 938 quod
490 868 549 922 in
582 886 701 923 rem
755 885 939 923 meam
986 869 1238 922 futurum
1269 867 1360 932 sit,
1395 867 1771 936 cognitionem
1810 883 1899 920 me

297 963 573 1028 tanquam
603 965 864 1028 porrecta
882 975 1053 1012 manu
1073 958 1160 1012 fac
1177 957 1365 1011 ducas.
1400 957 1553 1011 Vale.
1578 976 1602 1006 ι»

369 1048 533 1101 lianc
563 1047 858 1118 epistolam
890 1065 1017 1102 cum
1059 1049 1329 1119 Josaphat
1381 1045 1704 1116 accepisset,
1753 1062 1898 1116 quae-

297 1153 408 1206 que
428 1137 490 1190 in
511 1154 576 1192 ea
600 1137 1035 1192 continebantur
1059 1137 1296 1208 legendo
1310 1142 1497 1202 325
1518 1140 1892 1205 peragrasset,

293 1227 582 1298 voluptate
630 1228 800 1282 simul
849 1234 906 1282 et
942 1228 1314 1281 admiratione
1346 1226 1568 1280 animus
1591 1225 1766 1296 ipsius
1795 1225 1896 1277 im-

291 1316 480 1386 pletus
490 1318 790 1388 est.Atque
803 1318 861 1371 in
872 1317 1188 1372 cubiculum
1205 1333 1366 1370 suum
1381 1314 1670 1369 confestim
1687 1313 1897 1383 ingres-

293 1421 412 1471 sus,
447 1412 506 1460 et
520 1412 650 1460 ante
669 1407 1020 1461 Dominicam
1057 1406 1298 1476 efﬁgiem
1322 1405 1380 1459 in
1412 1404 1609 1458 faciem
1638 1403 1891 1473 abjectus

292 1501 511 1549 terram
537 1496 802 1568 lacrymis
824 1495 1212 1568 perfundebat,
1247 1495 1414 1548 simul
1445 1493 1752 1547 etDomino
1770 1509 1896 1561 gra-

290 1585 403 1638 tias
425 1601 617 1655 agens,
671 1591 725 1639 et
769 1586 839 1640 ad
882 1586 1059 1656 ipsius
1087 1584 1467 1638 laudationem
1507 1581 1895 1636 exsultationis

287 1672 445 1727 labia
469 1691 716 1740 movens,
741 1675 939 1746 hisque
960 1673 1139 1728 verbis
1171 1681 1367 1728 utens:

365 1763 634 1819 Exaltabo
654 1771 728 1829 te,
763 1765 912 1818 Deus
935 1781 1091 1819 meus
1120 1764 1252 1828 Rex,
1282 1768 1339 1816 et
1362 1761 1688 1816 benedicam
1713 1760 1896 1814 nomi-

1982 598 2330 652 szeculorum.
2364 600 2563 656 Amen.

2054 686 2193 786 cum
2225 688 2295 787 ad
2328 688 2476 744 hunc
2505 695 2730 787 modum
2750 707 2977 767 orasset,
3007 712 3175 776 atque
3197 711 3300 765 hoc
3329 712 3434 767 sibi
3457 733 3577 787 per-

1983 775 2268 869 suasisset,
2331 795 2389 832 se
2416 783 2525 835 voti
2566 784 2650 838 sui
2703 797 3013 861 compotem
3062 775 3332 869 futurum,
3367 775 3574 862 Christi

1982 864 2362 922 misericordia
2382 869 2576 938 fretus,
2600 874 2751 929 illinc
2779 895 2905 934 cum
2932 886 3084 953 regio
3105 864 3366 946 satellitio
3388 911 3573 949 exces-

1981 951 2071 1016 sit,
2103 960 2272 1026 atque
2292 958 2362 1011 ad
2379 961 2554 1029 patris
2577 965 2846 1033 palatium
2868 986 2989 1025 sese
3000 951 3263 1033 contulit.
3289 981 3359 1035 Ut
3380 991 3570 1038 autem

1981 1046 2141 1130 pater
2159 1044 2228 1097 de
2273 1047 2373 1101 ﬁlii
2420 1050 2661 1108 adventu
2690 1058 2896 1111 certior
2923 1060 3100 1117 factus
3129 1073 3232 1130 est,
3267 1072 3455 1127 statim
3479 1074 3573 1128 ob-

1980 1129 2125 1220 viam
2161 1133 2211 1186 ei
2241 1135 2444 1204 prodit,
2472 1143 2835 1213 atqueipsum
2859 1151 3248 1220 complectitur
3267 1163 3322 1210 et
3348 1176 3576 1217 exoscu-

1978 1218 2145 1285 latur,
2171 1222 2351 1315 deque
2371 1226 2546 1296 ipsius
2562 1231 2800 1288 adventu
2824 1240 3067 1293 maxima
3091 1244 3376 1315 voluptate
3397 1250 3573 1305 amci-

1978 1314 2088 1374 tur,
2113 1309 2507 1385 publicumque
2539 1335 2602 1372 ac
2632 1322 2880 1379 solemne
2899 1327 3105 1382 festum
3132 1309 3393 1390 celebrat.
3429 1339 3574 1402 Quid

1980 1403 2168 1452 autem
2200 1404 2428 1470 postea?
2477 1405 2728 1464 Remotis
2759 1413 3003 1483 arbitris,
3037 1436 3149 1474 una
3173 1425 3480 1481 consident.
3506 1429 3574 1482 Et

1981 1488 2104 1587 quis
2131 1491 2357 1587 tandem
2381 1511 2475 1548 eos
2493 1513 2796 1568 sermones,
2815 1521 2952 1574 quos
2971 1512 3092 1562 tum
3109 1511 3256 1566 ﬁlius
3279 1515 3348 1568 ad
3380 1533 3569 1587 regem

1977 1575 2193 1672 habuit,
2245 1587 2301 1634 et
2346 1591 2558 1652 quanta
2599 1606 2725 1644 cum
2783 1594 3055 1664 sapientia
3123 1601 3407 1672 disseruit,
3441 1575 3569 1662 ulla

1978 1667 2229 1722 oratione
2261 1674 2550 1743 complecti
2583 1681 2790 1746 queat?

2050 1757 2220 1853 Quid-
2242 1761 2388 1853 enim
2440 1764 2591 1818 aliud
2649 1767 3002 1839 loquebatur,
3045 1793 3210 1847 quam
3243 1797 3363 1849 quae
3393 1783 3497 1853 ipsi
3536 1802 3567 1838 a

289 1853 350 1907 ni
373 1860 472 1908 tuo
502 1854 560 1908 in
588 1856 873 1918 saeculum,
895 1861 951 1909 et
971 1855 1024 1908 in
1047 1855 1310 1908 saeculum
1332 1852 1536 1906 saculi.
1558 1851 1794 1920 Magnus
1808 1866 1886 1914 es,
1920 1873 1961 1932 Β
1977 1844 2164 1900 ἀίνὶΠο
2195 1849 2423 1920 spirit“,
2456 1868 2557 1922 Per
2568 1871 2732 1924 quem
2749 1859 3048 1928 piscatores
3060 1844 3394 1923 universum
3410 1844 3568 1926 inun-

286 1941 545 2010 Domine,
598 1950 655 1998 et
699 1943 997 1998 laudabilis
1025 1944 1200 2008 valde,
1244 1949 1300 1996 et
1338 1941 1740 2011 magnitudinis
1772 1945 1880 1993 tuae

287 2049 402 2086 non
426 2039 512 2087 est
539 2033 668 2088 ﬁnis
698 2033 864 2100 (Psal.
901 2034 1098 2102 cxmv).
1131 2033 1200 2086 Et
1239 2031 1363 2102 quis
1392 2031 1653 2101 loquetur
1689 2035 1888 2100 poten-

284 2121 397 2176 tias
425 2128 573 2184 tuas,
598 2123 820 2177 auditas
840 2122 1005 2178 faciet
1021 2139 1214 2177 omnes
1243 2121 1440 2175 laudes
1462 2127 1588 2174 tuas
1603 2118 1884 2187 (Psal.cv)?

285 2210 396 2274 Qui
451 2213 772 2267 convertisti
803 2219 1021 2284 petram
1052 2212 1110 2266 in
1159 2216 1358 2281 stagna
1388 2226 1679 2281 aquarum,
1714 2213 1771 2262 et
1799 2225 1889 2262 ru-

284 2317 416 2372 pem
441 2301 498 2355 in
529 2302 709 2357 fontes
740 2319 1015 2374 aquarum
1034 2305 1199 2370 (Psal.
1228 2305 1402 2370 cxm).
1427 2301 1507 2355 En
1536 2301 1684 2355 enim
1719 2299 1890 2354 etiam

283 2407 457 2462 rupes
476 2392 682 2456 haec,ac
703 2411 840 2465 rupe
870 2394 1064 2449 durius
1095 2393 1268 2466 patris
1289 2391 1401 2446 mei
1431 2396 1644 2462 pectus,
1670 2395 1770 2443 tua
1801 2405 1892 2442 vo-

283 2480 508 2536 luntate
536 2483 866 2538 certeinstar
884 2484 1195 2538 emollitum
1217 2487 1321 2537 est.
1346 2483 1511 2536 Potes
1541 2481 1688 2535 enim
1717 2480 1888 2534 etiam

283 2585 350 2623 ex
403 2571 685 2642 lapidibus
743 2573 984 2628 excitare
1032 2572 1176 2627 filios
1221 2571 1458 2627 Abraha
1518 2572 1730 2638 (Matth.
1777 2569 1884 2638 Ill).

283 2660 512 2716 Gratias
540 2663 643 2718 tibi
665 2681 788 2735 ago,
808 2663 1045 2735 benigne
1069 2664 1303 2718 Domine
1325 2680 1388 2717 ac
1399 2663 1548 2717 Deus
1572 2661 1886 2716 misericor-

282 2747 408 2817 diae,
443 2753 708 2821 quoniam
747 2754 807 2808 in
848 2755 1090 2825 peccatis
1120 2754 1325 2809 nostris
1380 2753 1612 2807 lenitate
1639 2768 1772 2808 usus
1803 2769 1883 2815 es,

281 2847 456 2914 atque
484 2843 795 2898 etiamnum
823 2845 1018 2910 uteris,
1051 2849 1107 2898 et
1135 2845 1205 2898 ad
1235 2845 1383 2898 hunc
1408 2860 1585 2914 usque
1606 2844 1754 2898 diem
1787 2846 1888 2899 im-

281 2932 512 3002 punitos
538 2949 640 2987 nos
669 2933 943 3005 reliquisti
967 2936 1191 2999 (Basil..
1227 2936 1320 2988 lib.
1349 2933 1526 2988 Const.
1561 2951 1605 2987 ε.
1639 2932 1704 3002 1).
1739 2934 1880 2987 Nam

280 3038 386 3076 nos
412 3022 640 3093 quidem
669 3025 791 3094 jam
819 3023 1038 3095 pridem
1069 3041 1103 3077 a
1129 3029 1228 3077 tua
1256 3023 1394 3077 facie
1428 3022 1595 3093 abjici
1627 3022 1882 3078 mereba—

279 3128 431 3176 mur,
453 3119 623 3184 atque
641 3112 698 3167 in
716 3112 822 3167 hac
845 3113 956 3167 vita
971 3112 1445 3185 publicainfamia
1465 3113 1666 3177 notari,
1688 3130 1885 3184 quem-

1978 1933 2108 1987 dum
2142 1937 2362 1994 Christo
2391 1941 2736 2010 irretierunt,
2756 1952 2813 2000 et
2831 1948 3144 2006 litterarum
3169 1963 3423 2026 expertes
3438 1975 3568 2015 eru-

1974 2021 2104 2078 ditis
2135 2026 2267 2082 viris
2286 2029 2951 2105 doctrinaprrestiterunt,
2986 2021 3436 2101 instillabantur?
3459 2050 3569 2102 Per

1969 2117 2091 2186 ejus
2108 2121 2352 2190 gratiam
2373 2123 2491 2194 ipse
2508 2142 2729 2198 quoque
2751 2129 3003 2186 eruditus
3041 2139 3098 2188 et
3134 2136 3460 2206 instructus,
3495 2141 3566 2194 ad

1972 2222 2162 2278 regem
2193 2211 2361 2266 verba
2379 2213 2632 2281 faciebat,
2650 2217 2895 2274 scientiae
2915 2221 3034 2276 luce
3055 2240 3182 2279 eum
3206 2227 3561 2284 collustrans.

1972 2299 2050 2351 Ac
2101 2301 2256 2370 prius
2303 2305 2549 2374 quidem,
2589 2324 2716 2361 cum
2747 2315 2812 2363 ut
2839 2317 3058 2381 patrem
3099 2331 3133 2368 a
3173 2320 3562 2389 superstitioso

1973 2403 2160 2444 errore
2182 2390 2553 2459 abstraheret,
2588 2396 2682 2450 diu
2705 2399 3394 2475 multumquelaborasset,
3422 2410 3562 2465 nihil

1971 2495 2084 2533 non
2114 2480 2302 2535 dicens
2327 2488 2425 2537 aut
2453 2483 2678 2551 faciens,
2732 2506 2840 2560 quo
2881 2492 3053 2562 ipsius
3104 2495 3352 2552 animum
3399 2500 3471 2554 ad
3501 2518 3560 2556 se

1971 2569 2239 2634 alliceret,
2263 2571 2469 2628 frustra
2491 2580 2682 2631 tamen
2707 2595 2906 2634 canere
2944 2597 3009 2636 ac
3037 2584 3205 2638 surdo
3232 2585 3386 2657 loqui
3415 2589 3563 2644 vide-

1971 2657 2155 2714 batur.
2188 2663 2263 2716 At
2291 2679 2417 2717 cum
2474 2665 2744 2721 Dominus
2785 2669 3147 2726 afflictionem
3176 2675 3316 2728 servi
3350 2676 3437 2730 sui
3472 2679 3562 2733 Jo-

1971 2749 2170 2818 saphat
2204 2750 2479 2822 inSpexit,
2511 2759 2700 2825 atque,
2737 2758 3010 2813 exauditis
3059 2761 3237 2832 ipsius
3283 2765 3560 2836 precibus,

1969 2836 2186 2891 clausas
2215 2840 2391 2908 patris
2435 2841 2610 2912 ipsius
2659 2845 2862 2914 januas
2901 2851 3164 2920 patefecit
3200 2855 3562 2910 (voluntatem

1969 2925 2136 2992 enim,
2168 2928 2354 2999 inquit
2376 2929 2468 2983 ille
2517 2932 2680 3001 [P.ml.
2707 2937 2902 3007 ccxxv],
2938 2939 3260 2996 timentium
3292 2960 3351 2997 se
3375 2944 3556 3011 faciet,

1967 3021 2022 3069 et
2061 3017 2510 3089 deprecationem
2547 3040 2742 3079 eorum
2795 3029 3094 3096 exaudiet),
3142 3037 3260 3086 tum
3316 3032 3559 3104 denique

1967 3123 2061 3160 rex
2093 3124 2159 3161 ea
2187 3125 2309 3179 qum
2337 3109 2668 3166 dicebantur
2697 3113 2854 3169 facile
2884 3117 3251 3190 intelligebat,
3303 3123 3442 3175 adeo
3473 3129 3554 3188 ut,

278 3201 588 3256 admodum
605 3202 859 3257 scelerati
892 3203 970 3256 illi
1005 3203 1386 3274 Pentapolitae,
1403 3203 1495 3273 qui
1522 3203 1636 3273 igni
1666 3219 1728 3256 ac
1759 3203 1875 3257 sul-
1893 3203 1937 3262 C
1958 3204 2334 3267 opportunum
2355 3205 2579 3270 tempus
2599 3209 2796 3258 nactus
2815 3207 2963 3260 filius
2983 3225 3081 3278 per
3101 3209 3304 3263 Christi
3315 3211 3560 3280 gratiam

276 3291 460 3362 phure
479 3292 900 3363 conﬂagrarunt
911 3293 1064 3352 (Gen.
1090 3305 1220 3346 xIxt.
1245 3291 1879 3363 Atpatientiaetincom-

277 3381 550 3452 parabilis
565 3381 768 3436 lenitas
796 3387 895 3437 tua
920 3381 1158 3453 benigne
1174 3381 1459 3436 nobiscum
1477 3382 1608 3452 egit.
1655 3381 1878 3435 Gratias

274 3470 377 3525 tibi
396 3488 504 3541 ago
519 3471 786 3543 indignus
800 3489 902 3542 ego
919 3488 982 3526 ac
1009 3470 1376 3543 despicabilis,
1397 3471 1614 3525 etiamsi
1626 3470 1881 3540 benigni-

277 3561 380 3615 tati
393 3566 508 3616 tua
518 3561 816 3616 laudandar
832 3578 897 3616 ac
908 3560 1254 3616 celebrandae
1269 3561 1452 3631 impar
1464 3562 1693 3615 sum.Ac
1707 3565 1761 3614 te
1774 3560 1880 3614 Do-

279 3651 432 3705 mine
443 3651 475 3704 J
479 3667 581 3705 esu
592 3650 1130 3716 Christe,invisibilis
1140 3650 1322 3706 Patris
1337 3650 1441 3705 Fili
1458 3649 1770 3705 acVerbum
1784 3649 1878 3721 qui

283 3739 654 3794 omniaverbo
666 3740 995 3812 produxisti,
1029 3757 1093 3795 ac
1129 3741 1415 3795 voluntate
1444 3745 1542 3795 tua
1557 3740 1810 3794 contines
1827 3744 1883 3794 et

282 3829 590 3900 tueris,qui
603 3829 661 3884 in
672 3829 824 3901 ligno
835 3837 1097 3885 extensus
1109 3848 1257 3897 es,ac
1269 3830 1468 3885 fortem
1482 3829 1881 3888 vixistitMatth.

283 3921 402 3983 ml,
421 3918 606 3989 iisque
623 3919 717 3990 qui
732 3917 802 3972 ab
829 3935 896 3974 eo
910 3918 1077 3973 vincti
1093 3918 1449 3984 tenebantur,
1484 3919 1884 3990 sempiternam

285 4006 608 4063 libertatem
622 4007 862 4063 attulisti
895 4027 906 4075 ;
922 4014 978 4062 te
995 4008 1223 4080 inquam
1243 4027 1343 4080 per
1359 4009 1743 4063 miserationes
1758 4013 1886 4062 tuas

285 4095 559 4162 obtestor,
589 4102 652 4152 ut
678 4113 827 4152 nunc
855 4113 1078 4169 quoque
1101 4097 1432 4152 invisibilem
1466 4098 1782 4152 etomnium
1795 4113 1884 4151 re-

285 4202 412 4241 rum
439 4186 772 4242 elTectricem
804 4203 1038 4241 manum
1064 4192 1220 4242 tuam
1248 4187 1532 4247 extendas,
1569 4204 1633 4240 ac
1664 4202 1884 4240 servum

283 4280 451 4330 tuum
470 4282 526 4331 et
541 4283 760 4348 patrem
779 4293 966 4332 meum
983 4294 1046 4331 ex
1061 4276 1216 4347 gravi
1229 4276 1324 4330 illa
1338 4275 1545 4330 diaboli
1562 4275 1883 4347 captivitate

285 4380 520 4436 prorsus
566 4365 786 4432 liberes,
835 4371 1003 4437 teque
1029 4365 1371 4436 sempiterna
1417 4363 1531 4419 vita
1561 4364 1879 4436 praeditum,

285 4463 344 4507 et
365 4470 561 4508 verum
583 4455 760 4510 Deum
791 4471 854 4509 ac
875 4455 1055 4509 solum
1104 4454 1478 4509 immortalem
1528 4459 1584 4508 et
1612 4459 1882 4508 aeternum

1961 3286 2227 3341 adversus
2248 3288 2532 3360 improbos
2559 3291 2789 3362 spiritus
2815 3296 2908 3365 qui
2948 3298 3122 3367 patris
3161 3299 3348 3353 animo
3377 3300 3559 3355 domi-

1960 3375 2241 3431 nabantur
2269 3377 2556 3433 victoriam
2615 3381 3034 3452 adipisceretur,
3095 3386 3392 3458 ipsumque
3440 3389 3560 3444 illo-

1962 3481 2087 3518 rum
2144 3482 2331 3520 errore
2358 3471 2526 3538 atque
2556 3467 2868 3540 impostura
2897 3473 3048 3527 omni
3079 3491 3144 3527 ex
3181 3480 3338 3546 parte
3360 3476 3560 3530 libera-

1961 3559 2065 3618 ret,
2099 3555 2834 3628 salutaremquedoctrinam
2867 3563 3157 3634 perspicue
3179 3563 3283 3634 ipsi
3310 3563 3561 3617 traderet

1962 3659 2026 3696 ac
2055 3644 2264 3699 cmlesti
2294 3651 2351 3699 et
2379 3647 2497 3702 vivo
2526 3649 2641 3703 Deo
2671 3649 2857 3721 ipsum
2880 3652 3221 3707 conciliaret.

2033 3733 2314 3806 Principio
2327 3737 2476 3791 enim
2497 3739 2665 3794 altius
2683 3741 3042 3812 exorsus,ipsi
3067 3759 3298 3812 magnas
3315 3746 3370 3796 et
3382 3741 3559 3796 admi-

1966 3823 2171 3878 randas
2186 3842 2274 3879 res
2286 3842 2424 3896 quas
2444 3827 2599 3898 prius
2612 3846 2712 3884 nec
2723 3829 3202 3898 intellexerat,nec
3218 3832 3398 3886 cordis
3414 3831 3561 3885 auri-

1966 3911 2068 3967 bus
2099 3917 2818 3986 perceperat,annuntiavit.
2843 3920 3062 3974 Etenim
3092 3920 3318 3992 longam
3340 3920 3410 3974 ad
3430 3935 3558 3974 eum

1968 4002 2037 4056 de
2063 4003 2178 4058 Deo
2200 4005 2506 4061 orationem
2563 4007 2780 4082 habuit,
2821 4009 3084 4081 piamque
3109 4010 3423 4064 doctrinam
3454 4009 3560 4081 ipsi

1969 4093 2214 4148 ostendit
2257 4096 2504 4167 (nempe,
2539 4097 2686 4168 quod
2714 4115 2826 4152 non
2854 4099 2927 4153 sit
2968 4099 3112 4153 alius
3143 4100 3282 4154 deus
3310 4115 3557 4162 sursum,

1967 4183 2171 4253 praeter
2197 4201 2372 4238 unum
2400 4185 2598 4252 Deum,
2635 4187 2728 4257 qui
2759 4187 2817 4241 in
2847 4187 3013 4242 Patre
3043 4194 3100 4241 et
3125 4188 3266 4243 Filio
3296 4205 3361 4242 ac
3390 4188 3561 4258 Spiri-

1965 4277 2027 4325 tu
2056 4278 2248 4327 sancto
2280 4275 2643 4344 agnoscitur),
2681 4291 2744 4329 ac
2791 4277 2972 4330 multa
2995 4276 3131 4330 item
3152 4276 3446 4346 theologiae
3474 4292 3561 4331 ar-

1965 4377 2102 4416 cana
2132 4362 2236 4432 ipsi
2255 4362 2495 4433 aperuit.
2519 4364 2831 4435 Posteaque
2851 4365 3021 4419 etiam
3041 4382 3106 4419 ea
3119 4382 3240 4437 quae
3269 4364 3340 4418 ad
3366 4381 3557 4418 rerum

1966 4450 2315 4505 conditarum
2346 4458 2463 4506 tam
2507 4451 2868 4508 invisibilium
2896 4470 3064 4526 quam
3094 4453 3395 4508 visibilium
3425 4469 3556 4525 pro-

284 4542 501 4614 Regem
531 4559 652 4599 esse
680 4543 1149 4615 apertissimeipsi
1171 4543 1452 4598 ostendas.
1481 4543 1886 4598 Contritionem
1907 4533 2306 4595 Dcreationem
2334 4540 2653 4596 attinebant
2681 4543 2937 4614 exposuit
2961 4562 2970 4596 :
3026 4543 3294 4597 nimirum
3325 4559 3434 4613 quo
3464 4558 3559 4613 pa-

285 4649 480 4702 quaeso
513 4633 688 4687 animi
718 4633 828 4687 mei
856 4633 1098 4704 propitio
1151 4650 1214 4688 ac
1243 4631 1460 4704 placido
1491 4632 1648 4687 oculo
1677 4632 1880 4703 aspice,

284 4737 354 4774 ac
391 4737 494 4793 pro
538 4738 606 4776 ea
652 4728 753 4777 tua
789 4722 1210 4794 pollicitatione,
1242 4722 1299 4776 in
1332 4738 1499 4793 quam
1531 4721 1884 4776 mendacium

283 4826 404 4865 non
435 4810 600 4877 cadit,
644 4827 679 4866 a
705 4811 846 4866 meis
884 4811 1136 4876 partibus
1177 4816 1282 4877 sta,
1340 4811 1435 4882 qui
1464 4818 1521 4866 te
1551 4827 1741 4865 rerum
1763 4828 1884 4865 om-

282 4899 451 4954 nium
483 4900 815 4965 effectorem,
845 4900 1211 4966 conditorem,
1236 4897 1735 4969 etgubernaturem
1758 4915 1886 4954 con-

285 4989 459 5044 ﬁteor
507 4993 562 5044 et
613 5006 873 5061 agnosco.
932 4989 1100 5045 Fluat
1128 4988 1188 5042 in
1226 5005 1316 5043 me
1367 4988 1571 5043 saliens
1613 5004 1761 5060 aqua
1787 4994 1887 5043 tua

287 5080 479 5146 (Joan.
506 5081 598 5145 Ivl,
647 5078 921 5150 deturque
951 5077 1089 5132 mihi
1129 5095 1314 5132 sermo
1362 5077 1420 5132 in
1459 5078 1747 5150 apertione
1773 5077 1886 5133 oris

286 5167 502 5235 (Ephes.
531 5169 624 5233 v1),
659 5183 724 5222 ac
754 5184 912 5222 mens
931 5167 1061 5222 inte
1083 5166 1545 5238 angularilapide
1575 5172 1723 5221 recte
1755 5167 1888 5221 deﬁ-

282 5270 384 5321 xa,
413 5261 478 5310 ut
490 5255 842 5327 ego,inutilis
862 5273 1053 5312 servus
1064 5263 1214 5313 tuus.
1233 5255 1377 5328 patri
1400 5272 1525 5310 meo
1547 5255 1886 5310 incarnatio-

282 5343 380 5398 nis
418 5350 529 5400 tua:
558 5345 908 5417 mysterium,
940 5346 1024 5401 uti
1061 5362 1164 5418 par
1192 5351 1294 5408 est.
1329 5339 1624 5417 exponere,
1657 5350 1825 5417 atque
1854 5361 1886 5399 a

281 5449 434 5488 vano
462 5435 858 5506 pestiferorum
889 5435 1207 5491 daemonum
1238 5451 1428 5490 errore
1448 5451 1548 5505 per
1577 5434 1885 5506 potentiam

281 5528 449 5578 tuam
478 5523 663 5596 ipsum
692 5524 986 5592 abducere,
1033 5524 1245 5597 tibique
1261 5525 1376 5579 Deo
1403 5537 1467 5577 ac
1495 5523 1752 5591 Domino,
1788 5523 1885 5596 qui

284 5629 406 5669 non
435 5613 517 5668 vis
545 5619 784 5670 mortem
807 5620 1182 5688 peccatorum,
1213 5613 1310 5668 sed
1338 5628 1533 5668 eorum
1556 5612 1885 5686 resipiscen-

284 5703 431 5760 tiam
452 5720 519 5760 ac
537 5703 925 5776 paenitentiam
970 5709 1256 5776 exspectas
1273 5704 1478 5773 (Ezech.
1506 5709 1681 5772 xvm),
1704 5701 1884 5760 conci-

1965 4636 2054 4685 cto
2079 4647 2333 4686 summus
2361 4631 2454 4685 ille
2500 4647 2702 4704 parens
2729 4638 2785 4687 et
2813 4638 3004 4700 326
3027 4633 3210 4705 opifex
3242 4631 3408 4687 rebus
3435 4648 3557 4686 om-

1967 4719 2132 4775 nibus
2161 4737 2224 4776 ex
2250 4720 2426 4776 nihilo
2442 4720 2744 4793 productis,
2764 4721 3049 4776 hominem
3076 4722 3147 4776 ad
3175 4721 3479 4792 imaginem
3500 4727 3557 4775 et

1967 4809 2394 4866 similitudinem
2420 4827 2580 4865 suam
2610 4811 2904 4879 efﬁnxerit,
2927 4811 3223 4882 ipsumque
3252 4809 3469 4865 arbitrii
3497 4809 3560 4864 li-

1965 4895 2183 4972 bertate
2212 4899 2503 4965 donatum,
2547 4915 2740 4954 eorum
2771 4917 2894 4970 quae
2940 4899 2998 4953 in
3034 4899 3295 4971 paradiso
3325 4897 3558 4971 pulchra

1968 4993 2130 5042 erant
2164 4989 2496 5060 participem
2517 4987 2904 5050 fecerit,unius
2919 4993 3142 5043 tantum
3154 4988 3369 5043 arboris
3389 4993 3560 5059 gustu

1969 5076 2074 5148 ipsi
2118 5077 2435 5141 interdicto,
2471 5077 2573 5132 hoc
2611 5082 2696 5132 est
2734 5077 2872 5148 ligni
2902 5077 3167 5133 scientiae.
3189 5077 3310 5143 Quo
3333 5077 3560 5150 quidem

1968 5167 2232 5222 mandato
2252 5168 2474 5232 violato,
2496 5183 2624 5220 eum
2651 5183 2681 5221 e
2701 5166 2961 5238 paradiso
2985 5167 3560 5223 exterminavit.Unde

1970 5262 2025 5311 et
2054 5256 2255 5328 ipse,et
2274 5271 2432 5322 uxor,
2475 5272 2542 5310 ea
2567 5272 2737 5328 quam
2763 5273 2888 5311 cum
2919 5273 2983 5311 eo
3013 5256 3296 5312 habebant
3323 5258 3559 5327 conjun-

1967 5345 2152 5400 ctione
2181 5345 2407 5416 lapsi,in
2429 5345 2765 5406 hos,multos
2785 5362 3002 5400 errores
3022 5346 3358 5413 incnderunt,
3373 5361 3564 5417 pecca-

1966 5441 2024 5490 to
2055 5434 2310 5488 videlicet
2331 5433 2387 5488 in
2411 5433 2736 5488 servitutem
2767 5434 2992 5500 addicti,
3018 5437 3297 5506 mortique
3318 5450 3418 5506 per
3444 5433 3561 5486 dia-

1965 5523 2080 5578 boli
2100 5523 2456 5596 tyrannidem
2485 5522 2707 5578 obnoxii
2747 5524 2945 5580 effecti.
2971 5524 3078 5589 Qui
3109 5524 3336 5595 quidem
3382 5521 3559 5576 homi-

1965 5612 2131 5669 nibus
2159 5611 2332 5669 semel
2358 5612 2417 5668 in
2443 5617 2777 5685 potestatem
2807 5631 2967 5670 suam
2996 5612 3255 5679 redactis,
3287 5611 3392 5665 hoc
3418 5608 3552 5680 egit,

1964 5707 2030 5758 ut
2055 5701 2158 5761 Dei
2206 5719 2270 5758 ac
2317 5702 2540 5759 Domini
2583 5700 2858 5759 oblivione
2909 5716 3137 5774 prorsus
3193 5702 3547 5770 caperentur,
