3876 6190
467 263 570 320 583

1477 257 1570 313 DE
1604 257 1793 313 VlTlS
1831 255 2128 312 PATRUM
2166 253 2380 309 LIBER
2416 253 2708 308 PRIMUS.

3557 272 3642 326 584

449 389 700 461 ipsisque
730 385 1012 457 persuasit
1065 389 1130 438 ut
1161 400 1260 454 per
1304 380 1706 436 exsecrandam
1764 381 2042 436 idolorum
2059 385 2104 440 Α
2129 379 2418 433 exstruxit.
2451 379 2565 432 Nec
2608 395 2734 432 vero
2769 379 2826 432 in
2853 377 2990 432 urbe
3009 379 3284 448 duntaxat,
3314 387 3401 440 sed
3429 391 3574 446 etiam
3599 396 3646 450 in

449 477 833 532 adorationem
864 474 971 528 sibi
1009 474 1220 527 cultum
1245 471 1595 526 adhiberent.

516 569 592 620 At
619 581 748 618 vero
775 565 922 618 Deus
935 571 1156 616 creator
1179 568 1386 626 noster,
1405 560 1761 614 miseratione
1791 577 2038 614 commo-

445 660 557 718 tus,
575 653 819 723 benigna
848 651 1032 706 Patris
1053 652 1340 705 voluntate
1367 668 1431 704 ac
1465 650 1704 720 Spiritus
1733 649 1911 704 sancti
1937 649 2037 703 ad-

441 746 640 816 juncta
668 759 856 813 opera,
893 759 956 795 ex
987 741 1219 810 Virgine
1246 745 1438 794 sancta
1465 739 1644 793 nostri
1671 739 1847 793 instar
1871 740 1929 792 in
1959 740 2040 792 lu-

445 850 565 886 cem
594 831 682 886 edi
711 830 908 895 voluit;
961 845 1200 899 cumque
1231 829 1480 882 cruciatu
1507 829 1737 882 atl‘ectus
1779 828 1974 882 fuisset
1994 829 2041 881 is

441 922 536 993 qui
569 940 603 975 a
627 919 985 992 perpessione
1009 918 1276 972 immunis
1306 923 1446 982 erat,
1483 917 1668 971 triduo
1691 923 1817 989 post
1837 935 1871 971 a
1897 934 2042 970 mor-

442 1018 498 1066 te
529 1011 598 1064 ad
628 1010 795 1064 vitam
819 1009 1108 1073 excitatus,
1139 1024 1238 1061 nos
1255 1024 1289 1060 a
1315 1006 1679 1077 priorimulta
1700 1013 1756 1060 et
1782 1006 2042 1060 condem-

443 1101 673 1154 natione
714 1098 987 1163 liberavit,
1033 1096 1518 1168 przestantiorique
1562 1095 1744 1166 gloria
1787 1095 2034 1150 donavit.

445 1188 730 1260 Siquidem
759 1188 816 1241 in
854 1187 1052 1240 coelum
1098 1185 1424 1250 ascendens,
1464 1185 1631 1238 simul
1658 1202 1759 1238 nos
1789 1201 1854 1239 eo
1891 1185 2039 1238 unde

440 1279 823 1340 descenderat,
875 1275 1072 1342 evexit.
1107 1275 1284 1340 Quem
1317 1274 1486 1328 etiam
1518 1291 1714 1328 rursus
1741 1280 2038 1328 venturum

443 1368 745 1431 credimus,
791 1371 856 1420 ut
885 1367 1214 1436 figmentum
1245 1381 1410 1418 suum
1460 1365 1530 1418 ad
1579 1363 1750 1418 vitam
1797 1369 2033 1424 revocet,

443 1461 613 1527 atque
645 1455 948 1526 unicuique
976 1454 1286 1508 secundum
1310 1453 1484 1525 ipsius
1507 1469 1677 1523 opera
1701 1453 1918 1506 reddat.
1941 1454 2042 1507 Po-

440 1552 560 1600 stea
588 1545 658 1598 de
687 1545 781 1598 illo
803 1544 1068 1598 caelorum
1095 1560 1286 1613 regno,
1322 1543 1470 1614 quod
1497 1559 1591 1596 eos
1623 1541 1719 1613 qui
1736 1541 1790 1596 id
1821 1559 2042 1614 promc-

2123 475 2242 523 tota
2272 468 2496 538 regione
2531 468 2786 522 eamdem
2807 485 3032 539 Operam
3055 470 3238 527 sedulo
3257 475 3520 532 navabant.
3541 482 3648 536 Per-

2120 557 2266 611 versi
2297 567 2485 611 autem
2515 557 2765 628 spiritus,
2811 557 2906 628 qui
2945 559 3004 612 in
3036 559 3146 612 aris
3174 561 3488 620 domicilium
3513 569 3652 624 habe-

2120 647 2258 701 bant
2285 663 2410 700 cum
2435 647 2652 700 ululatu
2678 647 3048 717 pellebantur,
3071 647 3418 722 invictamque
3449 655 3534 710 Dei
3569 676 3650 712 no-

2121 736 2224 790 stri
2255 735 2564 806 potentiam
2593 735 2834 790 tremulo
2865 737 3105 791 clamore
3129 738 3468 808 testabantur,
3485 747 3653 802 omnis-

2125 843 2232 897 que
2267 825 2444 880 vicina
2471 826 2645 896 regio,
2677 843 2741 879 ac
2771 826 2958 880 multae
2980 825 3114 880 item
3141 827 3376 884 ﬁnitimae
3405 839 3576 901 gentes
3597 837 3651 890 ad

2124 916 2276 986 piam
2301 915 2466 968 ﬁdem
2488 933 2608 969 sese
2630 914 3004 969 conferebant.
3035 916 3176 970 Tum
3205 917 3382 988 igitur,
3413 938 3524 976 cum
3549 924 3661 978 divi-

2125 1004 2392 1058 nis-simus
2423 1005 2516 1057 ille
2539 1005 2848 1076 episcopus,
2884 1005 2952 1058 de
2983 1021 3091 1076 quo
3113 1007 3355 1076 superius
3378 1009 3526 1064 verba
3552 1012 3660 1066 feci-

2123 1111 2267 1158 mus,
2293 1093 2634 1160 accessisset,
2671 1111 2766 1147 rex
2792 1093 3054 1148 Abenner
3083 1095 3208 1148 ﬁdei
3234 1096 3538 1152 Christianae
3572 1101 3660 1154 ele

2122 1182 2326 1236 mentis
2355 1183 2743 1247 imbuitur,'ac
2775 1183 2960 1236 divino
2989 1182 3261 1254 baptismo
3289 1183 3344 1239 in
3366 1189 3567 1242 nomine
3581 1190 3664 1244 Pa-

2121 1271 2224 1326 tris
2254 1279 2309 1326 et
2355 1271 2479 1325 Filii
2509 1279 2566 1325 ct
2597 1272 2838 1343 Spiritus
2867 1273 3062 1337 sancti,
3109 1273 3400 1342 perﬁcitur.
3449 1277 3520 1330 Ac
3537 1279 3665 1332 losa-

2121 1363 2257 1433 phat
2277 1378 2344 1414 ex
2371 1361 2559 1414 divina
2587 1361 2798 1431 piscina
2839 1361 3027 1432 ipsum
3063 1361 3278 1433 excipit,
3311 1380 3397 1418 res
3423 1381 3544 1419 sane
3571 1384 3669 1420 om-

2123 1449 2278 1504 nium
2307 1450 2546 1504 maxime
2576 1467 2736 1503 nova.
2766 1449 2949 1504 Patris
2978 1450 3126 1504 enim
3155 1459 3310 1522 pater
3335 1453 3531 1518 existit,
3563 1462 3611 1508 et
3627 1456 3670 1508 ei

2124 1557 2158 1592 a
2183 1557 2291 1610 quo
2350 1539 2561 1593 carnali
2592 1538 2756 1594 modo
2800 1540 3124 1610 progenitus
3152 1540 3333 1595 fuerat
3367 1542 3672 1613 spiritualem

441 1641 639 1689 rentur
663 1640 871 1697 manet,
910 1631 1073 1686 verba
1093 1631 1240 1692 fecit.
1271 1638 1440 1702 atque
1477 1647 1689 1685 arcana
1729 1630 1826 1685 illa
1875 1629 2064 1702 bona,
2124 1629 2608 1699 regenerationem
2639 1628 2915 1682 conciliat.
2945 1629 3165 1683 Etenim
3189 1631 3413 1684 caelestis
3443 1631 3605 1686 Patris
3623 1633 3672 1686 ti-

438 1723 897 1792 reconditamque
919 1721 1054 1774 item
1085 1719 1354 1791 improbis
1377 1737 1599 1790 poenam
1623 1719 1932 1791 preposuit,
1956 1701 2098 1772 ni-B
2123 1717 2230 1771 lius
2259 1723 2400 1784 erat,
2450 1717 2761 1788 divinaeque
2789 1717 3033 1788 profecto
3083 1719 3288 1772 radicis
3342 1719 3676 1775 divinissimus

441 1815 652 1868 mirum
683 1813 871 1882 ignem
898 1826 1188 1880 nunquam
1217 1809 1705 1880 exstinguendum,
1737 1808 2040 1863 exteriores

438 1902 722 1966 tenebras,
756 1900 1133 1954 immortalem
1155 1915 1420 1963 vermcm,
1455 1903 1766 1969 cmteraque
1795 1904 2041 1953 tormen-

439 1997 627 2046 torum
673 2006 900 2061 genera,
936 2005 1060 2060 quae
1086 1988 1296 2058 peccati
1327 1987 1470 2042 servi
1499 1987 1604 2042 sibi
1627 1987 1764 2058 ipsis
1789 1987 2038 2042 recondi-

441 2081 666 2136 derunt.
699 2079 827 2132 Haec
853 2077 1040 2131 omnia
1093 2093 1261 2146 quam
1285 2076 1542 2148 plurimis
1575 2075 1944 2143 sermonibus,
1975 2094 2040 2131 ac

437 2167 682 2238 Spiritus
709 2166 888 2221 sancti
915 2165 1159 2237 gratiam
1182 2165 1402 2218 abunde
1440 2165 1548 2236 ipsi
1573 2165 1754 2220 inesse
1785 2164 2040 2220 testanti-

436 2255 558 2321 bus,
594 2261 940 2327 prosecutus,
974 2261 1094 2309 tum
1123 2255 1351 2308 demum
1378 2253 1885 2325 impervestigabile
1908 2255 2042 2309 divi-

435 2361 523 2400 nae
573 2345 936 2416 benignitatis
980 2345 1212 2415 pelagus
1265 2343 1565 2407 enarravit,
1615 2361 1897 2414 quamque
1946 2344 2040 2397 ille

437 2451 632 2489 eorum
659 2433 758 2504 qui
783 2434 852 2487 ad
907 2451 1035 2488 eum
1089 2449 1210 2487 sese
1265 2437 1598 2486 convertunt
1647 2433 2036 2504 pomitentiam

437 2524 676 2578 libenter
699 2528 998 2594 exspectet,
1034 2523 1293 2593 quodque
1323 2522 1539 2576 nullum
1569 2522 1748 2576 scelus
1789 2522 1866 2576 sit
1889 2523 2039 2593 quod

435 2612 611 2682 ipsius
638 2611 1079 2664 misericordiam
1125 2615 1370 2680 superet.
1404 2611 1452 2664 si
1493 2609 1722 2680 quidem
1754 2611 1825 2664 ad
1847 2611 2039 2665 melio-

435 2718 554 2755 rem
601 2700 820 2771 frugem
869 2700 1052 2753 redire
1097 2698 1154 2752 in
1195 2699 1450 2752 animum
1481 2699 1835 2754 inducamus.
1876 2700 2035 2764 Quod

435 2807 564 2844 cum
585 2789 776 2844 multis
805 2787 1070 2858 exemplis
1095 2805 1158 2842 ac
1179 2789 1468 2858 scripturae
1491 2789 1833 2844 testimoniis
1856 2789 2038 2843 decla-

441 2885 641 2944 rasset,
676 2877 917 2932 orationi
936 2878 1104 2930 tinem
1134 2876 1420 2948 imposuit.

511 2969 640 3022 CAP.
666 2967 888 3021 XXXV.
915 3000 964 3007 --
1000 2967 1113 3020 Rex
1145 2972 1335 3020 autem
1370 2967 1636 3022 divinitus
1675 2967 1884 3022 tradita
1932 2967 2036 3020 hac

2121 1806 2367 1874 fructus;
2407 1807 2630 1873 radicis,
2663 1806 2914 1878 inquam,
2953 1807 3105 1862 illius
3139 1825 3259 1880 qua:
3285 1808 3480 1864 clamat
3518 1828 3528 1863 ε
3584 1810 3676 1880 Ego

2121 1913 2245 1951 sum
2285 1895 2433 1963 vitis,
2465 1915 2562 1951 vos
2591 1896 2852 1968 palmites
2884 1899 3064 1964 (Joan.
3097 1905 3202 1966 xv).

2190 1986 2276 2040 Ad
2307 1987 2454 2040 hunc
2484 1987 2714 2040 modum
2745 2003 2840 2040 rex
2856 2003 2956 2058 per
2967 2003 3173 2058 aquam
3189 2003 3252 2040 ac
3269 1987 3525 2059 Spiritum
3545 2003 3677 2058 rege-

2120 2075 2652 2147 neratus,ejusmodi
2669 2076 2954 2147 voluptate
2976 2093 3100 2147 quae
3118 2076 3272 2130 nulla
3289 2078 3530 2132 oratione
3542 2078 3683 2148 eXpli-

2121 2164 2236 2219 cari
2247 2171 2430 2236 potest
2445 2163 2812 2232 afﬁciebatur;
2834 2165 3117 2237 simulque
3131 2165 3302 2220 etiam
3318 2183 3438 2221 cum
3452 2167 3560 2236 ipso
3585 2165 3684 2218 uni-

2123 2271 2281 2308 versa
2293 2253 2485 2308 civitas
2504 2270 2568 2308 ac
2581 2254 2820 2308 ﬁnitima
2832 2253 2986 2324 regio
3003 2254 3191 2310 divino
3202 2255 3529 2327 baptismate
3547 2255 3687 2309 dona-

2123 2342 2306 2406 batur,
2333 2343 2584 2413 lucisque
2618 2343 2716 2398 ﬁlii
2745 2342 3064 2398 existebant
3109 2344 3207 2415 qui
3228 2343 3377 2416 prius
3397 2345 3450 2398 in
3478 2343 3688 2398 tenebris

2123 2419 2505 2488 versabantur.
2529 2434 2713 2504 Atque
2737 2433 2918 2488 omnis
2933 2433 3164 2488 morbus
3185 2441 3242 2488 et
3263 2433 3440 2488 omnis
3455 2450 3487 2487 a
3513 2432 3688 2488 daemo-

2120 2521 2284 2576 nibus
2315 2523 2530 2576 invecta
2579 2522 2871 2576 calamitas
2903 2523 3098 2594 procul
3131 2522 3202 2576 ab
3235 2522 3304 2576 iis
3329 2523 3422 2593 qui
3454 2522 3552 2576 ﬁde
3580 2537 3692 2591 prie-

2119 2609 2220 2664 diti
2241 2616 2426 2677 τισιν
2460 2617 2623 2665 erant
2651 2611 3088 2682 propellebatur,
3124 2628 3431 2682 omnesque
3459 2617 3569 2664 tum
3587 2608 3692 2663 ani-

2122 2699 2228 2754 mis
2258 2706 2378 2754 tum
2411 2699 2739 2772 corporibus
2765 2700 2971 2772 integri
3015 2706 3192 2771 atque
3216 2700 3516 2754 incolumes
3537 2703 3693 2752 erant.

2121 2789 2409 2860 Multaque
2431 2790 2565 2844 item
2583 2790 2694 2844 alia
2712 2790 2981 2844 miracula
3001 2790 3134 2844 ﬁdei
3153 2789 3540 2844 conﬁrmanda:
3553 2801 3696 2840 causa

2120 2877 2448 2944 edebantur,
2478 2879 2722 2934 ecclesiae
2741 2879 2910 2933 etiam
2936 2877 3388 2943 rediﬁcabantur,
3414 2885 3468 2932 et
3487 2874 3697 2947 episcopi

2118 2967 2217 3037 qui
2246 2976 2400 3022 metu
2429 2967 2846 3028 delitescebant,
2872 2967 2926 3021 in
2945 2967 3130 3022 lucem
3145 2967 3466 3038 prodibant,
3487 2978 3697 3034 suasque

437 3057 713 3128 sapientia
741 3065 1128 3126 compunctus,
1153 3055 1387 3126 'ingenti
1435 3074 1566 3112 voce
1605 3074 1669 3110 ac
1696 3055 2034 3111 ferventissi-
2051 3061 2093 3120 Ο
2117 3055 2380 3110 ecclesias
2406 3055 2765 3127 recipiebant.
2784 3057 2860 3110 Ac
2875 3062 3156 3127 praeterea
3178 3055 3302 3128 alii,
3332 3061 3451 3110 tum
3475 3071 3535 3109 ex
3553 3067 3704 3107 sacer-

434 3163 528 3200 mo
560 3145 748 3200 animo
781 3145 1066 3200 Christum
1114 3144 1460 3199 Salvatorem
1505 3147 1824 3213 conﬁtetur,
1865 3150 2033 3217 atque

437 3234 507 3290 ab
530 3235 684 3290 omni
713 3234 1102 3306 superstitioso
1140 3251 1328 3288 errore
1371 3233 1619 3289 abscedit
1651 3254 1661 3288 :
1696 3235 2033 3306 vivificwque

433 3325 612 3378 crucis
635 3324 857 3394 signum
889 3323 1328 3394 inspectantibus
1359 3322 1618 3378 omnibus
1641 3324 1922 3388 adorat,et
1937 3340 2034 3377 au-

431 3413 716 3468 dientibus
739 3412 996 3467 omnibus
1026 3413 1204 3466 Deum
1251 3429 1444 3484 verum
1475 3429 1539 3466 ac
1585 3413 1890 3467 Dominum
1936 3430 2033 3467 no-

432 3509 610 3556 strum
643 3504 836 3556 Jesum
865 3501 1153 3555 Christum
1179 3501 1462 3572 prazdicat.
1485 3503 1670 3572 Atque
1693 3519 2030 3557 commemo-

436 3597 559 3645 rata
587 3589 760 3661 priori
795 3606 897 3643 sua
925 3589 1233 3660 impietate,
1283 3595 1337 3643 et
1376 3589 1642 3643 adversus
1673 3589 2030 3645 Christianos

435 3679 767 3733 crudelitate
799 3683 856 3731 et
911 3676 1265 3731 immanitate
1301 3677 1691 3742 condemnata,
1732 3679 1932 3749 ingens
1961 3680 2032 3734 ad

431 3767 698 3839 pietatem
743 3766 924 3837 portio
979 3765 1236 3820 efficitur.
1289 3765 1662 3837 EXstabatque
1697 3767 1754 3821 id
1807 3769 1952 3838 quod
1999 3787 2035 3823 a

433 3856 608 3910 Paulo
635 3855 843 3909 dictum
877 3860 963 3908 est
992 3873 1004 3906 :
1060 3854 1165 3909 Ubi
1190 3853 1493 3909 abundavit
1515 3855 1802 3926 iniquitas,
1830 3857 1946 3912 illic
1973 3864 2034 3912 et

431 3943 904 4016 superabundavit
929 3943 1116 4014 gratia
1146 3946 1312 4012 (Rom.
1346 3955 1418 4014 V).
1452 3946 1592 3999 Cum
1622 3945 1797 4016 igitur
1815 3947 2032 4018 sapien-

431 4033 683 4088 tissimus
701 4033 970 4104 Josaphat
997 4032 1168 4086 etiam
1192 4033 1263 4086 ad
1292 4034 1373 4086 rei
1389 4033 1648 4088 militaris
1677 4035 1844 4090 duces
1871 4042 1928 4090 et
1943 4053 2031 4090 sa-

429 4129 638 4195 trapas,
671 4127 842 4192 atque
867 4123 940 4176 ad
971 4138 1195 4176 omnem
1238 4121 1478 4192 denique
1509 4124 1776 4194 populum
1805 4125 1874 4178 de
1913 4125 2028 4180 Deo

430 4218 598 4284 atque
619 4229 754 4284 erga
781 4212 967 4283 ipsum
1012 4210 1222 4282 pietate
1266 4211 1441 4265 multa
1488 4211 1656 4266 verba
1700 4213 1925 4280 faceret,
1973 4220 2032 4269 et

432 4302 591 4373 quasi
614 4302 781 4373 ignea
800 4301 993 4372 lingua
1013 4300 1339 4372 praeclarum
1361 4300 1572 4370 aliquid
1591 4318 1654 4377 ac
1677 4303 2027 4358 modulatum

2115 3145 2308 3200 dotum
2330 3153 2452 3200 tum
2481 3163 2548 3199 ex
2578 3146 2980 3200 monachorum
3012 3146 3238 3212 ordine,
3290 3146 3361 3200 ad
3391 3143 3697 3217 pascendum

2115 3235 2323 3290 Christi
2342 3251 2573 3306 gregem
2591 3234 3051 3289 instituebantur.
3069 3237 3254 3290 Porro
3271 3252 3374 3290 rex
3392 3233 3633 3288 Abenner
3646 3229 3704 3284 ad

2113 3324 2263 3378 hunc
2305 3325 2532 3379 modum
2559 3323 2629 3378 ab
2655 3323 2911 3395 improba
2933 3328 2986 3378 et
3009 3325 3306 3396 ﬂagitiosa
3359 3324 3481 3378 vitae
3511 3321 3698 3376 ratione

2114 3431 2235 3468 sese
2265 3430 2572 3479 removens,
2595 3430 2658 3467 ac
2671 3413 2742 3467 de
2765 3414 3107 3484 perpetratis
3131 3413 3442 3469 sceleribus
3465 3411 3702 3484 poeniten-

2113 3503 2253 3556 tiam
2273 3519 2463 3574 agcns,
2487 3503 2703 3573 regium
2719 3519 2881 3557 omne
2911 3502 3226 3574 imperium
3259 3504 3378 3558 ﬁlio
3407 3499 3704 3569 tradit,ipse

2114 3599 2304 3646 autem
2335 3591 2394 3646 in
2427 3592 2727 3646 solitudine
2772 3591 3000 3663 degens,
3047 3599 3345 3665 caputque
3382 3592 3562 3646 cinere
3605 3586 3705 3640 sine

2115 3680 2231 3734 ulla
2252 3680 2666 3736 intermissione
2679 3687 3071 3752 aspergens,et
3083 3699 3297 3752 graves
3308 3681 3550 3752 gemitus
3564 3677 3706 3732 edens

2116 3787 2181 3823 ac
2201 3786 2322 3824 sese
2335 3769 2596 3842 lacrymis
2612 3769 3025 3837 abluens,solus
3043 3787 3180 3826 cum
3197 3787 3267 3825 eo
3285 3770 3406 3825 solo
3419 3769 3512 3840 qui
3531 3765 3707 3837 ubique

2113 3873 2358 3928 praesens
2379 3865 2467 3913 est
2484 3859 2924 3930 colloquebatur,
2951 3875 3242 3915 noxarum
3256 3875 3492 3914 suarum
3517 3855 3708 3910 veniam

2113 3947 2184 4001 ab
2213 3965 2279 4002 eo
2303 3955 2517 4020 petens.
2567 3949 2714 4013 Quin
2744 3949 2803 4002 in
2834 3954 3054 4003 tantam
3081 3947 3542 4022 compunetionis
3567 3949 3709 4014 atque

2112 4037 2448 4092 humilitatis
2473 4037 2739 4110 abyssum
2773 4054 2894 4092 sese
2917 4038 3176 4106 demisit,
3207 4045 3278 4094 ut
3295 4039 3484 4110 ipsum
3511 4046 3704 4106 quoque

2109 4125 2212 4180 Dei
2231 4143 2437 4182 nomen
2457 4126 2620 4182 labiis
2648 4143 2922 4198 usurpare
2941 4133 3264 4192 recusaret,
3295 4145 3363 4182 ac
3391 4127 3480 4180 vix
3505 4121 3704 4178 tandem

2113 4231 2148 4270 a
2169 4215 2282 4270 ﬁlio
2303 4216 2642 4282 admonitus,
2683 4216 2820 4271 illud
2845 4219 3239 4292 pronunciare
3269 4217 3524 4272 auderet.
3555 4213 3710 4267 Tanta

2113 4311 2302 4359 autem
2324 4321 2389 4360 ac
2406 4311 2522 4360 tam
2551 4306 2820 4376 praeclara
2857 4305 2916 4360 in
2937 4323 3003 4360 eo
3031 4307 3172 4361 vitae
3198 4303 3570 4361 commutatio
3597 4298 3703 4361 fuit,

431 4397 677 4456 caneret,
729 4389 1130 4460 superveniens
1161 4389 1403 4459 Spiritus
1429 4391 1606 4444 sancti
1633 4392 1816 4462 gratia
1834 4384 2090 4448 omnesD
2111 4411 2175 4448 ac
2201 4401 2361 4449 tanta
2388 4411 2514 4450 cum
2539 4395 2704 4450 laude
2733 4395 2954 4450 virtutis
2997 4395 3116 4450 iter
3160 4395 3384 4461 tenuit,
3405 4400 3471 4450 ut
3491 4392 3712 4465 priorum

432 4481 504 4535 ad
533 4478 924 4534 celebrandam
955 4477 1057 4531 Dei
1084 4477 1323 4548 gloriam
1371 4478 1646 4534 excitabat
1679 4500 1692 4548 ;
1716 4481 1798 4536 ita
1816 4488 1880 4537 ut
1907 4483 2031 4537 uni-

430 4585 590 4623 versa
618 4565 921 4622 multitudo
935 4581 1050 4620 una
1078 4582 1207 4619 voce
1234 4567 1505 4622 clamaret
1531 4588 1546 4623 :
1605 4570 1840 4641 Magnus
1871 4571 2032 4626 Chri-

427 4657 740 4712 stianorum
767 4656 916 4710 Deus
947 4660 1050 4721 est,
1085 4671 1188 4709 nec
1207 4661 1412 4726 praeter
1439 4657 1742 4713 Dominum
1773 4665 2030 4716 nostrum

430 4747 621 4800 Jesum
648 4745 954 4809 Christum,
989 4743 1234 4816 quicum
1279 4746 1447 4801 Patre
1479 4751 1536 4802 et
1565 4747 1780 4820 Spiritu
1834 4755 2028 4805 sancto

429 4834 795 4905 gloriﬁcatur,
829 4834 972 4888 alius
995 4834 1143 4889 Deus
1173 4839 1274 4890 est.

498 4923 698 4978 Divino
727 4940 890 4994 porro
909 4923 1026 4977 zelo
1049 4922 1314 4995 impletus
1344 4941 1444 4980 rex
1468 4924 1751 4992 Abenner,
1774 4928 1834 4984 in
1855 4945 2030 4984 aurea

428 5013 528 5067 illa
555 5017 612 5066 et
641 5017 909 5082 argentea
953 5012 1121 5079 idola,
1155 5030 1276 5083 quae
1307 5013 1366 5068 in
1405 5014 1582 5085 ipsius
1611 5015 1818 5086 palatio
1843 5023 2024 5085 erant,

427 5102 542 5157 acri
574 5101 761 5156 animo
807 5100 1082 5172 impetum
1137 5102 1287 5170 facit,
1337 5120 1515 5175 eaque
1569 5105 1759 5158 omnia
1813 5105 2022 5178 dejicit,

429 5197 736 5264 posteaque
782 5189 840 5242 in
896 5189 1144 5245 minutas
1173 5198 1362 5263 partes
1409 5192 1637 5248 redacta
1688 5195 2027 5265 pauperibus

427 5279 748 5347 distribuit;
775 5277 854 5332 sic
877 5278 1145 5333 nimirum
1175 5280 1336 5334 utilia
1353 5298 1420 5335 ea
1435 5282 1692 5346 reddens,
1718 5299 1842 5352 qua
1871 5285 2028 5355 prius

427 5370 673 5426 utilitate
703 5366 856 5423 omni
883 5383 947 5421 ac
975 5367 1159 5422 fructu
1182 5368 1467 5424 carebant.
1523 5371 1670 5435 Quin
1717 5371 1885 5426 etiam
1909 5373 2028 5444 ipse

426 5476 555 5517 cum
575 5457 690 5514 ﬁlio
718 5455 996 5511 idolorum
1027 5457 1239 5529 templa
1287 5463 1344 5512 et
1366 5475 1494 5514 aras
1529 5476 1722 5516 omnes
1743 5460 2024 5529 obsidens,

423 5563 460 5604 α
484 5544 868 5603 fundamentis
883 5544 1008 5618 ipsa
1025 5545 1191 5613 eruit,
1215 5561 1523 5619 eorumque
1537 5547 1657 5606 loco
1677 5549 1889 5622 templa
1911 5549 2028 5607 Deo

2111 4482 2476 4555 iniquitatum
2496 4484 2872 4555 ignorantiam
2891 4484 3126 4556 pietatis
3139 4483 3542 4556 magnitudine
3569 4493 3711 4548 supe-

2111 4579 2283 4628 raret.
2315 4574 2457 4629 Cum
2485 4579 2676 4628 autem
2715 4580 2957 4645 quatuor
2985 4589 3179 4630 annos
3208 4575 3324 4630 hoc
3347 4579 3512 4646 pacto
3531 4570 3586 4625 in
3619 4580 3717 4638 p09-

2112 4662 2352 4718 nitentia
2373 4667 2430 4717 et
2457 4662 2720 4734 lacrymis
2740 4667 2910 4733 atque
2932 4662 3096 4716 omni
3107 4663 3353 4718 virtutis
3362 4675 3565 4734 genere
3584 4665 3715 4712 tran-

2111 4752 2365 4823 segisset,
2397 4751 2458 4806 in
2484 4751 2754 4806 lethalem
2799 4750 3063 4806 morbum
3097 4752 3336 4808 incidit.
3385 4753 3529 4808 Cum
3554 4751 3718 4803 autem

2110 4841 2217 4913 ipsi
2236 4842 2362 4896 vita:
2379 4841 2506 4896 ﬁnis
2535 4840 2940 4906 immineret,in
2961 4848 3128 4896 metu
3141 4843 3449 4914 animique
3467 4837 3717 4894 anxietate

2109 4931 2318 4986 versari
2349 4931 2533 5002 coepit,
2569 4931 2717 4985 mala
2742 4946 2810 4985 ea
2840 4947 2962 5002 qua
2992 4947 3026 4984 a
3048 4947 3116 4986 se
3151 4934 3497 5004 perpetrata
3525 4925 3721 4982 fuerant

2111 5021 2172 5074 in
2213 5021 2539 5076 memoriam
2589 5036 2875 5074 revocans.
2907 5021 2982 5074 At
3011 5021 3316 5093 Josaphat
3372 5011 3722 5076 consolator-ia

2114 5109 2367 5166 oratione
2411 5115 2664 5164 coortum
2693 5109 2744 5164 ei
2769 5109 3026 5164 maeroris
3088 5127 3249 5166 onus
3281 5106 3615 5171 sublevavit,
3649 5099 3723 5155 his

2111 5199 2293 5254 verbis
2315 5205 2502 5254 utens:
2548 5199 2734 5264 Quare
2747 5198 2926 5253 tristis
2945 5215 3023 5265 es,
3048 5215 3085 5252 ο
3105 5207 3306 5270 pater,
3331 5206 3391 5254 et
3411 5212 3584 5270 quare
3610 5189 3727 5259 teip-

2111 5303 2236 5342 sum
2257 5287 2558 5343 conturbas
2580 5289 2744 5356 (Psal.
2770 5287 2916 5356 XLI)?
2939 5287 3131 5358 Spera
3153 5287 3221 5342 in
3239 5289 3386 5354 Deo,
3413 5292 3471 5342 et
3489 5281 3726 5340 conﬁtere

2111 5375 2239 5448 ipsi,
2273 5376 2368 5448 qui
2399 5383 2484 5432 est
2511 5393 2638 5448 spes
2661 5375 2909 5432 omnium
2943 5375 3160 5431 ﬁnium
3205 5382 3407 5440 term,
3447 5382 3506 5431 et
3533 5375 3588 5428 in
3608 5365 3728 5424 mari

2112 5463 2278 5536 longe
2310 5468 2473 5530 (Psal.
2507 5469 2673 5534 LXIV),
2723 5465 2820 5537 qui
2872 5481 2974 5537 per
3018 5466 3396 5538 prepheta'n
3444 5457 3725 5519 clamavit:

2111 5551 2420 5621 Lavamini,
2480 5552 2677 5610 mundi
2724 5555 2920 5622 estote,
2975 5551 3219 5610 auferte
3271 5553 3496 5610 malum
3545 5544 3735 5618 cogita.
