3954 6190
672 290 841 347 VITA
882 291 1324 349 SANCTORUM
1363 294 1710 350 BARLAAM
1751 291 2088 393 EREMI'II/E
2129 288 2216 344 ET
2254 287 2621 346 JOSAPHAT
2660 265 2884 348 INDle
2921 294 3151 352 REGIS.

3447 302 3549 358 586

268 417 492 473 tionum
510 422 825 474 vestrarum
841 418 911 473 ab
930 420 1107 475 oculis
1128 421 1269 476 meis
1298 421 1497 476 discite
1520 421 1861 477 benefacere.
1881 420 2121 483 Aall‘ers,
2148 417 2386 473 Domine
2405 419 2434 472 J
2439 434 2536 474 esu
2551 417 2788 488 Christe,
2813 421 3079 492 quoniam
3099 424 3257 481 decet
3276 430 3330 483 te
3350 427 3535 499 gloria

274 508 343 562 Et
356 507 406 562 si
424 507 638 563 fuerint
657 513 885 579 peccata
906 515 1092 564 vestra
1107 509 1252 566 sicut
1271 511 1578 578 coccinum,
1602 516 1872 583 tanquam

270 595 370 650 nix
396 596 812 653 dealbabuntur
835 616 847 665 ;
868 604 927 653 et
941 598 988 653 si
1015 599 1227 655 fuerint
1244 600 1417 655 rubra
1432 601 1577 656 sicut
1596 601 1875 656 vermicu-

272 685 384 751 lus,
415 690 688 757 tanquam
714 687 846 742 lana
875 687 1001 743 alba
1031 692 1392 755 erunt(Isa2‘.s
1419 696 1480 759 ι).
1507 690 1775 754 Quocirca
1804 708 1875 745 ne

271 774 498 841 timeas,
534 793 568 830 ο
598 781 777 847 pater,
811 793 916 832 nec
943 776 1113 833 dubio
1150 779 1339 833 animo
1368 779 1444 834 sis
1471 798 1483 847 ;
1517 796 1700 851 neque
1728 781 1877 835 enim

274 881 475 919 eorum
508 865 604 937 qui
636 866 707 920 ad
735 866 915 921 Deum
944 884 1065 923 sese
1098 874 1444 931 convertunt,
1490 875 1734 940 peccata,
1770 870 1878 924 im-

273 970 529 1008 mensam
552 955 730 1026 ipsius
749 954 1061 1011 bonitatem
1070 957 1317 1012 vincunt.
1343 958 1446 1012 Illa
1470 959 1620 1013 enim
1638 976 1881 1030 quocun-

274 1057 387 1110 que
412 1041 645 1095 tandem
663 1057 898 1096 numero
918 1032 1148 1108 fuerint,
1177 1042 1280 1098 sub
1304 1060 1624 1098 mensuram
1650 1045 1875 1109 cadunt,

274 1129 423 1183 hanc
453 1134 646 1184 autem
674 1147 777 1185 nec
795 1130 981 1185 metiri
1002 1148 1105 1186 nec
1128 1148 1427 1187 numerare
1459 1133 1757 1204 quisquam
1787 1151 1874 1205 po-

274 1223 407 1272 test.
441 1218 714 1283 Quocirca
744 1220 863 1274 ﬁeri
904 1237 1016 1274 non
1045 1225 1248 1291 potest,
1300 1227 1364 1275 ut
1408 1223 1559 1292 qvod
1604 1238 1880 1277 mensurae

273 1306 597 1377 subjicitur,
626 1308 683 1362 id
710 1309 857 1379 quod
889 1310 1046 1363 nulla
1069 1326 1331 1363 mensura
1359 1311 1752 1381 comprehendi
1787 1330 1879 1383 po-

274 1400 407 1463 test,
430 1404 678 1468 superet.

348 1486 690 1557 Hujusmodi
713 1486 894 1541 verbis
910 1488 980 1541 ad
999 1489 1400 1543 consolandum
1423 1490 1874 1554 accommodatis,

276 1576 454 1647 ipsius
480 1577 733 1631 animum
762 1577 995 1643 leniens,
1024 1595 1089 1631 ac
1125 1579 1277 1632 velut
1304 1584 1621 1643 excantans,
1654 1596 1783 1633 eum
1808 1580 1877 1633 ad

272 1664 483 1720 bonam
512 1682 670 1736 spem
684 1666 980 1720 revocavit.
1010 1666 1223 1721 Deinde
1240 1672 1419 1738 pater,
1444 1669 1688 1722 extensis
1706 1668 1882 1722 mani-

1957 505 2013 560 in
2045 504 2265 559 saecula.
2294 506 2494 559 Amen.

2028 594 2366 664 Hujusmodi
2395 611 2586 666 preces
2614 600 2672 649 et
2694 596 2974 653 orationes
2993 599 3108 655 Deo
3129 601 3419 671 oﬂ‘erebat,
3434 620 3556 678 sep-

1958 687 2071 737 tem
2103 682 2222 736 dies
2253 700 2287 737 a
2307 684 2563 755 sepulcro
2592 685 2820 754 omnino
2851 703 2962 741 non
2982 688 3291 758 discedens,
3315 708 3421 748 nec
3447 693 3554 749 cibi

1962 772 2271 844 quidquam
2301 778 2401 827 aut
2428 779 2593 844 potus
2621 774 2945 843 admittens,
2991 794 3093 832 nec
3132 796 3327 836 rursus
3357 798 3555 838 somno

1963 878 2162 932 corpus
2192 878 2470 926 recreans,
2504 868 2692 929 επεν
2722 880 2915 918 verum
2960 850 3043 920 et-
3067 868 3328 940 lacrymis
3376 871 3556 926 solum

1963 950 2152 1020 rigans
2177 953 2335 1017 (Psal.
2370 958 2537 1017 CXLI),
2557 957 2614 1006 et
2628 968 2753 1007 cum
2778 953 3017 1009 luctibus
3038 972 3261 1012 omnem
3286 959 3558 1015 orationis

1962 1040 2283 1093 facultatem
2313 1040 2706 1111 superantibus
2722 1042 2777 1096 in
2793 1043 3045 1098 oratione
3060 1052 3333 1115 perstans.
3351 1048 3556 1104 Octavo

1963 1134 2150 1182 autem
2171 1129 2413 1200 denique
2433 1130 2523 1183 die
2544 1130 2599 1183 in
2622 1131 2894 1200 palatium
2918 1149 3190 1200 reversus,
3214 1152 3347 1206 opes
3365 1153 3557 1193 omnes

1964 1234 2028 1271 ac
2041 1218 2303 1287 pecunias
2318 1218 2657 1289 pauperibus
2676 1220 2987 1287 distribuit;
3012 1222 3151 1276 adeo
3167 1230 3230 1277 ut
3243 1225 3430 1280 nullus
3439 1227 3557 1296 jam

1965 1306 2059 1376 qui
2084 1323 2270 1361 rerum
2291 1307 2478 1378 inopia
2490 1315 2858 1378 premeretur,
2890 1319 3226 1381 superesset.
3252 1313 3559 1385 Paucisque

1963 1394 2159 1449 diebus
2189 1396 2245 1448 in
2276 1396 2600 1466 hujusmodi
2622 1397 2937 1452 ministerio
2963 1401 3187 1469 exactis,
3220 1419 3414 1458 omnes
3442 1403 3562 1458 the-

1963 1501 2158 1538 sauros
2181 1485 2473 1567 exhausit:
2512 1486 2567 1539 id
2598 1486 2853 1541 videlicet
2897 1505 3088 1558 agens,
3139 1506 3209 1545 ne
3261 1498 3559 1562 angustam

1963 1579 2183 1643 portam
2215 1573 2447 1628 introire
2475 1575 2699 1645 paranti
2729 1576 3092 1647 pecuniarum
3121 1580 3296 1634 moles
3320 1581 3558 1653 impedi-

1964 1667 2218 1717 mentum
2243 1662 2485 1717 afferret.

274 1753 400 1820 bus,
423 1754 637 1825 gratias
651 1754 757 1825 ipsi
773 1754 994 1825 agebat,
1015 1754 1232 1810 acbene
1245 1756 1595 1827 precabatur.
1617 1740 1936 1828 diemqueB
2033 1753 2163 1805 CAP.
2196 1752 2441 1806 XXXVI.
2479 1783 2542 1792 --
2566 1754 2641 1806 At
2669 1770 2797 1807 vero
2827 1756 3256 1826 quadragesimo
3283 1774 3315 1811 a
3342 1761 3559 1830 paterni

273 1860 407 1898 eum
429 1860 539 1915 quo
554 1843 675 1916 ipse
693 1843 752 1898 in
765 1844 943 1898 lucem
963 1843 1147 1898 editus
1158 1850 1305 1900 esset
1323 1845 1579 1900 laudibus
1593 1845 1874 1907 afferebat,

273 1933 365 1986 his
394 1931 577 1987 verbis
591 1938 756 1988 utens
779 1952 793 1989 :
816 1933 1148 1989 Dulcissime
1178 1935 1275 1998 fili,
1293 1935 1747 2006 ﬁliinquam.qui
1769 1953 1877 1989 non

272 2030 394 2076 tam
424 2038 584 2077 meus
612 2039 673 2077 es
703 2039 872 2093 quam
903 2023 1143 2087 celestis
1174 2023 1372 2089 Patris,
1425 2041 1727 2095 quanmam
1773 2025 1876 2079 tibi

268 2111 517 2182 gratiam
540 2111 779 2187 referam
801 2112 826 2164 ἲ
863 2111 1064 2181 quibus
1090 2118 1147 2166 te
1174 2111 1653 2167 benedictionibus
1685 2130 1873 2184 prose-

271 2200 457 2271 quar?
482 2217 621 2272 quas
645 2201 760 2255 Deo
782 2206 882 2255 tua
909 2218 1077 2256 causa
1106 2201 1319 2271 gratias
1358 2218 1522 2271 agam
1545 2202 1568 2254 ἱ)
1592 2203 1872 2256 Perieram

270 2290 442 2355 enim,
478 2306 543 2344 ac
570 2296 671 2345 tua
698 2307 870 2361 opera
893 2290 1153 2347 inventus
1177 2307 1339 2359 sum;
1373 2296 1599 2364 peccato
1621 2297 1875 2346 mortuus

268 2397 447 2447 eram,
490 2386 548 2433 et
571 2380 743 2433 revixi
773 2382 947 2449 (Luca
971 2385 1053 2450 xv)
1083 2398 1098 2447 ;
1129 2381 1303 2435 hostis
1336 2388 1387 2433 et
1420 2381 1721 2452 perduellis
1750 2381 1870 2445 Dei,

267 2474 327 2521 et
356 2468 415 2522 in
441 2467 686 2539 gratiam
715 2473 975 2540 receptus
1004 2485 1149 2525 sum.
1184 2469 1328 2534 Quid
1346 2469 1523 2539 igitur
1542 2469 1642 2525 tibi
1669 2487 1767 2541 pro
1788 2470 1876 2524 his

268 2556 535 2612 omnibus
562 2558 870 2629 rependam
901 2561 1066 2627 (Psal.
1100 2562 1219 2629 xxx)
1245 2560 1268 2612 ?
1296 2559 1446 2613 Deus
1480 2564 1565 2613 est
1596 2558 1691 2629 qui
1738 2559 1874 2612 satis

266 2646 478 2718 amplis
506 2647 751 2718 prtemiis
779 2652 836 2702 te
867 2649 1217 2703 remunerari
1248 2654 1433 2719 queat.
1477 2648 1595 2702 Hoc
1615 2664 1873 2703 sermone

268 2734 486 2803 habito,
517 2752 643 2790 cum
673 2736 1068 2792 charissimam
1099 2738 1275 2792 filium
1296 2738 1499 2809 saepius
1524 2738 1873 2792 exosculatus

237 2825 496 2891 .fuisset,
526 2841 591 2879 ac
613 2825 815 2879 deinde
845 2843 1036 2897 preces
1064 2826 1323 2893 fudisset,
1355 2833 1542 2898 atque,
1578 2828 1642 2881 In
1672 2842 1872 2881 manus

265 2921 418 2981 tuas,
443 2931 478 2969 ο
507 2913 746 2985 benigne
773 2915 948 2985 Deus,
977 2916 1307 2971 commendo
1352 2916 1611 2987 spiritum
1660 2933 1866 2982 meum,

1964 1838 2144 1893 obitus
2169 1840 2261 1893 die
2291 1840 2620 1894 memoriam
2648 1841 2827 1911 ipsius
2855 1843 3161 1910 celebrans,
3196 1845 3560 1916 magistratus

1962 1944 2156 1982 omnes
2176 1945 2240 1982 ac
2257 1929 2516 1984 militaris
2531 1930 2722 1983 classis
2743 1936 2800 1984 et
2816 1931 3016 2002 plebeii
3028 1933 3239 1988 ordinis
3254 1934 3404 1990 haud
3424 1952 3560 2008 pau-

1962 2034 2053 2071 cos
2081 2023 2372 2072 convocat:
2402 2025 2572 2089 atque
2592 2019 2649 2073 in
2679 2019 2833 2090 regio
2861 2021 3063 2076 throno
3092 2022 3311 2091 sedens,
3343 2025 3559 2080 cunctis

1959 2106 2315 2161 audientibus
2344 2108 2487 2162 hanc
2515 2108 2827 2162 orationem
2850 2109 3043 2165 habuit
3067 2129 3079 2164 :
3105 2112 3206 2179 En,
3231 2120 3296 2168 ut
3315 2113 3424 2185 ipsi
3442 2130 3560 2169 cer-

1959 2196 2112 2257 nitis,
2131 2195 2498 2251 Abennerrex
2525 2214 2591 2251 ac
2611 2204 2772 2267 pater
2785 2215 2963 2266 meus,
2989 2199 3138 2255 haud
3153 2218 3311 2257 secus
3332 2218 3397 2256 ac
3415 2219 3556 2274 pau-

1958 2301 2152 2355 perum
2177 2285 2358 2356 quivis
2379 2291 2618 2340 mortem
2637 2286 2793 2340 obiit.
2814 2289 2892 2341 Ac
2907 2304 3009 2343 nec
3029 2289 3254 2357 divitize,
3278 2307 3381 2346 nec
3399 2308 3553 2364 opes,

1957 2390 2059 2426 nec
2082 2374 2235 2443 regia
2244 2374 2445 2444 gloria,
2462 2391 2564 2429 nec
2578 2392 2803 2430 rursum
2816 2393 2919 2447 ego
2933 2378 3111 2448 patris
3133 2380 3556 2436 amantissimus

1958 2463 2124 2529 ﬁlius,
2163 2479 2263 2517 nec
2294 2464 2639 2535 reliquorum
2670 2464 2848 2535 ipsius
2876 2465 3188 2522 amicorum
3208 2484 3273 2523 ac
3295 2476 3557 2540 cognato-

1958 2569 2081 2606 rum
2113 2553 2410 2624 quisquam
2440 2570 2603 2624 opem
2632 2552 2739 2624 ipsi
2769 2559 2825 2608 et
2853 2555 3125 2611 auxilium
3150 2557 3554 2631 aﬁ‘erre,atque

1962 2640 2030 2694 ab
2044 2641 2349 2696 inevitabili
2371 2642 2846 2714 sententiaipsum
2869 2643 3110 2699 eximere
3130 2646 3342 2717 potuit;
3359 2664 3555 2704 verum

1956 2730 2027 2784 ad
2047 2731 2191 2805 illud
2210 2730 2476 2798 tribunal,
2502 2737 2567 2786 ut
2584 2733 2875 2803 praesentis
2897 2733 3023 2788 vitae
3038 2735 3316 2791 rationem
3334 2737 3549 2805 reddat,

1956 2820 2340 2891 proficiscitur,
2375 2821 2660 2875 neminem
2689 2821 2919 2876 omnino
2950 2824 3047 2894 qui
3089 2824 3197 2897 ipsi
3246 2825 3555 2898 opituletur

1954 2924 2147 2963 secum
2186 2909 2413 2972 ducens,
2451 2909 2519 2963 iis
2568 2910 2843 2965 duntaxat
2887 2912 3130 2984 exceptis
3186 2916 3552 2989 (quaecunque

265 3003 522 3071 dixisset,
554 3004 613 3058 in
634 3004 964 3075 paenitentia
992 3006 1241 3060 animam
1271 3022 1429 3059 suam
1464 3006 1702 3059 Domino
1742 3006 1872 3058 Γρᾶ-
1894 3064 1929 3075 ἡ
1953 2998 2181 3051 tandem
2212 2998 2308 3052 illa
2336 2998 2565 3067 fuerint)
2598 3016 2724 3070 quae
2754 2999 2824 3053 ab
2853 3016 2918 3055 eo
2936 3007 3097 3072 gesta
3123 3009 3275 3058 sunt.
3300 3005 3421 3061 Hoc
3448 3018 3552 3063 aa-

264 3093 437 3147 didit.

343 3182 519 3238 Filius
546 3190 734 3239 autem
763 3184 1036 3255 Josaphat
1059 3190 1276 3254 patrem
1297 3190 1583 3239 mortuum
1608 3185 1869 3255 lacrymis

264 3278 619 3344 prosecutus,
646 3273 928 3344 justisque
957 3273 1063 3345 ipsi
1094 3274 1412 3345 persolutis.
1448 3290 1649 3344 corpus
1666 3274 1788 3342 ejus
1811 3274 1868 3327 in

264 3363 495 3433 piorum
508 3363 756 3417 virorum
780 3362 1050 3433 sepulcris
1061 3363 1329 3418 condidit.
1352 3364 1465 3417 Nec
1484 3371 1672 3416 tamen
1696 3363 1868 3433 ipsius

263 3467 474 3522 corpus
500 3451 659 3522 regia
686 3458 837 3506 veste
866 3451 1127 3518 obvolvit,
1177 3453 1275 3505 sed
1312 3452 1655 3522 paenitentiae
1700 3452 1867 3506 vesti-

265 3540 479 3594 mentis
508 3540 812 3599 exornavit.
833 3542 1017 3611 Atque
1040 3540 1160 3611 ipse
1189 3541 1245 3595 in
1287 3542 1540 3613 sepulcro
1574 3548 1748 3607 stans,
1805 3559 1868 3595 ac

263 3644 474 3683 manus
502 3629 561 3683 in
581 3630 784 3685 ccalum
804 3630 1060 3694 tendens,
1079 3630 1468 3702 lacrymasque
1486 3648 1551 3685 ex
1572 3630 1746 3684 oculis
1768 3631 1869 3685 flu-

263 3717 339 3771 vii
368 3718 553 3772 instar
580 3718 944 3789 profundens,
963 3718 1050 3772 his
1069 3718 1251 3773 verbis
1276 3719 1347 3772 ad
1373 3720 1552 3774 Deum
1574 3719 1863 3773 clamavit:

338 3806 570 3861 Gratias
580 3805 683 3860 tibi
695 3823 820 3877 ago,
855 3807 1005 3861 Deus
1025 3806 1139 3861 Rex
1152 3807 1267 3877 glon
1281 3807 1364 3873 ite,
1390 3808 1485 3878 qui
1504 3807 1655 3861 solus
1667 3812 1866 3877 potens

258 3902 319 3951 et
350 3895 691 3957 immortalis
709 3912 788 3962 es,
807 3895 1074 3966 quoniam
1096 3895 1404 3950 orationem
1429 3912 1611 3950 meam
1633 3895 1865 3950 minime

258 3985 587 4058 despexisti,
619 4001 724 4040 nec
748 3985 1027 4056 laerymas
1049 4001 1204 4039 meas
1224 4001 1325 4057 pro
1344 3984 1518 4039 nihilo
1535 3985 1760 4039 duxisti:
1777 4002 1867 4039 ve-

260 4090 390 4129 rum
417 4089 643 4128 servum
674 4078 836 4128 tuum
864 4089 929 4128 ac
957 4078 1174 4145 patrem
1203 4088 1393 4127 meum
1422 4089 1457 4126 a
1484 4072 1755 4126 scelerata
1784 4073 1863 4127 vi-

257 4162 427 4218 vendi
456 4163 678 4218 ratione
705 4166 1018 4228 avocatum,
1051 4162 1123 4215 ad
1147 4166 1204 4216 te
1232 4160 1485 4216 omnium
1516 4161 1863 4217 Salvatorem

257 4252 598 4324 pertrahere
626 4251 872 4318 voluisti,
897 4267 1025 4306 eum
1054 4250 1312 4305 videlicet
1347 4249 1418 4304 ab
1449 4250 1726 4304 idolorum
1773 4267 1863 4304 er-

261 4358 393 4396 rore
418 4340 724 4407 abducens,
757 4346 927 4411 atque
956 4338 1065 4410 ipsi
1094 4339 1198 4393 hoc
1226 4339 1462 4405 donans,
1495 4345 1557 4392 ut
1588 4345 1643 4392 te.
1687 4338 1864 4393 Deum

1888 3064 1931 3124 Ο
1955 3091 2067 3141 tem
2100 3087 2283 3158 ipsum
2309 3103 2532 3159 quoque
2552 3064 2820 3143 omnibus
2848 3064 3259 3162 qui'mortalem
3285 3100 3549 3150 naturam

1954 3177 2100 3230 nacti
2119 3182 2251 3231 sunt
2269 3177 2595 3248 contingere
2616 3183 2821 3232 natura
2837 3186 3223 3251 comparatum
3239 3188 3344 3249 est,
3367 3198 3549 3256 neque

1953 3266 2118 3320 aliter
2145 3265 2266 3319 ﬁeri
2298 3271 2497 3337 potest.
2533 3267 2695 3321 Nunc
2730 3267 2904 3338 igitur
2932 3269 3122 3324 audite
3147 3286 3256 3337 me,
3290 3288 3323 3326 ο
3352 3271 3456 3328 filii
3484 3288 3550 3329 ac

1950 3355 2172 3421 fratres,
2210 3354 2365 3425 plebs
2408 3355 2654 3423 Domini,
2702 3362 2760 3410 et
2802 3363 2998 3412 sancta
3046 3358 3366 3429 hereditas,
3407 3377 3549 3434 quos

1952 3444 2207 3499 Christus
2224 3445 2371 3500 Deus
2390 3451 2585 3499 noster
2596 3445 2842 3516 pretioso
2861 3447 3137 3518 sanguine
3164 3465 3266 3504 suo
3286 3450 3543 3519 redemit,

1949 3539 2118 3604 atque
2148 3550 2183 3586 a
2211 3534 2389 3587 veteri
2404 3550 2593 3589 errore
2613 3540 2671 3588 et
2690 3535 2994 3592 adversarii
3010 3538 3276 3595 servitute
3302 3538 3360 3595 in
3380 3539 3547 3598 liber-

1949 3629 2123 3677 tatem
2152 3623 2468 3678 vindicavit.
2501 3624 2613 3679 Vos
2635 3641 2817 3679 meam
2839 3625 2991 3681 inter
3017 3643 3114 3682 vos
3132 3628 3545 3687 vitzerationem

1947 3713 2149 3767 nostis:
2182 3730 2383 3784 nempe
2412 3714 2561 3784 quod
2591 3730 2657 3768 ex
2685 3731 2796 3786 quo
2824 3721 3078 3787 tempore
3105 3716 3310 3774 Christi
3358 3720 3545 3792 cogni-

1946 3801 2155 3856 tionem
2176 3809 2525 3870 consecutus,
2547 3804 2846 3876 divinoque
2867 3804 3136 3862 beneﬁcio
3153 3807 3331 3879 ipsius
3348 3825 3542 3867 servus
3622 3880 3631 3887 ν

1948 3892 2174 3946 effectus
2204 3909 2347 3958 sum,
2382 3893 2640 3948 omnibus
2668 3894 2795 3949 aliis
2824 3894 2992 3950 rebus
3018 3898 3354 3970 contemptis
3370 3906 3541 3971 atque

1948 3981 2076 4035 odio
2107 3981 2330 4044 habitis,
2353 3981 2530 4053 ipsius
2560 3983 2836 4039 duntaxat
2858 3986 3164 4057 cupiditate
3177 3987 3429 4059 ﬂagravi;
3460 3990 3541 4046 id-

1949 4087 2055 4141 que
2086 4086 2261 4124 unum
2291 4070 2429 4124 mihi
2458 4072 2515 4126 in
2542 4073 2684 4127 votis
2711 4073 2836 4137 fuit,
2869 4081 2932 4129 ut
2962 4092 3028 4129 ex
3060 4075 3228 4146 hujus
3246 4077 3374 4133 vitae
3400 4084 3540 4137 tem-

1946 4164 2180 4230 pestate,
2208 4164 2377 4229 atque
2396 4160 2550 4216 inani
2570 4162 2989 4233 perturbatione
3002 4180 3068 4217 ac
3088 4165 3335 4222 tumultu
3355 4183 3541 4238 egres-

1947 4264 2060 4311 sus,
2086 4248 2238 4300 solus
2268 4265 2394 4302 cum
2424 4250 2545 4321 ipso
2574 4251 2693 4305 solo
2742 4252 3207 4309 consuetudinem
3247 4254 3532 4321 haberem,

1946 4342 2115 4407 atque
2134 4335 2190 4391 in
2212 4354 2433 4392 summa
2451 4338 2625 4393 animi
2647 4340 3053 4410 tranquillitate
3063 4341 3177 4397 Deo
3199 4359 3323 4398 meo
3341 4359 3408 4399 ac
3422 4344 3535 4401 Do-

256 4447 457 4487 verum
477 4446 546 4485 ac
570 4429 875 4501 benignum
899 4428 1257 4499 intelligeret.
1291 4430 1370 4481 Ac
1390 4444 1556 4493 nunc,
1575 4443 1607 4481 o
1624 4427 1860 4481 Domine
1878 4418 1928 4477 D
1944 4425 2094 4480 mino
2116 4427 2403 4480 servirem.
2424 4427 2635 4483 Verum
2656 4445 2745 4483 me
2765 4429 2940 4500 patris
2953 4430 3064 4485 mei
3083 4430 3143 4486 in
3155 4431 3437 4488 diversum
3455 4435 3536 4490 ni-

255 4521 432 4587 Deus,
467 4521 628 4591 cujus
645 4518 912 4574 bonitatis
931 4518 1164 4590 pelagus
1194 4516 1556 4589 pervestigari
1580 4516 1860 4587 nequit,in

256 4611 379 4666 loco
419 4626 659 4681 pascuis,
691 4609 751 4663 in
780 4609 899 4663 loco
929 4607 1263 4670 refectionis,
1315 4605 1411 4659 ubi
1440 4605 1626 4659 vultus
1654 4605 1736 4659 tui
1766 4605 1861 4660 lux

252 4699 536 4771 splendet,
552 4715 682 4754 eum
709 4698 946 4763 colloca;
969 4714 1072 4752 nec
1092 4695 1453 4767 antiquarum
1474 4695 1649 4766 ipsius
1661 4694 1862 4765 iniqui-

248 4794 443 4844 tatum
471 4788 788 4854 recordare,
822 4787 919 4842 sed
951 4803 1051 4858 pro
1075 4784 1289 4855 ingenti
1333 4790 1433 4838 tua
1478 4783 1863 4838 misericordia

245 4883 612 4950 peccatorum
631 4878 811 4949 ipsius
833 4874 1266 4947 chirographum
1283 4872 1425 4939 dele,
1453 4889 1516 4927 ac
1544 4872 1861 4927 debitorum

242 4967 430 5039 ipsius
459 4967 682 5022 chartas
711 4983 1002 5038 concerpe,
1046 4969 1381 5033 sanctosque
1406 4967 1554 5027 tuos,
1616 4979 1756 5034 quos
1805 4968 1862 5017 et

242 5058 383 5128 igne
411 5063 472 5110 et
496 5056 684 5127 gladio
709 5056 779 5110 de
800 5055 986 5111 medio
1008 5052 1238 5108 sustulit
1262 5054 1435 5122 (Psal.
1461 5054 1712 5121 Lxxvm),
1733 5068 1859 5106 cum

238 5148 374 5218 ipso
404 5145 465 5200 in
479 5146 722 5215 gratiam
744 5146 915 5200 reduc
938 5144 1154 5214 eisque,
1182 5157 1252 5196 ne
1275 5140 1381 5213 ipsi
1414 5141 1658 5195 infensos
1679 5147 1736 5195 et
1754 5141 1862 5195 ira-

240 5244 340 5289 tos
370 5250 496 5290 sese
520 5234 826 5306 praebeant,
858 5235 1101 5305 impera,
1141 5230 1347 5286 Omnia
1375 5230 1579 5302 quippe
1608 5228 1708 5283 tibi
1740 5246 1861 5284 om-

235 5325 410 5379 nium
433 5323 675 5379 Domino
693 5322 984 5395 possibilia
1002 5327 1154 5387 sunt,
1184 5319 1290 5377 hoc
1310 5334 1422 5373 uno
1443 5323 1690 5389 excepto,
1714 5319 1862 5389 quod

230 5412 380 5485 quin
414 5418 473 5467 te
502 5429 699 5468 eorum
723 5413 820 5484 qui
852 5428 972 5467 sese
1002 5411 1073 5465 ad
1106 5416 1163 5464 te
1198 5413 1531 5463 convertunt
1572 5407 1859 5475 misereat,

233 5503 434 5558 facere
464 5518 581 5557 non
610 5507 790 5573 potes.
825 5498 1207 5556 Misericordia
1234 5496 1385 5552 enim
1424 5501 1524 5550 tua
1567 5495 1626 5549 in
1669 5513 1864 5551 omnes

240 5591 463 5647 diffusa
493 5596 599 5659 est,
630 5596 800 5662 atque
841 5591 907 5645 iis
952 5607 987 5644 a
1023 5586 1224 5661 quibus
1270 5586 1564 5655 invocaris,
1623 5585 1862 5642 salutem

641 5692 909 5753 Parnon.
940 5691 1212 5755 LXXIII.

1943 4515 2115 4569 tentis
2142 4516 2397 4569 voluntas
2426 4516 2676 4583 retinuit,
2714 4524 3165 4592 praeceptumque
3192 4520 3352 4589 illud,
3386 4525 3535 4594 quod

1944 4604 2197 4675 patribus
2225 4605 2495 4659 honorem
2524 4606 2717 4661 haberi
2740 4608 2902 4678 jubet
2938 4611 3112 4676 (Deut.
3146 4614 3216 4675 ν).
3250 4609 3411 4666 Unde
3434 4613 3536 4668 Dei

1941 4693 2125 4761 gratia
2153 4698 2209 4747 et
2237 4693 2562 4764 adjumento
2593 4698 2870 4751 incassum
2893 4697 3124 4753 minime
3150 4696 3537 4766 laboravi,nec

1944 4782 2263 4852 hujusmodi
2295 4784 2415 4838 dies
2442 4786 2649 4839 frustra
2677 4788 3026 4858 consumpsi;
3056 4806 3246 4845 verum
3268 4796 3326 4846 et
3352 4788 3532 4860 illum,

1944 4876 2001 4924 et
2030 4888 2123 4925 vos
2152 4888 2365 4939 omnes,
2400 4875 2516 4928 Deo
2536 4874 2840 4941 conciliavi,
2866 4892 3106 4949 eumque
3137 4881 3318 4935 solum
3350 4881 3534 4942 Deum

1942 4977 2155 5029 verum,
2180 4978 2243 5014 ac
2270 4978 2459 5016 rerum
2483 4962 2732 5016 omnium
2754 4964 3055 5031 Dominum
3077 4983 3411 5038 cognoscere
3440 4970 3535 5026 do-

1943 5050 2030 5103 cui
2062 5066 2172 5104 non
2203 5051 2431 5122 quidem
2461 5067 2564 5122 ego
2593 5051 2743 5106 istud
2779 5052 3008 5122 faciens,
3059 5056 3157 5111 sed
3199 5058 3387 5128 gratia
3432 5059 3536 5117 Dei

1943 5155 2181 5207 mecum,
2213 5140 2309 5210 qui
2339 5157 2428 5194 me
2458 5140 2629 5194 etiam
2655 5157 2686 5194 e
2714 5144 3102 5213 superstitioso
3134 5162 3325 5202 errore
3368 5155 3537 5221 atque

1943 5228 2220 5283 idolorum
2242 5229 2396 5283 cultu
2428 5228 2652 5300 eripuit,
2677 5247 2742 5285 ac
2759 5248 2874 5298 vos,
2910 5250 2942 5286 ο
2967 5232 3122 5304 plebs
3138 5251 3280 5303 mea,
3304 5239 3462 5309 gravi
3482 5247 3539 5294 et

1946 5316 2145 5371 acerba
2163 5317 2484 5388 captivitate
2504 5318 2777 5374 liberavit.
2801 5322 3110 5393 Jamigitur
3126 5330 3351 5398 tempus
3373 5334 3458 5382 est
3476 5337 3539 5382 ut

1947 5423 2012 5461 ea
2023 5423 2145 5478 quae
2162 5406 2276 5460 Deo
2297 5407 2577 5478 pollicitus
2587 5425 2713 5463 sum
2724 5410 2997 5481 expleam.
3014 5412 3531 5486 Tempus,inquam,

1947 5501 2033 5551 est
2060 5503 2125 5549 ut
2148 5511 2259 5567 quo
2289 5496 2407 5568 ipse
2428 5513 2518 5551 me
2547 5498 2715 5553 ducet
2740 5500 3075 5571 proficiscar,
3091 5510 3407 5573 eaquevota
3420 5505 3541 5574 qui-

1947 5586 2049 5643 bus
2068 5601 2159 5641 me
2176 5585 2299 5656 ipso
2322 5586 2592 5643 obstrinxi
2615 5589 2948 5661 persolvam.
2962 5592 3125 5648 Nunc
3142 5591 3335 5663 itaque
3359 5590 3539 5655 vobis-

3161 5694 3236 5757 19
