3954 6190
471 308 574 366 587
1498 291 1591 346 DE
1627 289 1817 346 VITIS
1855 288 2150 346 PATRUM
2187 287 2400 343 LIBER
2436 283 2725 340 PRIMUS.
3579 287 3665 342 533

475 449 606 491 cum
625 429 733 504 ipsi
751 423 1099 485 considerate
1128 433 1296 490 quem
1308 415 1464 472 vobis
1479 429 1716 488 praeesse
1747 429 1811 467 ac
1833 427 2068 484 regnum
2087 410 2212 472 Ain
2244 411 2445 465 coelum
2475 407 2822 472 tendentem,
2855 420 2920 459 ac
2953 407 3122 460 sextae
3165 403 3308 459 horae
3346 406 3668 476 precationem

475 495 732 580 obtinere
756 514 958 572 velitis.
980 513 1009 568 J
1014 527 1105 566 am
1133 507 1284 564 enim
1314 506 1374 562 in
1393 503 1617 562 Domini
1634 503 1922 558 voluntate
1947 518 2069 573 per-
2149 499 2557 572 persolventem
2583 495 2937 552 invenerunt.

475 575 786 670 fe‘ctihestis,
817 619 920 660 nec
945 599 1252 672 quidquam
1281 612 1346 652 ex
1373 594 1550 666 ipsius
1578 591 1870 664 praeceptis
1914 590 2069 644 vobis
2221 589 2533 660 Conspecto
2561 589 2752 640 autem
2775 601 2860 650 eo,
2897 583 3212 640 circumfusi
3243 575 3443 651 statim,
3467 600 3576 642 cum
3607 587 3672 642 la-

477 699 754 757 occultum
777 699 888 751 est.
921 671 988 746 In
1013 689 1104 744 his
1126 685 1430 751 ambulate,
1461 699 1564 738 nec
1583 682 1670 736 vel
1689 681 1760 734 ad
1780 680 2071 734 dexteram
2154 676 2363 748 crymis
2393 691 2523 730 eum
2549 671 2938 740 obsecrabant,
2982 689 3048 728 ac
3083 671 3376 728 discessum
3417 673 3512 744 ipsi
3549 673 3674 744 obje‘

475 782 963 844 veladsinistram
987 777 1284 832 declinata.
1316 774 1396 828 Ac
1421 773 1572 828 Deus
1607 769 1761 842 pacis
1789 769 1955 824 velim
1999 767 2075 822 sit
2155 765 2399 822 ctabant.
2465 766 2541 820 At
2589 763 2702 828 ille,
2760 763 2926 828 Quid,
2972 761 3173 834 inquit,
3227 763 3440 817 inanem
3482 762 3684 820 laborem

475 893 604 934 cum
631 871 892 930 omnibus
918 867 1093 924 vobis.
2156 853 2482 927 suscipitis?
2509 854 2627 908 Nec
2655 852 2806 907 enim
2836 857 2924 906 est
2946 851 3094 923 quod
3121 867 3216 906 vos
3254 869 3338 906 me
3366 868 3537 923 regem
3568 853 3687 908 ultra

547 967 754 1022 Haecut
773 959 930 1033 plebs
951 954 1182 1022 audivit,
1198 952 1478 1008 tumultus
1497 949 1690 1005 statim
1707 965 1772 1004 ac
1785 948 2070 1019 strepitus,
2157 944 2452 1000 habituros
2481 959 2602 998 esse
2631 941 2886 1014 speretis.
2907 941 3096 996 Nihilo
3119 941 3296 996 secius
3322 945 3496 995 tamen
3529 957 3686 996 eorum

475 1029 793 1128 ingensque
809 1051 1024 1104 clamor
1037 1051 1095 1100 et
1117 1042 1368 1100 confusio
1390 1045 1584 1096 exorta
1605 1044 1706 1104 est,
1727 1037 2078 1110 plorantibus
2159 1033 2374 1104 ingenti
2404 1031 2750 1088 contentioni
2776 1031 2998 1093 cedens,
3029 1030 3101 1084 ad
3136 1029 3397 1102 palatium
3420 1029 3684 1092 revertitur,

477 1143 760 1209 omnibus,
784 1145 954 1210 atque
973 1135 1269 1190 orbitatem
1290 1147 1451 1186 suam
1473 1127 1914 1201 deplorantibus.
1930 1125 2077 1191 Quin
2160 1122 2476 1194 coactisque
2505 1122 2564 1176 in
2586 1137 2761 1176 unum
2781 1119 3062 1188 omnibus,
3085 1119 3214 1190 quid
3236 1119 3291 1173 in
3310 1118 3483 1174 animo
3500 1117 3689 1173 haberet

478 1235 649 1290 etiam
661 1207 1059 1304 praeter—luctus
1069 1229 1126 1279 et
1137 1218 1528 1294 ejulatusillud
1540 1217 1708 1272 etiam
1715 1216 2085 1288 jurejurando
2168 1213 2490 1278 declaravit,
2526 1227 2590 1266 ac
2617 1216 2814 1284 postea
2851 1209 3180 1282 interposito
3195 1207 3357 1263 etiam
3377 1207 3688 1278 jurejurando

481 1319 861 1384 afﬁrmabant,
895 1331 1018 1371 sese
1045 1313 1205 1368 illum
1227 1310 1463 1365 minime
1491 1307 1843 1372 dimissuros,
1877 1305 1974 1360 sed
1990 1321 2080 1359 re-
2166 1318 2484 1357 sermonem
2511 1299 2883 1366 confirmavit,
2903 1315 3104 1370 nempe
3132 1315 3191 1352 se
3216 1297 3434 1370 posthac
3459 1313 3522 1350 ne
3549 1311 3688 1350 unum

480 1417 757 1476 tenturos,
787 1383 890 1462 nec
925 1399 1220 1460 secedendi
1249 1403 1588 1472 potestatem
1634 1397 1748 1474 ullo
1778 1395 1944 1449 modo
1975 1393 2079 1466 ipsi
2165 1391 2389 1463 quidem
2411 1391 2561 1446 diem
2573 1407 2702 1445 cum
2723 1389 2858 1461 ipsis
2886 1387 3006 1444 fore
3029 1406 3040 1441 :
3067 1388 3182 1458 Ego
3209 1386 3370 1440 enim.
3402 1383 3579 1456 inquit,
3593 1401 3690 1438 meo

480 1473 753 1560 facturos.
766 1497 858 1553 Sic
879 1488 1392 1562 clamantepopulo,
1412 1493 1582 1558 atque
1597 1484 1858 1544 omnibus
1868 1483 2077 1553 magis-
2162 1497 2298 1552 erga
2325 1497 2424 1534 vos
2452 1479 2768 1534 ministerio
2793 1478 3120 1550 perfunctus
3147 1492 3290 1542 sum,
3317 1491 3414 1529 nec
3439 1473 3690 1545 quidquam

481 1589 742 1656 tratibus,
774 1583 1054 1656 excipiens
1076 1596 1176 1635 rex
1203 1577 1502 1650 populares
1542 1573 1862 1646 compescit,
1907 1572 2078 1626 silen-
2161 1569 2516 1641 praetermisi,
2557 1585 2659 1623 nec
2678 1567 3010 1638 subterfugi,
3034 1565 3330 1637 quominus
3358 1563 3692 1618 annuntiarem

479 1680 736 1750 tiumque
755 1674 893 1747 ipsis
910 1671 1170 1743 imperat,
1193 1682 1365 1738 seque
1383 1665 1608 1719 illorum
1619 1661 1964 1718 contentioni
1993 1677 2080 1714 ce-
2161 1658 2316 1714 vobis
2334 1661 2470 1726 (Act.
2505 1657 2624 1728 xx),
2669 1673 2734 1710 ac
2764 1657 3024 1711 docerem
3051 1653 3353 1710 testificans
3398 1650 3624 1706 omnibus
3653 1651 3696 1704 in

480 1769 614 1826 dere
644 1772 813 1837 atque
827 1762 1216 1832 obtemperare
1234 1771 1509 1822 asserens,
1535 1769 1648 1819 eos,
1674 1751 1931 1824 quamvis
1946 1751 2080 1805 alio-
2096 1773 2143 1834 Β
2161 1747 2463 1802 Dominum
2490 1751 2748 1802 nostrum
2772 1747 2801 1801 J
2805 1761 2964 1800 esum
2982 1744 3268 1800 Christum
3291 1741 3466 1804 ﬁdem,
3485 1756 3542 1794 ac
3561 1739 3698 1812 perni-

481 1859 578 1932 qui
602 1857 911 1912 maerentes
929 1855 1100 1920 atque
1122 1846 1366 1918 ejulatus
1381 1843 1544 1914 signa
1565 1842 1622 1896 in
1642 1840 1802 1912 genis
1816 1839 2076 1904 ferentes,
2097 1828 2139 1834 —
2161 1837 2354 1892 tentias
2393 1837 2542 1890 viam
2585 1835 2902 1890 ostendens.
2949 1834 3029 1890 Ac
3074 1849 3226 1887 nunc
3273 1847 3372 1901 ego
3417 1829 3546 1883 viam
3589 1828 3700 1882 hanc

481 1916 714 2004 domum
729 1939 986 1998 remittit.
1006 1916 1133 2009 ipse
1155 1916 1354 1990 autem
1394 1947 1572 1987 unum
1611 1947 1676 1984 ex
1713 1928 2076 2002 principibus,
2164 1927 2308 1992 ineo,
2343 1941 2513 1998 quam
2532 1925 2652 1995 jam
2680 1924 2897 1996 pridem
2939 1921 3287 1996 expetebam,
3335 1936 3433 1974 nec
3473 1919 3604 1972 ultra
3638 1916 3700 1971 fa-

484 2049 654 2108 quem
665 2033 785 2104 ipse
800 2035 925 2085 tum
943 2024 1190 2100 pietatis,
1220 2028 1342 2078 tum
1368 2021 1494 2076 vitae
1523 2019 1836 2074 sanctitatis
1856 2018 2083 2072 nomine
2165 2017 2310 2070 ciem
2334 2031 2518 2070 meam
2542 2015 2842 2086 quisquam
2861 2017 3110 2066 vestrum
3140 2009 3367 2064 videbit.
3391 2009 3700 2078 Quapropter.

483 2094 933 2196 plurisdmnibus
946 2094 1202 2179 faciebat,
1217 2106 2084 2180 admirationequeprosequeba-
2164 2110 2231 2160 ut
2259 2105 2430 2160 divini
2471 2104 2725 2176 Apostoli
2772 2101 2956 2156 verbis
2995 2107 3144 2167 utar,
3199 2103 3468 2154 contestor
3504 2111 3584 2150 vos
3627 2094 3701 2148 ho-

481 2218 598 2280 tur,
625 2211 733 2266 hoc
761 2214 848 2264 est
873 2203 1227 2268 Barachiam,
1255 2201 1417 2272 cujus
1446 2199 1619 2254 etiam
1655 2197 1931 2270 superius,
1956 2213 2082 2251 cum
2166 2194 2362 2248 diemo
2391 2194 2502 2259 die,
2537 2193 2686 2265 quod
2707 2193 2951 2247 mundus
2980 2206 3082 2261 ego
3121 2205 3250 2244 sum
3277 2206 3310 2242 a
3337 2185 3581 2257 sanguine
3606 2200 3699 2238 om-

487 2300 714 2358 Nachor
743 2296 1104 2353 Barlaamum
1135 2309 1196 2348 se
1225 2306 1348 2345 esse
1370 2288 1644 2344 simulans
1673 2303 1800 2342 cum
1844 2285 2086 2358 philoso-
2167 2284 2325 2338 nium
2355 2288 2621 2338 vestrum.
2649 2282 2774 2336 Non
2795 2281 2947 2336 enim
2967 2277 3300 2349 subterfugi,
3334 2275 3600 2347 quominus
3623 2287 3700 2326 an-

484 2389 613 2464 phis
641 2384 966 2459 disputavit,
1001 2380 1169 2437 verba
1194 2379 1448 2444 fecimus,
1473 2392 1752 2448 quemque
1776 2376 1955 2430 solum
1969 2373 2085 2428 zelo
2167 2373 2488 2428 nuntiarem
2513 2371 2667 2426 vobis
2696 2370 2990 2425 consilium
3020 2369 3141 2424 Dei.

484 2451 672 2534 divino
692 2451 918 2548 penitus
935 2473 1272 2542 ﬂagrantem
1289 2467 1358 2521 ab
1369 2464 1544 2537 ipsius
1567 2463 1816 2536 partibus
1837 2464 2080 2528 stetisse,
2240 2463 2370 2518 Ilaec
2388 2462 2468 2516 illi
2492 2461 2806 2521 audientes.
2835 2476 2904 2515 ac
2931 2458 3226 2514 sententiae
3247 2455 3417 2528 ipsius
3434 2451 3699 2508 ﬁrmitatem

485 2575 657 2640 atque
678 2544 750 2620 ad
777 2559 1217 2634 disputationem
1237 2556 1502 2610 adversus
1522 2554 1646 2608 illos
1667 2553 1970 2608 ineundam
1993 2568 2086 2622 pa-
2169 2552 2515 2624 exploratam
2544 2549 2836 2616 habentes,
2867 2565 3070 2620 nempe
3097 2546 3251 2618 quod
3279 2561 3406 2600 eum
3442 2559 3474 2596 a
3497 2544 3702 2610 suscepto

483 2662 678 2714 ratum
705 2653 878 2708 fuisse
902 2649 1162 2713 diximus,
1195 2645 1364 2710 hunc,
1396 2643 1645 2715 inquam,
1671 2641 1906 2697 remotis
1937 2640 2086 2695 arbi-
2169 2641 2401 2696 consilio
2425 2656 2684 2695 revocare
2703 2638 2935 2694 minime
2956 2633 3498 2710 possent,orbitatem
3523 2627 3704 2702 quidem

485 2745 609 2813 tris,
639 2744 1013 2812 assumptum,
1066 2734 1272 2790 blande
1309 2750 1374 2788 ac
1413 2731 1620 2786 leniter
1662 2732 1937 2785 allocutus
1980 2735 2085 2796 est,
2171 2747 2332 2786 suam
2363 2729 2750 2802 deplorabant,
2789 2745 2893 2784 nec
2919 2733 3112 2782 tamen
3152 2725 3273 2780 ullo
3318 2721 3474 2778 modo
3513 2734 3622 2774 eum
3653 2715 3705 2770 de

489 2803 817 2903 obnixisque
833 2803 1124 2902 .precibus,
1154 2828 1222 2879 ut
1248 2838 1482 2893 regnum
1503 2821 1800 2893 acciperet,
1830 2825 1998 2890 atque
2028 2819 2089 2875 in
2170 2819 2450 2875 sententia
2477 2818 2846 2874 deducebant.
2867 2817 3011 2872 Tum
3037 2821 3233 2870 autem
3258 2803 3708 2868 rexBarachiamil-

486 2921 694 2979 timore
712 2919 816 2976 Dei
842 2916 1061 2990 plebem
1083 2929 1244 2970 suam
1263 2916 1484 2983 regeret
1498 2909 1826 2965 obsecrabat
1845 2909 2086 2980 quoipse
2168 2911 2306 2975 lum,
2340 2909 2409 2964 de
2441 2926 2550 2982 quo
2601 2925 2775 2980 supra
2819 2907 2992 2962 locuti
3047 2922 3265 2966 sumus,
3314 2915 3476 2958 manu
3509 2904 3704 2953 tenens:

486 3013 557 3069 ad
589 3010 896 3083 expetitum
925 3006 1034 3062 iter
1059 3021 1120 3060 se
1150 3002 1482 3072 accingeret.

2176 3000 2348 3065 Hunc,
2383 2997 2586 3070 inquit,
2612 3015 2646 3052 o
2689 2996 2908 3062 fratres,
2964 2997 3112 3050 hunc
3149 2993 3309 3048 vobis
3361 3005 3534 3060 regem
3582 3000 3701 3038 creo.

555 3101 629 3156 Ut
649 3078 840 3155 autem
857 3111 988 3152 eum
1008 3097 1362 3157 renuentem,
1383 3095 1553 3160 atque
1575 3089 1725 3142 istud
1741 3087 1970 3142 omnino
1994 3103 2084 3140 re-
2112 3095 2155 3156 Ο
2176 3089 2430 3159 Cumque
2457 3088 2552 3142 ille
2579 3085 2854 3158 ejusmodi
2881 3085 2962 3140 rei
2981 3084 3346 3138 vehementer
3371 3078 3708 3135 obluctaretur,

487 3189 816 3264 pudiantem
826 3185 984 3249 vidit,
1002 3183 1204 3254 hisque
1217 3179 1400 3234 verbis
1416 3183 1666 3233 utentem
1685 3195 1697 3231 :
1717 3177 1763 3232 Ο
1776 3193 1891 3243 rex,
1915 3193 2085 3248 quam

488 3279 640 3336 istud
659 3283 822 3333 tuum
842 3272 1124 3346 judicium
1143 3270 1396 3341 iniquum
1416 3274 1518 3334 est,
1548 3283 1722 3338 quam
1748 3271 1880 3321 tuus
1901 3282 2085 3320 sermo

489 3367 674 3424 divino
702 3364 971 3422 mandato
993 3376 1192 3434 parum
1211 3361 1618 3414 consentaneus
1638 3375 1651 3424 ;
1671 3372 1801 3410 nam
1823 3371 1948 3410 cum
1963 3371 2088 3426 pro-

489 3458 704 3514 ximum
732 3471 848 3510 non
877 3467 1039 3508 secus
1068 3467 1133 3504 ac
1159 3448 1407 3520 teipsum
1437 3463 1628 3501 amare
1669 3445 1943 3510 doce-aris,
1977 3460 2089 3515 qua

489 3547 719 3604 tandem
737 3543 956 3598 ratione
978 3538 1256 3594 sarcinam
1279 3553 1424 3605 eam,
1449 3552 1618 3608 quam
1639 3541 1700 3590 tu
1722 3535 1964 3605 abjicere
1976 3539 2091 3588 stu-

491 3635 611 3703 des,
643 3632 782 3689 mihi
802 3632 1092 3702 imponere
1119 3625 1400 3681 festinas?
1436 3641 1569 3679 nam
1600 3624 1648 3678 si
1673 3624 1830 3694 regio
1856 3639 2088 3677 munere

2167 3178 2403 3232 invitum
2431 3193 2561 3232 eum
2589 3193 2654 3230 ac
2681 3178 3093 3248 repugnantem
3121 3173 3184 3226 in
3208 3170 3360 3242 regio
3389 3170 3572 3223 throno
3584 3161 3712 3218 collo-

2167 3273 2275 3332 cat,
2308 3267 2595 3338 ipsiusque
2621 3264 2792 3336 capiti
2824 3263 3085 3318 diadema
3116 3260 3376 3332 imponit,
3405 3263 3556 3327 atque
3576 3265 3712 3307 annu-

2169 3357 2289 3411 lum
2319 3356 2541 3426 regium
2572 3355 2678 3427 ipsi
2696 3355 2753 3409 in
2771 3369 3002 3408 manum
3025 3349 3265 3424 praebet.
3296 3350 3471 3418 Atque
3490 3345 3552 3398 ad
3563 3340 3714 3397 Orien-

2169 3451 2284 3500 tem
2316 3451 2490 3510 stans,
2522 3461 2623 3517 pro
2668 3459 2801 3514 rege
2838 3457 3032 3514 preces
3071 3439 3241 3506 fudit,
3295 3439 3398 3492 hoc
3437 3430 3655 3488 videlicet
3688 3441 3714 3478 ιι

2170 3534 2288 3588 Deo
2317 3535 2628 3606 postulans,
2678 3538 2743 3588 ut
2789 3531 2893 3587 Dei
2941 3531 3108 3586 fidem
3161 3530 3482 3584 constanter
3524 3521 3711 3602 teneret,

2171 3639 2238 3677 ac
2267 3623 2475 3678 Christi
2502 3622 2898 3677 mandatorum
2929 3620 3040 3674 iter
3067 3617 3138 3672 ab
3163 3617 3322 3673 omni
3351 3617 3487 3670 ﬂexu
3517 3610 3714 3664 alienum

488 3723 646 3794 fungi
659 3722 868 3777 bonum
881 3716 1109 3788 est,ipse
1121 3713 1490 3787 quodbonum
1502 3711 1891 3778 estretine;sin
1904 3717 2093 3765 autem
2176 3712 2471 3767 inveniret.
2505 3712 2712 3766 Adhaec
2759 3727 2860 3782 pro
2888 3710 3038 3764 clero
3085 3707 3260 3763 etiam
3307 3711 3468 3776 atque
3509 3697 3716 3754 universo

495 3788 891 3868 ofi‘eiidiculum
902 3805 1054 3862 istud
1075 3820 1139 3859 ac
1155 3803 1482 3858 scandalum
1496 3799 1669 3855 animi
1686 3805 1790 3868 est,
1811 3800 1945 3871 quid
1959 3800 2096 3854 mihi
2175 3817 2348 3872 grege
2373 3807 2634 3872 precatus
2663 3806 2766 3866 est,
2798 3816 2962 3872 opem
3011 3797 3275 3852 videlicet
3315 3801 3370 3848 et
3404 3788 3640 3846 auxilium
3669 3796 3717 3834 ac

495 3901 632 3957 illud
655 3897 872 3968 objicis,
895 3911 962 3948 ac
983 3909 1074 3948 me
1092 3893 1153 3947 in
1176 3891 1431 3946 fraudem
1448 3889 1712 3944 inducere
1723 3868 2096 3961 cupis?Ut,in-
2179 3868 2420 3946 salutem
2449 3891 2585 3962 ipsis
2613 3907 2647 3944 a
2675 3891 2791 3944 Deo
2819 3868 3034 3960 petens,
3071 3891 3245 3958 atque
3272 3889 3338 3938 ut
3374 3873 3614 3953 quidquid
3638 3868 3714 3943 ipsi

498 4005 688 4062 quam,
715 4000 846 4041 eum
867 3983 955 4038 his
972 3982 1157 4037 verbis
1171 3985 1424 4036 utentem
1437 3985 1490 4034 et
1501 3984 1918 4034 asseverantem
1937 3979 2092 4044 vidit,
2181 3979 2530 4051 postularent
2550 3979 2620 4032 ad
2650 3979 2950 4033 utilitatem
2981 3975 3394 4031 moderaretur.

496 4052 624 4136 cum
645 4052 712 4133 eo
731 4073 956 4147 quidem
969 4067 2000 4142 colloquidestitit:ipseazaautem
2022 4067 2103 4122 in-
2255 4069 2372 4123 Hac
2395 4069 2648 4123 oratione
2695 4067 2904 4131 habita,
2953 4079 3258 4120 conversus
3307 4061 3376 4116 ad
3420 4052 3714 4114 Barachiam,

494 4138 2102 4240 tempestanocteepistolamingentisapientiaplenammt-
2182 4157 2295 4212 ait:
2331 4159 2413 4213 En
2442 4157 2564 4219 tibi,
2591 4157 2784 4219 frater,
2814 4157 2919 4211 hoc
2935 4153 3262 4227 praecipiam
3294 4148 3438 4222 quod
3474 4138 3718 4237 Apostolus

497 4225 1101 4332 queadomnepietatis
1115 4265 1295 4323 genus
1307 4225 1787 4319 impellentem,ad
1799 4247 2097 4318 populares
2178 4252 2418 4302 testatus
2446 4255 2564 4302 est:
2596 4246 2837 4301 Attende
2865 4225 2967 4299 tibi
2997 4243 3124 4316 ipsi,
3158 4248 3218 4296 et
3239 4240 3495 4296 universo
3521 4229 3653 4304 gregi
3676 4225 3718 4280 in

495 4319 629 4407 silos
647 4319 1094 4413 exuram-nempe
1109 4319 1276 4410 quam
1299 4337 1370 4392 de
1390 4337 1506 4392 Deo
1531 4335 1870 4390 sententiam
1881 4341 2092 4398 tenere,
2179 4353 2290 4407 quo
2318 4341 2374 4390 te
2401 4336 2642 4408 Spiritus
2657 4341 2886 4390 sanctus
2909 4349 3099 4404 regem
3121 4331 3410 4403 posuit,ut
3439 4319 3620 4380 Christi
3644 4330 3720 4388 po-

497 4451 668 4510 quam
683 4417 2162 4506 ipsivitam,quaslaudes,quasdeniquegratiarumD
2181 4426 2395 4497 pulum,
2446 4441 2615 4496 quem
2659 4424 2882 4496 proprio
2924 4421 3200 4493 sanguine
3256 4413 3553 4490 acquisivit,
3595 4418 3720 4474 regas

497 4527 747 4583 actiones
768 4522 969 4578 offerre
987 4517 1275 4579 deberent,
1294 4513 1678 4587 praescribens.
1698 4515 1776 4568 Ac
1789 4519 2003 4584 postea,
2028 4529 2097 4566 ne

499 4628 839 4690 quemquam
854 4610 1026 4665 alium
1049 4611 1252 4679 praeter
1263 4603 1588 4658 Barachiam
1609 4603 1678 4657 ad
1696 4603 1908 4672 regiam
1922 4603 2100 4673 digni-

499 4710 674 4760 tatem
696 4692 1429 4768 admitterent‘prohibebat.
1458 4693 1574 4746 Hac
1587 4692 1822 4762 epistola
1849 4691 1904 4745 in
1941 4691 2098 4745 cubi-

501 4795 626 4850 culo
653 4809 756 4848 suo
779 4790 993 4854 relicta,
1017 4781 1382 4841 inscientibus
1395 4779 1653 4835 omnibus
1665 4780 1968 4850 egreditur.
1985 4781 2099 4834 Nec

499 4887 694 4936 tamen
705 4879 924 4935 efﬁcere
937 4875 1121 4950 potuit
1132 4879 1198 4929 ut
1212 4871 1388 4944 ipsius
1406 4869 1687 4925 discessus
1697 4869 1767 4922 ad
1783 4875 2096 4924 extremum

503 4984 682 5040 usque
709 4967 1028 5038 incognitus
1043 4968 1208 5019 esset.
1231 4962 1373 5016 Nam
1396 4959 1565 5014 simul
1596 4964 1766 5030 atque
1799 4958 1999 5025 illuxit,
2033 4975 2100 5014 ea

505 5073 598 5112 res
629 5054 825 5110 audita
850 5051 1329 5125 perturbationem
1359 5065 1424 5102 ac
1450 5047 1658 5102 luctum
1687 5045 1832 5117 plebi
1880 5047 2091 5114 attulit,

505 5159 812 5214 omnesque
841 5157 1064 5197 summa
1086 5138 1370 5194 celeritate
1389 5137 1461 5192 ad
1489 5153 1618 5191 eum
1645 5135 2096 5206 investigandum

505 5239 891 5309 perrexerunt,
917 5229 1094 5300 ipsius
1125 5227 1316 5302 fugam
1360 5227 1515 5281 omni
1565 5225 1780 5280 ratione
1826 5241 2098 5296 occupare

505 5323 836 5394 cegitantes.
869 5319 990 5382 Quo
1019 5317 1188 5372 etiam
1201 5317 1410 5370 factum
1440 5321 1527 5370 est
1554 5321 1618 5370 ut
1643 5315 1892 5370 studium
1923 5315 2098 5386 ipsius

505 5416 717 5469 frustra
739 5407 972 5462 minime
990 5405 1238 5460 cesserit.
1270 5405 1416 5458 Nam
1444 5420 1571 5458 cum
1591 5403 1797 5458 itinera
1810 5403 2000 5458 omnia
2013 5419 2100 5457 oc-

504 5503 824 5576 cupassent,
854 5511 920 5550 ac
948 5502 1168 5549 montes
1191 5508 1384 5546 omnes
1415 5489 1780 5560 obsedissent,
1812 5491 2100 5564 inviasque

501 5593 674 5652 valles
685 5588 1107 5664 peragrassent,
1123 5581 1179 5636 in
1192 5585 1440 5637 torrente
1452 5579 1694 5652 quodam
1704 5581 1718 5633 i
1729 5597 1888 5636 nsum
1901 5598 2102 5636 manus

2184 4517 2319 4586 (Act.
2349 4517 2462 4582 xx).
2496 4513 2564 4568 Et
2594 4511 3070 4584 quemadmodum
3099 4510 3280 4564 Deum
3305 4511 3435 4560 ante
3459 4515 3540 4556 me
3565 4507 3721 4586 cog-nt.»

2181 4604 2330 4669 visti,
2363 4619 2603 4673 cumque
2637 4618 2780 4674 puro
2809 4601 2997 4655 animo
3045 4604 3103 4654 et
3146 4591 3486 4652 conscientia
3526 4579 3717 4642 coluisti,

2181 4692 2262 4746 ita
2286 4708 2437 4748 nunc
2465 4707 2687 4763 quoque
2707 4689 2908 4760 majori
2937 4687 3123 4743 studio
3150 4686 3209 4740 in
3246 4686 3354 4739 hoc
3397 4673 3644 4738 incumbes
3675 4671 3722 4722 ιη

2181 4779 2289 4852 ipsi
2319 4781 2444 4836 vitae
2470 4787 2582 4836 tuae
2612 4779 2858 4834 rationes
2894 4776 3116 4850 probes.
3167 4775 3291 4840 Quo
3327 4771 3474 4826 enim
3519 4763 3670 4832 majus
3697 4769 3722 4852 ἦ

2178 4871 2294 4925 Deo
2322 4869 2624 4942 imperium
2639 4872 2970 4924 consecutus
2994 4883 3075 4933 es,
3105 4881 3170 4920 eo
3193 4877 3418 4938 quoque
3435 4855 3626 4924 majora
3643 4841 3724 4917 iPSi

2179 4938 2454 5030 rependas
2482 4963 2721 5030 oportet.
2749 4958 2828 5012 Ac
2855 4955 3094 5028 proinde
3119 4947 3490 5025 gratitudinis‘
3518 4938 3721 5030 debitum

2182 5047 2233 5102 ei
2261 5048 2422 5117 cujus
2445 5045 2731 5102 beneficiis
2759 5050 2958 5101 auctus
2989 5061 3048 5099 es
3073 5023 3346 5115 persolve,
3384 5037 3566 5092 sancta
3585 5023 3722 5098 ἰρεὶυε

2179 5143 2454 5208 praecepta
2481 5135 2820 5200 custodiens,
2855 5139 3025 5206 atque
3055 5113 3124 5187 ab
3153 5129 3308 5186 omni
3332 5127 3422 5180 via
3449 5124 3505 5177 in
3531 5113 3722 5174 exitium

2179 5225 2418 5280 ducente
2447 5225 2768 5280 deflectens.
2801 5225 2876 5280 Ut
2889 5223 3039 5278 enim
3067 5221 3124 5276 in
3137 5220 3206 5275 iis
3231 5217 3328 5290 qui
3351 5208 3723 5290 navigantem“?1

2177 5319 2353 5369 nauta
2374 5314 2652 5386 quispiam
2683 5317 2894 5384 peccat,
2925 5311 3186 5383 exiguum
3213 5308 3284 5362 iis
3309 5305 3405 5377 qui
3431 5295 3583 5355 simul
3609 5285 3724 5346 navi-

2179 5409 2318 5474 gant
2354 5384 2756 5458 detrimentum
2787 5402 2988 5468 atl‘ert;
3021 5416 3146 5454 cum
3182 5401 3373 5451 autem
3409 5384 3724 5462 gubernator.

2182 5492 2455 5548 universae
2477 5493 2602 5546 navi
2631 5491 2865 5546 exitium
2893 5489 3147 5556 accersit,
3179 5486 3260 5541 ita
3287 5483 3458 5538 etiam
3495 5477 3548 5531 in
3589 5478 3726 5537 τεεηο

2185 5597 2290 5636 usu
2320 5582 2490 5638 venit.
2533 5587 2598 5636 ut
2643 5598 2768 5637 cum
2814 5579 3090 5652 quispiam
3137 5589 3352 5632 eorum.
3402 5567 3492 5641 qui
3532 5557 3729 5616 subsunt
