3876 6190
206 342 293 405 589

586 347 755 402 VITA
795 348 1236 405 SANCTORUM
1272 348 1618 406 BARLAAM
1655 344 1992 406 EREMITzE
2031 344 2119 400 ET
2156 342 2521 401 JOSAPHAT
2557 347 2779 405 INDLE
2816 351 3050 410 REGIS.

3363 359 3468 417 590

204 475 399 542 peccat,
436 487 549 526 non
596 476 712 526 tam
752 473 924 527 alium
972 490 1141 544 quam
1179 475 1423 547 seipsum
1454 478 1652 545 laedat;
1699 477 1786 531 sin
1804 471 2070 562 Aquibus
2091 470 2519 527 otfensusfueris
2539 471 2759 545 injuriae
2773 484 3158 537 memoremte
3179 482 3462 556 praebeas;

202 566 377 615 autem
407 578 504 615 rex
534 561 655 632 ipse
676 568 887 633 peccet,
910 567 1093 618 totum
1122 582 1357 635 regnum
1398 567 1693 622 labefactat
1723 583 1787 621 ac

201 649 528 705 detrimento
553 651 750 709 aﬂicit.
783 652 1151 725 Quapropter,
1180 660 1243 708 ut
1263 655 1520 726 ingentes
1542 656 1787 711 rationes

200 738 528 801 redditurus,
564 739 611 793 si
631 740 766 810 quid
796 756 992 797 eorum
1022 759 1144 813 quae
1175 760 1314 815 Opus
1341 744 1456 799 sint
1482 744 1788 816 praetermi-

202 826 345 891 seris,
366 843 574 897 magno
601 828 786 882 studio
803 845 1118 901 magnaque
1141 848 1276 885 cura
1296 831 1538 902 teipsum
1562 831 1616 886 in
1638 832 1785 887 bono

202 915 425 982 custodi,
450 916 795 987 voluptatem
824 935 1047 972 omnem
1077 919 1147 972 ad
1178 924 1465 990 peccatum
1496 925 1548 974 te
1570 926 1785 991 pertra-

203 1004 415 1058 bentem
439 1005 567 1058 odio
596 1005 889 1062 insectare.
920 1007 1015 1061 Ait
1042 1008 1193 1061 enim
1223 1009 1521 1080 Apostolus
1546 1026 1556 1061 :
1584 1010 1784 1063 Pacem

204 1094 483 1147 sectamini
524 1111 651 1148 cum
700 1094 978 1163 omnibus,
1021 1102 1078 1150 et
1107 1097 1631 1162 sanctiﬁcationem,
1666 1099 1786 1153 sine

204 1199 299 1253 qua
324 1198 495 1237 nemo
528 1183 734 1238 videbit
759 1185 941 1239 Deum
963 1186 1109 1252 (Heb.
1138 1189 1250 1253 x11).
1280 1186 1490 1240 Rerum
1517 1187 1789 1241 humana-

203 1286 311 1324 rum
350 1270 625 1326 circulum
665 1272 1064 1335 animadverte,
1097 1290 1206 1344 quo
1241 1281 1403 1345 pacto
1446 1274 1701 1329 videlicet
1729 1276 1787 1329 in

204 1358 378 1414 orbem
424 1361 700 1425 volvatur,
742 1362 881 1416 alias
916 1367 1085 1434 atque
1124 1364 1263 1417 alias
1305 1363 1414 1417 alio
1464 1368 1631 1434 atque
1676 1364 1786 1417 alio

204 1448 349 1503 modo
380 1466 479 1503 eas
507 1450 689 1505 ferens
719 1468 783 1505 ac
805 1465 1109 1523 torquens;
1138 1453 1389 1523 illudque
1420 1454 1599 1520 stude,
1635 1458 1697 1507 ut
1728 1453 1785 1507 in

203 1537 339 1591 varia
358 1555 557 1594 earum
578 1541 890 1595 mutatione
910 1541 1065 1612 pium
1087 1542 1339 1596 animum
1360 1548 1683 1596 constanter
1703 1558 1786 1595 re-

200 1627 384 1681 tineas.
408 1629 699 1699 Siquidem
728 1647 844 1685 una
863 1647 993 1684 cum
1022 1630 1190 1685 rebus
1210 1632 1565 1697 commutari,
1600 1631 1785 1686 dubiae

203 1721 351 1788 atque
371 1717 651 1773 instabilis
670 1719 871 1774 mentis
888 1724 1281 1790 argumentum
1304 1726 1405 1775 est.
1430 1722 1515 1775 Tu
1542 1737 1669 1775 vero
1700 1720 1786 1775 fac

1869 579 2061 617 verum
2076 578 2202 615 cum
2215 561 2330 632 ipse
2343 567 2696 632 peccatorum
2708 571 2935 623 tuorum
2954 570 3171 627 veniam
3191 576 3463 645 postules,

1868 651 1939 705 iis
1964 651 2134 705 etiam
2159 650 2256 720 qui
2276 650 2335 704 in
2351 656 2407 705 te
2431 658 2664 721 peccant
2684 654 2927 725 ignosce.
2953 659 3292 717 Remissioni
3311 664 3464 719 enim

1867 741 2122 795 remissio
2148 740 2514 811 rependitur;
2545 747 2602 796 et
2622 742 2667 797 si
2697 760 2824 799 cum
2855 749 3066 804 nostris
3095 753 3375 809 conservis
3406 754 3465 809 in

1865 830 2107 900 gratiam
2144 829 2459 895 redeamus,
2503 831 2773 887 Dominus
2815 851 3039 907 quoque
3069 856 3232 895 suam
3274 842 3335 896 in
3363 859 3465 897 nos

1867 918 2213 973 iracundiam
2240 919 2597 990 comprimet.
2637 923 2711 975 At
2750 932 2945 978 contra
2974 933 3168 983 nostra
3196 930 3464 987 adversus

1869 1025 1962 1063 eos
1993 1008 2087 1079 qui
2116 1007 2327 1079 aliquid
2355 1007 2415 1061 in
2458 1025 2561 1063 nos
2587 1010 2939 1067 admiserunt
2969 1017 3178 1071 savitia
3205 1018 3310 1074 hoc
3341 1020 3464 1075 θαί-

1869 1097 1964 1163 cit,
1984 1104 2046 1151 ut
2067 1095 2307 1167 peccatis
2335 1097 2543 1150 nostris
2573 1098 2727 1152 nulla
2757 1101 2920 1155 venia
2939 1102 3224 1160 tribuatur
3245 1109 3460 1175 (Matth.

1870 1189 2044 1252 xvm).
2062 1184 2546 1248 Quemadmodum
2574 1187 2733 1241 audis
2754 1189 3025 1260 quidnam
3046 1192 3127 1247 illi
3159 1195 3253 1265 qui
3273 1196 3465 1252 decem

1869 1275 2207 1327 talentorum
2253 1273 2430 1327 millia
2476 1273 2715 1329 debebat
2752 1278 3036 1345 acciderit,
3071 1297 3274 1353 nempe
3319 1285 3467 1354 quod

1871 1362 1941 1417 ob
1982 1379 2141 1416 suam
2173 1362 2229 1415 in
2280 1378 2609 1417 conservum
2652 1366 3064 1435 crudelitatem,
3107 1370 3252 1424 tanti
3297 1371 3467 1427 debiti

1871 1451 2215 1506 exactionem
2257 1451 2361 1504 sibi
2407 1451 2516 1522 ipsi
2545 1454 2846 1509 renovarit.
2889 1456 3075 1520 Quare
3125 1475 3467 1533 magnopere

1867 1539 2027 1594 nobis
2057 1539 2460 1611 providendum
2491 1547 2597 1607 est,
2631 1558 2702 1595 ne
2750 1543 2855 1597 hoc
2884 1561 3106 1617 quoque
3148 1548 3310 1604 nobis
3364 1566 3469 1606 usu

1868 1629 2225 1693 veniatQuin
2256 1629 2441 1699 potius
2480 1628 2731 1684 debitum
2763 1649 2929 1687 omne
2962 1636 3340 1703 remittamus,
3387 1648 3470 1694 at-

1868 1735 1974 1789 que
2004 1735 2228 1771 omnem
2248 1717 2388 1771 iram
2416 1734 2445 1771 e
2467 1724 2691 1789 pectore
2719 1720 3027 1789 ejiciamus,
3052 1730 3117 1779 ut
3145 1725 3306 1781 nobis
3335 1744 3471 1799 quo—

206 1806 252 1859 in
276 1807 486 1862 virtute
516 1808 713 1863 ﬁrmus
734 1810 829 1875 sis,
856 1826 919 1863 ac
948 1826 1176 1880 prorsus
1196 1810 1495 1864 stabilitus.
1525 1810 1609 1865 Ob
1640 1793 1846 1864 tem-B
1866 1824 1974 1878 que
2006 1807 2185 1861 multa
2213 1812 2408 1860 nostra
2447 1807 2637 1863 debita
2675 1810 3057 1866 remittantur.
3091 1815 3303 1870 Praeter
3349 1793 3467 1872 haec

202 1895 469 1965 porariam
487 1903 543 1951 et
570 1898 835 1952 caducam
863 1898 1100 1968 gloriam
1126 1898 1282 1952 inani
1300 1904 1525 1953 tumore
1556 1898 1785 1953 minime
1868 1898 2075 1961 omnia,
2099 1912 2163 1949 ac
2192 1912 2305 1966 prae
2327 1896 2585 1951 omnibus
2605 1898 2773 1952 rebus
2800 1898 3013 1954 bonum
3038 1901 3355 1975 depositum
3378 1922 3473 1961 cu-

202 1983 485 2050 insolesce,
533 2003 745 2051 verum,
794 1993 1097 2057 repurgato
1146 1988 1352 2053 animo,
1409 1994 1622 2042 natura:
1675 1994 1785 2042 tuae
1867 1986 2029 2051 stodi,
2061 1986 2165 2038 hoc
2194 1990 2279 2038 est
2309 1984 2459 2055 piam
2489 1986 2618 2040 ﬁdei
2652 1987 2984 2054 doctrinam,
3020 1990 3078 2045 in
3112 2008 3224 2064 qua
3249 1992 3471 2050 institu-

205 2072 458 2128 vilitatem
474 2076 676 2146 cogita,
701 2082 938 2146 vitaeque
954 2077 1122 2147 hujus
1142 2075 1471 2131 brevitatem
1499 2082 1667 2148 atque
1692 2076 1787 2130 ad-
1866 2080 1958 2129 tus
1988 2080 2044 2127 et
2082 2074 2333 2127 eruditus
2363 2090 2421 2127 es
2455 2075 2530 2139 (ΙΙ
2555 2076 2780 2143 Tim.1).
2802 2078 3059 2150 llludque
3087 2098 3237 2147 cave,
3270 2099 3342 2138 ne
3379 2083 3469 2138 ul-

198 2159 441 2239 junctam
472 2166 626 2219 carni
652 2171 891 2219 mortem
920 2165 1121 2235 cogita.
1147 2166 1275 2219 Haec
1303 2167 1451 2219 enim
1472 2167 1519 2219 si
1540 2166 1788 2220 conside—
1870 2163 1986 2218 lum
2028 2164 2253 2217 haeresis
2291 2162 2563 2216 zizaniam
2595 2164 2653 2217 in
2683 2164 2837 2219 vobis
2869 2174 3167 2225 enascatur
3207 2188 3218 2224 :
3273 2187 3467 2227 verum

204 2274 295 2322 res,
325 2256 386 2310 in
418 2254 738 2325 superbiam
767 2254 1199 2325 haudquaquam
1228 2254 1455 2321 incides,
1484 2255 1580 2309 sed
1609 2256 1787 2309 Deum
1869 2269 2073 2323 purum
2107 2269 2170 2305 ac
2199 2251 2310 2305 doli
2341 2268 2537 2323 expers
2566 2251 2819 2308 divinum
2847 2267 3041 2311 semen
3088 2275 3373 2329 conserva,
3406 2265 3471 2316 ut

204 2362 383 2400 verum
424 2361 489 2398 ac
529 2348 720 2410 330
752 2344 1035 2397 ccelestem
1076 2344 1287 2414 Regem
1317 2352 1555 2410 metues,
1598 2344 1789 2415 sicque
1870 2341 2102 2396 uberem
2133 2345 2301 2411 atque
2331 2341 2576 2412 amplam
2615 2350 2868 2413 segetem
2912 2345 3150 2402 Domino
3177 2349 3461 2417 exhibeas,

206 2435 455 2507 praeclare
484 2450 549 2487 ac
578 2432 812 2487 feliciter
838 2438 1024 2487 tecum
1056 2438 1272 2502 agetur.
1306 2433 1465 2489 Beati
1498 2434 1668 2496 enim,
1701 2432 1788 2488 in-
1872 2448 1999 2487 cum
2027 2432 2093 2485 ad
2127 2430 2531 2501 exposcendam
2561 2448 2749 2485 rerum
2779 2432 2848 2486 ab
2897 2450 3237 2508 unoquoque
3268 2438 3327 2493 in
3357 2439 3468 2496 vita

204 2525 309 2596 quit
327 2524 659 2587 ille,omnes
690 2521 784 2593 qui
805 2522 1006 2577 timent
1035 2522 1357 2588 Dominum,
1382 2524 1477 2594 qui
1498 2523 1793 2577 ambulant

202 2614 249 2667 in
276 2612 383 2667 viis
428 2613 551 2683 ejus
581 2613 749 2682 (Psal.
779 2612 1000 2680 cxxvn).
1044 2613 1122 2665 Ac
1156 2628 1382 2666 rursum
1414 2630 1426 2665 :
1464 2612 1671 2667 Beatus
1709 2613 1793 2666 vir

203 2702 284 2773 qui
312 2702 482 2756 timet
527 2700 849 2767 Dominum,
890 2700 949 2755 in
978 2701 1259 2756 mandatis
1299 2702 1420 2771 ejus
1449 2702 1596 2755 volet
1624 2700 1791 2756 nimis

202 2794 357 2860 (Psal.
386 2794 513 2859 CXI).
532 2790 803 2854 Quaenam
822 2796 1010 2844 autem
1026 2807 1138 2862 prae
1159 2791 1373 2845 caeteris
1391 2796 1671 2863 praecepta
1688 2790 1791 2844 tibi

200 2878 465 2935 servanida
490 2880 623 2945 sint,
657 2877 791 2933 audi
838 2897 849 2931 :
892 2879 1051 2933 Beati
1081 2880 1495 2945 misericordes,
1529 2879 1795 2951 quoniam

199 2970 292 3041 ipsi
318 2968 769 3024 misericordiam
795 2974 1209 3040 consequentur
1229 2971 1405 3033 (Luae
1433 2972 1529 3038 vi).
1561 2971 1638 3023 Ac
1668 2986 1796 3023 rur-

202 3075 315 3113 sum
338 3077 350 3111 :
381 3059 576 3114 Estote
589 3057 996 3122 misericordes,
1012 3058 1157 3112 sicut
1167 3063 1224 3112 et
1235 3058 1404 3113 Pater
1416 3062 1600 3112 vester
1609 3059 1797 3112 coeles-

1871 2528 2158 2593 gestarum
2213 2520 2509 2586 rationem,
2564 2526 3111 2595 consentaneumque
3155 2527 3469 2585 actionibus

1873 2610 2081 2664 nostris
2118 2609 2433 2663 mercedem
2459 2608 2810 2664 referendam
2847 2613 3052 2668 veniet.
3087 2614 3208 2678 Quo
3236 2617 3466 2688 quidem

1871 2704 2126 2771 tempore
2150 2698 2291 2769 justi
2322 2697 2616 2769 fulgebunt
2644 2699 2789 2754 sicut
2817 2701 2917 2768 sol,
2952 2703 3253 2761 sceleratos
3281 2712 3471 2763 autem

1877 2789 2054 2859 caligo
2084 2805 2147 2843 ac
2170 2787 2513 2860 sempiterna
2530 2789 2839 2859 ignominia
2868 2790 3067 2847 obruet
3085 2795 3301 2863 (Matth.
3326 2794 3472 2868 xm).

1876 2882 1955 2935 Ac
1984 2895 2152 2945 nunc,
2190 2895 2222 2932 ο
2266 2878 2488 2943 fratres,
2532 2878 2648 2933 Deo
2688 2895 2784 2933 vos
2828 2883 3179 2953 commendo,
3211 2890 3268 2939 et
3305 2885 3472 2943 verbo

1876 2967 2071 3039 gratiae
2096 2966 2287 3038 ipsius,
2318 2966 2413 3037 qui
2432 2971 2630 3037 potens
2661 2972 2746 3022 est
2771 2970 3240 3040 superaediﬁcare,
3261 2979 3319 3028 et
3339 2974 3474 3029 dare

1877 3055 2032 3110 vobis
2051 3054 2441 3109 haereditatem
2462 3054 2520 3109 in
2540 3055 2899 3111 sanctificatis
2922 3058 3181 3113 omnibus
3197 3063 3327 3130 (Act.
3360 3070 3471 3131 xx).

200 3148 589 3203 tismisericors
603 3146 994 3201 est.Hocenim
1014 3152 1353 3219 praeceptum
1379 3146 1448 3201 ab
1472 3147 1542 3200 iis
1573 3148 1792 3218 potissi-
1812 3152 1855 3213 C
1950 3145 2079 3199 Hzec
2106 3159 2232 3198 cum
2263 3142 2514 3209 dixisset,
2548 3144 2742 3215 positis
2764 3144 2999 3215 genibus
3038 3147 3172 3215 suis,
3208 3150 3474 3220 quemad-

200 3236 670 3309 mumexposcitur
682 3235 844 3306 quiin
857 3251 1078 3289 summo
1090 3236 1325 3307 imperio
1339 3236 1626 3290 constituti
1639 3243 1790 3291 sunt.

259 3328 334 3382 Ac
359 3344 499 3381 sane
534 3325 631 3397 qui
672 3340 938 3395 magnam
966 3326 1276 3396 potentiam
1307 3332 1503 3379 nactus
1533 3331 1636 3391 est,
1664 3342 1793 3379 eum

202 3433 346 3487 aquo
370 3414 703 3487 hujusmorii
729 3413 1037 3485 potentiam
1068 3413 1280 3485 accepit
1308 3430 1408 3485 pro
1437 3414 1647 3468 viribus
1672 3414 1795 3467 imi-

202 3505 298 3558 tari
327 3504 516 3559 debet.
543 3504 674 3557 Haec
706 3519 871 3574 porro
896 3502 954 3556 in
979 3520 1041 3556 re
1071 3503 1249 3557 Deum
1283 3504 1522 3557 maxime
1552 3502 1794 3556 imitabi-

200 3598 302 3660 tur,
321 3596 368 3648 si
388 3592 783 3648 misericordia
800 3591 937 3646 nihil
955 3593 1143 3663 potius
1155 3591 1551 3663 antiquiusque
1567 3590 1789 3645 habent.

200 3682 311 3738 Huc
338 3682 562 3738 accedit
578 3681 726 3753 quod
756 3680 1011 3735 ‘subditos
1041 3681 1183 3734 nihil
1210 3697 1366 3751 aeque
1381 3681 1451 3735 ad
1471 3681 1795 3735 benevolen-

200 3772 326 3827 tiam
353 3772 557 3837 allicit,
591 3777 655 3826 ut
681 3770 936 3825 beneﬁcii
961 3770 1147 3840 gratia
1184 3770 1479 3842 egentibus
1508 3787 1789 3824 concessa.

200 3861 335 3916 Nam
367 3861 707 3931 obsequium
738 3860 878 3914 illud
909 3859 1057 3931 quod
1096 3876 1160 3913 ex
1190 3865 1344 3913 metu
1373 3860 1571 3926 oritur,
1602 3860 1795 3913 adum-

198 3949 352 4006 brata
371 3957 463 4005 est
485 3949 755 4016 adulatio,
774 3965 874 4020 per
888 3950 1079 4003 ﬁctum
1101 3948 1330 4003 honoris
1359 3948 1683 4003 vocabulum
1704 3965 1798 4002 eos

201 4040 287 4110 qui
308 4041 571 4095 animum
590 4038 696 4109 ipsi
720 4037 1013 4108 adjiciunt,
1043 4038 1339 4092 ludificans
1359 4054 1423 4092 ac
1447 4037 1797 4091 circumscri-

194 4126 345 4182 bens.
369 4131 564 4199 Atque
588 4128 635 4181 is
666 4127 762 4198 qui
789 4126 963 4182 invito
993 4127 1181 4181 animo
1210 4132 1387 4194 paret,
1424 4126 1610 4182 oblata
1635 4144 1794 4181 occa-

195 4217 343 4271 sione
391 4216 736 4271 seditionem
767 4216 971 4270 excitat
1003 4235 1016 4284 ;
1049 4216 1143 4287 qui
1179 4221 1368 4271 autem
1397 4215 1795 4271 benevolentiae

192 4304 425 4360 vinculis
468 4305 805 4361 constrictus
842 4311 1085 4373 tenetur,
1123 4308 1346 4361 firmam
1387 4306 1439 4360 ei
1480 4307 1575 4378 qui
1604 4324 1793 4362 rerum

192 4394 403 4461 potitur
433 4394 819 4450 obedientiam
849 4402 1093 4467 praestat.
1130 4397 1264 4460 Quae
1288 4413 1415 4450 cum
1445 4396 1525 4450 ita
1553 4397 1685 4463 sint,
1722 4397 1796 4451 da

1878 3234 2108 3289 modum
2140 3233 2410 3304 scriptum
2442 3238 2541 3298 est,
2570 3249 2697 3288 cum
2726 3233 2987 3306 lacrymis
3015 3252 3241 3292 rursum
3271 3240 3468 3307 oravit,

1877 3330 2044 3395 atque
2068 3338 2365 3377 conversus
2395 3321 2744 3391 Barachiam,
2788 3340 2953 3394 quem
2980 3341 3171 3396 regem
3209 3326 3469 3399 designa-

1875 3418 1982 3477 rat,
2034 3427 2338 3482 omnesque
2391 3427 2486 3464 eos
2533 3410 2628 3481 qui
2688 3412 3023 3482 magistratu
3070 3414 3468 3488 fungebantur,

1877 3501 2227 3555 exosculatus
2254 3505 2357 3555 est.
2388 3500 2531 3553 Tum
2563 3516 2689 3555 vero
2719 3517 2809 3555 res
2837 3500 3098 3574 lacrymis
3128 3520 3263 3560 sane
3301 3505 3474 3579 digna

1878 3590 2128 3661 contigit.
2162 3589 2371 3645 Omnes
2401 3590 2550 3643 enim
2581 3590 2766 3661 ipsum
2786 3590 3215 3650 circumstantes
3235 3597 3366 3663 (non
3389 3613 3473 3652 se-

1877 3696 1975 3734 cus
2007 3696 2069 3733 ac
2096 3678 2141 3732 si
2172 3678 2277 3732 hoc
2325 3678 2599 3733 duntaxat
2642 3679 2909 3748 viverent,
2944 3683 3093 3753 quod
3123 3700 3250 3739 cum
3284 3701 3349 3741 eo
3390 3702 3473 3742 es-

1877 3775 2092 3834 sent,ac
2108 3767 2454 3838 simulatque
2465 3765 2534 3821 ab
2555 3783 2619 3821 eo
2636 3767 3292 3839 disjungerentur,vitam
3308 3774 3474 3831 amis-

1878 3859 1995 3913 suri
2025 3860 2229 3925 essent)
2245 3856 2377 3927 quid
2396 3872 2507 3909 non
2528 3855 2787 3910 dicebant
2815 3859 2962 3929 quod
2992 3860 3062 3915 ad
3092 3858 3349 3918 ciendam
3371 3863 3471 3919 mi-

1881 3947 2243 4001 sericordiam
2279 3945 2624 4016 pertineret?
2653 3951 2751 4000 aut
2781 3946 2915 4017 quid
2941 3949 3336 4021 relinquebant
3361 3968 3471 4024 quo

1880 4052 2075 4091 eorum
2104 4036 2288 4089 luctus
2302 4034 2496 4104 augeri
2532 4035 2958 4106 posset?ipsum
2998 4039 3471 4097 exosculabantur

1879 4130 1937 4179 et
1963 4123 2493 4195 complectebantur,
2526 4123 2842 4194 mentisque
2871 4124 3111 4196 impotes
3133 4144 3249 4199 prae
3279 4129 3471 4185 dolore

1877 4218 2056 4268 erant.
2094 4213 2184 4267 Vae
2212 4212 2391 4279 nobis,
2426 4211 2759 4277 clamabant,
2786 4229 2954 4283 quam
2974 4216 3131 4284 gravi
3154 4217 3473 4274 calamitate

1877 4301 2268 4375 opprimimur!
2289 4300 2589 4355 Dominum
2607 4316 2734 4354 eum
2747 4301 3472 4376 appellabant,patrem,sa-

1875 4392 2008 4447 lutis
2038 4389 2501 4455 auctorem,bene
2520 4389 2589 4443 de
2618 4406 2677 4443 se
2699 4390 2982 4446 meritum.
3011 4392 3121 4447 Per
3148 4400 3223 4461 te,
3258 4393 3474 4466 inquie-

190 4496 418 4553 Operam
441 4490 514 4538 ut
539 4484 833 4555 egentibus
853 4484 1028 4539 facilis
1057 4485 1128 4539 ad
1152 4491 1208 4539 te
1230 4501 1485 4540 accessus
1502 4486 1591 4553 sit,
1614 4486 1794 4556 iisque
1814 4514 1864 4574 D
1880 4482 2034 4547 bant,
2079 4480 2179 4535 Dei
2218 4477 2594 4549 cognitionem
2633 4479 2967 4551 accepimus,
3010 4498 3200 4537 errore
3247 4483 3469 4540 liberati

190 4572 279 4641 qui
305 4573 513 4645 inepia
554 4573 967 4640 conﬂictantur,
1008 4590 1174 4628 aures
1210 4580 1321 4628 tuae
1352 4578 1599 4645 pateant,
1633 4579 1698 4627 ut
1729 4578 1793 4627 tu
1815 4567 1856 4574 ⁷
1880 4587 2093 4637 sumus,
2121 4568 2191 4624 ab
2218 4567 2477 4624 omnibus
2504 4568 2668 4622 malis
2706 4568 3146 4641 conquievimus.
3179 4572 3326 4636 Quid
3349 4575 3469 4644 jam

189 4676 413 4734 quoque
445 4667 678 4734 apertas
697 4662 796 4717 Dei
815 4662 1270 4718 auresinvenias.
1302 4664 1445 4717 Nam
1469 4663 1661 4734 quales
1693 4678 1794 4717 nos

185 4747 332 4820 ipsos
358 4752 655 4806 conservis
684 4751 1107 4823 praebuerimus,
1138 4753 1311 4806 talem
1332 4752 1505 4806 etiam
1533 4768 1671 4822 erga
1693 4768 1795 4806 nos

184 4836 500 4896 Dominum
526 4841 931 4910 nanciscemur,
962 4847 1019 4897 et
1047 4842 1517 4913 quemadmodum
1547 4841 1794 4895 audieri-

184 4945 326 4997 mus,
362 4930 697 4997 audiemur,
717 4936 774 4985 et
801 4931 1625 5003 quemadmodum'viderimus,
1653 4947 1687 4984 a
1715 4929 1795 4984 di-

181 5017 306 5074 vino
329 5026 391 5074 et
412 5020 678 5074 omnium
700 5036 889 5075 rerum
907 5026 1267 5092 conspectore
1284 5020 1442 5075 oculo
1461 5019 1792 5074 videbimur.

182 5107 578 5171 Quamobrem
598 5114 731 5164 ante
748 5109 1189 5165 misericordiam
1212 5110 1654 5165 misericordiam
1672 5126 1796 5164 con-

178 5195 458 5252 feramus.
498 5204 561 5252 ut
583 5197 772 5252 simile
799 5215 901 5270 per
924 5198 1107 5253 simile
1134 5198 1490 5270 recipiamus.

246 5287 406 5352 Quin
441 5287 622 5342 etiam
660 5287 810 5342 aliud
840 5305 1062 5360 quoque
1100 5294 1439 5359 praeceptum
1472 5304 1600 5342 cum
1631 5303 1798 5358 supe-

176 5376 325 5431 riore
356 5377 484 5432 isto
516 5378 900 5448 conjunctum,
932 5378 1150 5449 ipsique
1171 5383 1472 5449 cognatum
1504 5376 1635 5431 audi
1668 5394 1679 5428 :
1711 5377 1803 5431 Di-

176 5466 417 5529 mittite,
442 5470 507 5520 et
536 5466 855 5521 dimittetur
879 5456 1051 5521 vobis.
1077 5467 1238 5531 Quod
1263 5468 1309 5522 si
1340 5483 1453 5521 non
1474 5465 1802 5521 remiseritis

176 5552 528 5609 hominibus
555 5555 757 5610 delicta
783 5556 1051 5628 ipsorum,
1094 5573 1197 5611 nec
1236 5556 1404 5611 Pater
1434 5562 1617 5610 vester
1646 5556 1806 5611 coele-

175 5643 278 5697 stis
308 5648 567 5716 peccata
593 5651 779 5700 vestra
801 5645 953 5701 vobis
983 5644 1253 5702 remittet.
1275 5645 1359 5703 Ob
1378 5643 1547 5721 idque
1566 5661 1637 5701 ne
1671 5645 1738 5699 iis
1772 5662 1804 5700 a

1879 4659 2039 4715 nobis
2063 4666 2190 4731 post
2216 4658 2524 4712 discessum
2563 4663 2724 4712 tuum
2753 4658 3005 4713 futurum
3033 4666 3119 4715 est
3145 4660 3170 4715 7
3199 4660 3472 4725 Quaenam

1878 4750 2028 4804 mala
2055 4766 2156 4804 nos
2185 4746 2494 4819 arripient?
2524 4747 2654 4801 Haec
2682 4763 2809 4801 cum
2838 4746 3105 4815 dicerent,
3138 4756 3366 4821 pectora
3387 4751 3471 4808 fe-

1876 4839 2115 4906 riebant,
2148 4854 2385 4908 eamque
2413 4852 2536 4907 quae
2566 4851 2658 4890 eos
2678 4835 2959 4891 invaserat
2978 4838 3357 4896 calamitatem
3379 4841 3473 4897 de-

1878 4928 2189 4999 plorabant.
2222 4928 2296 4981 At
2339 4926 2433 4980 ille
2471 4925 2843 4979 consolatoria
2889 4926 3142 4983 oratione
3182 4929 3469 5002 ingentem

1879 5034 2073 5073 eorum
2095 5017 2367 5088 ejulatum
2398 5014 2794 5084 comprimens,
2829 5015 2966 5069 illud
2994 5017 3382 5090 pollicebatur,
3411 5039 3471 5078 se

1878 5107 2169 5180 (quoniam
2188 5120 2418 5175 corpore
2439 5104 2561 5173 jam
2589 5119 2700 5157 non
2730 5108 2967 5174 poterat)
2989 5106 3188 5178 spiritu
3206 5125 3334 5165 cum
3366 5110 3477 5166 illis

1880 5196 2017 5251 fore.
2052 5196 2167 5251 Hoc
2214 5209 2473 5249 sermone
2504 5191 2712 5257 habito,
2749 5194 3129 5264 spectantibus
3158 5198 3417 5256 omnibus
3446 5216 3476 5254 e

1880 5285 2090 5358 palatio
2121 5284 2372 5350 excedit;
2403 5298 2467 5336 ac
2495 5281 2687 5335 statim
2719 5298 2912 5337 omnes
2955 5284 3251 5357 desperato
3289 5289 3474 5344 reditu

1884 5392 2012 5431 eum
2040 5373 2435 5446 sequebantur,
2461 5376 2629 5442 atque
2659 5388 2723 5426 ex
2744 5371 2901 5439 urbe,
2927 5379 2992 5428 ut
3017 5389 3185 5445 quam
3208 5378 3330 5448 jam
3351 5393 3479 5432 con-

1886 5465 2099 5537 spicere
2129 5462 2360 5517 minime
2390 5466 2634 5533 possent,
2668 5461 3080 5534 profugiebant.
3106 5465 3476 5536 Posteaquam

1887 5559 2078 5609 autem
2101 5552 2376 5607 etcivitate
2394 5550 2609 5621 egressi
2629 5552 2873 5616 sunt,vix
2891 5552 3116 5607 tandem
3140 5559 3309 5625 atque
3332 5568 3478 5623 agre

1889 5643 2077 5699 acrius
2105 5659 2200 5697 eos
2228 5642 2348 5713 ipso
2377 5640 2736 5709 admonente,
2755 5645 2923 5713 atque
2948 5639 3118 5698 etiam
3138 5640 3479 5713 asperiorem
