3954 6190
458 291 549 349 591
1127 257 1134 266 ’
1466 285 1560 340 DE
1597 284 1786 340 vms
1826 282 2119 338 PATRUM
2157 281 2371 338 LIBER
2410 282 2699 338 PRIMUS.
3555 301 3633 363 59.2

455 419 740 474 interdum
761 411 1207 486 obiurgationem
1232 409 1321 482 adj
1331 415 1592 481 ungente,
1617 408 1688 463 ab
1709 425 1773 464 eo
1793 407 2045 462 distracti
2063 406 2114 466 A
2131 407 2419 471 contortis,
2439 407 2496 461 in
2523 407 2781 462 intimam
2803 407 3158 464 solitudinem
3185 427 3240 465 se
3261 417 3555 488 contulisset,
3577 430 3639 480 at-

452 513 602 573 sunt,
633 511 802 577 atque
829 502 989 556 inviti
1020 499 1457 564 revertebantur,
1501 499 1806 554 identidem
1857 499 2046 553 oculos
2129 513 2238 568 que
2281 497 2616 552 caducarum
2645 513 2834 552 rerum
2865 497 3260 568 confusionem,
3288 509 3520 578 tanquam
3547 529 3638 567 m0.

453 595 1014 659 reﬂectentes,83|
1039 606 1102 644 ac
1122 588 1355 662 pedibus
1376 588 1524 643 inter
1551 587 1954 642 ambulandum
1971 587 2048 640 of-
2129 585 2492 640 lestissimam
2519 587 2820 656 quamdam
2851 586 3130 641 sarcinam
3159 593 3214 642 et
3238 598 3465 650 catenam
3488 616 3642 655 excus-

449 684 758 740 fendentes.
780 671 1046 736 Nonnulli
1065 684 1255 734 autem
1273 695 1337 732 ex
1373 677 1442 732 iis
1463 677 1559 750 qui
1586 675 1908 732 ferventiori
1928 675 2048 730 ani-
2129 674 2312 740 sisset,
2343 674 2545 746 spiritu
2574 673 2886 742 lmtabatur,
2917 677 3288 749 conjectisque
3313 681 3364 736 in
3393 683 3640 757 Christum,

449 788 542 827 mo
567 769 786 844 prmditi
808 768 1259 838 erant.lugentcs
1281 767 1501 821 eminus
1523 766 1708 836 ipsum
1737 764 2046 836 sequeban-
2126 765 2287 833 cujus
2316 763 2594 819 desiderio
2618 763 2869 830 ardebat,
2920 764 3128 832 oculis;
3161 767 3226 821 ad
3265 786 3401 836 eum,
3427 779 3647 846 tanquam

447 867 559 928 tur,
593 859 960 932 quoadusque
988 874 1095 912 nox
1139 855 1336 912 obonta
1363 872 1458 910 eos
1487 855 1636 910 inter
1665 872 1724 910 se
1751 853 2038 926 disjunxit.
2126 853 2196 908 ad
2219 859 2553 926 praesentem
2575 859 2744 926 atque
2765 853 2942 926 ipsius
2961 871 3151 910 vocem
3170 857 3464 914 audientem
3480 863 3648 920 clama-

518 951 648 1004 ΟΜ).
678 948 954 1004 XXXVII.
975 978 1039 988 --
1057 947 1376 1000 Generosus
1396 943 1573 1014 igitur
1602 943 1695 998 ille
1716 943 1799 996 vir
1822 960 1886 997 ex
1915 943 2046 998 aula
2127 942 2240 1008 bat,
2262 959 2502 1014 eumque
2520 943 2930 1014 alloquebatur,
2946 943 3034 998 his
3051 943 3297 1000 videlicet
3308 948 3470 1004 verbis
3487 957 3647 1007 utens:

446 1053 704 1110 egressus
747 1042 850 1101 est,
885 1035 1116 1108 perinde
1157 1034 1317 1088 laetus
1355 1038 1524 1104 atque
1556 1031 1774 1098 alacris,
1806 1037 1872 1086 ut
1916 1047 2042 1085 cum
2125 1029 2209 1084 Ne
2227 1030 2349 1100 jam
2369 1047 2577 1101 quaeso,
2600 1047 2633 1084 o
2653 1030 2910 1096 Domine,
2941 1031 3133 1086 oculus
3154 1049 3305 1088 meus
3332 1035 3534 1103 hujusce
3554 1039 3650 1094 vita:

445 1126 724 1198 quispiam
749 1143 780 1179 e
809 1124 1114 1195 longinquo
1137 1139 1202 1177 ac
1225 1122 1492 1177 diuturno
1514 1121 1706 1176 exsilio
1726 1121 1781 1174 in
1801 1121 2042 1192 patriam
2127 1118 2272 1173 bona
2298 1118 2514 1186 videat;
2539 1135 2641 1174 nec
2672 1135 2918 1191 praesens
2948 1120 3164 1175 vanitas
3193 1129 3421 1179 mentem
3450 1143 3603 1182 meam
3625 1146 3650 1182 ιι

443 1232 504 1270 se
524 1215 712 1270 refert.
736 1216 920 1285 Atque
941 1219 1170 1268 externe
1190 1211 1416 1283 quidem
1442 1227 1536 1265 eas
1565 1209 1768 1282 quibus
1794 1209 1875 1265 uti
1904 1210 2044 1264 sole-
2126 1213 2384 1280 suscepto
2407 1207 2608 1262 itinere
2639 1207 2932 1264 abstrahat
2955 1228 2967 1274 ;
2987 1227 3199 1275 verum,
3219 1213 3435 1268 Domine
3452 1216 3536 1281 mi,
3557 1233 3657 1271 ocu.

445 1301 1258 1374 bat,vestesgerebat,interne
1273 1305 1463 1354 autem
1479 1298 1876 1353 ciliciumillud
1895 1297 2043 1370 quod
2125 1297 2208 1350 los
2239 1313 2394 1351 meos
2435 1297 2821 1368 spiritualibus
2861 1297 3123 1370 lacrymis
3165 1301 3344 1372 imple,
3373 1319 3656 1376 gressusque

2129 1403 2284 1440 meos
2300 1385 2498 1456 dirige,
2522 1385 2909 1458 famulumque
2939 1393 3102 1442 tuum
3121 1389 3369 1444 Barlaam
3395 1393 3516 1446 mihi
3539 1410 3660 1448 com-

2131 1481 2402 1530 monstra.
2434 1475 2592 1543 Mihi,
2617 1477 2870 1547 inquam,
2903 1493 3032 1532 eum
3063 1495 3164 1549 per
3200 1496 3358 1550 quem
3394 1482 3516 1535 mihi
3542 1483 3660 1536 salus

2125 1570 2289 1636 parta
2333 1570 2420 1619 est
2449 1565 2700 1632 ostende,
2732 1571 2796 1620 ut
2842 1566 3108 1620 solitariae
3145 1584 3207 1622 ac
3246 1570 3540 1624 monasticas.
3563 1571 3663 1625 vitae

444 1391 822 1462 Barlaamipsi
843 1391 989 1446 dono
1009 1390 1262 1444 dederat.
1278 1389 1453 1443 Porro
1471 1393 1632 1442 nocte
1647 1387 1742 1441 illa
1759 1387 1816 1442 in
1841 1403 2045 1458 paupe-

443 1481 520 1536 ris
531 1481 820 1552 cujusdam
836 1480 882 1534 vi
893 1480 937 1533 ri
949 1478 1346 1534 domunculam
1362 1495 1421 1532 se
1433 1494 1496 1532 co
1503 1476 1932 1544 nferens,vestes
1945 1493 2042 1530 eas

443 1569 645 1641 quibus
663 1569 889 1624 indutus
909 1574 1032 1624 erat
1060 1567 1273 1638 abjicit,
1297 1573 1758 1639 postremumque
1785 1565 1923 1619 illud
1945 1563 2044 1618 be-

440 1659 702 1713 neﬁcium
721 1657 911 1728 egenti
923 1656 1404 1728 tribuit.Cumque
1418 1655 1488 1710 ad
1509 1656 1660 1710 hunc
1677 1655 1904 1710 modum
1922 1659 2042 1708 tum
2125 1653 2507 1709 sinceritatem
2530 1672 2631 1728 per
2648 1655 2833 1726 ipsum
2861 1655 3170 1718 addiscam,
3187 1673 3250 1710 ac
3267 1674 3372 1712 non
3395 1657 3457 1713 ob
3482 1659 3664 1714 hostilis

438 1746 589 1802 illius
606 1751 728 1802 tum
745 1747 1052 1801 multorum
1063 1745 1306 1800 aliorum
1327 1761 1643 1816 pauperum
1667 1743 1924 1815 precibus
1941 1743 2044 1797 Dei
2064 1805 2109 1816 _
2124 1742 2256 1798 belli
2284 1743 2627 1816 imperitiam
2657 1745 2716 1799 in
2739 1744 3000 1800 fraudem
3035 1745 3284 1800 inducar.
3315 1747 3395 1802 Da
3423 1747 3561 1815 mihi,
3578 1749 3666 1802 Do-

439 1853 606 1908 opem
625 1842 795 1907 atque
823 1835 1092 1891 auxilium
1120 1834 1228 1889 sibi
1258 1834 1572 1900 accivisset,
1596 1834 1833 1904 ejusque
1859 1833 2046 1903 gratia
2064 1805 2296 1898 Bmine,
2329 1833 2476 1888 viam
2507 1849 2694 1888 meam
2723 1834 2986 1902 nancisci,
3017 1852 3118 1907 per
3142 1853 3306 1907 quam
3333 1842 3388 1891 te
3415 1837 3666 1908 adipiscar,

439 1933 497 1979 et
523 1925 780 1996 praesidio
809 1930 1080 1995 tanquam
1119 1924 1318 1978 salutis
1363 1923 1698 1978 vestimento
1733 1939 1799 1976 ac
1836 1921 2044 1976 laetitiae
2127 1923 2394 1994 quoniam
2422 1923 2615 1978 anima
2643 1939 2770 1978 mea
2788 1924 2873 1978 tui
2899 1924 3176 1979 desiderio
3207 1925 3390 1980 saucia
3415 1931 3511 1990 est,
3535 1932 3668 1997 teque

437 2013 608 2086 pallio
635 2030 757 2068 sese
780 2013 1072 2080 induisset,
1111 2013 1184 2068 ad
1218 2013 1531 2068 solitariam
1570 2012 1743 2066 vitam
1783 2011 2038 2076 excessit,
2125 2011 2323 2066 salutis
2352 2010 2564 2067 fontem
2597 2012 2862 2066 ardenter
2893 2012 3032 2070 sitit.

438 2119 550 2156 non
567 2119 790 2174 panem,
815 2119 925 2158 non
955 2118 1180 2174 aquam,
1207 2118 1319 2156 non
1351 2100 1661 2177 quidquam
1695 2099 1848 2155 aliud
1877 2117 1942 2153 ex
1968 2098 2040 2153 iis
2197 2101 2326 2154 Haec
2355 2117 2547 2155 secum
2567 2107 2838 2173 perpetuo
2864 2101 3131 2169 volvebat,
3153 2107 3320 2174 atque
3339 2103 3406 2156 ad
3427 2103 3582 2157 Deum
3605 2102 3669 2156 lo-

437 2208 562 2263 quae
589 2192 660 2247 ad
690 2191 898 2246 victum
929 2191 1246 2246 necessaria
1273 2196 1405 2246 sunt
1443 2207 1635 2245 secum
1668 2189 1870 2256 ferens,
1904 2189 2033 2242 nul-
2121 2188 2420 2260 quebatur,
2446 2207 2548 2261 per
2565 2191 2878 2246 orationem
2902 2208 2968 2245 ac
2993 2190 3445 2246 sublimissimam
3469 2197 3672 2246 contem-

434 2281 663 2353 lumque
683 2281 836 2336 aliud
864 2281 1258 2336 indumentum
1285 2296 1508 2350 gerens,
1543 2284 1747 2350 praeter
1770 2294 2038 2350 asperum
2121 2279 2428 2349 plationem
2458 2279 2562 2351 ipsi
2595 2296 2718 2335 sese
2747 2281 3115 2351 conjungens.
3141 2283 3326 2352 Atque
3353 2281 3429 2334 ita
3453 2287 3671 2334 contento

435 2370 573 2424 illud
599 2369 860 2436 cilicium,
903 2369 972 2424 de
1003 2387 1114 2441 quo
1158 2369 1326 2440 paulo
1373 2375 1504 2422 ante
1530 2368 1875 2422 mentionem
1910 2367 2033 2422 fcci.
2119 2383 2317 2436 gressu
2346 2373 2590 2438 emptum
2619 2367 2730 2422 iter
2755 2368 3188 2439 exsequebatur,
3214 2368 3284 2422 ad
3305 2369 3478 2423 locum
3502 2384 3612 2422 eum
3630 2367 3672 2420 in

439 2458 658 2513 Etenim
671 2457 946 2529 singulari
966 2458 1210 2530 quodam
1223 2457 1591 2524 desiderio,ac
1608 2455 1794 2510 divino
1813 2456 2040 2510 immor—
2121 2473 2232 2526 quo
2263 2456 2521 2511 Barlaam
2547 2456 2788 2528 degebat
2807 2458 3098 2528 pervenire
3126 2458 3482 2512 contendens.
3511 2455 3673 2510 Herbis

435 2548 567 2602 talis
595 2547 745 2618 regis
775 2547 985 2602 Christi
1016 2563 1208 2601 amore
1235 2546 1478 2614 saucius,
1523 2551 1642 2600 toto
1673 2545 1861 2599 animo
1893 2545 1951 2599 in
1979 2545 2037 2599 id
2120 2557 2288 2610 porro
2317 2540 2386 2594 iis
2407 2558 2530 2613 quae
2555 2541 2614 2595 in
2635 2541 2858 2596 deserto
2883 2541 3202 2597 existebant
3225 2540 3488 2597 alebatur.
3517 2542 3677 2612 Neque

437 2634 588 2707 quod
615 2633 844 2690 amabat
870 2635 1245 2702 incumbebat,
1273 2639 1425 2689 totus
1455 2640 1612 2690 extra
1636 2651 1696 2688 se
1726 2641 1941 2705 raptus,
1971 2651 2036 2688 ac
2121 2630 2290 2694 enim,
2322 2635 2384 2684 ut
2409 2631 2531 2701 jam
2553 2647 2587 2684 a
2610 2647 2699 2684 me
2729 2637 3234 2686 commemoratum
3263 2635 3564 2702 est,praeter
3581 2645 3676 2683 cor-

436 2723 702 2778 divinitus
721 2724 1071 2790 immutatus,
1088 2724 1301 2796 Deique
1317 2723 1589 2778 charitate
1611 2723 1765 2778 omni
1787 2739 1852 2776 ex
1875 2729 2035 2795 parte
2119 2735 2224 2789 pus
2256 2736 2321 2773 ac
2349 2735 2566 2791 pannos
2591 2719 2718 2774 illos
2746 2719 2950 2792 quibus
2980 2720 3217 2776 indutus
3244 2727 3385 2786 erat,
3417 2719 3677 2791 quidquam

437 2818 746 2884 correptus.
787 2813 972 2868 Fortis
999 2813 1168 2880 enim,
1202 2812 1387 2884 inquit
1417 2812 1529 2879 ille,
1562 2811 1710 2866 sicut
1752 2829 1904 2866 mors
1947 2813 2034 2866 di-
2119 2806 2273 2860 aliud
2303 2823 2496 2862 secum
2517 2807 2750 2864 ferebat.

438 2901 601 2956 lectio
629 2901 804 2971 (Cant.
837 2905 974 2974 VIII).
1004 2903 1243 2958 Tantam
1275 2901 1532 2957 videlicet
1572 2901 1691 2973 ipse
1734 2915 1806 2956 ex
1847 2901 2036 2956 divino
2193 2897 2471 2952 Cmterum
2484 2915 2610 2952 cum
2623 2898 2888 2970 exiguum
2907 2901 3199 2955 acnullius
3213 2899 3438 2956 omnino
3451 2897 3679 2953 momenti

437 3006 626 3045 amore
645 2991 1037 3046 temulentiam
1053 2995 1712 3061 contraxerat.tantaque
1733 2990 1826 3044 siti
1839 2997 2039 3046 aestua-
2120 2985 2326 3040 Victum
2353 3003 2420 3041 ex
2445 2987 2632 3042 herbis
2657 2987 2763 3042 sibi
2783 2996 3026 3060 pararet,
3057 3006 3224 3062 aquae
3247 2989 3475 3062 penuria
3490 3001 3680 3060 prorsus

436 3077 551 3146 bat,
568 3079 750 3134 instar
765 3079 1138 3135 scilicetillius
1159 3080 1256 3152 qui
1275 3078 1528 3134 dicebat:
1549 3079 2033 3144 Quemadmodum
2050 3125 2090 3152 η
2123 3073 2432 3137 laborabat,
2466 3077 2616 3148 quod
2643 3077 2902 3133 videlicet
2929 3078 3179 3134 solitudo
3211 3080 3309 3133 illa
3343 3095 3492 3150 aqua:
3519 3091 3681 3147 expers

435 3169 720 3225 desiderat
751 3185 947 3224 cervus
975 3169 1047 3224 ad
1089 3167 1272 3224 fontes
1303 3185 1596 3240 aquarum,
1633 3167 1713 3223 ita
1751 3164 2092 3222 desiderat”
2117 3171 2283 3218 esset.
2317 3165 2458 3219 Cum
2489 3164 2662 3236 igitur
2691 3165 2808 3220 sole
2823 3167 2945 3237 jam
2966 3167 3070 3222 sub
3091 3168 3391 3223 meridiem
3422 3167 3682 3220 vehemen-

437 3259 628 3314 anima
655 3275 782 3313 mea
805 3259 876 3314 ad
905 3264 962 3313 te
989 3257 1158 3314 Deus.
1183 3257 1370 3313 Sitivit
1389 3257 1579 3312 anima
1603 3273 1732 3312 mea
1759 3257 1830 3311 ad
1854 3257 2034 3312 Deum
2118 3259 2204 3307 ter
2230 3253 2462 3308 ardente
2490 3254 2601 3308 iter
2624 3255 2856 3324 faceret,
2890 3257 3288 3312 vehementius
3331 3255 3400 3310 ob
3423 3259 3602 3310 aestum
3637 3251 3682 3304 in

435 3348 649 3402 fontem
669 3347 854 3402 vivum
891 3351 1052 3415 (Psal.
1075 3349 1212 3417 xu).
1245 3347 1314 3401 Et
1343 3346 1814 3418 quemadmodum
1846 3346 2037 3401 anima
2117 3341 2277 3396 arida
2303 3343 2531 3414 regione
2569 3343 2662 3398 siti
2703 3343 2996 3416 ﬂagrabat,
3028 3353 3206 3417 atque
3237 3350 3482 3401 extrema
3505 3350 3558 3398 et
3576 3357 3685 3412 gra-

435 3439 552 3506 illa,
594 3453 718 3510 quae
749 3436 1074 3508 hujusmodi
1127 3435 1402 3490 charitate
1460 3435 1754 3490 vulnerata
1803 3441 1926 3489 erat
1974 3435 2032 3489 in
2119 3431 2346 3486 vissima
2373 3449 2623 3488 aerumna
2640 3433 2964 3490 vexabatur.
3000 3435 3219 3490 Verum
3249 3434 3519 3508 cupiditas
3545 3435 3684 3485 natu-

436 3527 668 3584 Cantico
693 3525 1041 3594 canticorum
1054 3524 1486 3580 ait:Vulnerata
1504 3523 1778 3579 charitate
1791 3540 1894 3594 ego
1909 3541 2034 3580 sum
2117 3537 2239 3576 ram
2283 3521 2557 3588 vincebat,
2592 3539 2658 3578 ac
2695 3521 2818 3580 sitis
2856 3541 2925 3579 ea
2975 3524 3170 3580 divina
3219 3542 3335 3598 qua
3382 3519 3690 3578 afﬁciebatur

443 3617 625 3682 (Cant.
657 3619 736 3688 ιι).
763 3617 844 3671 Ac
873 3630 1100 3670 rursum
1131 3631 1144 3668 :
1181 3613 1428 3671 Ostende
1454 3613 1596 3668 mihi
1624 3612 1820 3668 faciem
1852 3617 2028 3680 tuam,
2115 3610 2238 3665 sitis
2265 3628 2424 3683 aqua:
2455 3613 2741 3668 ﬂammam
2777 3611 3086 3670 minuebat.

439 3711 496 3760 et
521 3705 608 3760 fac
637 3721 729 3761 me
755 3705 952 3760 audire
969 3719 1163 3760 vocem
1182 3708 1370 3771 tuam;
1392 3719 1496 3758 vox
1516 3703 1670 3760 enim
1695 3707 1794 3758 tua
1823 3702 2026 3771 dulcis,
2184 3701 2399 3771 At‘vero
2420 3699 2513 3756 ille
2540 3701 2672 3757 boni
2702 3702 2964 3758 inimicus
2985 3709 3041 3758 et
3065 3704 3300 3759 invidus
3325 3702 3586 3767 diabolus,
3603 3699 3690 3754 huc

439 3799 498 3848 et
525 3793 694 3848 facies
713 3798 815 3848 tua
841 3794 1064 3849 decora.
2113 3791 2362 3864 jusmodi
2379 3791 2554 3847 animi
2568 3791 2890 3847 institutum
2902 3797 3072 3864 atque
3085 3809 3276 3866 usque
3289 3793 3430 3848 adeo
3438 3791 3690 3846 ardentem

510 3883 758 3954 Hujusce
787 3883 940 3938 omni
963 3899 1220 3938 sermone
1241 3882 1647 3956 praestantioris
1669 3881 2038 3955 pulchritudi-
2121 3882 2298 3954 ipsius
2343 3898 2479 3953 erga
2507 3881 2686 3936 Deum
2717 3881 3052 3936 charitatem
3089 3881 3492 3954 indignissimo
3533 3877 3692 3934 animo

441 3970 530 4026 nis
558 3969 767 4026 Christi
795 3970 1092 4038 desiderio,
1110 3976 1380 4044 tanquam
1409 3971 1540 4042 igne
1569 3971 1813 4044 quodam
1839 3970 1898 4026 in
1935 3988 2034 4042 pe-
2119 3971 2484 4043 perspiciens.
2529 3970 2737 4025 multas
2780 3969 2887 4042 ipsi
2927 3971 2986 4026 in
3033 3971 3353 4028 solitudine
3389 3968 3692 4026 tentationes

438 4065 591 4116 ctore
609 4063 856 4132 accepto,
879 4061 1260 4133 apostolorum
1279 4061 1502 4128 chorus,
1525 4077 1588 4116 ac
1606 4066 1924 4133 martyrum
1942 4076 2038 4131 ag-
2119 4059 2413 4129 excitabat,
2438 4059 2605 4131 regiae
2633 4059 2902 4114 nimirum
2927 4060 3104 4132 ipsius
3125 4061 3334 4134 gloriae
3354 4053 3696 4132 splendidissi-

439 4149 613 4218 mina,
643 4149 833 4205 omnia
859 4167 928 4205 ea
965 4167 1089 4222 quae
1121 4150 1296 4206 oculis
1337 4155 1648 4206 cernuntur
1675 4155 2034 4222 contempse-
2117 4166 2334 4222 maeque
2361 4154 2550 4217 θαι
2579 4149 2890 4204 satellitum
2935 4166 3160 4217 manus,
3206 4168 3326 4224 qua
3369 4150 3541 4223 ipsius
3572 4147 3696 4200 latus

439 4246 592 4308 runt,
624 4245 795 4312 atque
818 4241 970 4296 omni
1001 4239 1132 4295 huic
1169 4241 1333 4296 ﬂuxae
1363 4245 1421 4296 et
1456 4240 1681 4296 caducae
1710 4239 1836 4295 vita:
1865 4239 2036 4294 innu-
2117 4239 2265 4310 cingi
2279 4237 2513 4306 solebat,
2537 4243 2706 4310 atque
2721 4239 3033 4294 amicorum
3048 4239 3192 4295 item
3213 4246 3276 4296 et
3287 4239 3582 4312 aequalium
3603 4249 3696 4290 me-

438 4345 598 4386 mera
621 4334 1033 4386 tormentorum
1077 4335 1134 4385 et
1167 4329 1366 4386 mortis
1400 4346 1610 4402 genera
1637 4329 2030 4402 praetulerunt,
2117 4329 2356 4386 moriam
2376 4327 2482 4402 ipsi
2501 4327 2768 4384 refricans
2791 4328 3074 4402 ;illudque
3089 4328 3236 4386 item
3257 4330 3372 4402 ipsi
3395 4329 3464 4384 ob
3477 4327 3695 4382 animum

437 4419 639 4475 divinae
653 4419 1087 4492 pulchritudinis
1107 4435 1300 4474 amore
1321 4418 2035 4491 ﬂagrantes,atqueingen-
2054 4445 2102 4505 D
2117 4434 2454 4492 proponens,
2497 4417 2752 4474 omnium
2788 4417 3008 4473 animas
3055 4435 3124 4474 ex
3155 4419 3344 4493 ipsius
3374 4418 3560 4474 anima
3581 4429 3696 4488 pen-

438 4514 554 4564 tem
575 4509 678 4565 Dei
699 4508 870 4564 Verbi
891 4524 1025 4579 erga
1042 4525 1145 4563 nos
1164 4525 1416 4564 amorem
1435 4525 1562 4564 cum
1588 4508 1792 4563 animis
1813 4508 1929 4562 suis
1952 4524 2038 4562 re-
2117 4509 2269 4574 dere,
2299 4525 2363 4562 ac
2383 4506 2628 4578 reliquas
2647 4506 2892 4579 denique
2913 4507 3056 4564 alias
3072 4508 3322 4580 hujusce
3338 4509 3466 4564 vitae
3484 4506 3698 4562 oblecta-

437 4603 721 4670 putantes.
745 4597 908 4654 Hunc
925 4597 1116 4670 ignem
1144 4613 1273 4652 cum
1297 4597 1598 4669 praeclarus
1621 4597 1812 4663 etiam,
1833 4613 1897 4652 ac
1918 4614 2036 4652 cor-
2115 4597 2298 4653 tiones
2325 4595 2434 4678 ipsi
2453 4595 2742 4668 objiciens.
2761 4598 2841 4653 Ac
2860 4595 3062 4652 deinde
3084 4597 3322 4654 virtutis
3347 4595 3697 4671 asperitatem,

439 4703 574 4758 pore
593 4686 823 4760 quidem
844 4686 1064 4754 nobilis,
1079 4691 1343 4742 caeterum
1359 4687 1523 4757 longe
1543 4685 1816 4741 nobiliore
1836 4703 1900 4740 ac
1920 4703 2036 4741 ma-

437 4775 524 4845 gis
557 4776 712 4846 regio
741 4777 928 4831 animo
966 4775 1235 4848 praeditus
1264 4776 1348 4830 vir
1392 4775 1450 4830 in
1496 4775 1678 4847 seipso
1709 4776 2030 4846 accepisset,

440 4868 666 4918 terrena
693 4865 882 4919 omnia
907 4881 1137 4938 prorsus
1163 4869 1518 4937 aspernatur,
1551 4880 1747 4919 omnes
1787 4864 2036 4936 corporis

441 4951 752 5022 voluptates
771 4954 1076 5024 proculcat,
1093 4971 1226 5026 opes
1242 4959 1300 5009 et
1313 4953 1552 5025 gloriam
1573 4958 1742 5025 atque
1757 4953 2036 5008 humanos

439 5039 681 5094 honores
701 5057 800 5111 pro
823 5042 997 5096 nihilo
1017 5043 1190 5110 ducit,
1209 5043 1470 5098 diadema
1489 5047 1545 5098 et
1564 5059 1873 5114 purpuram
1889 5043 2033 5113 abji-

440 5128 535 5192 cit,
570 5143 906 5184 aranearum
924 5130 1053 5184 telis
1077 5131 1278 5186 viliora
1307 5147 1374 5185 ea
1393 5131 1740 5196 existimans,
1766 5139 1936 5202 atque
1965 5131 2036 5186 ad

441 5217 632 5273 omnia
653 5216 795 5272 dura
823 5224 880 5272 et
905 5218 1106 5274 acerba
1131 5220 1453 5276 monasticm
1481 5221 1606 5275 vita:
1635 5219 1823 5275 studia
1850 5237 2036 5292 prom-

441 5313 536 5380 pto
573 5305 763 5361 animo
799 5323 921 5362 sese
967 5307 1159 5376 tradit,
1189 5308 1328 5364 illud
1367 5309 1678 5365 Psalmistae
1722 5309 1972 5365 clamans
2016 5328 2030 5366 :

437 5395 688 5452 Adhaesit
726 5393 919 5450 anima
963 5411 1092 5450 mea
1137 5401 1263 5468 post
1309 5401 1386 5463 te,
1419 5414 1452 5451 o
1491 5399 1730 5466 Christe,
1765 5398 2035 5470 suscipiat

439 5501 530 5542 me
557 5486 788 5542 dextera
807 5489 908 5540 tua
939 5485 1106 5556 (Psal.
1138 5488 1292 5555 an).

507 5576 760 5650 Cumque
787 5574 858 5631 ad
887 5574 1039 5630 hunc
1067 5573 1316 5640 modum,
1347 5574 1522 5631 oculis
1549 5593 1584 5630 a
1611 5581 1768 5647 tergo
1799 5577 2031 5635 minime

2117 4691 2286 4758 atque
2314 4685 2571 4756 ingentes
2597 4687 2720 4757 ejus
2747 4686 2981 4741 sudores
3001 4685 3106 4759 ipsi
3131 4687 3516 4760 proponebat,
3533 4695 3702 4752 corpo-

2118 4776 2195 4831 ris
2215 4776 2352 4830 item
2380 4773 2825 4830 imbecillitatem
2852 4780 2908 4832 et
2929 4775 3268 4848 inexpertas
3291 4783 3466 4848 atque
3489 4774 3707 4828 insuetas

2117 4881 2416 4931 aerumnas,
2435 4869 2492 4919 et
2511 4863 2782 4936 temporis
2792 4864 3303 4937 longinquitatem,
3324 4883 3392 4922 ac
3406 4866 3710 4938 praesentem

2117 4953 2242 5009 sitis
2264 4969 2712 5026 oppressnonem,
2747 4953 3010 5026 quodque
3040 4955 3208 5010 nulla
3249 4973 3318 5011 ex
3351 4959 3511 5028 parte
3538 4963 3708 5007 conso-

2120 5041 2255 5096 latio
2275 5041 2430 5097 nulla
2467 5040 2576 5113 ipsi
2609 5043 2982 5114 exspectanda
3010 5049 3183 5111 esset,
3221 5051 3332 5101 aut
3360 5044 3506 5100 tanti
3533 5036 3714 5096 laboris

2117 5136 2402 5202 tantaeque
2438 5130 2782 5202 fatigationis
2811 5132 2960 5188 ﬁnis.
2979 5135 3059 5188 Ac
3085 5132 3348 5206 denique
3369 5135 3641 5205 ingentem
3665 5125 3712 5178 in

2119 5220 2298 5293 ipsius
2315 5219 2526 5287 animo,
2542 5220 3019 5293 quemadmodum
3035 5223 3442 5296 quodam‘loco
3456 5222 3524 5278 de
3540 5229 3714 5289 magno

2116 5309 2362 5364 Antonio
2390 5309 2678 5382 proditum
2709 5315 2812 5380 est,
2839 5311 3254 5384 cogitationum
3281 5314 3570 5386 pulverem
3589 5319 3715 5362 com°

2115 5397 2392 5452 movebat.

2185 5488 2260 5543 Ut
2268 5493 2460 5544 autem
2475 5488 2545 5545 ad
2560 5489 3205 5564 labefactandumipsius
3217 5493 3408 5548 animi
3421 5493 3720 5548 institutum

2114 5575 2450 5635 imbecillem
2463 5578 2640 5636 hostis
2655 5579 2750 5636 ille
2769 5597 2830 5637 se
2840 5579 2930 5637 vid
2938 5580 3316 5658 ithhristum
3333 5583 3489 5640 enim
3509 5582 3622 5655 ipse
3636 5573 3726 5636 sibi
