  <div class='ocr_page' id='page_1' title='image "/cluster/home/n/w/nwhite01/storage/ocr_20150623/73/hvd.32044054758776/302.png"; bbox 0 0 3954 6190; ppageno 0'>
   <div class='ocr_carea' id='block_1_1' title="bbox 315 271 425 327">
    <p class='ocr_par' dir='ltr' id='par_1_1' title="bbox 315 271 425 327">
     <span class='ocr_line' id='line_1_1' title="bbox 315 271 425 327; baseline 0 0"><span class='ocrx_word' id='word_1_1' title='bbox 315 271 425 327; x_wconf 86' lang='grc'>593</span> 
     </span>
    </p>
   </div>
   <div class='ocr_carea' id='block_1_2' title="bbox 726 272 3205 332">
    <p class='ocr_par' dir='ltr' id='par_1_2' title="bbox 726 272 3205 332">
     <span class='ocr_line' id='line_1_2' title="bbox 726 272 3205 332; baseline 0.002 -6"><span class='ocrx_word' id='word_1_2' title='bbox 726 272 897 327; x_wconf 81' lang='lat' dir='ltr'>VITA</span> <span class='ocrx_word' id='word_1_3' title='bbox 935 274 1375 330; x_wconf 86' lang='lat' dir='ltr'>SANCTORUM</span> <span class='ocrx_word' id='word_1_4' title='bbox 1411 275 1757 332; x_wconf 84' lang='lat' dir='ltr'>BARLAAM</span> <span class='ocrx_word' id='word_1_5' title='bbox 1795 275 2134 331; x_wconf 68' lang='lat' dir='ltr'>EREMITE</span> <span class='ocrx_word' id='word_1_6' title='bbox 2172 275 2260 330; x_wconf 89' lang='lat' dir='ltr'>ET</span> <span class='ocrx_word' id='word_1_7' title='bbox 2297 273 2663 330; x_wconf 80' lang='lat' dir='ltr'>JOSAPHAT</span> <span class='ocrx_word' id='word_1_8' title='bbox 2703 275 2934 332; x_wconf 75' lang='lat' dir='ltr'>INDUE</span> <span class='ocrx_word' id='word_1_9' title='bbox 2972 276 3205 331; x_wconf 85' lang='lat' dir='ltr'>REGIS.</span> 
     </span>
    </p>
   </div>
   <div class='ocr_carea' id='block_1_3' title="bbox 3493 275 3597 335">
    <p class='ocr_par' dir='ltr' id='par_1_3' title="bbox 3493 275 3597 335">
     <span class='ocr_line' id='line_1_3' title="bbox 3493 275 3597 335; baseline 0.038 -4"><span class='ocrx_word' id='word_1_10' title='bbox 3493 275 3597 335; x_wconf 65' lang='grc'><strong>594</strong></span> 
     </span>
    </p>
   </div>
   <div class='ocr_carea' id='block_1_4' title="bbox 310 394 3596 485">
    <p class='ocr_par' dir='ltr' id='par_1_4' title="bbox 310 394 3596 485">
     <span class='ocr_line' id='line_1_4' title="bbox 310 394 3596 485; baseline 0.002 -36"><span class='ocrx_word' id='word_1_11' title='bbox 310 394 384 449; x_wconf 93' lang='lat' dir='ltr'>ob</span> <span class='ocrx_word' id='word_1_12' title='bbox 398 395 655 450; x_wconf 89' lang='lat' dir='ltr'>animum</span> <span class='ocrx_word' id='word_1_13' title='bbox 674 413 1008 468; x_wconf 83' lang='lat' dir='ltr'>proponens,</span> <span class='ocrx_word' id='word_1_14' title='bbox 1025 401 1195 470; x_wconf 88' lang='lat' dir='ltr'>atque</span> <span class='ocrx_word' id='word_1_15' title='bbox 1216 399 1391 485; x_wconf 77' lang='lat' dir='ltr'>ipsius</span> <span class='ocrx_word' id='word_1_16' title='bbox 1402 399 1681 455; x_wconf 88' lang='lat' dir='ltr'>desiderio</span> <span class='ocrx_word' id='word_1_17' title='bbox 1700 400 1919 456; x_wconf 85' lang='lat' dir='ltr'>inﬂam—</span> <span class='ocrx_word' id='word_1_18' title='bbox 1936 404 1989 464; x_wconf 79' lang='grc' dir='ltr'><strong>Α</strong></span> <span class='ocrx_word' id='word_1_19' title='bbox 2004 399 2274 455; x_wconf 82' lang='lat' dir='ltr'>nimirum</span> <span class='ocrx_word' id='word_1_20' title='bbox 2289 398 2381 453; x_wconf 90' lang='lat' dir='ltr'>hic</span> <span class='ocrx_word' id='word_1_21' title='bbox 2397 415 2619 470; x_wconf 92' lang='lat' dir='ltr'>quoque</span> <span class='ocrx_word' id='word_1_22' title='bbox 2644 399 2820 454; x_wconf 87' lang='lat' dir='ltr'>animi</span> <span class='ocrx_word' id='word_1_23' title='bbox 2833 400 3010 473; x_wconf 88' lang='lat' dir='ltr'>ipsius</span> <span class='ocrx_word' id='word_1_24' title='bbox 3034 400 3360 457; x_wconf 84' lang='lat' dir='ltr'>ﬁrmitatem</span> <span class='ocrx_word' id='word_1_25' title='bbox 3377 417 3441 456; x_wconf 91' lang='lat' dir='ltr'>ac</span> <span class='ocrx_word' id='word_1_26' title='bbox 3453 408 3596 457; x_wconf 89' lang='lat' dir='ltr'>stre-</span> 
     </span>
    </p>
   </div>
   <div class='ocr_carea' id='block_1_5' title="bbox 310 486 1909 557">
    <p class='ocr_par' dir='ltr' id='par_1_5' title="bbox 310 486 1909 557">
     <span class='ocr_line' id='line_1_5' title="bbox 310 486 1909 557; baseline 0.004 -19"><span class='ocrx_word' id='word_1_27' title='bbox 310 491 519 553; x_wconf 89' lang='lat' dir='ltr'>matus,</span> <span class='ocrx_word' id='word_1_28' title='bbox 540 501 748 557; x_wconf 88' lang='lat' dir='ltr'>speque</span> <span class='ocrx_word' id='word_1_29' title='bbox 770 486 995 557; x_wconf 84' lang='lat' dir='ltr'>egregie</span> <span class='ocrx_word' id='word_1_30' title='bbox 1006 489 1389 556; x_wconf 80' lang='lat' dir='ltr'>confirmatus,</span> <span class='ocrx_word' id='word_1_31' title='bbox 1406 506 1470 544; x_wconf 91' lang='lat' dir='ltr'>ac</span> <span class='ocrx_word' id='word_1_32' title='bbox 1485 491 1595 545; x_wconf 86' lang='lat' dir='ltr'>ﬁde</span> <span class='ocrx_word' id='word_1_33' title='bbox 1622 490 1909 556; x_wconf 87' lang='lat' dir='ltr'>subnixus,</span> 
     </span>
    </p>
   </div>
   <div class='ocr_carea' id='block_1_6' title="bbox 306 574 1915 651">
    <p class='ocr_par' dir='ltr' id='par_1_6' title="bbox 306 574 1915 651">
     <span class='ocr_line' id='line_1_6' title="bbox 306 574 1915 651; baseline 0.004 -23"><span class='ocrx_word' id='word_1_34' title='bbox 306 574 463 629; x_wconf 87' lang='lat' dir='ltr'>illius</span> <span class='ocrx_word' id='word_1_35' title='bbox 492 574 790 631; x_wconf 89' lang='lat' dir='ltr'>instinctus</span> <span class='ocrx_word' id='word_1_36' title='bbox 820 580 878 631; x_wconf 93' lang='lat' dir='ltr'>et</span> <span class='ocrx_word' id='word_1_37' title='bbox 904 577 1137 632; x_wconf 90' lang='lat' dir='ltr'>consilia</span> <span class='ocrx_word' id='word_1_38' title='bbox 1164 595 1264 650; x_wconf 90' lang='lat' dir='ltr'>pro</span> <span class='ocrx_word' id='word_1_39' title='bbox 1301 578 1477 634; x_wconf 89' lang='lat' dir='ltr'>nihilo</span> <span class='ocrx_word' id='word_1_40' title='bbox 1504 579 1784 649; x_wconf 80' lang='lat' dir='ltr'>ducebat),</span> <span class='ocrx_word' id='word_1_41' title='bbox 1815 597 1915 651; x_wconf 89' lang='lat' dir='ltr'>pu-</span> 
     </span>
    </p>
   </div>
   <div class='ocr_carea' id='block_1_7' title="bbox 308 663 1909 739">
    <p class='ocr_par' dir='ltr' id='par_1_7' title="bbox 308 663 1909 739">
     <span class='ocr_line' id='line_1_7' title="bbox 308 663 1909 739; baseline 0.004 -21"><span class='ocrx_word' id='word_1_42' title='bbox 308 663 449 718; x_wconf 88' lang='lat' dir='ltr'>dore</span> <span class='ocrx_word' id='word_1_43' title='bbox 478 665 725 719; x_wconf 85' lang='lat' dir='ltr'>suﬂ‘usus</span> <span class='ocrx_word' id='word_1_44' title='bbox 766 672 869 732; x_wconf 92' lang='lat' dir='ltr'>est,</span> <span class='ocrx_word' id='word_1_45' title='bbox 896 671 1091 738; x_wconf 82' lang='lat' dir='ltr'>utpote</span> <span class='ocrx_word' id='word_1_46' title='bbox 1116 667 1187 721; x_wconf 91' lang='lat' dir='ltr'>ad</span> <span class='ocrx_word' id='word_1_47' title='bbox 1217 667 1481 739; x_wconf 91' lang='lat' dir='ltr'>primum,</span> <span class='ocrx_word' id='word_1_48' title='bbox 1514 673 1578 723; x_wconf 92' lang='lat' dir='ltr'>ut</span> <span class='ocrx_word' id='word_1_49' title='bbox 1611 669 1721 723; x_wconf 91' lang='lat' dir='ltr'>dici</span> <span class='ocrx_word' id='word_1_50' title='bbox 1749 669 1909 734; x_wconf 84' lang='lat' dir='ltr'>solet,</span> 
     </span>
    </p>
   </div>
   <div class='ocr_carea' id='block_1_8' title="bbox 312 753 1918 828">
    <p class='ocr_par' dir='ltr' id='par_1_8' title="bbox 312 753 1918 828">
     <span class='ocr_line' id='line_1_8' title="bbox 312 753 1918 828; baseline 0.004 -22"><span class='ocrx_word' id='word_1_51' title='bbox 312 753 589 825; x_wconf 84' lang='lat' dir='ltr'>impetum</span> <span class='ocrx_word' id='word_1_52' title='bbox 617 759 952 825; x_wconf 82' lang='lat' dir='ltr'>prostratus.</span> <span class='ocrx_word' id='word_1_53' title='bbox 974 756 1575 828; x_wconf 88' lang='lat' dir='ltr'>Quapropteralteram</span> <span class='ocrx_word' id='word_1_54' title='bbox 1598 758 1746 812; x_wconf 88' lang='lat' dir='ltr'>viam</span> <span class='ocrx_word' id='word_1_55' title='bbox 1776 758 1918 812; x_wconf 90' lang='lat' dir='ltr'>inire</span> 
     </span>
    </p>
   </div>
   <div class='ocr_carea' id='block_1_9' title="bbox 309 843 1921 917">
    <p class='ocr_par' dir='ltr' id='par_1_9' title="bbox 309 843 1921 917">
     <span class='ocr_line' id='line_1_9' title="bbox 309 843 1921 917; baseline 0.004 -21"><span class='ocrx_word' id='word_1_56' title='bbox 309 843 483 915; x_wconf 82' lang='lat' dir='ltr'>ccepit</span> <span class='ocrx_word' id='word_1_57' title='bbox 505 843 729 909; x_wconf 87' lang='lat' dir='ltr'>(multas</span> <span class='ocrx_word' id='word_1_58' title='bbox 750 844 956 915; x_wconf 90' lang='lat' dir='ltr'>quippe</span> <span class='ocrx_word' id='word_1_59' title='bbox 984 845 1093 917; x_wconf 90' lang='lat' dir='ltr'>ipsi</span> <span class='ocrx_word' id='word_1_60' title='bbox 1118 845 1236 900; x_wconf 88' lang='lat' dir='ltr'>vitii</span> <span class='ocrx_word' id='word_1_61' title='bbox 1258 846 1489 902; x_wconf 82' lang='lat' dir='ltr'>semitas</span> <span class='ocrx_word' id='word_1_62' title='bbox 1514 846 1721 917; x_wconf 85' lang='lat' dir='ltr'>habet),</span> <span class='ocrx_word' id='word_1_63' title='bbox 1748 865 1813 902; x_wconf 90' lang='lat' dir='ltr'>ac</span> <span class='ocrx_word' id='word_1_64' title='bbox 1830 865 1921 903; x_wconf 91' lang='lat' dir='ltr'>va-</span> 
     </span>
    </p>
   </div>
   <div class='ocr_carea' id='block_1_10' title="bbox 307 932 1922 1009">
    <p class='ocr_par' dir='ltr' id='par_1_10' title="bbox 307 932 1922 1009">
     <span class='ocr_line' id='line_1_10' title="bbox 307 932 1922 1009; baseline 0.004 -23"><span class='ocrx_word' id='word_1_65' title='bbox 307 932 412 987; x_wconf 90' lang='lat' dir='ltr'>riis</span> <span class='ocrx_word' id='word_1_66' title='bbox 437 933 672 1003; x_wconf 91' lang='lat' dir='ltr'>spectris</span> <span class='ocrx_word' id='word_1_67' title='bbox 699 951 830 988; x_wconf 92' lang='lat' dir='ltr'>eum</span> <span class='ocrx_word' id='word_1_68' title='bbox 858 940 1109 989; x_wconf 85' lang='lat' dir='ltr'>evertere</span> <span class='ocrx_word' id='word_1_69' title='bbox 1130 939 1300 1006; x_wconf 90' lang='lat' dir='ltr'>atque</span> <span class='ocrx_word' id='word_1_70' title='bbox 1328 935 1388 989; x_wconf 90' lang='lat' dir='ltr'>in</span> <span class='ocrx_word' id='word_1_71' title='bbox 1409 941 1622 992; x_wconf 90' lang='lat' dir='ltr'>metum</span> <span class='ocrx_word' id='word_1_72' title='bbox 1645 937 1922 1009; x_wconf 87' lang='lat' dir='ltr'>conjicere</span> 
     </span>
    </p>
   </div>
   <div class='ocr_carea' id='block_1_11' title="bbox 309 1020 1923 1098">
    <p class='ocr_par' dir='ltr' id='par_1_11' title="bbox 309 1020 1923 1098">
     <span class='ocr_line' id='line_1_11' title="bbox 309 1020 1923 1098; baseline 0.004 -24"><span class='ocrx_word' id='word_1_73' title='bbox 309 1020 616 1076; x_wconf 78' lang='lat' dir='ltr'>nitebatur.</span> <span class='ocrx_word' id='word_1_74' title='bbox 639 1022 1058 1095; x_wconf 86' lang='lat' dir='ltr'>Nonnunquam</span> <span class='ocrx_word' id='word_1_75' title='bbox 1079 1023 1228 1078; x_wconf 91' lang='lat' dir='ltr'>enim</span> <span class='ocrx_word' id='word_1_76' title='bbox 1245 1028 1369 1079; x_wconf 91' lang='lat' dir='ltr'>ater</span> <span class='ocrx_word' id='word_1_77' title='bbox 1386 1023 1512 1096; x_wconf 79' lang='lat' dir='ltr'>ipsi,</span> <span class='ocrx_word' id='word_1_78' title='bbox 1538 1030 1604 1080; x_wconf 91' lang='lat' dir='ltr'>ut</span> <span class='ocrx_word' id='word_1_79' title='bbox 1624 1032 1726 1092; x_wconf 92' lang='lat' dir='ltr'>est,</span> <span class='ocrx_word' id='word_1_80' title='bbox 1754 1043 1923 1098; x_wconf 89' lang='lat' dir='ltr'>appa-</span> 
     </span>
    </p>
   </div>
   <div class='ocr_carea' id='block_1_12' title="bbox 308 1109 1917 1186">
    <p class='ocr_par' dir='ltr' id='par_1_12' title="bbox 308 1109 1917 1186">
     <span class='ocr_line' id='line_1_12' title="bbox 308 1109 1917 1186; baseline 0.004 -22"><span class='ocrx_word' id='word_1_81' title='bbox 308 1109 503 1177; x_wconf 88' lang='lat' dir='ltr'>rebat;</span> <span class='ocrx_word' id='word_1_82' title='bbox 538 1127 943 1183; x_wconf 87' lang='lat' dir='ltr'>nonnunquam</span> <span class='ocrx_word' id='word_1_83' title='bbox 970 1129 1165 1168; x_wconf 86' lang='lat' dir='ltr'>rursus</span> <span class='ocrx_word' id='word_1_84' title='bbox 1184 1112 1522 1181; x_wconf 88' lang='lat' dir='ltr'>districtum,</span> <span class='ocrx_word' id='word_1_85' title='bbox 1547 1114 1801 1186; x_wconf 86' lang='lat' dir='ltr'>gladium</span> <span class='ocrx_word' id='word_1_86' title='bbox 1832 1122 1917 1171; x_wconf 89' lang='lat' dir='ltr'>te-</span> 
     </span>
    </p>
   </div>
   <div class='ocr_carea' id='block_1_13' title="bbox 306 1199 1909 1276">
    <p class='ocr_par' dir='ltr' id='par_1_13' title="bbox 306 1199 1909 1276">
     <span class='ocr_line' id='line_1_13' title="bbox 306 1199 1909 1276; baseline 0.003 -22"><span class='ocrx_word' id='word_1_87' title='bbox 306 1199 533 1264; x_wconf 90' lang='lat' dir='ltr'>nens,in</span> <span class='ocrx_word' id='word_1_88' title='bbox 548 1216 679 1255; x_wconf 91' lang='lat' dir='ltr'>eum</span> <span class='ocrx_word' id='word_1_89' title='bbox 694 1201 970 1273; x_wconf 87' lang='lat' dir='ltr'>impetum</span> <span class='ocrx_word' id='word_1_90' title='bbox 983 1201 1416 1274; x_wconf 89' lang='lat' dir='ltr'>faciebat,seque</span> <span class='ocrx_word' id='word_1_91' title='bbox 1430 1204 1694 1271; x_wconf 89' lang='lat' dir='ltr'>eum,nisi</span> <span class='ocrx_word' id='word_1_92' title='bbox 1716 1221 1909 1276; x_wconf 91' lang='lat' dir='ltr'>quam-</span> 
     </span>
    </p>
   </div>
   <div class='ocr_carea' id='block_1_14' title="bbox 300 1288 1907 1364">
    <p class='ocr_par' dir='ltr' id='par_1_14' title="bbox 300 1288 1907 1364">
     <span class='ocr_line' id='line_1_14' title="bbox 300 1288 1907 1364; baseline 0.004 -22"><span class='ocrx_word' id='word_1_93' title='bbox 300 1289 550 1360; x_wconf 85' lang='lat' dir='ltr'>primum</span> <span class='ocrx_word' id='word_1_94' title='bbox 577 1288 647 1344; x_wconf 88' lang='lat' dir='ltr'>ab</span> <span class='ocrx_word' id='word_1_95' title='bbox 668 1290 926 1345; x_wconf 87' lang='lat' dir='ltr'>instituto</span> <span class='ocrx_word' id='word_1_96' title='bbox 952 1292 1211 1357; x_wconf 88' lang='lat' dir='ltr'>resiliret,</span> <span class='ocrx_word' id='word_1_97' title='bbox 1227 1308 1628 1364; x_wconf 88' lang='lat' dir='ltr'>percussurum</span> <span class='ocrx_word' id='word_1_98' title='bbox 1656 1293 1907 1349; x_wconf 88' lang='lat' dir='ltr'>minaba-</span> 
     </span>
    </p>
   </div>
   <div class='ocr_carea' id='block_1_15' title="bbox 299 1378 1905 1451">
    <p class='ocr_par' dir='ltr' id='par_1_15' title="bbox 299 1378 1905 1451">
     <span class='ocr_line' id='line_1_15' title="bbox 299 1378 1905 1451; baseline 0.004 -19"><span class='ocrx_word' id='word_1_99' title='bbox 299 1385 417 1433; x_wconf 88' lang='lat' dir='ltr'>tur.</span> <span class='ocrx_word' id='word_1_100' title='bbox 432 1378 779 1451; x_wconf 86' lang='lat' dir='ltr'>Quandoque</span> <span class='ocrx_word' id='word_1_101' title='bbox 807 1397 1005 1435; x_wconf 89' lang='lat' dir='ltr'>rursus</span> <span class='ocrx_word' id='word_1_102' title='bbox 1023 1381 1309 1436; x_wconf 89' lang='lat' dir='ltr'>variarum</span> <span class='ocrx_word' id='word_1_103' title='bbox 1336 1381 1645 1438; x_wconf 85' lang='lat' dir='ltr'>bestiarum</span> <span class='ocrx_word' id='word_1_104' title='bbox 1664 1382 1905 1438; x_wconf 81' lang='lat' dir='ltr'>formam</span> 
     </span>
    </p>
   </div>
   <div class='ocr_carea' id='block_1_16' title="bbox 301 1468 1902 1543">
    <p class='ocr_par' dir='ltr' id='par_1_16' title="bbox 301 1468 1902 1543">
     <span class='ocr_line' id='line_1_16' title="bbox 301 1468 1902 1543; baseline 0.003 -21"><span class='ocrx_word' id='word_1_105' title='bbox 301 1468 548 1534; x_wconf 88' lang='lat' dir='ltr'>subibat,</span> <span class='ocrx_word' id='word_1_106' title='bbox 581 1468 845 1523; x_wconf 90' lang='lat' dir='ltr'>adversus</span> <span class='ocrx_word' id='word_1_107' title='bbox 874 1468 1059 1540; x_wconf 92' lang='lat' dir='ltr'>ipsum</span> <span class='ocrx_word' id='word_1_108' title='bbox 1091 1470 1321 1540; x_wconf 82' lang='lat' dir='ltr'>rugiens</span> <span class='ocrx_word' id='word_1_109' title='bbox 1358 1487 1423 1524; x_wconf 90' lang='lat' dir='ltr'>ac</span> <span class='ocrx_word' id='word_1_110' title='bbox 1465 1487 1741 1543; x_wconf 88' lang='lat' dir='ltr'>perquam</span> <span class='ocrx_word' id='word_1_111' title='bbox 1769 1472 1902 1527; x_wconf 90' lang='lat' dir='ltr'>hor-</span> 
     </span>
    </p>
   </div>
   <div class='ocr_carea' id='block_1_17' title="bbox 294 1558 1901 1632">
    <p class='ocr_par' dir='ltr' id='par_1_17' title="bbox 294 1558 1901 1632">
     <span class='ocr_line' id='line_1_17' title="bbox 294 1558 1901 1632; baseline 0.004 -21"><span class='ocrx_word' id='word_1_112' title='bbox 294 1558 539 1612; x_wconf 82' lang='lat' dir='ltr'>rendum</span> <span class='ocrx_word' id='word_1_113' title='bbox 554 1558 833 1629; x_wconf 85' lang='lat' dir='ltr'>mugitum</span> <span class='ocrx_word' id='word_1_114' title='bbox 847 1564 904 1612; x_wconf 90' lang='lat' dir='ltr'>et</span> <span class='ocrx_word' id='word_1_115' title='bbox 920 1558 1221 1629; x_wconf 85' lang='lat' dir='ltr'>strepitum</span> <span class='ocrx_word' id='word_1_116' title='bbox 1235 1558 1406 1614; x_wconf 91' lang='lat' dir='ltr'>edens</span> <span class='ocrx_word' id='word_1_117' title='bbox 1423 1578 1436 1613; x_wconf 85' lang='lat'><strong>:</strong></span> <span class='ocrx_word' id='word_1_118' title='bbox 1460 1565 1630 1632; x_wconf 90' lang='lat' dir='ltr'>atque</span> <span class='ocrx_word' id='word_1_119' title='bbox 1656 1561 1829 1616; x_wconf 89' lang='lat' dir='ltr'>etiam</span> <span class='ocrx_word' id='word_1_120' title='bbox 1843 1562 1901 1617; x_wconf 90' lang='lat' dir='ltr'>in</span> 
     </span>
    </p>
   </div>
   <div class='ocr_carea' id='block_1_18' title="bbox 293 1647 1901 1720">
    <p class='ocr_par' dir='ltr' id='par_1_18' title="bbox 293 1647 1901 1720">
     <span class='ocr_line' id='line_1_18' title="bbox 293 1647 1901 1720; baseline 0.003 -19"><span class='ocrx_word' id='word_1_121' title='bbox 293 1648 557 1703; x_wconf 88' lang='lat' dir='ltr'>draconis</span> <span class='ocrx_word' id='word_1_122' title='bbox 584 1653 643 1702; x_wconf 94' lang='lat' dir='ltr'>et</span> <span class='ocrx_word' id='word_1_123' title='bbox 669 1647 880 1719; x_wconf 88' lang='lat' dir='ltr'>aspidis</span> <span class='ocrx_word' id='word_1_124' title='bbox 910 1652 967 1702; x_wconf 90' lang='lat' dir='ltr'>et</span> <span class='ocrx_word' id='word_1_125' title='bbox 1002 1647 1184 1720; x_wconf 90' lang='lat' dir='ltr'>reguli</span> <span class='ocrx_word' id='word_1_126' title='bbox 1232 1647 1476 1703; x_wconf 87' lang='lat' dir='ltr'>formam</span> <span class='ocrx_word' id='word_1_127' title='bbox 1504 1666 1626 1704; x_wconf 90' lang='lat' dir='ltr'>sese</span> <span class='ocrx_word' id='word_1_128' title='bbox 1663 1649 1901 1706; x_wconf 89' lang='lat' dir='ltr'>subinde</span> 
     </span>
    </p>
   </div>
   <div class='ocr_carea' id='block_1_19' title="bbox 1997 488 3595 562">
    <p class='ocr_par' dir='ltr' id='par_1_19' title="bbox 1997 488 3595 562">
     <span class='ocr_line' id='line_1_19' title="bbox 1997 488 3595 562; baseline 0.001 -18"><span class='ocrx_word' id='word_1_129' title='bbox 1997 490 2275 544; x_wconf 82' lang='lat' dir='ltr'>nuitatem</span> <span class='ocrx_word' id='word_1_130' title='bbox 2306 488 2652 560; x_wconf 87' lang='lat' dir='ltr'>explorante.</span> <span class='ocrx_word' id='word_1_131' title='bbox 2704 489 2785 544; x_wconf 85' lang='lat' dir='ltr'>Ac</span> <span class='ocrx_word' id='word_1_132' title='bbox 2822 490 2920 556; x_wconf 90' lang='lat' dir='ltr'>sic,</span> <span class='ocrx_word' id='word_1_133' title='bbox 2952 489 3057 545; x_wconf 90' lang='lat' dir='ltr'>sub</span> <span class='ocrx_word' id='word_1_134' title='bbox 3084 490 3177 545; x_wconf 91' lang='lat' dir='ltr'>dio</span> <span class='ocrx_word' id='word_1_135' title='bbox 3208 490 3439 562; x_wconf 84' lang='lat' dir='ltr'>degens,</span> <span class='ocrx_word' id='word_1_136' title='bbox 3474 496 3595 546; x_wconf 89' lang='lat' dir='ltr'>tum</span> 
     </span>
    </p>
   </div>
   <div class='ocr_carea' id='block_1_20' title="bbox 1996 578 3597 653">
    <p class='ocr_par' dir='ltr' id='par_1_20' title="bbox 1996 578 3597 653">
     <span class='ocr_line' id='line_1_20' title="bbox 1996 578 3597 653; baseline 0.002 -19"><span class='ocrx_word' id='word_1_137' title='bbox 1996 584 2136 635; x_wconf 69' lang='lat' dir='ltr'>zestu</span> <span class='ocrx_word' id='word_1_138' title='bbox 2154 578 2554 651; x_wconf 89' lang='lat' dir='ltr'>conﬂagrabat,</span> <span class='ocrx_word' id='word_1_139' title='bbox 2597 583 2721 633; x_wconf 90' lang='lat' dir='ltr'>tum</span> <span class='ocrx_word' id='word_1_140' title='bbox 2750 579 2956 651; x_wconf 88' lang='lat' dir='ltr'>frigore</span> <span class='ocrx_word' id='word_1_141' title='bbox 2987 580 3295 653; x_wconf 88' lang='lat' dir='ltr'>obrigebat,</span> <span class='ocrx_word' id='word_1_142' title='bbox 3329 585 3597 653; x_wconf 73' lang='lat' dir='ltr'>praestan-</span> 
     </span>
    </p>
   </div>
   <div class='ocr_carea' id='block_1_21' title="bbox 1997 668 3598 743">
    <p class='ocr_par' dir='ltr' id='par_1_21' title="bbox 1997 668 3598 743">
     <span class='ocr_line' id='line_1_21' title="bbox 1997 668 3598 743; baseline 0.002 -21"><span class='ocrx_word' id='word_1_143' title='bbox 1997 668 2277 723; x_wconf 90' lang='lat' dir='ltr'>tissimum</span> <span class='ocrx_word' id='word_1_144' title='bbox 2296 668 2459 723; x_wconf 92' lang='lat' dir='ltr'>illum</span> <span class='ocrx_word' id='word_1_145' title='bbox 2478 684 2673 722; x_wconf 90' lang='lat' dir='ltr'>senem</span> <span class='ocrx_word' id='word_1_146' title='bbox 2685 669 2837 724; x_wconf 91' lang='lat' dir='ltr'>velut</span> <span class='ocrx_word' id='word_1_147' title='bbox 2857 670 3157 741; x_wconf 84' lang='lat' dir='ltr'>quemdam</span> <span class='ocrx_word' id='word_1_148' title='bbox 3175 670 3420 742; x_wconf 84' lang='lat' dir='ltr'>ingentis</span> <span class='ocrx_word' id='word_1_149' title='bbox 3433 670 3598 743; x_wconf 83' lang='lat' dir='ltr'>pretii</span> 
     </span>
    </p>
   </div>
   <div class='ocr_carea' id='block_1_22' title="bbox 1999 757 3597 835">
    <p class='ocr_par' dir='ltr' id='par_1_22' title="bbox 1999 757 3597 835">
     <span class='ocr_line' id='line_1_22' title="bbox 1999 757 3597 835; baseline 0.002 -24"><span class='ocrx_word' id='word_1_150' title='bbox 1999 757 2330 812; x_wconf 87' lang='lat' dir='ltr'>thesaurum</span> <span class='ocrx_word' id='word_1_151' title='bbox 2350 773 2599 835; x_wconf 67' lang='lat' dir='ltr'>qurerere</span> <span class='ocrx_word' id='word_1_152' title='bbox 2632 773 2925 829; x_wconf 88' lang='lat' dir='ltr'>nunquam</span> <span class='ocrx_word' id='word_1_153' title='bbox 2956 758 3353 815; x_wconf 89' lang='lat' dir='ltr'>intermittens.</span> <span class='ocrx_word' id='word_1_154' title='bbox 3390 760 3597 816; x_wconf 90' lang='lat' dir='ltr'>Multas</span> 
     </span>
    </p>
   </div>
   <div class='ocr_carea' id='block_1_23' title="bbox 2002 845 3597 918">
    <p class='ocr_par' dir='ltr' id='par_1_23' title="bbox 2002 845 3597 918">
     <span class='ocr_line' id='line_1_23' title="bbox 2002 845 3597 918; baseline 0.001 -19"><span class='ocrx_word' id='word_1_155' title='bbox 2002 862 2168 917; x_wconf 91' lang='lat' dir='ltr'>porro</span> <span class='ocrx_word' id='word_1_156' title='bbox 2189 846 2584 917; x_wconf 86' lang='lat' dir='ltr'>pestiferorum</span> <span class='ocrx_word' id='word_1_157' title='bbox 2611 845 2913 918; x_wconf 88' lang='lat' dir='ltr'>spirituum</span> <span class='ocrx_word' id='word_1_158' title='bbox 2939 848 3303 915; x_wconf 88' lang='lat' dir='ltr'>tentationes,</span> <span class='ocrx_word' id='word_1_159' title='bbox 3331 865 3395 903; x_wconf 90' lang='lat' dir='ltr'>ac</span> <span class='ocrx_word' id='word_1_160' title='bbox 3415 848 3597 903; x_wconf 91' lang='lat' dir='ltr'>multa</span> 
     </span>
    </p>
   </div>
   <div class='ocr_carea' id='block_1_24' title="bbox 2005 934 3596 1007">
    <p class='ocr_par' dir='ltr' id='par_1_24' title="bbox 2005 934 3596 1007">
     <span class='ocr_line' id='line_1_24' title="bbox 2005 934 3596 1007; baseline 0.002 -19"><span class='ocrx_word' id='word_1_161' title='bbox 2005 935 2199 1006; x_wconf 73' lang='lat' dir='ltr'>praelia</span> <span class='ocrx_word' id='word_1_162' title='bbox 2221 934 2552 1002; x_wconf 86' lang='lat' dir='ltr'>sustinebat,</span> <span class='ocrx_word' id='word_1_163' title='bbox 2586 936 2903 1007; x_wconf 89' lang='lat' dir='ltr'>multosque</span> <span class='ocrx_word' id='word_1_164' title='bbox 2929 936 3066 990; x_wconf 90' lang='lat' dir='ltr'>item</span> <span class='ocrx_word' id='word_1_165' title='bbox 3095 936 3335 1005; x_wconf 87' lang='lat' dir='ltr'>labores,</span> <span class='ocrx_word' id='word_1_166' title='bbox 3370 936 3440 993; x_wconf 94' lang='lat' dir='ltr'>ob</span> <span class='ocrx_word' id='word_1_167' title='bbox 3471 939 3596 993; x_wconf 88' lang='lat' dir='ltr'>her-</span> 
     </span>
    </p>
   </div>
   <div class='ocr_carea' id='block_1_25' title="bbox 2006 1023 3598 1099">
    <p class='ocr_par' dir='ltr' id='par_1_25' title="bbox 2006 1023 3598 1099">
     <span class='ocr_line' id='line_1_25' title="bbox 2006 1023 3598 1099; baseline 0.003 -22"><span class='ocrx_word' id='word_1_168' title='bbox 2006 1023 2224 1091; x_wconf 87' lang='lat' dir='ltr'>barum,</span> <span class='ocrx_word' id='word_1_169' title='bbox 2251 1024 2460 1097; x_wconf 89' lang='lat' dir='ltr'>quibus</span> <span class='ocrx_word' id='word_1_170' title='bbox 2485 1024 2554 1079; x_wconf 89' lang='lat' dir='ltr'>de</span> <span class='ocrx_word' id='word_1_171' title='bbox 2584 1040 2741 1079; x_wconf 90' lang='lat' dir='ltr'>more</span> <span class='ocrx_word' id='word_1_172' title='bbox 2759 1023 3067 1091; x_wconf 87' lang='lat' dir='ltr'>victitabat,</span> <span class='ocrx_word' id='word_1_173' title='bbox 3101 1027 3396 1097; x_wconf 86' lang='lat' dir='ltr'>penuriam</span> <span class='ocrx_word' id='word_1_174' title='bbox 3422 1026 3598 1099; x_wconf 86' lang='lat' dir='ltr'>perfe-</span> 
     </span>
    </p>
   </div>
   <div class='ocr_carea' id='block_1_26' title="bbox 2002 1112 3600 1185">
    <p class='ocr_par' dir='ltr' id='par_1_26' title="bbox 2002 1112 3600 1185">
     <span class='ocr_line' id='line_1_26' title="bbox 2002 1112 3600 1185; baseline 0.002 -18"><span class='ocrx_word' id='word_1_175' title='bbox 2002 1112 2192 1181; x_wconf 84' lang='lat' dir='ltr'>rebat;</span> <span class='ocrx_word' id='word_1_176' title='bbox 2228 1113 2494 1185; x_wconf 91' lang='lat' dir='ltr'>quoniam</span> <span class='ocrx_word' id='word_1_177' title='bbox 2520 1113 2733 1167; x_wconf 88' lang='lat' dir='ltr'>scilicet</span> <span class='ocrx_word' id='word_1_178' title='bbox 2759 1113 2863 1168; x_wconf 89' lang='lat' dir='ltr'>has</span> <span class='ocrx_word' id='word_1_179' title='bbox 2894 1130 3116 1185; x_wconf 88' lang='lat' dir='ltr'>quoque</span> <span class='ocrx_word' id='word_1_180' title='bbox 3142 1114 3384 1169; x_wconf 90' lang='lat' dir='ltr'>solitudo</span> <span class='ocrx_word' id='word_1_181' title='bbox 3416 1132 3500 1181; x_wconf 89' lang='lat' dir='ltr'>ea,</span> <span class='ocrx_word' id='word_1_182' title='bbox 3534 1121 3600 1170; x_wconf 90' lang='lat' dir='ltr'>ut</span> 
     </span>
    </p>
   </div>
   <div class='ocr_carea' id='block_1_27' title="bbox 1992 1201 3592 1275">
    <p class='ocr_par' dir='ltr' id='par_1_27' title="bbox 1992 1201 3592 1275">
     <span class='ocr_line' id='line_1_27' title="bbox 1992 1201 3592 1275; baseline 0.001 -19"><span class='ocrx_word' id='word_1_183' title='bbox 1992 1219 2115 1274; x_wconf 65' lang='lat' dir='ltr'>quae</span> <span class='ocrx_word' id='word_1_184' title='bbox 2145 1202 2396 1257; x_wconf 90' lang='lat' dir='ltr'>siccitate</span> <span class='ocrx_word' id='word_1_185' title='bbox 2437 1201 2741 1269; x_wconf 83' lang='lat' dir='ltr'>laboraret,</span> <span class='ocrx_word' id='word_1_186' title='bbox 2787 1218 2953 1274; x_wconf 87' lang='lat' dir='ltr'>parce</span> <span class='ocrx_word' id='word_1_187' title='bbox 2989 1203 3293 1257; x_wconf 85' lang='lat' dir='ltr'>admodum</span> <span class='ocrx_word' id='word_1_188' title='bbox 3323 1204 3592 1275; x_wconf 90' lang='lat' dir='ltr'>produce-</span> 
     </span>
    </p>
   </div>
   <div class='ocr_carea' id='block_1_28' title="bbox 1990 1291 3596 1363">
    <p class='ocr_par' dir='ltr' id='par_1_28' title="bbox 1990 1291 3596 1363">
     <span class='ocr_line' id='line_1_28' title="bbox 1990 1291 3596 1363; baseline 0.002 -19"><span class='ocrx_word' id='word_1_189' title='bbox 1990 1297 2096 1347; x_wconf 90' lang='lat' dir='ltr'>ret.</span> <span class='ocrx_word' id='word_1_190' title='bbox 2118 1292 2329 1346; x_wconf 83' lang='lat' dir='ltr'>Verum</span> <span class='ocrx_word' id='word_1_191' title='bbox 2357 1291 2755 1346; x_wconf 89' lang='lat' dir='ltr'>adamantinus</span> <span class='ocrx_word' id='word_1_192' title='bbox 2781 1296 2949 1363; x_wconf 88' lang='lat' dir='ltr'>atque</span> <span class='ocrx_word' id='word_1_193' title='bbox 2966 1291 3205 1347; x_wconf 89' lang='lat' dir='ltr'>invictus</span> <span class='ocrx_word' id='word_1_194' title='bbox 3233 1292 3410 1363; x_wconf 92' lang='lat' dir='ltr'>ipsius</span> <span class='ocrx_word' id='word_1_195' title='bbox 3436 1293 3596 1363; x_wconf 89' lang='lat' dir='ltr'>spiri-</span> 
     </span>
    </p>
   </div>
   <div class='ocr_carea' id='block_1_29' title="bbox 1988 1380 3596 1452">
    <p class='ocr_par' dir='ltr' id='par_1_29' title="bbox 1988 1380 3596 1452">
     <span class='ocr_line' id='line_1_29' title="bbox 1988 1380 3596 1452; baseline 0 -17"><span class='ocrx_word' id='word_1_196' title='bbox 1988 1386 2099 1447; x_wconf 90' lang='lat' dir='ltr'>tus,</span> <span class='ocrx_word' id='word_1_197' title='bbox 2125 1397 2317 1435; x_wconf 89' lang='lat' dir='ltr'>amore</span> <span class='ocrx_word' id='word_1_198' title='bbox 2337 1398 2402 1435; x_wconf 90' lang='lat' dir='ltr'>ac</span> <span class='ocrx_word' id='word_1_199' title='bbox 2422 1380 2698 1435; x_wconf 89' lang='lat' dir='ltr'>desiderio</span> <span class='ocrx_word' id='word_1_200' title='bbox 2714 1380 2937 1445; x_wconf 89' lang='lat' dir='ltr'>ardens,</span> <span class='ocrx_word' id='word_1_201' title='bbox 2964 1381 3061 1452; x_wconf 91' lang='lat' dir='ltr'>huj</span> <span class='ocrx_word' id='word_1_202' title='bbox 3071 1381 3290 1435; x_wconf 90' lang='lat' dir='ltr'>usmodi</span> <span class='ocrx_word' id='word_1_203' title='bbox 3310 1381 3596 1436; x_wconf 87' lang='lat' dir='ltr'>molestias</span> 
     </span>
    </p>
   </div>
   <div class='ocr_carea' id='block_1_30' title="bbox 1986 1469 3595 1541">
    <p class='ocr_par' dir='ltr' id='par_1_30' title="bbox 1986 1469 3595 1541">
     <span class='ocr_line' id='line_1_30' title="bbox 1986 1469 3595 1541; baseline 0.001 -18"><span class='ocrx_word' id='word_1_204' title='bbox 1986 1469 2203 1524; x_wconf 81' lang='lat' dir='ltr'>facilius</span> <span class='ocrx_word' id='word_1_205' title='bbox 2245 1469 2459 1524; x_wconf 88' lang='lat' dir='ltr'>ferebat</span> <span class='ocrx_word' id='word_1_206' title='bbox 2492 1486 2659 1541; x_wconf 89' lang='lat' dir='ltr'>quam</span> <span class='ocrx_word' id='word_1_207' title='bbox 2704 1470 2799 1524; x_wconf 89' lang='lat' dir='ltr'>alii</span> <span class='ocrx_word' id='word_1_208' title='bbox 2830 1470 3143 1541; x_wconf 88' lang='lat' dir='ltr'>voluptates</span> <span class='ocrx_word' id='word_1_209' title='bbox 3172 1470 3319 1524; x_wconf 89' lang='lat' dir='ltr'>ferre</span> <span class='ocrx_word' id='word_1_210' title='bbox 3351 1470 3595 1526; x_wconf 90' lang='lat' dir='ltr'>soleant.</span> 
     </span>
    </p>
   </div>
   <div class='ocr_carea' id='block_1_31' title="bbox 1985 1558 3595 1630">
    <p class='ocr_par' dir='ltr' id='par_1_31' title="bbox 1985 1558 3595 1630">
     <span class='ocr_line' id='line_1_31' title="bbox 1985 1558 3595 1630; baseline 0.001 -17"><span class='ocrx_word' id='word_1_211' title='bbox 1985 1559 2259 1623; x_wconf 86' lang='lat' dir='ltr'>Quocirca</span> <span class='ocrx_word' id='word_1_212' title='bbox 2288 1559 2479 1613; x_wconf 88' lang='lat' dir='ltr'>divina</span> <span class='ocrx_word' id='word_1_213' title='bbox 2506 1575 2610 1630; x_wconf 92' lang='lat' dir='ltr'>ope</span> <span class='ocrx_word' id='word_1_214' title='bbox 2639 1558 2869 1613; x_wconf 90' lang='lat' dir='ltr'>minime</span> <span class='ocrx_word' id='word_1_215' title='bbox 2899 1558 3118 1626; x_wconf 87' lang='lat' dir='ltr'>caruit;</span> <span class='ocrx_word' id='word_1_216' title='bbox 3171 1575 3367 1614; x_wconf 92' lang='lat' dir='ltr'>verum</span> <span class='ocrx_word' id='word_1_217' title='bbox 3399 1577 3595 1617; x_wconf 90' lang='lat' dir='ltr'>secun-</span> 
     </span>
    </p>
   </div>
   <div class='ocr_carea' id='block_1_32' title="bbox 1984 1646 3592 1720">
    <p class='ocr_par' dir='ltr' id='par_1_32' title="bbox 1984 1646 3592 1720">
     <span class='ocr_line' id='line_1_32' title="bbox 1984 1646 3592 1720; baseline 0.001 -18"><span class='ocrx_word' id='word_1_218' title='bbox 1984 1648 2119 1702; x_wconf 90' lang='lat' dir='ltr'>dum</span> <span class='ocrx_word' id='word_1_219' title='bbox 2149 1648 2406 1703; x_wconf 88' lang='lat' dir='ltr'>dolorum</span> <span class='ocrx_word' id='word_1_220' title='bbox 2423 1648 2600 1720; x_wconf 89' lang='lat' dir='ltr'>ipsius</span> <span class='ocrx_word' id='word_1_221' title='bbox 2624 1665 2689 1702; x_wconf 93' lang='lat' dir='ltr'>ac</span> <span class='ocrx_word' id='word_1_222' title='bbox 2705 1646 2960 1703; x_wconf 91' lang='lat' dir='ltr'>laborum</span> <span class='ocrx_word' id='word_1_223' title='bbox 2982 1648 3404 1703; x_wconf 88' lang='lat' dir='ltr'>multitudinem</span> <span class='ocrx_word' id='word_1_224' title='bbox 3428 1650 3592 1719; x_wconf 80' lang='lat' dir='ltr'>(Psal.</span> 
     </span>
    </p>
   </div>
   <div class='ocr_carea' id='block_1_33' title="bbox 295 1724 3591 1812">
    <p class='ocr_par' dir='ltr' id='par_1_33' title="bbox 295 1724 3591 1812">
     <span class='ocr_line' id='line_1_33' title="bbox 295 1724 3591 1812; baseline 0.001 -21"><span class='ocrx_word' id='word_1_225' title='bbox 295 1737 744 1793; x_wconf 85' lang='lat' dir='ltr'>immutabat.At</span> <span class='ocrx_word' id='word_1_226' title='bbox 767 1737 1066 1810; x_wconf 68' lang='lat' dir='ltr'>praeclarus</span> <span class='ocrx_word' id='word_1_227' title='bbox 1085 1738 1180 1793; x_wconf 92' lang='lat' dir='ltr'>ille</span> <span class='ocrx_word' id='word_1_228' title='bbox 1200 1755 1266 1793; x_wconf 89' lang='lat' dir='ltr'>ac</span> <span class='ocrx_word' id='word_1_229' title='bbox 1292 1738 1721 1795; x_wconf 91' lang='lat' dir='ltr'>strenuissimus</span> <span class='ocrx_word' id='word_1_230' title='bbox 1747 1741 1907 1812; x_wconf 84' lang='lat' dir='ltr'>pugil</span> <span class='ocrx_word' id='word_1_231' title='bbox 1925 1724 1970 1783; x_wconf 81' lang='grc' dir='ltr'>Β</span> <span class='ocrx_word' id='word_1_232' title='bbox 1988 1741 2174 1807; x_wconf 77' lang='lat' dir='ltr'>xxxxv)</span> <span class='ocrx_word' id='word_1_233' title='bbox 2205 1738 2388 1792; x_wconf 68' lang='lat' dir='ltr'>allata:</span> <span class='ocrx_word' id='word_1_234' title='bbox 2418 1754 2453 1791; x_wconf 90' lang='lat' dir='ltr'>a</span> <span class='ocrx_word' id='word_1_235' title='bbox 2497 1738 2745 1805; x_wconf 86' lang='lat' dir='ltr'>Christo,</span> <span class='ocrx_word' id='word_1_236' title='bbox 2770 1738 2931 1808; x_wconf 86' lang='lat' dir='ltr'>cujus</span> <span class='ocrx_word' id='word_1_237' title='bbox 2953 1736 3260 1808; x_wconf 89' lang='lat' dir='ltr'>cupiditate</span> <span class='ocrx_word' id='word_1_238' title='bbox 3296 1737 3591 1809; x_wconf 88' lang='lat' dir='ltr'>ﬂagrabat,</span> 
     </span>
    </p>
   </div>
   <div class='ocr_carea' id='block_1_34' title="bbox 291 1827 1905 1903">
    <p class='ocr_par' dir='ltr' id='par_1_34' title="bbox 291 1827 1905 1903">
     <span class='ocr_line' id='line_1_34' title="bbox 291 1827 1905 1903; baseline 0.002 -22"><span class='ocrx_word' id='word_1_239' title='bbox 291 1828 599 1899; x_wconf 80' lang='lat' dir='ltr'>tranquillo</span> <span class='ocrx_word' id='word_1_240' title='bbox 620 1827 809 1882; x_wconf 90' lang='lat' dir='ltr'>animo</span> <span class='ocrx_word' id='word_1_241' title='bbox 829 1827 1187 1894; x_wconf 88' lang='lat' dir='ltr'>consistebat,</span> <span class='ocrx_word' id='word_1_242' title='bbox 1202 1833 1266 1883; x_wconf 86' lang='lat' dir='ltr'>ut</span> <span class='ocrx_word' id='word_1_243' title='bbox 1293 1828 1390 1900; x_wconf 90' lang='lat' dir='ltr'>qui</span> <span class='ocrx_word' id='word_1_244' title='bbox 1404 1828 1762 1885; x_wconf 87' lang='lat' dir='ltr'>Altissimum</span> <span class='ocrx_word' id='word_1_245' title='bbox 1780 1846 1905 1903; x_wconf 88' lang='lat' dir='ltr'>per-</span> 
     </span>
    </p>
   </div>
   <div class='ocr_carea' id='block_1_35' title="bbox 290 1916 1903 1988">
    <p class='ocr_par' dir='ltr' id='par_1_35' title="bbox 290 1916 1903 1988">
     <span class='ocr_line' id='line_1_35' title="bbox 290 1916 1903 1988; baseline 0.002 -17"><span class='ocrx_word' id='word_1_246' title='bbox 290 1917 515 1987; x_wconf 72' lang='lat' dir='ltr'>fugium</span> <span class='ocrx_word' id='word_1_247' title='bbox 544 1933 709 1971; x_wconf 89' lang='lat' dir='ltr'>suum</span> <span class='ocrx_word' id='word_1_248' title='bbox 748 1916 1027 1988; x_wconf 87' lang='lat' dir='ltr'>posuisset</span> <span class='ocrx_word' id='word_1_249' title='bbox 1060 1918 1222 1988; x_wconf 77' lang='lat' dir='ltr'>(Psal.</span> <span class='ocrx_word' id='word_1_250' title='bbox 1262 1919 1366 1987; x_wconf 87' lang='lat' dir='ltr'>xc).</span> <span class='ocrx_word' id='word_1_251' title='bbox 1405 1918 1485 1972; x_wconf 84' lang='lat' dir='ltr'>Ac</span> <span class='ocrx_word' id='word_1_252' title='bbox 1514 1923 1703 1973; x_wconf 91' lang='lat' dir='ltr'>mente</span> <span class='ocrx_word' id='word_1_253' title='bbox 1734 1936 1903 1975; x_wconf 85' lang='lat' dir='ltr'>excu-</span> 
     </span>
    </p>
   </div>
   <div class='ocr_carea' id='block_1_36' title="bbox 289 2005 1900 2079">
    <p class='ocr_par' dir='ltr' id='par_1_36' title="bbox 289 2005 1900 2079">
     <span class='ocr_line' id='line_1_36' title="bbox 289 2005 1900 2079; baseline 0.004 -20"><span class='ocrx_word' id='word_1_254' title='bbox 289 2005 455 2073; x_wconf 88' lang='lat' dir='ltr'>bans,</span> <span class='ocrx_word' id='word_1_255' title='bbox 472 2006 909 2079; x_wconf 88' lang='lat' dir='ltr'>pestiferumque</span> <span class='ocrx_word' id='word_1_256' title='bbox 928 2006 1190 2079; x_wconf 89' lang='lat' dir='ltr'>spiritum</span> <span class='ocrx_word' id='word_1_257' title='bbox 1206 2006 1467 2075; x_wconf 89' lang='lat' dir='ltr'>irridens,</span> <span class='ocrx_word' id='word_1_258' title='bbox 1492 2007 1745 2063; x_wconf 87' lang='lat' dir='ltr'>dicebat:</span> <span class='ocrx_word' id='word_1_259' title='bbox 1773 2009 1900 2065; x_wconf 87' lang='lat' dir='ltr'>Non</span> 
     </span>
    </p>
   </div>
   <div class='ocr_carea' id='block_1_37' title="bbox 289 2095 1901 2169">
    <p class='ocr_par' dir='ltr' id='par_1_37' title="bbox 289 2095 1901 2169">
     <span class='ocr_line' id='line_1_37' title="bbox 289 2095 1901 2169; baseline 0.001 -18"><span class='ocrx_word' id='word_1_260' title='bbox 289 2113 386 2151; x_wconf 87' lang='lat' dir='ltr'>me</span> <span class='ocrx_word' id='word_1_261' title='bbox 407 2095 569 2167; x_wconf 87' lang='lat' dir='ltr'>fugit,</span> <span class='ocrx_word' id='word_1_262' title='bbox 588 2113 620 2150; x_wconf 91' lang='grc' dir='ltr'>ο</span> <span class='ocrx_word' id='word_1_263' title='bbox 639 2096 929 2168; x_wconf 90' lang='lat' dir='ltr'>impostor,</span> <span class='ocrx_word' id='word_1_264' title='bbox 958 2096 1187 2168; x_wconf 91' lang='lat' dir='ltr'>quinam</span> <span class='ocrx_word' id='word_1_265' title='bbox 1207 2096 1304 2163; x_wconf 91' lang='lat' dir='ltr'>sis,</span> <span class='ocrx_word' id='word_1_266' title='bbox 1339 2097 1436 2169; x_wconf 89' lang='lat' dir='ltr'>qui</span> <span class='ocrx_word' id='word_1_267' title='bbox 1462 2098 1581 2152; x_wconf 70' lang='lat' dir='ltr'>haec</span> <span class='ocrx_word' id='word_1_268' title='bbox 1608 2098 1667 2152; x_wconf 90' lang='lat' dir='ltr'>in</span> <span class='ocrx_word' id='word_1_269' title='bbox 1694 2115 1783 2152; x_wconf 89' lang='lat' dir='ltr'>me</span> <span class='ocrx_word' id='word_1_270' title='bbox 1813 2115 1901 2154; x_wconf 87' lang='lat' dir='ltr'>ex-</span> 
     </span>
    </p>
   </div>
   <div class='ocr_carea' id='block_1_38' title="bbox 287 2185 1900 2259">
    <p class='ocr_par' dir='ltr' id='par_1_38' title="bbox 287 2185 1900 2259">
     <span class='ocr_line' id='line_1_38' title="bbox 287 2185 1900 2259; baseline 0.001 -18"><span class='ocrx_word' id='word_1_271' title='bbox 287 2186 459 2241; x_wconf 80' lang='lat' dir='ltr'>cites:</span> <span class='ocrx_word' id='word_1_272' title='bbox 484 2185 753 2241; x_wconf 90' lang='lat' dir='ltr'>nimirum</span> <span class='ocrx_word' id='word_1_273' title='bbox 773 2185 869 2257; x_wconf 88' lang='lat' dir='ltr'>qui</span> <span class='ocrx_word' id='word_1_274' title='bbox 889 2188 1009 2257; x_wconf 87' lang='lat' dir='ltr'>jam</span> <span class='ocrx_word' id='word_1_275' title='bbox 1030 2186 1160 2241; x_wconf 92' lang='lat' dir='ltr'>inde</span> <span class='ocrx_word' id='word_1_276' title='bbox 1185 2185 1255 2241; x_wconf 90' lang='lat' dir='ltr'>ab</span> <span class='ocrx_word' id='word_1_277' title='bbox 1276 2186 1437 2241; x_wconf 92' lang='lat' dir='ltr'>initio</span> <span class='ocrx_word' id='word_1_278' title='bbox 1454 2187 1779 2242; x_wconf 88' lang='lat' dir='ltr'>mortalium</span> <span class='ocrx_word' id='word_1_279' title='bbox 1806 2205 1900 2259; x_wconf 85' lang='lat' dir='ltr'>ge-</span> 
     </span>
    </p>
   </div>
   <div class='ocr_carea' id='block_1_39' title="bbox 290 2275 1897 2349">
    <p class='ocr_par' dir='ltr' id='par_1_39' title="bbox 290 2275 1897 2349">
     <span class='ocr_line' id='line_1_39' title="bbox 290 2275 1897 2349; baseline 0.001 -19"><span class='ocrx_word' id='word_1_280' title='bbox 290 2275 418 2330; x_wconf 89' lang='lat' dir='ltr'>neri</span> <span class='ocrx_word' id='word_1_281' title='bbox 443 2275 749 2347; x_wconf 88' lang='lat' dir='ltr'>perniciem</span> <span class='ocrx_word' id='word_1_282' title='bbox 796 2275 1067 2343; x_wconf 90' lang='lat' dir='ltr'>moliaris,</span> <span class='ocrx_word' id='word_1_283' title='bbox 1099 2291 1201 2330; x_wconf 91' lang='lat' dir='ltr'>nec</span> <span class='ocrx_word' id='word_1_284' title='bbox 1238 2292 1491 2348; x_wconf 88' lang='lat' dir='ltr'>unquam</span> <span class='ocrx_word' id='word_1_285' title='bbox 1548 2276 1897 2349; x_wconf 67' lang='lat' dir='ltr'>improbitati</span> 
     </span>
    </p>
   </div>
   <div class='ocr_carea' id='block_1_40' title="bbox 286 2364 1896 2422">
    <p class='ocr_par' dir='ltr' id='par_1_40' title="bbox 286 2364 1896 2422">
     <span class='ocr_line' id='line_1_40' title="bbox 286 2364 1896 2422; baseline 0.002 -3"><span class='ocrx_word' id='word_1_286' title='bbox 286 2365 521 2419; x_wconf 87' lang='lat' dir='ltr'>studere</span> <span class='ocrx_word' id='word_1_287' title='bbox 550 2381 616 2420; x_wconf 91' lang='lat' dir='ltr'>ac</span> <span class='ocrx_word' id='word_1_288' title='bbox 654 2370 1057 2420; x_wconf 90' lang='lat' dir='ltr'>nocumentum</span> <span class='ocrx_word' id='word_1_289' title='bbox 1095 2364 1300 2419; x_wconf 86' lang='lat' dir='ltr'>inferre</span> <span class='ocrx_word' id='word_1_290' title='bbox 1354 2365 1598 2421; x_wconf 86' lang='lat' dir='ltr'>desinas.</span> <span class='ocrx_word' id='word_1_291' title='bbox 1645 2367 1725 2421; x_wconf 87' lang='lat' dir='ltr'>Ac</span> <span class='ocrx_word' id='word_1_292' title='bbox 1760 2384 1896 2422; x_wconf 90' lang='lat' dir='ltr'>sane</span> 
     </span>
    </p>
   </div>
   <div class='ocr_carea' id='block_1_41' title="bbox 287 2453 1896 2529">
    <p class='ocr_par' dir='ltr' id='par_1_41' title="bbox 287 2453 1896 2529">
     <span class='ocr_line' id='line_1_41' title="bbox 287 2453 1896 2529; baseline 0.002 -21"><span class='ocrx_word' id='word_1_293' title='bbox 287 2470 465 2525; x_wconf 80' lang='lat' dir='ltr'>quam</span> <span class='ocrx_word' id='word_1_294' title='bbox 492 2454 720 2525; x_wconf 90' lang='lat' dir='ltr'>pulchre</span> <span class='ocrx_word' id='word_1_295' title='bbox 736 2453 839 2510; x_wconf 88' lang='lat' dir='ltr'>tibi</span> <span class='ocrx_word' id='word_1_296' title='bbox 860 2454 951 2509; x_wconf 89' lang='lat' dir='ltr'>hic</span> <span class='ocrx_word' id='word_1_297' title='bbox 960 2453 1187 2510; x_wconf 90' lang='lat' dir='ltr'>habitus</span> <span class='ocrx_word' id='word_1_298' title='bbox 1209 2454 1477 2526; x_wconf 85' lang='lat' dir='ltr'>quadrat!</span> <span class='ocrx_word' id='word_1_299' title='bbox 1496 2455 1642 2510; x_wconf 89' lang='lat' dir='ltr'>Nam</span> <span class='ocrx_word' id='word_1_300' title='bbox 1656 2455 1759 2510; x_wconf 93' lang='lat' dir='ltr'>hoc</span> <span class='ocrx_word' id='word_1_301' title='bbox 1775 2456 1896 2529; x_wconf 89' lang='lat' dir='ltr'>ipso</span> 
     </span>
    </p>
   </div>
   <div class='ocr_carea' id='block_1_42' title="bbox 286 2542 1897 2616">
    <p class='ocr_par' dir='ltr' id='par_1_42' title="bbox 286 2542 1897 2616">
     <span class='ocr_line' id='line_1_42' title="bbox 286 2542 1897 2616; baseline 0.002 -18"><span class='ocrx_word' id='word_1_302' title='bbox 286 2544 445 2614; x_wconf 86' lang='lat' dir='ltr'>quod</span> <span class='ocrx_word' id='word_1_303' title='bbox 460 2542 667 2599; x_wconf 89' lang='lat' dir='ltr'>bestias</span> <span class='ocrx_word' id='word_1_304' title='bbox 680 2549 738 2600; x_wconf 92' lang='lat' dir='ltr'>et</span> <span class='ocrx_word' id='word_1_305' title='bbox 752 2544 973 2616; x_wconf 89' lang='lat' dir='ltr'>reptilia</span> <span class='ocrx_word' id='word_1_306' title='bbox 991 2543 1251 2613; x_wconf 89' lang='lat' dir='ltr'>imitaris,</span> <span class='ocrx_word' id='word_1_307' title='bbox 1268 2544 1474 2599; x_wconf 89' lang='lat' dir='ltr'>mentis</span> <span class='ocrx_word' id='word_1_308' title='bbox 1490 2550 1601 2599; x_wconf 70' lang='lat' dir='ltr'>tuae</span> <span class='ocrx_word' id='word_1_309' title='bbox 1614 2544 1897 2602; x_wconf 88' lang='lat' dir='ltr'>feritatem</span> 
     </span>
    </p>
   </div>
   <div class='ocr_carea' id='block_1_43' title="bbox 287 2632 1895 2707">
    <p class='ocr_par' dir='ltr' id='par_1_43' title="bbox 287 2632 1895 2707">
     <span class='ocr_line' id='line_1_43' title="bbox 287 2632 1895 2707; baseline 0.002 -20"><span class='ocrx_word' id='word_1_310' title='bbox 287 2638 353 2687; x_wconf 86' lang='lat' dir='ltr'>et</span> <span class='ocrx_word' id='word_1_311' title='bbox 378 2632 826 2705; x_wconf 81' lang='lat' dir='ltr'>perversitatem,</span> <span class='ocrx_word' id='word_1_312' title='bbox 840 2634 1256 2706; x_wconf 88' lang='lat' dir='ltr'>voluntatisque</span> <span class='ocrx_word' id='word_1_313' title='bbox 1276 2634 1348 2689; x_wconf 91' lang='lat' dir='ltr'>ad</span> <span class='ocrx_word' id='word_1_314' title='bbox 1377 2651 1580 2690; x_wconf 85' lang='lat' dir='ltr'>noxam</span> <span class='ocrx_word' id='word_1_315' title='bbox 1602 2651 1666 2690; x_wconf 90' lang='lat' dir='ltr'>ac</span> <span class='ocrx_word' id='word_1_316' title='bbox 1681 2640 1895 2707; x_wconf 89' lang='lat' dir='ltr'>pestem</span> 
     </span>
    </p>
   </div>
   <div class='ocr_carea' id='block_1_44' title="bbox 288 2721 1897 2795">
    <p class='ocr_par' dir='ltr' id='par_1_44' title="bbox 288 2721 1897 2795">
     <span class='ocr_line' id='line_1_44' title="bbox 288 2721 1897 2795; baseline 0.002 -19"><span class='ocrx_word' id='word_1_317' title='bbox 288 2721 645 2777; x_wconf 86' lang='lat' dir='ltr'>inferendam</span> <span class='ocrx_word' id='word_1_318' title='bbox 674 2722 1179 2795; x_wconf 90' lang='lat' dir='ltr'>promptitudinem</span> <span class='ocrx_word' id='word_1_319' title='bbox 1206 2723 1580 2783; x_wconf 80' lang='lat' dir='ltr'>demonstras.</span> <span class='ocrx_word' id='word_1_320' title='bbox 1613 2724 1761 2789; x_wconf 88' lang='lat' dir='ltr'>Quid</span> <span class='ocrx_word' id='word_1_321' title='bbox 1784 2724 1897 2795; x_wconf 84' lang='lat' dir='ltr'>igi-</span> 
     </span>
    </p>
   </div>
   <div class='ocr_carea' id='block_1_45' title="bbox 288 2812 1898 2887">
    <p class='ocr_par' dir='ltr' id='par_1_45' title="bbox 288 2812 1898 2887">
     <span class='ocr_line' id='line_1_45' title="bbox 288 2812 1898 2887; baseline 0.002 -21"><span class='ocrx_word' id='word_1_322' title='bbox 288 2818 409 2877; x_wconf 90' lang='lat' dir='ltr'>tur,</span> <span class='ocrx_word' id='word_1_323' title='bbox 437 2829 472 2866; x_wconf 93' lang='grc' dir='ltr'>ο</span> <span class='ocrx_word' id='word_1_324' title='bbox 492 2812 679 2878; x_wconf 91' lang='lat' dir='ltr'>miser,</span> <span class='ocrx_word' id='word_1_325' title='bbox 700 2829 768 2867; x_wconf 91' lang='lat' dir='ltr'>ea</span> <span class='ocrx_word' id='word_1_326' title='bbox 783 2812 1109 2884; x_wconf 87' lang='lat' dir='ltr'>aggrederis</span> <span class='ocrx_word' id='word_1_327' title='bbox 1131 2829 1257 2884; x_wconf 80' lang='lat' dir='ltr'>quae</span> <span class='ocrx_word' id='word_1_328' title='bbox 1277 2814 1548 2869; x_wconf 85' lang='lat' dir='ltr'>conficere</span> <span class='ocrx_word' id='word_1_329' title='bbox 1568 2830 1681 2868; x_wconf 91' lang='lat' dir='ltr'>non</span> <span class='ocrx_word' id='word_1_330' title='bbox 1700 2814 1898 2887; x_wconf 83' lang='lat' dir='ltr'>potes?</span> 
     </span>
    </p>
   </div>
   <div class='ocr_carea' id='block_1_46' title="bbox 290 2901 1899 2976">
    <p class='ocr_par' dir='ltr' id='par_1_46' title="bbox 290 2901 1899 2976">
     <span class='ocr_line' id='line_1_46' title="bbox 290 2901 1899 2976; baseline 0.002 -20"><span class='ocrx_word' id='word_1_331' title='bbox 290 2901 377 2957; x_wconf 75' lang='lat' dir='ltr'>Ex</span> <span class='ocrx_word' id='word_1_332' title='bbox 397 2917 505 2975; x_wconf 88' lang='lat' dir='ltr'>quo</span> <span class='ocrx_word' id='word_1_333' title='bbox 521 2901 672 2957; x_wconf 91' lang='lat' dir='ltr'>enim</span> <span class='ocrx_word' id='word_1_334' title='bbox 688 2901 791 2957; x_wconf 88' lang='lat' dir='ltr'>has</span> <span class='ocrx_word' id='word_1_335' title='bbox 808 2905 959 2957; x_wconf 90' lang='lat' dir='ltr'>artes</span> <span class='ocrx_word' id='word_1_336' title='bbox 980 2908 1149 2974; x_wconf 90' lang='lat' dir='ltr'>atque</span> <span class='ocrx_word' id='word_1_337' title='bbox 1162 2903 1279 2958; x_wconf 57' lang='lat' dir='ltr'>haec</span> <span class='ocrx_word' id='word_1_338' title='bbox 1293 2908 1513 2975; x_wconf 88' lang='lat' dir='ltr'>spectra</span> <span class='ocrx_word' id='word_1_339' title='bbox 1526 2919 1560 2958; x_wconf 88' lang='lat' dir='ltr'>a</span> <span class='ocrx_word' id='word_1_340' title='bbox 1578 2908 1679 2959; x_wconf 91' lang='lat' dir='ltr'>tua</span> <span class='ocrx_word' id='word_1_341' title='bbox 1692 2904 1899 2976; x_wconf 91' lang='lat' dir='ltr'>impro-</span> 
     </span>
    </p>
   </div>
   <div class='ocr_carea' id='block_1_47' title="bbox 288 2989 1898 3064">
    <p class='ocr_par' dir='ltr' id='par_1_47' title="bbox 288 2989 1898 3064">
     <span class='ocr_line' id='line_1_47' title="bbox 288 2989 1898 3064; baseline 0.002 -20"><span class='ocrx_word' id='word_1_342' title='bbox 288 2989 471 3046; x_wconf 83' lang='lat' dir='ltr'>bitate</span> <span class='ocrx_word' id='word_1_343' title='bbox 485 2991 757 3063; x_wconf 83' lang='lat' dir='ltr'>proficisci</span> <span class='ocrx_word' id='word_1_344' title='bbox 780 2991 1044 3064; x_wconf 90' lang='lat' dir='ltr'>comperi,</span> <span class='ocrx_word' id='word_1_345' title='bbox 1068 2992 1224 3047; x_wconf 90' lang='lat' dir='ltr'>nulla</span> <span class='ocrx_word' id='word_1_346' title='bbox 1238 2993 1359 3064; x_wconf 91' lang='lat' dir='ltr'>jam</span> <span class='ocrx_word' id='word_1_347' title='bbox 1374 2992 1505 3047; x_wconf 90' lang='lat' dir='ltr'>hinc</span> <span class='ocrx_word' id='word_1_348' title='bbox 1525 2992 1898 3049; x_wconf 91' lang='lat' dir='ltr'>sollicitudine</span> 
     </span>
    </p>
   </div>
   <div class='ocr_carea' id='block_1_48' title="bbox 284 3079 1893 3155">
    <p class='ocr_par' dir='ltr' id='par_1_48' title="bbox 284 3079 1893 3155">
     <span class='ocr_line' id='line_1_48' title="bbox 284 3079 1893 3155; baseline 0.002 -21"><span class='ocrx_word' id='word_1_349' title='bbox 284 3079 526 3147; x_wconf 75' lang='lat' dir='ltr'>afficior,</span> <span class='ocrx_word' id='word_1_350' title='bbox 558 3080 830 3137; x_wconf 90' lang='lat' dir='ltr'>Dominus</span> <span class='ocrx_word' id='word_1_351' title='bbox 873 3080 1013 3136; x_wconf 88' lang='lat' dir='ltr'>mihi</span> <span class='ocrx_word' id='word_1_352' title='bbox 1056 3082 1283 3153; x_wconf 87' lang='lat' dir='ltr'>adjutor</span> <span class='ocrx_word' id='word_1_353' title='bbox 1313 3101 1324 3137; x_wconf 91' lang='lat'><strong>:</strong></span> <span class='ocrx_word' id='word_1_354' title='bbox 1360 3088 1417 3137; x_wconf 92' lang='lat' dir='ltr'>et</span> <span class='ocrx_word' id='word_1_355' title='bbox 1445 3099 1546 3154; x_wconf 89' lang='lat' dir='ltr'>ego</span> <span class='ocrx_word' id='word_1_356' title='bbox 1586 3082 1893 3155; x_wconf 89' lang='lat' dir='ltr'>despiciam</span> 
     </span>
    </p>
   </div>
   <div class='ocr_carea' id='block_1_49' title="bbox 286 3170 1894 3244">
    <p class='ocr_par' dir='ltr' id='par_1_49' title="bbox 286 3170 1894 3244">
     <span class='ocr_line' id='line_1_49' title="bbox 286 3170 1894 3244; baseline 0.002 -19"><span class='ocrx_word' id='word_1_357' title='bbox 286 3170 548 3226; x_wconf 89' lang='lat' dir='ltr'>inimicos</span> <span class='ocrx_word' id='word_1_358' title='bbox 592 3187 747 3226; x_wconf 90' lang='lat' dir='ltr'>meos</span> <span class='ocrx_word' id='word_1_359' title='bbox 783 3172 947 3239; x_wconf 79' lang='lat' dir='ltr'>(Psal.</span> <span class='ocrx_word' id='word_1_360' title='bbox 999 3176 1187 3241; x_wconf 83' lang='lat' dir='ltr'>cxvn).</span> <span class='ocrx_word' id='word_1_361' title='bbox 1230 3172 1298 3226; x_wconf 89' lang='lat' dir='ltr'>Et</span> <span class='ocrx_word' id='word_1_362' title='bbox 1344 3188 1513 3244; x_wconf 88' lang='lat' dir='ltr'>super</span> <span class='ocrx_word' id='word_1_363' title='bbox 1552 3171 1805 3244; x_wconf 90' lang='lat' dir='ltr'>aspidem</span> <span class='ocrx_word' id='word_1_364' title='bbox 1836 3179 1894 3228; x_wconf 91' lang='lat' dir='ltr'>et</span> 
     </span>
    </p>
   </div>
   <div class='ocr_carea' id='block_1_50' title="bbox 288 3259 1892 3332">
    <p class='ocr_par' dir='ltr' id='par_1_50' title="bbox 288 3259 1892 3332">
     <span class='ocr_line' id='line_1_50' title="bbox 288 3259 1892 3332; baseline 0.001 -19"><span class='ocrx_word' id='word_1_365' title='bbox 288 3259 631 3324; x_wconf 87' lang='lat' dir='ltr'>basiliscum,</span> <span class='ocrx_word' id='word_1_366' title='bbox 664 3277 904 3332; x_wconf 88' lang='lat' dir='ltr'>quorum</span> <span class='ocrx_word' id='word_1_367' title='bbox 958 3260 1017 3315; x_wconf 87' lang='lat' dir='ltr'>in</span> <span class='ocrx_word' id='word_1_368' title='bbox 1074 3260 1505 3316; x_wconf 89' lang='lat' dir='ltr'>similitudinem</span> <span class='ocrx_word' id='word_1_369' title='bbox 1553 3260 1892 3332; x_wconf 82' lang='lat' dir='ltr'>expressisti,</span> 
     </span>
    </p>
   </div>
   <div class='ocr_carea' id='block_1_51' title="bbox 283 3348 1899 3422">
    <p class='ocr_par' dir='ltr' id='par_1_51' title="bbox 283 3348 1899 3422">
     <span class='ocr_line' id='line_1_51' title="bbox 283 3348 1899 3422; baseline 0.001 -18"><span class='ocrx_word' id='word_1_370' title='bbox 283 3348 609 3415; x_wconf 87' lang='lat' dir='ltr'>ambulabo,</span> <span class='ocrx_word' id='word_1_371' title='bbox 643 3356 813 3422; x_wconf 87' lang='lat' dir='ltr'>atque</span> <span class='ocrx_word' id='word_1_372' title='bbox 834 3350 1042 3407; x_wconf 91' lang='lat' dir='ltr'>Christi</span> <span class='ocrx_word' id='word_1_373' title='bbox 1071 3351 1323 3422; x_wconf 89' lang='lat' dir='ltr'>potentia</span> <span class='ocrx_word' id='word_1_374' title='bbox 1351 3348 1764 3417; x_wconf 87' lang='lat' dir='ltr'>corroboratus,</span> <span class='ocrx_word' id='word_1_375' title='bbox 1781 3350 1899 3405; x_wconf 90' lang='lat' dir='ltr'>leo-</span> 
     </span>
    </p>
   </div>
   <div class='ocr_carea' id='block_1_52' title="bbox 285 3439 1897 3512">
    <p class='ocr_par' dir='ltr' id='par_1_52' title="bbox 285 3439 1897 3512">
     <span class='ocr_line' id='line_1_52' title="bbox 285 3439 1897 3512; baseline 0.001 -18"><span class='ocrx_word' id='word_1_376' title='bbox 285 3455 423 3494; x_wconf 88' lang='lat' dir='ltr'>nem</span> <span class='ocrx_word' id='word_1_377' title='bbox 472 3445 531 3494; x_wconf 90' lang='lat' dir='ltr'>et</span> <span class='ocrx_word' id='word_1_378' title='bbox 578 3440 878 3495; x_wconf 86' lang='lat' dir='ltr'>draconem</span> <span class='ocrx_word' id='word_1_379' title='bbox 923 3439 1257 3497; x_wconf 89' lang='lat' dir='ltr'>conculcabo</span> <span class='ocrx_word' id='word_1_380' title='bbox 1301 3442 1467 3512; x_wconf 79' lang='lat' dir='ltr'>(Psal.</span> <span class='ocrx_word' id='word_1_381' title='bbox 1501 3442 1612 3510; x_wconf 87' lang='lat' dir='ltr'>xc).</span> <span class='ocrx_word' id='word_1_382' title='bbox 1646 3439 1897 3495; x_wconf 84' lang='lat' dir='ltr'>Confun-</span> 
     </span>
    </p>
   </div>
   <div class='ocr_carea' id='block_1_53' title="bbox 283 3528 1900 3597">
    <p class='ocr_par' dir='ltr' id='par_1_53' title="bbox 283 3528 1900 3597">
     <span class='ocr_line' id='line_1_53' title="bbox 283 3528 1900 3597; baseline 0.001 -14"><span class='ocrx_word' id='word_1_383' title='bbox 283 3528 502 3584; x_wconf 89' lang='lat' dir='ltr'>dantur</span> <span class='ocrx_word' id='word_1_384' title='bbox 529 3535 587 3585; x_wconf 84' lang='lat' dir='ltr'>et</span> <span class='ocrx_word' id='word_1_385' title='bbox 602 3529 1138 3585; x_wconf 90' lang='lat' dir='ltr'>erubescantomnes</span> <span class='ocrx_word' id='word_1_386' title='bbox 1166 3529 1377 3585; x_wconf 91' lang='lat' dir='ltr'>inimici</span> <span class='ocrx_word' id='word_1_387' title='bbox 1399 3529 1528 3597; x_wconf 91' lang='lat' dir='ltr'>mei,</span> <span class='ocrx_word' id='word_1_388' title='bbox 1556 3529 1900 3585; x_wconf 82' lang='lat' dir='ltr'>confundan-</span> 
     </span>
    </p>
   </div>
   <div class='ocr_carea' id='block_1_54' title="bbox 286 3618 1620 3690">
    <p class='ocr_par' dir='ltr' id='par_1_54' title="bbox 286 3618 1620 3690">
     <span class='ocr_line' id='line_1_54' title="bbox 286 3618 1620 3690; baseline 0 -18"><span class='ocrx_word' id='word_1_389' title='bbox 286 3624 388 3673; x_wconf 87' lang='lat' dir='ltr'>tur</span> <span class='ocrx_word' id='word_1_390' title='bbox 414 3624 475 3674; x_wconf 92' lang='lat' dir='ltr'>et</span> <span class='ocrx_word' id='word_1_391' title='bbox 493 3618 827 3675; x_wconf 84' lang='lat' dir='ltr'>erubescant</span> <span class='ocrx_word' id='word_1_392' title='bbox 852 3620 1014 3675; x_wconf 81' lang='lat' dir='ltr'>valde</span> <span class='ocrx_word' id='word_1_393' title='bbox 1041 3620 1304 3675; x_wconf 76' lang='lat' dir='ltr'>velociter</span> <span class='ocrx_word' id='word_1_394' title='bbox 1333 3621 1498 3688; x_wconf 81' lang='lat' dir='ltr'>(Psal.</span> <span class='ocrx_word' id='word_1_395' title='bbox 1530 3621 1620 3690; x_wconf 81' lang='lat' dir='ltr'>vi).</span> 
     </span>
    </p>
   </div>
   <div class='ocr_carea' id='block_1_55' title="bbox 363 3709 1896 3781">
    <p class='ocr_par' dir='ltr' id='par_1_55' title="bbox 363 3709 1896 3781">
     <span class='ocr_line' id='line_1_55' title="bbox 363 3709 1896 3781; baseline 0.001 -18"><span class='ocrx_word' id='word_1_396' title='bbox 363 3709 483 3763; x_wconf 85' lang='lat' dir='ltr'>Hac</span> <span class='ocrx_word' id='word_1_397' title='bbox 512 3710 766 3764; x_wconf 88' lang='lat' dir='ltr'>oratione</span> <span class='ocrx_word' id='word_1_398' title='bbox 796 3715 980 3777; x_wconf 72' lang='lat' dir='ltr'>utens,</span> <span class='ocrx_word' id='word_1_399' title='bbox 1014 3709 1304 3781; x_wconf 90' lang='lat' dir='ltr'>crucisque</span> <span class='ocrx_word' id='word_1_400' title='bbox 1332 3709 1513 3780; x_wconf 83' lang='lat' dir='ltr'>signo,</span> <span class='ocrx_word' id='word_1_401' title='bbox 1546 3710 1652 3764; x_wconf 87' lang='lat' dir='ltr'>hoc</span> <span class='ocrx_word' id='word_1_402' title='bbox 1680 3714 1765 3764; x_wconf 89' lang='lat' dir='ltr'>est</span> <span class='ocrx_word' id='word_1_403' title='bbox 1812 3709 1896 3764; x_wconf 88' lang='lat' dir='ltr'>in-</span> 
     </span>
    </p>
   </div>
   <div class='ocr_carea' id='block_1_56' title="bbox 284 3798 1896 3872">
    <p class='ocr_par' dir='ltr' id='par_1_56' title="bbox 284 3798 1896 3872">
     <span class='ocr_line' id='line_1_56' title="bbox 284 3798 1896 3872; baseline 0.002 -21"><span class='ocrx_word' id='word_1_404' title='bbox 284 3798 451 3853; x_wconf 82' lang='lat' dir='ltr'>victis</span> <span class='ocrx_word' id='word_1_405' title='bbox 471 3799 647 3853; x_wconf 88' lang='lat' dir='ltr'>armis</span> <span class='ocrx_word' id='word_1_406' title='bbox 673 3800 921 3871; x_wconf 85' lang='lat' dir='ltr'>seip‘sum</span> <span class='ocrx_word' id='word_1_407' title='bbox 945 3799 1191 3872; x_wconf 89' lang='lat' dir='ltr'>cingens,</span> <span class='ocrx_word' id='word_1_408' title='bbox 1226 3799 1417 3853; x_wconf 88' lang='lat' dir='ltr'>omnia</span> <span class='ocrx_word' id='word_1_409' title='bbox 1443 3798 1652 3854; x_wconf 91' lang='lat' dir='ltr'>diaboli</span> <span class='ocrx_word' id='word_1_410' title='bbox 1673 3803 1896 3871; x_wconf 88' lang='lat' dir='ltr'>spectra</span> 
     </span>
    </p>
   </div>
   <div class='ocr_carea' id='block_1_57' title="bbox 286 3887 1891 3961">
    <p class='ocr_par' dir='ltr' id='par_1_57' title="bbox 286 3887 1891 3961">
     <span class='ocr_line' id='line_1_57' title="bbox 286 3887 1891 3961; baseline 0 -18"><span class='ocrx_word' id='word_1_411' title='bbox 286 3888 460 3944; x_wconf 89' lang='lat' dir='ltr'>irrita</span> <span class='ocrx_word' id='word_1_412' title='bbox 485 3887 748 3944; x_wconf 88' lang='lat' dir='ltr'>reddidit.</span> <span class='ocrx_word' id='word_1_413' title='bbox 769 3887 1075 3944; x_wconf 87' lang='lat' dir='ltr'>Confestim</span> <span class='ocrx_word' id='word_1_414' title='bbox 1095 3888 1245 3943; x_wconf 90' lang='lat' dir='ltr'>enim</span> <span class='ocrx_word' id='word_1_415' title='bbox 1260 3887 1451 3943; x_wconf 63' lang='lat' dir='ltr'>bestia:</span> <span class='ocrx_word' id='word_1_416' title='bbox 1483 3904 1547 3942; x_wconf 92' lang='lat' dir='ltr'>ac</span> <span class='ocrx_word' id='word_1_417' title='bbox 1563 3889 1789 3961; x_wconf 90' lang='lat' dir='ltr'>reptilia</span> <span class='ocrx_word' id='word_1_418' title='bbox 1804 3889 1891 3943; x_wconf 88' lang='lat' dir='ltr'>in-</span> 
     </span>
    </p>
   </div>
   <div class='ocr_carea' id='block_1_58' title="bbox 283 3972 1885 4050">
    <p class='ocr_par' dir='ltr' id='par_1_58' title="bbox 283 3972 1885 4050">
     <span class='ocr_line' id='line_1_58' title="bbox 283 3972 1885 4050; baseline -0.002 -15"><span class='ocrx_word' id='word_1_419' title='bbox 283 3986 412 4035; x_wconf 83' lang='lat' dir='ltr'>star</span> <span class='ocrx_word' id='word_1_420' title='bbox 439 3978 582 4034; x_wconf 85' lang='lat' dir='ltr'>fumi</span> <span class='ocrx_word' id='word_1_421' title='bbox 601 3972 971 4045; x_wconf 78' lang='lat' dir='ltr'>evanuerunt,</span> <span class='ocrx_word' id='word_1_422' title='bbox 996 3984 1053 4033; x_wconf 91' lang='lat' dir='ltr'>et</span> <span class='ocrx_word' id='word_1_423' title='bbox 1066 3977 1209 4032; x_wconf 91' lang='lat' dir='ltr'>sicut</span> <span class='ocrx_word' id='word_1_424' title='bbox 1242 3978 1507 4033; x_wconf 89' lang='lat' dir='ltr'>ﬂuitcera</span> <span class='ocrx_word' id='word_1_425' title='bbox 1535 3978 1885 4050; x_wconf 90' lang='lat' dir='ltr'>afacieignis</span> 
     </span>
    </p>
   </div>
   <div class='ocr_carea' id='block_1_59' title="bbox 287 4067 1892 4139">
    <p class='ocr_par' dir='ltr' id='par_1_59' title="bbox 287 4067 1892 4139">
     <span class='ocr_line' id='line_1_59' title="bbox 287 4067 1892 4139; baseline 0 -16"><span class='ocrx_word' id='word_1_426' title='bbox 287 4070 461 4139; x_wconf 78' lang='lat' dir='ltr'>(Psal.</span> <span class='ocrx_word' id='word_1_427' title='bbox 485 4070 677 4137; x_wconf 83' lang='lat' dir='ltr'>van).</span> <span class='ocrx_word' id='word_1_428' title='bbox 716 4069 842 4139; x_wconf 91' lang='lat' dir='ltr'>Ipse</span> <span class='ocrx_word' id='word_1_429' title='bbox 864 4072 1054 4122; x_wconf 89' lang='lat' dir='ltr'>autem</span> <span class='ocrx_word' id='word_1_430' title='bbox 1084 4067 1292 4122; x_wconf 89' lang='lat' dir='ltr'>Christi</span> <span class='ocrx_word' id='word_1_431' title='bbox 1321 4067 1572 4139; x_wconf 89' lang='lat' dir='ltr'>potentia</span> <span class='ocrx_word' id='word_1_432' title='bbox 1593 4070 1892 4123; x_wconf 74' lang='lat' dir='ltr'>confirma-</span> 
     </span>
    </p>
   </div>
   <div class='ocr_carea' id='block_1_60' title="bbox 280 4156 1888 4229">
    <p class='ocr_par' dir='ltr' id='par_1_60' title="bbox 280 4156 1888 4229">
     <span class='ocr_line' id='line_1_60' title="bbox 280 4156 1888 4229; baseline 0.001 -17"><span class='ocrx_word' id='word_1_433' title='bbox 280 4158 536 4225; x_wconf 71' lang='lat' dir='ltr'>tus,lzeto</span> <span class='ocrx_word' id='word_1_434' title='bbox 551 4157 739 4212; x_wconf 91' lang='lat' dir='ltr'>animo</span> <span class='ocrx_word' id='word_1_435' title='bbox 760 4156 1237 4229; x_wconf 85' lang='lat' dir='ltr'>proﬁciscebatur,</span> <span class='ocrx_word' id='word_1_436' title='bbox 1261 4157 1490 4229; x_wconf 88' lang='lat' dir='ltr'>Deoque</span> <span class='ocrx_word' id='word_1_437' title='bbox 1510 4158 1723 4229; x_wconf 87' lang='lat' dir='ltr'>gratias</span> <span class='ocrx_word' id='word_1_438' title='bbox 1755 4175 1888 4229; x_wconf 88' lang='lat' dir='ltr'>age-</span> 
     </span>
    </p>
   </div>
   <div class='ocr_carea' id='block_1_61' title="bbox 280 4245 1887 4318">
    <p class='ocr_par' dir='ltr' id='par_1_61' title="bbox 280 4245 1887 4318">
     <span class='ocr_line' id='line_1_61' title="bbox 280 4245 1887 4318; baseline -0.001 -16"><span class='ocrx_word' id='word_1_439' title='bbox 280 4247 404 4303; x_wconf 80' lang='lat' dir='ltr'>bat.</span> <span class='ocrx_word' id='word_1_440' title='bbox 437 4247 515 4301; x_wconf 83' lang='lat' dir='ltr'>At</span> <span class='ocrx_word' id='word_1_441' title='bbox 558 4247 729 4301; x_wconf 87' lang='lat' dir='ltr'>etiam</span> <span class='ocrx_word' id='word_1_442' title='bbox 758 4247 1075 4318; x_wconf 89' lang='lat' dir='ltr'>complures</span> <span class='ocrx_word' id='word_1_443' title='bbox 1105 4263 1171 4301; x_wconf 90' lang='lat' dir='ltr'>ac</span> <span class='ocrx_word' id='word_1_444' title='bbox 1198 4246 1364 4301; x_wconf 62' lang='lat' dir='ltr'>varia;</span> <span class='ocrx_word' id='word_1_445' title='bbox 1392 4245 1600 4313; x_wconf 75' lang='lat' dir='ltr'>bestiae,</span> <span class='ocrx_word' id='word_1_446' title='bbox 1633 4246 1887 4318; x_wconf 88' lang='lat' dir='ltr'>variique</span> 
     </span>
    </p>
   </div>
   <div class='ocr_carea' id='block_1_62' title="bbox 275 4335 1891 4408">
    <p class='ocr_par' dir='ltr' id='par_1_62' title="bbox 275 4335 1891 4408">
     <span class='ocr_line' id='line_1_62' title="bbox 275 4335 1891 4408; baseline -0.001 -16"><span class='ocrx_word' id='word_1_447' title='bbox 275 4335 513 4408; x_wconf 75' lang='lat' dir='ltr'>generis</span> <span class='ocrx_word' id='word_1_448' title='bbox 524 4341 814 4407; x_wconf 86' lang='lat' dir='ltr'>serpentes</span> <span class='ocrx_word' id='word_1_449' title='bbox 830 4341 887 4391; x_wconf 91' lang='lat' dir='ltr'>et</span> <span class='ocrx_word' id='word_1_450' title='bbox 900 4336 1191 4404; x_wconf 87' lang='lat' dir='ltr'>dracones,</span> <span class='ocrx_word' id='word_1_451' title='bbox 1224 4352 1363 4407; x_wconf 92' lang='lat' dir='ltr'>quos</span> <span class='ocrx_word' id='word_1_452' title='bbox 1392 4336 1632 4391; x_wconf 91' lang='lat' dir='ltr'>solitudo</span> <span class='ocrx_word' id='word_1_453' title='bbox 1664 4335 1761 4391; x_wconf 90' lang='lat' dir='ltr'>illa</span> <span class='ocrx_word' id='word_1_454' title='bbox 1789 4352 1891 4391; x_wconf 88' lang='lat' dir='ltr'>nu-</span> 
     </span>
    </p>
   </div>
   <div class='ocr_carea' id='block_1_63' title="bbox 275 4425 1889 4498">
    <p class='ocr_par' dir='ltr' id='par_1_63' title="bbox 275 4425 1889 4498">
     <span class='ocr_line' id='line_1_63' title="bbox 275 4425 1889 4498; baseline -0.001 -17"><span class='ocrx_word' id='word_1_455' title='bbox 275 4425 512 4492; x_wconf 87' lang='lat' dir='ltr'>triebat,</span> <span class='ocrx_word' id='word_1_456' title='bbox 548 4426 655 4498; x_wconf 89' lang='lat' dir='ltr'>ipsi</span> <span class='ocrx_word' id='word_1_457' title='bbox 694 4432 1069 4493; x_wconf 83' lang='lat' dir='ltr'>occurrentes,</span> <span class='ocrx_word' id='word_1_458' title='bbox 1111 4442 1225 4481; x_wconf 91' lang='lat' dir='ltr'>non</span> <span class='ocrx_word' id='word_1_459' title='bbox 1261 4426 1383 4497; x_wconf 90' lang='lat' dir='ltr'>jam</span> <span class='ocrx_word' id='word_1_460' title='bbox 1409 4443 1511 4497; x_wconf 90' lang='lat' dir='ltr'>per</span> <span class='ocrx_word' id='word_1_461' title='bbox 1562 4426 1730 4480; x_wconf 89' lang='lat' dir='ltr'>inane</span> <span class='ocrx_word' id='word_1_462' title='bbox 1759 4442 1889 4497; x_wconf 91' lang='lat' dir='ltr'>spe-</span> 
     </span>
    </p>
   </div>
   <div class='ocr_carea' id='block_1_64' title="bbox 276 4514 1890 4588">
    <p class='ocr_par' dir='ltr' id='par_1_64' title="bbox 276 4514 1890 4588">
     <span class='ocr_line' id='line_1_64' title="bbox 276 4514 1890 4588; baseline -0.002 -17"><span class='ocrx_word' id='word_1_463' title='bbox 276 4516 599 4582; x_wconf 80' lang='lat' dir='ltr'>ctrum,sed</span> <span class='ocrx_word' id='word_1_464' title='bbox 629 4532 688 4570; x_wconf 90' lang='lat' dir='ltr'>re</span> <span class='ocrx_word' id='word_1_465' title='bbox 731 4531 859 4570; x_wconf 89' lang='lat' dir='ltr'>vera</span> <span class='ocrx_word' id='word_1_466' title='bbox 891 4515 961 4570; x_wconf 89' lang='lat' dir='ltr'>ab</span> <span class='ocrx_word' id='word_1_467' title='bbox 991 4515 1113 4588; x_wconf 89' lang='lat' dir='ltr'>ipso</span> <span class='ocrx_word' id='word_1_468' title='bbox 1132 4514 1523 4570; x_wconf 88' lang='lat' dir='ltr'>cernebantur.</span> <span class='ocrx_word' id='word_1_469' title='bbox 1559 4516 1638 4569; x_wconf 87' lang='lat' dir='ltr'>Ex</span> <span class='ocrx_word' id='word_1_470' title='bbox 1666 4532 1776 4586; x_wconf 90' lang='lat' dir='ltr'>quo</span> <span class='ocrx_word' id='word_1_471' title='bbox 1808 4515 1890 4569; x_wconf 91' lang='lat' dir='ltr'>cf-</span> 
     </span>
    </p>
   </div>
   <div class='ocr_carea' id='block_1_65' title="bbox 276 4604 1888 4677">
    <p class='ocr_par' dir='ltr' id='par_1_65' title="bbox 276 4604 1888 4677">
     <span class='ocr_line' id='line_1_65' title="bbox 276 4604 1888 4677; baseline -0.001 -16"><span class='ocrx_word' id='word_1_472' title='bbox 276 4604 584 4661; x_wconf 86' lang='lat' dir='ltr'>ﬁciebatur</span> <span class='ocrx_word' id='word_1_473' title='bbox 609 4610 675 4660; x_wconf 91' lang='lat' dir='ltr'>ut</span> <span class='ocrx_word' id='word_1_474' title='bbox 695 4609 879 4660; x_wconf 90' lang='lat' dir='ltr'>metus</span> <span class='ocrx_word' id='word_1_475' title='bbox 909 4604 1135 4677; x_wconf 91' lang='lat' dir='ltr'>quidem</span> <span class='ocrx_word' id='word_1_476' title='bbox 1164 4622 1230 4659; x_wconf 91' lang='lat' dir='ltr'>ac</span> <span class='ocrx_word' id='word_1_477' title='bbox 1256 4604 1464 4659; x_wconf 89' lang='lat' dir='ltr'>laboris</span> <span class='ocrx_word' id='word_1_478' title='bbox 1490 4604 1580 4659; x_wconf 87' lang='lat' dir='ltr'>via</span> <span class='ocrx_word' id='word_1_479' title='bbox 1610 4605 1776 4677; x_wconf 89' lang='lat' dir='ltr'>plena</span> <span class='ocrx_word' id='word_1_480' title='bbox 1806 4622 1888 4659; x_wconf 85' lang='lat' dir='ltr'>es-</span> 
     </span>
    </p>
   </div>
   <div class='ocr_carea' id='block_1_66' title="bbox 274 4690 1890 4763">
    <p class='ocr_par' dir='ltr' id='par_1_66' title="bbox 274 4690 1890 4763">
     <span class='ocr_line' id='line_1_66' title="bbox 274 4690 1890 4763; baseline 0 -18"><span class='ocrx_word' id='word_1_481' title='bbox 274 4698 389 4759; x_wconf 89' lang='lat' dir='ltr'>set,</span> <span class='ocrx_word' id='word_1_482' title='bbox 408 4691 534 4763; x_wconf 86' lang='lat' dir='ltr'>ipse</span> <span class='ocrx_word' id='word_1_483' title='bbox 561 4696 751 4745; x_wconf 90' lang='lat' dir='ltr'>autem</span> <span class='ocrx_word' id='word_1_484' title='bbox 781 4696 1086 4763; x_wconf 88' lang='lat' dir='ltr'>utrumque</span> <span class='ocrx_word' id='word_1_485' title='bbox 1116 4690 1305 4746; x_wconf 90' lang='lat' dir='ltr'>animo</span> <span class='ocrx_word' id='word_1_486' title='bbox 1332 4695 1391 4745; x_wconf 93' lang='lat' dir='ltr'>et</span> <span class='ocrx_word' id='word_1_487' title='bbox 1418 4690 1759 4762; x_wconf 89' lang='lat' dir='ltr'>cogitatione</span> <span class='ocrx_word' id='word_1_488' title='bbox 1790 4708 1890 4745; x_wconf 88' lang='lat' dir='ltr'>su-</span> 
     </span>
    </p>
   </div>
   <div class='ocr_carea' id='block_1_67' title="bbox 270 4780 1888 4853">
    <p class='ocr_par' dir='ltr' id='par_1_67' title="bbox 270 4780 1888 4853">
     <span class='ocr_line' id='line_1_67' title="bbox 270 4780 1888 4853; baseline -0.001 -17"><span class='ocrx_word' id='word_1_489' title='bbox 270 4786 533 4853; x_wconf 86' lang='lat' dir='ltr'>peraret.</span> <span class='ocrx_word' id='word_1_490' title='bbox 562 4781 709 4835; x_wconf 89' lang='lat' dir='ltr'>Nam</span> <span class='ocrx_word' id='word_1_491' title='bbox 737 4785 795 4835; x_wconf 90' lang='lat' dir='ltr'>et</span> <span class='ocrx_word' id='word_1_492' title='bbox 812 4785 1025 4836; x_wconf 89' lang='lat' dir='ltr'>metum</span> <span class='ocrx_word' id='word_1_493' title='bbox 1053 4780 1316 4847; x_wconf 89' lang='lat' dir='ltr'>charitas,</span> <span class='ocrx_word' id='word_1_494' title='bbox 1349 4786 1414 4835; x_wconf 93' lang='lat' dir='ltr'>ut</span> <span class='ocrx_word' id='word_1_495' title='bbox 1444 4780 1743 4852; x_wconf 71' lang='lat' dir='ltr'>Scriptura:</span> <span class='ocrx_word' id='word_1_496' title='bbox 1764 4797 1888 4835; x_wconf 89' lang='lat' dir='ltr'>ver-</span> 
     </span>
    </p>
   </div>
   <div class='ocr_carea' id='block_1_68' title="bbox 274 4869 1886 4941">
    <p class='ocr_par' dir='ltr' id='par_1_68' title="bbox 274 4869 1886 4941">
     <span class='ocr_line' id='line_1_68' title="bbox 274 4869 1886 4941; baseline 0.002 -17"><span class='ocrx_word' id='word_1_497' title='bbox 274 4870 365 4925; x_wconf 90' lang='lat' dir='ltr'>bis</span> <span class='ocrx_word' id='word_1_498' title='bbox 395 4875 551 4935; x_wconf 89' lang='lat' dir='ltr'>utar,</span> <span class='ocrx_word' id='word_1_499' title='bbox 580 4869 728 4925; x_wconf 83' lang='lat' dir='ltr'>foras</span> <span class='ocrx_word' id='word_1_500' title='bbox 757 4869 1017 4925; x_wconf 90' lang='lat' dir='ltr'>mittebat</span> <span class='ocrx_word' id='word_1_501' title='bbox 1044 4870 1261 4941; x_wconf 84' lang='lat' dir='ltr'>(IJoan.</span> <span class='ocrx_word' id='word_1_502' title='bbox 1290 4871 1380 4940; x_wconf 71' lang='grc' dir='ltr'>ιγ),</span> <span class='ocrx_word' id='word_1_503' title='bbox 1415 4875 1473 4925; x_wconf 92' lang='lat' dir='ltr'>et</span> <span class='ocrx_word' id='word_1_504' title='bbox 1501 4869 1754 4925; x_wconf 88' lang='lat' dir='ltr'>laborem</span> <span class='ocrx_word' id='word_1_505' title='bbox 1782 4887 1886 4927; x_wconf 85' lang='lat' dir='ltr'>cu-</span> 
     </span>
    </p>
   </div>
   <div class='ocr_carea' id='block_1_69' title="bbox 270 4959 1885 5034">
    <p class='ocr_par' dir='ltr' id='par_1_69' title="bbox 270 4959 1885 5034">
     <span class='ocr_line' id='line_1_69' title="bbox 270 4959 1885 5034; baseline 0 -17"><span class='ocrx_word' id='word_1_506' title='bbox 270 4961 493 5034; x_wconf 87' lang='lat' dir='ltr'>piditas</span> <span class='ocrx_word' id='word_1_507' title='bbox 520 4959 757 5015; x_wconf 82' lang='lat' dir='ltr'>levabat.</span> <span class='ocrx_word' id='word_1_508' title='bbox 781 4960 867 5015; x_wconf 83' lang='lat' dir='ltr'>Ad</span> <span class='ocrx_word' id='word_1_509' title='bbox 898 4960 1046 5015; x_wconf 91' lang='lat' dir='ltr'>hunc</span> <span class='ocrx_word' id='word_1_510' title='bbox 1060 4960 1252 5032; x_wconf 88' lang='lat' dir='ltr'>itaque</span> <span class='ocrx_word' id='word_1_511' title='bbox 1273 4960 1505 5015; x_wconf 90' lang='lat' dir='ltr'>modum</span> <span class='ocrx_word' id='word_1_512' title='bbox 1530 4977 1659 5016; x_wconf 90' lang='lat' dir='ltr'>cum</span> <span class='ocrx_word' id='word_1_513' title='bbox 1693 4962 1885 5017; x_wconf 88' lang='lat' dir='ltr'>multis</span> 
     </span>
    </p>
   </div>
   <div class='ocr_carea' id='block_1_70' title="bbox 274 5048 1887 5123">
    <p class='ocr_par' dir='ltr' id='par_1_70' title="bbox 274 5048 1887 5123">
     <span class='ocr_line' id='line_1_70' title="bbox 274 5048 1887 5123; baseline 0.001 -17"><span class='ocrx_word' id='word_1_514' title='bbox 274 5056 336 5106; x_wconf 91' lang='lat' dir='ltr'>et</span> <span class='ocrx_word' id='word_1_515' title='bbox 373 5050 554 5105; x_wconf 85' lang='lat' dir='ltr'>variis</span> <span class='ocrx_word' id='word_1_516' title='bbox 581 5048 997 5105; x_wconf 86' lang='lat' dir='ltr'>calamitatibus</span> <span class='ocrx_word' id='word_1_517' title='bbox 1040 5055 1097 5104; x_wconf 91' lang='lat' dir='ltr'>et</span> <span class='ocrx_word' id='word_1_518' title='bbox 1141 5049 1406 5105; x_wconf 72' lang='lat' dir='ltr'>aerumnis</span> <span class='ocrx_word' id='word_1_519' title='bbox 1452 5067 1554 5123; x_wconf 88' lang='lat' dir='ltr'>per</span> <span class='ocrx_word' id='word_1_520' title='bbox 1585 5051 1704 5107; x_wconf 93' lang='lat' dir='ltr'>dies</span> <span class='ocrx_word' id='word_1_521' title='bbox 1735 5052 1887 5108; x_wconf 88' lang='lat' dir='ltr'>haud</span> 
     </span>
    </p>
   </div>
   <div class='ocr_carea' id='block_1_71' title="bbox 270 5138 1884 5213">
    <p class='ocr_par' dir='ltr' id='par_1_71' title="bbox 270 5138 1884 5213">
     <span class='ocr_line' id='line_1_71' title="bbox 270 5138 1884 5213; baseline 0 -16"><span class='ocrx_word' id='word_1_522' title='bbox 270 5156 494 5213; x_wconf 85' lang='lat' dir='ltr'>paucos</span> <span class='ocrx_word' id='word_1_523' title='bbox 517 5139 869 5205; x_wconf 88' lang='lat' dir='ltr'>colluctatus,</span> <span class='ocrx_word' id='word_1_524' title='bbox 915 5139 986 5194; x_wconf 90' lang='lat' dir='ltr'>ad</span> <span class='ocrx_word' id='word_1_525' title='bbox 1017 5138 1468 5195; x_wconf 85' lang='lat' dir='ltr'>Sennaaritidem</span> <span class='ocrx_word' id='word_1_526' title='bbox 1500 5140 1655 5195; x_wconf 89' lang='lat' dir='ltr'>illam</span> <span class='ocrx_word' id='word_1_527' title='bbox 1686 5143 1884 5197; x_wconf 90' lang='lat' dir='ltr'>solitu-</span> 
     </span>
    </p>
   </div>
   <div class='ocr_carea' id='block_1_72' title="bbox 270 5228 1885 5302">
    <p class='ocr_par' dir='ltr' id='par_1_72' title="bbox 270 5228 1885 5302">
     <span class='ocr_line' id='line_1_72' title="bbox 270 5228 1885 5302; baseline 0.002 -17"><span class='ocrx_word' id='word_1_528' title='bbox 270 5232 478 5287; x_wconf 85' lang='lat' dir='ltr'>dinem</span> <span class='ocrx_word' id='word_1_529' title='bbox 525 5229 586 5285; x_wconf 90' lang='lat' dir='ltr'>in</span> <span class='ocrx_word' id='word_1_530' title='bbox 643 5245 756 5301; x_wconf 89' lang='lat' dir='ltr'>qua</span> <span class='ocrx_word' id='word_1_531' title='bbox 816 5230 1076 5285; x_wconf 87' lang='lat' dir='ltr'>Barlaam</span> <span class='ocrx_word' id='word_1_532' title='bbox 1132 5228 1425 5285; x_wconf 88' lang='lat' dir='ltr'>habitabat</span> <span class='ocrx_word' id='word_1_533' title='bbox 1459 5231 1731 5302; x_wconf 85' lang='lat' dir='ltr'>pervenit.</span> <span class='ocrx_word' id='word_1_534' title='bbox 1778 5232 1885 5289; x_wconf 91' lang='lat' dir='ltr'>Ubi</span> 
     </span>
    </p>
   </div>
   <div class='ocr_carea' id='block_1_73' title="bbox 268 5320 1565 5390">
    <p class='ocr_par' dir='ltr' id='par_1_73' title="bbox 268 5320 1565 5390">
     <span class='ocr_line' id='line_1_73' title="bbox 268 5320 1565 5390; baseline -0.002 -14"><span class='ocrx_word' id='word_1_535' title='bbox 268 5320 458 5376; x_wconf 87' lang='lat' dir='ltr'>etiam</span> <span class='ocrx_word' id='word_1_536' title='bbox 486 5334 696 5390; x_wconf 88' lang='lat' dir='ltr'>aquam</span> <span class='ocrx_word' id='word_1_537' title='bbox 725 5324 945 5383; x_wconf 85' lang='lat' dir='ltr'>nactus,</span> <span class='ocrx_word' id='word_1_538' title='bbox 972 5320 1262 5375; x_wconf 89' lang='lat' dir='ltr'>ﬂammam</span> <span class='ocrx_word' id='word_1_539' title='bbox 1290 5320 1565 5375; x_wconf 85' lang='lat' dir='ltr'>restinxit.</span> 
     </span>
    </p>
   </div>
   <div class='ocr_carea' id='block_1_74' title="bbox 353 5407 1884 5481">
    <p class='ocr_par' dir='ltr' id='par_1_74' title="bbox 353 5407 1884 5481">
     <span class='ocr_line' id='line_1_74' title="bbox 353 5407 1884 5481; baseline 0.003 -17"><span class='ocrx_word' id='word_1_540' title='bbox 353 5407 813 5465; x_wconf 69' lang='lat' dir='ltr'>CAP.XXXV&#39;III.</span> <span class='ocrx_word' id='word_1_541' title='bbox 841 5408 1187 5481; x_wconf 88' lang='lat' dir='ltr'>—Josaphat</span> <span class='ocrx_word' id='word_1_542' title='bbox 1213 5414 1406 5465; x_wconf 85' lang='lat' dir='ltr'>autem</span> <span class='ocrx_word' id='word_1_543' title='bbox 1430 5409 1722 5467; x_wconf 89' lang='lat' dir='ltr'>biennium</span> <span class='ocrx_word' id='word_1_544' title='bbox 1742 5412 1884 5469; x_wconf 83' lang='lat' dir='ltr'>inte-</span> 
     </span>
    </p>
   </div>
   <div class='ocr_carea' id='block_1_75' title="bbox 266 5496 1889 5571">
    <p class='ocr_par' dir='ltr' id='par_1_75' title="bbox 266 5496 1889 5571">
     <span class='ocr_line' id='line_1_75' title="bbox 266 5496 1889 5571; baseline 0.003 -18"><span class='ocrx_word' id='word_1_545' title='bbox 266 5513 453 5571; x_wconf 83' lang='lat' dir='ltr'>grum</span> <span class='ocrx_word' id='word_1_546' title='bbox 485 5496 545 5553; x_wconf 90' lang='lat' dir='ltr'>in</span> <span class='ocrx_word' id='word_1_547' title='bbox 574 5497 679 5553; x_wconf 89' lang='lat' dir='ltr'>hac</span> <span class='ocrx_word' id='word_1_548' title='bbox 711 5497 1030 5554; x_wconf 88' lang='lat' dir='ltr'>vastissima</span> <span class='ocrx_word' id='word_1_549' title='bbox 1074 5499 1375 5555; x_wconf 90' lang='lat' dir='ltr'>solitudine</span> <span class='ocrx_word' id='word_1_550' title='bbox 1408 5499 1631 5568; x_wconf 88' lang='lat' dir='ltr'>mansit,</span> <span class='ocrx_word' id='word_1_551' title='bbox 1667 5502 1775 5558; x_wconf 90' lang='lat' dir='ltr'>huc</span> <span class='ocrx_word' id='word_1_552' title='bbox 1807 5507 1889 5558; x_wconf 91' lang='lat' dir='ltr'>at-</span> 
     </span>
    </p>
   </div>
   <div class='ocr_carea' id='block_1_76' title="bbox 271 5585 1889 5664">
    <p class='ocr_par' dir='ltr' id='par_1_76' title="bbox 271 5585 1889 5664">
     <span class='ocr_line' id='line_1_76' title="bbox 271 5585 1889 5664; baseline 0.003 -20"><span class='ocrx_word' id='word_1_553' title='bbox 271 5604 394 5664; x_wconf 85' lang='lat' dir='ltr'>que</span> <span class='ocrx_word' id='word_1_554' title='bbox 424 5586 562 5643; x_wconf 88' lang='lat' dir='ltr'>illuc</span> <span class='ocrx_word' id='word_1_555' title='bbox 592 5585 880 5659; x_wconf 89' lang='lat' dir='ltr'>oberrans,</span> <span class='ocrx_word' id='word_1_556' title='bbox 914 5604 1017 5646; x_wconf 89' lang='lat' dir='ltr'>nec</span> <span class='ocrx_word' id='word_1_557' title='bbox 1042 5587 1403 5647; x_wconf 88' lang='lat' dir='ltr'>Barlaamum</span> <span class='ocrx_word' id='word_1_558' title='bbox 1432 5589 1739 5662; x_wconf 90' lang='lat' dir='ltr'>inveniens,</span> <span class='ocrx_word' id='word_1_559' title='bbox 1772 5592 1889 5650; x_wconf 90' lang='lat' dir='ltr'>Deo</span> 
     </span>
    </p>
   </div>
   <div class='ocr_carea' id='block_1_77' title="bbox 1987 1827 3596 1900">
    <p class='ocr_par' dir='ltr' id='par_1_77' title="bbox 1987 1827 3596 1900">
     <span class='ocr_line' id='line_1_77' title="bbox 1987 1827 3596 1900; baseline 0.002 -20"><span class='ocrx_word' id='word_1_560' title='bbox 1987 1827 2422 1894; x_wconf 86' lang='lat' dir='ltr'>consolationes,</span> <span class='ocrx_word' id='word_1_561' title='bbox 2460 1832 2580 1881; x_wconf 90' lang='lat' dir='ltr'>tam</span> <span class='ocrx_word' id='word_1_562' title='bbox 2611 1833 2781 1881; x_wconf 90' lang='lat' dir='ltr'>noctu</span> <span class='ocrx_word' id='word_1_563' title='bbox 2816 1842 2987 1898; x_wconf 88' lang='lat' dir='ltr'>quam</span> <span class='ocrx_word' id='word_1_564' title='bbox 3011 1827 3107 1881; x_wconf 91' lang='lat' dir='ltr'>diu</span> <span class='ocrx_word' id='word_1_565' title='bbox 3135 1827 3388 1883; x_wconf 89' lang='lat' dir='ltr'>animum</span> <span class='ocrx_word' id='word_1_566' title='bbox 3419 1827 3596 1900; x_wconf 93' lang='lat' dir='ltr'>ipsius</span> 
     </span>
    </p>
   </div>
   <div class='ocr_carea' id='block_1_78' title="bbox 1986 1915 3593 1985">
    <p class='ocr_par' dir='ltr' id='par_1_78' title="bbox 1986 1915 3593 1985">
     <span class='ocr_line' id='line_1_78' title="bbox 1986 1915 3593 1985; baseline 0.002 -16"><span class='ocrx_word' id='word_1_567' title='bbox 1986 1915 2395 1971; x_wconf 85' lang='lat' dir='ltr'>exhilarabant.</span> <span class='ocrx_word' id='word_1_568' title='bbox 2425 1915 2690 1972; x_wconf 81' lang='lat' dir='ltr'>Confecto</span> <span class='ocrx_word' id='word_1_569' title='bbox 2711 1920 2903 1971; x_wconf 89' lang='lat' dir='ltr'>autem</span> <span class='ocrx_word' id='word_1_570' title='bbox 2933 1915 3146 1971; x_wconf 91' lang='lat' dir='ltr'>biennii</span> <span class='ocrx_word' id='word_1_571' title='bbox 3175 1916 3472 1985; x_wconf 89' lang='lat' dir='ltr'>curriculo,</span> <span class='ocrx_word' id='word_1_572' title='bbox 3497 1917 3593 1973; x_wconf 87' lang='lat' dir='ltr'>Jo-</span> 
     </span>
    </p>
   </div>
   <div class='ocr_carea' id='block_1_79' title="bbox 1984 2004 3596 2079">
    <p class='ocr_par' dir='ltr' id='par_1_79' title="bbox 1984 2004 3596 2079">
     <span class='ocr_line' id='line_1_79' title="bbox 1984 2004 3596 2079; baseline 0.002 -21"><span class='ocrx_word' id='word_1_573' title='bbox 1984 2005 2186 2077; x_wconf 88' lang='lat' dir='ltr'>saphat</span> <span class='ocrx_word' id='word_1_574' title='bbox 2218 2004 2446 2077; x_wconf 90' lang='lat' dir='ltr'>quidem</span> <span class='ocrx_word' id='word_1_575' title='bbox 2483 2010 2754 2077; x_wconf 88' lang='lat' dir='ltr'>perpetuo</span> <span class='ocrx_word' id='word_1_576' title='bbox 2775 2004 3126 2072; x_wconf 86' lang='lat' dir='ltr'>circumibat,</span> <span class='ocrx_word' id='word_1_577' title='bbox 3151 2022 3283 2060; x_wconf 91' lang='lat' dir='ltr'>eum</span> <span class='ocrx_word' id='word_1_578' title='bbox 3313 2022 3482 2079; x_wconf 92' lang='lat' dir='ltr'>quem</span> <span class='ocrx_word' id='word_1_579' title='bbox 3507 2024 3596 2061; x_wconf 88' lang='lat' dir='ltr'>ex-</span> 
     </span>
    </p>
   </div>
   <div class='ocr_carea' id='block_1_80' title="bbox 1983 2094 3595 2167">
    <p class='ocr_par' dir='ltr' id='par_1_80' title="bbox 1983 2094 3595 2167">
     <span class='ocr_line' id='line_1_80' title="bbox 1983 2094 3595 2167; baseline 0.001 -18"><span class='ocrx_word' id='word_1_580' title='bbox 1983 2094 2218 2166; x_wconf 89' lang='lat' dir='ltr'>petebat</span> <span class='ocrx_word' id='word_1_581' title='bbox 2237 2110 2515 2166; x_wconf 70' lang='lat' dir='ltr'>quaerens,</span> <span class='ocrx_word' id='word_1_582' title='bbox 2534 2100 2705 2167; x_wconf 89' lang='lat' dir='ltr'>atque</span> <span class='ocrx_word' id='word_1_583' title='bbox 2735 2094 2806 2149; x_wconf 92' lang='lat' dir='ltr'>ad</span> <span class='ocrx_word' id='word_1_584' title='bbox 2836 2095 3012 2149; x_wconf 91' lang='lat' dir='ltr'>Deum</span> <span class='ocrx_word' id='word_1_585' title='bbox 3043 2095 3323 2167; x_wconf 86' lang='lat' dir='ltr'>lacrymas</span> <span class='ocrx_word' id='word_1_586' title='bbox 3346 2095 3595 2151; x_wconf 88' lang='lat' dir='ltr'>ﬂuminis</span> 
     </span>
    </p>
   </div>
   <div class='ocr_carea' id='block_1_81' title="bbox 1982 2183 3593 2256">
    <p class='ocr_par' dir='ltr' id='par_1_81' title="bbox 1982 2183 3593 2256">
     <span class='ocr_line' id='line_1_81' title="bbox 1982 2183 3593 2256; baseline 0.002 -18"><span class='ocrx_word' id='word_1_587' title='bbox 1982 2184 2167 2239; x_wconf 90' lang='lat' dir='ltr'>instar</span> <span class='ocrx_word' id='word_1_588' title='bbox 2196 2184 2563 2256; x_wconf 87' lang='lat' dir='ltr'>profundens,</span> <span class='ocrx_word' id='word_1_589' title='bbox 2617 2183 2996 2239; x_wconf 88' lang='lat' dir='ltr'>meditabatur</span> <span class='ocrx_word' id='word_1_590' title='bbox 3022 2184 3304 2239; x_wconf 89' lang='lat' dir='ltr'>clamans:</span> <span class='ocrx_word' id='word_1_591' title='bbox 3347 2184 3593 2241; x_wconf 89' lang='lat' dir='ltr'>Ostende</span> 
     </span>
    </p>
   </div>
   <div class='ocr_carea' id='block_1_82' title="bbox 1981 2272 3587 2344">
    <p class='ocr_par' dir='ltr' id='par_1_82' title="bbox 1981 2272 3587 2344">
     <span class='ocr_line' id='line_1_82' title="bbox 1981 2272 3587 2344; baseline 0.001 -16"><span class='ocrx_word' id='word_1_592' title='bbox 1981 2272 2139 2341; x_wconf 89' lang='lat' dir='ltr'>mihi,</span> <span class='ocrx_word' id='word_1_593' title='bbox 2173 2274 2429 2341; x_wconf 89' lang='lat' dir='ltr'>Domine,</span> <span class='ocrx_word' id='word_1_594' title='bbox 2465 2276 2657 2341; x_wconf 57' lang='grc' dir='ltr'>οδε</span> <span class='ocrx_word' id='word_1_595' title='bbox 2688 2272 2848 2339; x_wconf 90' lang='lat' dir='ltr'>mihi,</span> <span class='ocrx_word' id='word_1_596' title='bbox 2897 2273 3152 2344; x_wconf 91' lang='lat' dir='ltr'>inquam,</span> <span class='ocrx_word' id='word_1_597' title='bbox 3187 2289 3316 2328; x_wconf 90' lang='lat' dir='ltr'>eum</span> <span class='ocrx_word' id='word_1_598' title='bbox 3337 2275 3587 2343; x_wconf 81' lang='lat' dir='ltr'>ostende,</span> 
     </span>
    </p>
   </div>
   <div class='ocr_carea' id='block_1_83' title="bbox 1980 2361 3590 2433">
    <p class='ocr_par' dir='ltr' id='par_1_83' title="bbox 1980 2361 3590 2433">
     <span class='ocr_line' id='line_1_83' title="bbox 1980 2361 3590 2433; baseline 0.001 -16"><span class='ocrx_word' id='word_1_599' title='bbox 1980 2362 2077 2433; x_wconf 92' lang='lat' dir='ltr'>qui</span> <span class='ocrx_word' id='word_1_600' title='bbox 2121 2362 2262 2417; x_wconf 91' lang='lat' dir='ltr'>mihi</span> <span class='ocrx_word' id='word_1_601' title='bbox 2301 2362 2386 2417; x_wconf 90' lang='lat' dir='ltr'>tui</span> <span class='ocrx_word' id='word_1_602' title='bbox 2416 2362 2662 2417; x_wconf 89' lang='lat' dir='ltr'>nominis</span> <span class='ocrx_word' id='word_1_603' title='bbox 2711 2361 3088 2433; x_wconf 90' lang='lat' dir='ltr'>cognitionem</span> <span class='ocrx_word' id='word_1_604' title='bbox 3142 2378 3207 2418; x_wconf 87' lang='lat' dir='ltr'>ac</span> <span class='ocrx_word' id='word_1_605' title='bbox 3252 2367 3414 2418; x_wconf 87' lang='lat' dir='ltr'>tanta</span> <span class='ocrx_word' id='word_1_606' title='bbox 3444 2362 3590 2418; x_wconf 91' lang='lat' dir='ltr'>bona</span> 
     </span>
    </p>
   </div>
   <div class='ocr_carea' id='block_1_84' title="bbox 1979 2451 3591 2524">
    <p class='ocr_par' dir='ltr' id='par_1_84' title="bbox 1979 2451 3591 2524">
     <span class='ocr_line' id='line_1_84' title="bbox 1979 2451 3591 2524; baseline 0 -17"><span class='ocrx_word' id='word_1_607' title='bbox 1979 2451 2311 2518; x_wconf 89' lang='lat' dir='ltr'>conciliavit,</span> <span class='ocrx_word' id='word_1_608' title='bbox 2342 2467 2447 2507; x_wconf 91' lang='lat' dir='ltr'>nec</span> <span class='ocrx_word' id='word_1_609' title='bbox 2478 2455 2710 2523; x_wconf 92' lang='lat' dir='ltr'>propter</span> <span class='ocrx_word' id='word_1_610' title='bbox 2739 2457 3097 2524; x_wconf 86' lang='lat' dir='ltr'>peccatorum</span> <span class='ocrx_word' id='word_1_611' title='bbox 3117 2468 3372 2507; x_wconf 90' lang='lat' dir='ltr'>meorum</span> <span class='ocrx_word' id='word_1_612' title='bbox 3402 2452 3591 2508; x_wconf 87' lang='lat' dir='ltr'>multi-</span> 
     </span>
    </p>
   </div>
   <div class='ocr_carea' id='block_1_85' title="bbox 1979 2540 3584 2613">
    <p class='ocr_par' dir='ltr' id='par_1_85' title="bbox 1979 2540 3584 2613">
     <span class='ocr_line' id='line_1_85' title="bbox 1979 2540 3584 2613; baseline 0.001 -17"><span class='ocrx_word' id='word_1_613' title='bbox 1979 2542 2236 2596; x_wconf 89' lang='lat' dir='ltr'>tudinem</span> <span class='ocrx_word' id='word_1_614' title='bbox 2263 2546 2423 2596; x_wconf 87' lang='lat' dir='ltr'>tanto</span> <span class='ocrx_word' id='word_1_615' title='bbox 2452 2540 2597 2596; x_wconf 92' lang='lat' dir='ltr'>bono</span> <span class='ocrx_word' id='word_1_616' title='bbox 2625 2558 2715 2596; x_wconf 90' lang='lat' dir='ltr'>me</span> <span class='ocrx_word' id='word_1_617' title='bbox 2736 2542 2926 2613; x_wconf 90' lang='lat' dir='ltr'>priva;</span> <span class='ocrx_word' id='word_1_618' title='bbox 2952 2558 3149 2597; x_wconf 91' lang='lat' dir='ltr'>verum</span> <span class='ocrx_word' id='word_1_619' title='bbox 3187 2541 3295 2596; x_wconf 91' lang='lat' dir='ltr'>hoc</span> <span class='ocrx_word' id='word_1_620' title='bbox 3323 2543 3584 2610; x_wconf 90' lang='lat' dir='ltr'>concede,</span> 
     </span>
    </p>
   </div>
   <div class='ocr_carea' id='block_1_86' title="bbox 1981 2630 3585 2703">
    <p class='ocr_par' dir='ltr' id='par_1_86' title="bbox 1981 2630 3585 2703">
     <span class='ocr_line' id='line_1_86' title="bbox 1981 2630 3585 2703; baseline 0.001 -16"><span class='ocrx_word' id='word_1_621' title='bbox 1981 2636 2046 2687; x_wconf 92' lang='lat' dir='ltr'>ut</span> <span class='ocrx_word' id='word_1_622' title='bbox 2078 2635 2135 2686; x_wconf 90' lang='lat' dir='ltr'>et</span> <span class='ocrx_word' id='word_1_623' title='bbox 2171 2630 2347 2703; x_wconf 91' lang='lat' dir='ltr'>ipsius</span> <span class='ocrx_word' id='word_1_624' title='bbox 2377 2635 2678 2701; x_wconf 90' lang='lat' dir='ltr'>conspectu</span> <span class='ocrx_word' id='word_1_625' title='bbox 2720 2630 2895 2698; x_wconf 89' lang='lat' dir='ltr'>fruar,</span> <span class='ocrx_word' id='word_1_626' title='bbox 2928 2636 2984 2686; x_wconf 93' lang='lat' dir='ltr'>et</span> <span class='ocrx_word' id='word_1_627' title='bbox 3017 2631 3168 2687; x_wconf 87' lang='lat' dir='ltr'>idem</span> <span class='ocrx_word' id='word_1_628' title='bbox 3200 2648 3329 2688; x_wconf 92' lang='lat' dir='ltr'>cum</span> <span class='ocrx_word' id='word_1_629' title='bbox 3359 2648 3423 2686; x_wconf 91' lang='lat' dir='ltr'>eo</span> <span class='ocrx_word' id='word_1_630' title='bbox 3451 2631 3585 2688; x_wconf 87' lang='lat' dir='ltr'>reli-</span> 
     </span>
    </p>
   </div>
   <div class='ocr_carea' id='block_1_87' title="bbox 1977 2719 3181 2791">
    <p class='ocr_par' dir='ltr' id='par_1_87' title="bbox 1977 2719 3181 2791">
     <span class='ocr_line' id='line_1_87' title="bbox 1977 2719 3181 2791; baseline 0.001 -16"><span class='ocrx_word' id='word_1_631' title='bbox 1977 2720 2149 2791; x_wconf 73' lang='lat' dir='ltr'>giosae</span> <span class='ocrx_word' id='word_1_632' title='bbox 2180 2719 2595 2775; x_wconf 81' lang='lat' dir='ltr'>exercitationis</span> <span class='ocrx_word' id='word_1_633' title='bbox 2620 2725 2908 2775; x_wconf 87' lang='lat' dir='ltr'>certamen</span> <span class='ocrx_word' id='word_1_634' title='bbox 2933 2720 3181 2777; x_wconf 91' lang='lat' dir='ltr'>subeam.</span> 
     </span>
    </p>
   </div>
   <div class='ocr_carea' id='block_1_88' title="bbox 2048 2854 3572 2928">
    <p class='ocr_par' dir='ltr' id='par_1_88' title="bbox 2048 2854 3572 2928">
     <span class='ocr_line' id='line_1_88' title="bbox 2048 2854 3572 2928; baseline 0.004 -20"><span class='ocrx_word' id='word_1_635' title='bbox 2048 2854 2150 2909; x_wconf 92' lang='lat' dir='ltr'>Dei</span> <span class='ocrx_word' id='word_1_636' title='bbox 2192 2859 2385 2909; x_wconf 90' lang='lat' dir='ltr'>autem</span> <span class='ocrx_word' id='word_1_637' title='bbox 2423 2854 2611 2910; x_wconf 89' lang='lat' dir='ltr'>favore</span> <span class='ocrx_word' id='word_1_638' title='bbox 2639 2856 2963 2927; x_wconf 89' lang='lat' dir='ltr'>speluncam</span> <span class='ocrx_word' id='word_1_639' title='bbox 2991 2857 3297 2928; x_wconf 90' lang='lat' dir='ltr'>quamdam</span> <span class='ocrx_word' id='word_1_640' title='bbox 3338 2857 3572 2925; x_wconf 89' lang='lat' dir='ltr'>invenit,</span> 
     </span>
    </p>
   </div>
   <div class='ocr_carea' id='block_1_89' title="bbox 1978 2943 3585 3017">
    <p class='ocr_par' dir='ltr' id='par_1_89' title="bbox 1978 2943 3585 3017">
     <span class='ocr_line' id='line_1_89' title="bbox 1978 2943 3585 3017; baseline 0.003 -19"><span class='ocrx_word' id='word_1_641' title='bbox 1978 2944 2356 3016; x_wconf 87' lang='lat' dir='ltr'>pervestigata</span> <span class='ocrx_word' id='word_1_642' title='bbox 2390 2943 2650 2999; x_wconf 90' lang='lat' dir='ltr'>videlicet</span> <span class='ocrx_word' id='word_1_643' title='bbox 2681 2961 2885 3000; x_wconf 87' lang='lat' dir='ltr'>eorum</span> <span class='ocrx_word' id='word_1_644' title='bbox 2914 2962 3012 3017; x_wconf 79' lang='lat' dir='ltr'>qui</span> <span class='ocrx_word' id='word_1_645' title='bbox 3038 2962 3106 3001; x_wconf 90' lang='lat' dir='ltr'>eo</span> <span class='ocrx_word' id='word_1_646' title='bbox 3133 2963 3194 3002; x_wconf 90' lang='lat' dir='ltr'>se</span> <span class='ocrx_word' id='word_1_647' title='bbox 3224 2947 3585 3004; x_wconf 89' lang='lat' dir='ltr'>conferebant</span> 
     </span>
    </p>
   </div>
   <div class='ocr_carea' id='block_1_90' title="bbox 1979 3033 3582 3107">
    <p class='ocr_par' dir='ltr' id='par_1_90' title="bbox 1979 3033 3582 3107">
     <span class='ocr_line' id='line_1_90' title="bbox 1979 3033 3582 3107; baseline 0.003 -19"><span class='ocrx_word' id='word_1_648' title='bbox 1979 3033 2207 3102; x_wconf 88' lang='lat' dir='ltr'>semita;</span> <span class='ocrx_word' id='word_1_649' title='bbox 2241 3040 2411 3106; x_wconf 88' lang='lat' dir='ltr'>atque</span> <span class='ocrx_word' id='word_1_650' title='bbox 2433 3034 2770 3089; x_wconf 88' lang='lat' dir='ltr'>monachum</span> <span class='ocrx_word' id='word_1_651' title='bbox 2793 3035 3094 3107; x_wconf 88' lang='lat' dir='ltr'>quemdam</span> <span class='ocrx_word' id='word_1_652' title='bbox 3114 3036 3431 3092; x_wconf 88' lang='lat' dir='ltr'>solitarium</span> <span class='ocrx_word' id='word_1_653' title='bbox 3458 3037 3582 3093; x_wconf 73' lang='lat' dir='ltr'>vitm</span> 
     </span>
    </p>
   </div>
   <div class='ocr_carea' id='block_1_91' title="bbox 1913 3123 3581 3196">
    <p class='ocr_par' dir='ltr' id='par_1_91' title="bbox 1913 3123 3581 3196">
     <span class='ocr_line' id='line_1_91' title="bbox 1913 3123 3581 3196; baseline 0.001 -17"><span class='ocrx_word' id='word_1_654' title='bbox 1913 3131 1959 3195; x_wconf 74' lang='grc' dir='ltr'><strong>ί]</strong></span> <span class='ocrx_word' id='word_1_655' title='bbox 1980 3140 2160 3195; x_wconf 87' lang='lat' dir='ltr'>genus</span> <span class='ocrx_word' id='word_1_656' title='bbox 2186 3123 2465 3179; x_wconf 90' lang='lat' dir='ltr'>colentem</span> <span class='ocrx_word' id='word_1_657' title='bbox 2494 3123 2857 3192; x_wconf 89' lang='lat' dir='ltr'>nanciscitur,</span> <span class='ocrx_word' id='word_1_658' title='bbox 2892 3141 3133 3196; x_wconf 90' lang='lat' dir='ltr'>eumque</span> <span class='ocrx_word' id='word_1_659' title='bbox 3162 3126 3409 3181; x_wconf 83' lang='lat' dir='ltr'>maximo</span> <span class='ocrx_word' id='word_1_660' title='bbox 3451 3142 3581 3181; x_wconf 92' lang='lat' dir='ltr'>cum</span> 
     </span>
    </p>
   </div>
   <div class='ocr_carea' id='block_1_92' title="bbox 1979 3212 3579 3284">
    <p class='ocr_par' dir='ltr' id='par_1_92' title="bbox 1979 3212 3579 3284">
     <span class='ocr_line' id='line_1_92' title="bbox 1979 3212 3579 3284; baseline 0.002 -16"><span class='ocrx_word' id='word_1_661' title='bbox 1979 3213 2154 3268; x_wconf 88' lang='lat' dir='ltr'>animi</span> <span class='ocrx_word' id='word_1_662' title='bbox 2181 3212 2396 3267; x_wconf 86' lang='lat' dir='ltr'>fervore</span> <span class='ocrx_word' id='word_1_663' title='bbox 2420 3213 2742 3284; x_wconf 86' lang='lat' dir='ltr'>complexus</span> <span class='ocrx_word' id='word_1_664' title='bbox 2767 3218 2825 3268; x_wconf 92' lang='lat' dir='ltr'>et</span> <span class='ocrx_word' id='word_1_665' title='bbox 2852 3215 3155 3282; x_wconf 88' lang='lat' dir='ltr'>osculatus,</span> <span class='ocrx_word' id='word_1_666' title='bbox 3182 3214 3413 3270; x_wconf 88' lang='lat' dir='ltr'>ubinam</span> <span class='ocrx_word' id='word_1_667' title='bbox 3438 3214 3579 3271; x_wconf 89' lang='lat' dir='ltr'>Bar-</span> 
     </span>
    </p>
   </div>
   <div class='ocr_carea' id='block_1_93' title="bbox 1981 3301 3581 3377">
    <p class='ocr_par' dir='ltr' id='par_1_93' title="bbox 1981 3301 3581 3377">
     <span class='ocr_line' id='line_1_93' title="bbox 1981 3301 3581 3377; baseline 0.003 -21"><span class='ocrx_word' id='word_1_668' title='bbox 1981 3303 2130 3357; x_wconf 86' lang='lat' dir='ltr'>laam</span> <span class='ocrx_word' id='word_1_669' title='bbox 2170 3301 2470 3369; x_wconf 91' lang='lat' dir='ltr'>habitaret,</span> <span class='ocrx_word' id='word_1_670' title='bbox 2503 3302 2912 3370; x_wconf 86' lang='lat' dir='ltr'>sciscitabatur,</span> <span class='ocrx_word' id='word_1_671' title='bbox 2945 3304 3226 3375; x_wconf 88' lang='lat' dir='ltr'>simulque</span> <span class='ocrx_word' id='word_1_672' title='bbox 3252 3303 3361 3377; x_wconf 89' lang='lat' dir='ltr'>ipsi</span> <span class='ocrx_word' id='word_1_673' title='bbox 3389 3320 3581 3361; x_wconf 91' lang='lat' dir='ltr'>rerum</span> 
     </span>
    </p>
   </div>
   <div class='ocr_carea' id='block_1_94' title="bbox 1980 3391 3578 3466">
    <p class='ocr_par' dir='ltr' id='par_1_94' title="bbox 1980 3391 3578 3466">
     <span class='ocr_line' id='line_1_94' title="bbox 1980 3391 3578 3466; baseline 0.003 -20"><span class='ocrx_word' id='word_1_674' title='bbox 1980 3408 2213 3447; x_wconf 90' lang='lat' dir='ltr'>suarum</span> <span class='ocrx_word' id='word_1_675' title='bbox 2244 3396 2455 3448; x_wconf 89' lang='lat' dir='ltr'>statum</span> <span class='ocrx_word' id='word_1_676' title='bbox 2470 3391 2746 3465; x_wconf 86' lang='lat' dir='ltr'>exposuit.</span> <span class='ocrx_word' id='word_1_677' title='bbox 2772 3393 2916 3447; x_wconf 90' lang='lat' dir='ltr'>Cum</span> <span class='ocrx_word' id='word_1_678' title='bbox 2934 3392 3110 3464; x_wconf 89' lang='lat' dir='ltr'>igitur</span> <span class='ocrx_word' id='word_1_679' title='bbox 3127 3411 3197 3450; x_wconf 86' lang='lat' dir='ltr'>ex</span> <span class='ocrx_word' id='word_1_680' title='bbox 3218 3394 3342 3466; x_wconf 92' lang='lat' dir='ltr'>ipso</span> <span class='ocrx_word' id='word_1_681' title='bbox 3361 3393 3457 3450; x_wconf 89' lang='lat' dir='ltr'>ubi</span> <span class='ocrx_word' id='word_1_682' title='bbox 3478 3395 3578 3451; x_wconf 90' lang='lat' dir='ltr'>viri</span> 
     </span>
    </p>
   </div>
   <div class='ocr_carea' id='block_1_95' title="bbox 1980 3480 3578 3554">
    <p class='ocr_par' dir='ltr' id='par_1_95' title="bbox 1980 3480 3578 3554">
     <span class='ocr_line' id='line_1_95' title="bbox 1980 3480 3578 3554; baseline 0.003 -18"><span class='ocrx_word' id='word_1_683' title='bbox 1980 3481 2134 3536; x_wconf 90' lang='lat' dir='ltr'>illius</span> <span class='ocrx_word' id='word_1_684' title='bbox 2162 3498 2330 3554; x_wconf 89' lang='lat' dir='ltr'>quem</span> <span class='ocrx_word' id='word_1_685' title='bbox 2376 3480 2662 3553; x_wconf 78' lang='lat' dir='ltr'>quaerebat</span> <span class='ocrx_word' id='word_1_686' title='bbox 2693 3482 2896 3537; x_wconf 90' lang='lat' dir='ltr'>domus</span> <span class='ocrx_word' id='word_1_687' title='bbox 2922 3488 3069 3538; x_wconf 86' lang='lat' dir='ltr'>esset</span> <span class='ocrx_word' id='word_1_688' title='bbox 3095 3483 3478 3547; x_wconf 81' lang='lat' dir='ltr'>intellexisset,</span> <span class='ocrx_word' id='word_1_689' title='bbox 3511 3501 3578 3540; x_wconf 92' lang='lat' dir='ltr'>eo</span> 
     </span>
    </p>
   </div>
   <div class='ocr_carea' id='block_1_96' title="bbox 1982 3570 3578 3645">
    <p class='ocr_par' dir='ltr' id='par_1_96' title="bbox 1982 3570 3578 3645">
     <span class='ocr_line' id='line_1_96' title="bbox 1982 3570 3578 3645; baseline 0.003 -20"><span class='ocrx_word' id='word_1_690' title='bbox 1982 3588 2151 3642; x_wconf 89' lang='lat' dir='ltr'>quam</span> <span class='ocrx_word' id='word_1_691' title='bbox 2168 3570 2478 3636; x_wconf 88' lang='lat' dir='ltr'>celerrime,</span> <span class='ocrx_word' id='word_1_692' title='bbox 2501 3587 2617 3626; x_wconf 91' lang='lat' dir='ltr'>non</span> <span class='ocrx_word' id='word_1_693' title='bbox 2635 3587 2794 3626; x_wconf 90' lang='lat' dir='ltr'>secus</span> <span class='ocrx_word' id='word_1_694' title='bbox 2813 3588 2878 3627; x_wconf 89' lang='lat' dir='ltr'>ac</span> <span class='ocrx_word' id='word_1_695' title='bbox 2896 3572 3269 3645; x_wconf 87' lang='lat' dir='ltr'>peritissimus</span> <span class='ocrx_word' id='word_1_696' title='bbox 3295 3573 3578 3645; x_wconf 84' lang='lat' dir='ltr'>quispiam</span> 
     </span>
    </p>
   </div>
   <div class='ocr_carea' id='block_1_97' title="bbox 1983 3660 3579 3735">
    <p class='ocr_par' dir='ltr' id='par_1_97' title="bbox 1983 3660 3579 3735">
     <span class='ocr_line' id='line_1_97' title="bbox 1983 3660 3579 3735; baseline 0.003 -22"><span class='ocrx_word' id='word_1_697' title='bbox 1983 3666 2217 3717; x_wconf 88' lang='lat' dir='ltr'>venator</span> <span class='ocrx_word' id='word_1_698' title='bbox 2234 3660 2413 3716; x_wconf 87' lang='lat' dir='ltr'>feram</span> <span class='ocrx_word' id='word_1_699' title='bbox 2434 3666 2652 3727; x_wconf 90' lang='lat' dir='ltr'>nactus,</span> <span class='ocrx_word' id='word_1_700' title='bbox 2682 3677 2744 3716; x_wconf 91' lang='lat' dir='ltr'>se</span> <span class='ocrx_word' id='word_1_701' title='bbox 2770 3661 3025 3729; x_wconf 88' lang='lat' dir='ltr'>contulit,</span> <span class='ocrx_word' id='word_1_702' title='bbox 3055 3662 3480 3735; x_wconf 85' lang='lat' dir='ltr'>peragratisque</span> <span class='ocrx_word' id='word_1_703' title='bbox 3500 3663 3579 3718; x_wconf 84' lang='lat' dir='ltr'>al-</span> 
     </span>
    </p>
   </div>
   <div class='ocr_carea' id='block_1_98' title="bbox 1978 3750 3575 3825">
    <p class='ocr_par' dir='ltr' id='par_1_98' title="bbox 1978 3750 3575 3825">
     <span class='ocr_line' id='line_1_98' title="bbox 1978 3750 3575 3825; baseline 0.002 -19"><span class='ocrx_word' id='word_1_704' title='bbox 1978 3750 2156 3806; x_wconf 86' lang='lat' dir='ltr'>terius</span> <span class='ocrx_word' id='word_1_705' title='bbox 2197 3750 2493 3822; x_wconf 88' lang='lat' dir='ltr'>cujusdam</span> <span class='ocrx_word' id='word_1_706' title='bbox 2535 3750 2686 3807; x_wconf 91' lang='lat' dir='ltr'>senis</span> <span class='ocrx_word' id='word_1_707' title='bbox 2722 3750 3016 3808; x_wconf 90' lang='lat' dir='ltr'>admonitu</span> <span class='ocrx_word' id='word_1_708' title='bbox 3042 3751 3259 3824; x_wconf 91' lang='lat' dir='ltr'>aliquot</span> <span class='ocrx_word' id='word_1_709' title='bbox 3307 3768 3575 3825; x_wconf 84' lang='lat' dir='ltr'>passuum</span> 
     </span>
    </p>
   </div>
   <div class='ocr_carea' id='block_1_99' title="bbox 1976 3839 3572 3913">
    <p class='ocr_par' dir='ltr' id='par_1_99' title="bbox 1976 3839 3572 3913">
     <span class='ocr_line' id='line_1_99' title="bbox 1976 3839 3572 3913; baseline 0.002 -18"><span class='ocrx_word' id='word_1_710' title='bbox 1976 3840 2244 3908; x_wconf 87' lang='lat' dir='ltr'>millibus,</span> <span class='ocrx_word' id='word_1_711' title='bbox 2282 3841 2444 3897; x_wconf 69' lang='lat' dir='ltr'>laetus</span> <span class='ocrx_word' id='word_1_712' title='bbox 2500 3857 2565 3897; x_wconf 91' lang='lat' dir='ltr'>ac</span> <span class='ocrx_word' id='word_1_713' title='bbox 2615 3841 2736 3913; x_wconf 91' lang='lat' dir='ltr'>spei</span> <span class='ocrx_word' id='word_1_714' title='bbox 2795 3839 2994 3896; x_wconf 88' lang='lat' dir='ltr'>robore</span> <span class='ocrx_word' id='word_1_715' title='bbox 3038 3847 3231 3913; x_wconf 80' lang='lat' dir='ltr'>septas</span> <span class='ocrx_word' id='word_1_716' title='bbox 3258 3841 3572 3909; x_wconf 85' lang='lat' dir='ltr'>incedebat,</span> 
     </span>
    </p>
   </div>
   <div class='ocr_carea' id='block_1_100' title="bbox 1975 3930 3575 4005">
    <p class='ocr_par' dir='ltr' id='par_1_100' title="bbox 1975 3930 3575 4005">
     <span class='ocr_line' id='line_1_100' title="bbox 1975 3930 3575 4005; baseline 0.003 -20"><span class='ocrx_word' id='word_1_717' title='bbox 1975 3946 2132 4002; x_wconf 82' lang='lat' dir='ltr'>aeque</span> <span class='ocrx_word' id='word_1_718' title='bbox 2143 3930 2410 3986; x_wconf 89' lang='lat' dir='ltr'>nimirum</span> <span class='ocrx_word' id='word_1_719' title='bbox 2430 3946 2495 3986; x_wconf 90' lang='lat' dir='ltr'>ac</span> <span class='ocrx_word' id='word_1_720' title='bbox 2524 3947 2681 4003; x_wconf 90' lang='lat' dir='ltr'>puer,</span> <span class='ocrx_word' id='word_1_721' title='bbox 2696 3931 2793 4003; x_wconf 91' lang='lat' dir='ltr'>qui</span> <span class='ocrx_word' id='word_1_722' title='bbox 2807 3936 3027 4004; x_wconf 89' lang='lat' dir='ltr'>patrem</span> <span class='ocrx_word' id='word_1_723' title='bbox 3049 3946 3218 4004; x_wconf 88' lang='lat' dir='ltr'>quem</span> <span class='ocrx_word' id='word_1_724' title='bbox 3231 3932 3575 4005; x_wconf 87' lang='lat' dir='ltr'>jampridem</span> 
     </span>
    </p>
   </div>
   <div class='ocr_carea' id='block_1_101' title="bbox 1974 4020 3574 4094">
    <p class='ocr_par' dir='ltr' id='par_1_101' title="bbox 1974 4020 3574 4094">
     <span class='ocr_line' id='line_1_101' title="bbox 1974 4020 3574 4094; baseline 0.003 -20"><span class='ocrx_word' id='word_1_725' title='bbox 1974 4036 2088 4075; x_wconf 91' lang='lat' dir='ltr'>non</span> <span class='ocrx_word' id='word_1_726' title='bbox 2116 4020 2255 4075; x_wconf 89' lang='lat' dir='ltr'>vidit</span> <span class='ocrx_word' id='word_1_727' title='bbox 2281 4020 2434 4076; x_wconf 90' lang='lat' dir='ltr'>brevi</span> <span class='ocrx_word' id='word_1_728' title='bbox 2462 4038 2521 4077; x_wconf 87' lang='lat' dir='ltr'>se</span> <span class='ocrx_word' id='word_1_729' title='bbox 2550 4025 2980 4094; x_wconf 88' lang='lat' dir='ltr'>conspecturum</span> <span class='ocrx_word' id='word_1_730' title='bbox 3010 4025 3222 4093; x_wconf 89' lang='lat' dir='ltr'>sperat.</span> <span class='ocrx_word' id='word_1_731' title='bbox 3257 4022 3405 4078; x_wconf 90' lang='lat' dir='ltr'>Nam</span> <span class='ocrx_word' id='word_1_732' title='bbox 3443 4039 3574 4078; x_wconf 88' lang='lat' dir='ltr'>cum</span> 
     </span>
    </p>
   </div>
   <div class='ocr_carea' id='block_1_102' title="bbox 1973 4109 3574 4177">
    <p class='ocr_par' dir='ltr' id='par_1_102' title="bbox 1973 4109 3574 4177">
     <span class='ocr_line' id='line_1_102' title="bbox 1973 4109 3574 4177; baseline 0.002 -13"><span class='ocrx_word' id='word_1_733' title='bbox 1973 4109 2194 4165; x_wconf 89' lang='lat' dir='ltr'>divinus</span> <span class='ocrx_word' id='word_1_734' title='bbox 2216 4126 2378 4166; x_wconf 85' lang='lat' dir='ltr'>amor</span> <span class='ocrx_word' id='word_1_735' title='bbox 2400 4111 2654 4167; x_wconf 91' lang='lat' dir='ltr'>animum</span> <span class='ocrx_word' id='word_1_736' title='bbox 2682 4111 2857 4166; x_wconf 88' lang='lat' dir='ltr'>semel</span> <span class='ocrx_word' id='word_1_737' title='bbox 2869 4110 3169 4177; x_wconf 89' lang='lat' dir='ltr'>obsederit,</span> <span class='ocrx_word' id='word_1_738' title='bbox 3199 4112 3378 4168; x_wconf 89' lang='lat' dir='ltr'>multo</span> <span class='ocrx_word' id='word_1_739' title='bbox 3390 4128 3574 4168; x_wconf 78' lang='lat' dir='ltr'>acrior</span> 
     </span>
    </p>
   </div>
   <div class='ocr_carea' id='block_1_103' title="bbox 1973 4198 3440 4271">
    <p class='ocr_par' dir='ltr' id='par_1_103' title="bbox 1973 4198 3440 4271">
     <span class='ocr_line' id='line_1_103' title="bbox 1973 4198 3440 4271; baseline 0.001 -19"><span class='ocrx_word' id='word_1_740' title='bbox 1973 4216 2039 4253; x_wconf 87' lang='lat' dir='ltr'>ac</span> <span class='ocrx_word' id='word_1_741' title='bbox 2067 4198 2369 4255; x_wconf 88' lang='lat' dir='ltr'>ferventior</span> <span class='ocrx_word' id='word_1_742' title='bbox 2399 4217 2465 4255; x_wconf 93' lang='lat' dir='ltr'>eo</span> <span class='ocrx_word' id='word_1_743' title='bbox 2495 4216 2615 4256; x_wconf 89' lang='lat' dir='ltr'>esse</span> <span class='ocrx_word' id='word_1_744' title='bbox 2636 4200 2779 4255; x_wconf 90' lang='lat' dir='ltr'>solet</span> <span class='ocrx_word' id='word_1_745' title='bbox 2805 4200 2904 4271; x_wconf 86' lang='lat' dir='ltr'>qui</span> <span class='ocrx_word' id='word_1_746' title='bbox 2932 4216 2968 4254; x_wconf 90' lang='lat' dir='ltr'>a</span> <span class='ocrx_word' id='word_1_747' title='bbox 2994 4204 3201 4255; x_wconf 91' lang='lat' dir='ltr'>natura</span> <span class='ocrx_word' id='word_1_748' title='bbox 3228 4206 3440 4256; x_wconf 89' lang='lat' dir='ltr'>manat.</span> 
     </span>
    </p>
   </div>
   <div class='ocr_carea' id='block_1_104' title="bbox 2043 4335 3566 4409">
    <p class='ocr_par' dir='ltr' id='par_1_104' title="bbox 2043 4335 3566 4409">
     <span class='ocr_line' id='line_1_104' title="bbox 2043 4335 3566 4409; baseline 0 -18"><span class='ocrx_word' id='word_1_749' title='bbox 2043 4335 2207 4391; x_wconf 81' lang='lat' dir='ltr'>Astat</span> <span class='ocrx_word' id='word_1_750' title='bbox 2225 4336 2415 4409; x_wconf 88' lang='lat' dir='ltr'>itaque</span> <span class='ocrx_word' id='word_1_751' title='bbox 2438 4336 2718 4409; x_wconf 66' lang='lat' dir='ltr'>speluncae</span> <span class='ocrx_word' id='word_1_752' title='bbox 2730 4335 2959 4404; x_wconf 87' lang='lat' dir='ltr'>foribus,</span> <span class='ocrx_word' id='word_1_753' title='bbox 2983 4336 3162 4407; x_wconf 91' lang='lat' dir='ltr'>iisque</span> <span class='ocrx_word' id='word_1_754' title='bbox 3183 4335 3439 4408; x_wconf 90' lang='lat' dir='ltr'>pulsatis,</span> <span class='ocrx_word' id='word_1_755' title='bbox 3460 4336 3566 4391; x_wconf 88' lang='lat' dir='ltr'>Be-</span> 
     </span>
    </p>
   </div>
   <div class='ocr_carea' id='block_1_105' title="bbox 1973 4425 3567 4499">
    <p class='ocr_par' dir='ltr' id='par_1_105' title="bbox 1973 4425 3567 4499">
     <span class='ocr_line' id='line_1_105' title="bbox 1973 4425 3567 4499; baseline 0.001 -20"><span class='ocrx_word' id='word_1_756' title='bbox 1973 4425 2154 4488; x_wconf 87' lang='lat' dir='ltr'>nedic,</span> <span class='ocrx_word' id='word_1_757' title='bbox 2171 4425 2479 4497; x_wconf 88' lang='lat' dir='ltr'>inquiebat,</span> <span class='ocrx_word' id='word_1_758' title='bbox 2497 4443 2529 4481; x_wconf 96' lang='lat' dir='ltr'>o</span> <span class='ocrx_word' id='word_1_759' title='bbox 2551 4431 2730 4499; x_wconf 86' lang='lat' dir='ltr'>pater,</span> <span class='ocrx_word' id='word_1_760' title='bbox 2742 4425 2995 4493; x_wconf 89' lang='lat' dir='ltr'>benedic,</span> <span class='ocrx_word' id='word_1_761' title='bbox 3014 4425 3267 4498; x_wconf 91' lang='lat' dir='ltr'>inquam.</span> <span class='ocrx_word' id='word_1_762' title='bbox 3281 4425 3357 4482; x_wconf 92' lang='lat' dir='ltr'>Ut</span> <span class='ocrx_word' id='word_1_763' title='bbox 3376 4430 3567 4481; x_wconf 89' lang='lat' dir='ltr'>autem</span> 
     </span>
    </p>
   </div>
   <div class='ocr_carea' id='block_1_106' title="bbox 1912 4499 3565 4588">
    <p class='ocr_par' dir='ltr' id='par_1_106' title="bbox 1912 4499 3565 4588">
     <span class='ocr_line' id='line_1_106' title="bbox 1912 4499 3565 4588; baseline 0 -19"><span class='ocrx_word' id='word_1_764' title='bbox 1912 4499 1962 4559; x_wconf 82' lang='lat' dir='ltr'>D</span> <span class='ocrx_word' id='word_1_765' title='bbox 1981 4515 2241 4569; x_wconf 88' lang='lat' dir='ltr'>Barlaam</span> <span class='ocrx_word' id='word_1_766' title='bbox 2260 4516 2365 4570; x_wconf 92' lang='lat' dir='ltr'>hac</span> <span class='ocrx_word' id='word_1_767' title='bbox 2384 4532 2515 4571; x_wconf 90' lang='lat' dir='ltr'>voce</span> <span class='ocrx_word' id='word_1_768' title='bbox 2538 4516 2729 4571; x_wconf 88' lang='lat' dir='ltr'>audita</span> <span class='ocrx_word' id='word_1_769' title='bbox 2757 4532 2823 4571; x_wconf 89' lang='lat' dir='ltr'>ex</span> <span class='ocrx_word' id='word_1_770' title='bbox 2847 4521 3011 4571; x_wconf 90' lang='lat' dir='ltr'>antro</span> <span class='ocrx_word' id='word_1_771' title='bbox 3025 4531 3282 4588; x_wconf 87' lang='lat' dir='ltr'>egressus</span> <span class='ocrx_word' id='word_1_772' title='bbox 3302 4516 3405 4582; x_wconf 80' lang='lat' dir='ltr'>est,</span> <span class='ocrx_word' id='word_1_773' title='bbox 3436 4531 3565 4570; x_wconf 89' lang='lat' dir='ltr'>eum</span> 
     </span>
    </p>
   </div>
   <div class='ocr_carea' id='block_1_107' title="bbox 1972 4604 3566 4679">
    <p class='ocr_par' dir='ltr' id='par_1_107' title="bbox 1972 4604 3566 4679">
     <span class='ocr_line' id='line_1_107' title="bbox 1972 4604 3566 4679; baseline 0 -20"><span class='ocrx_word' id='word_1_774' title='bbox 1972 4621 2073 4675; x_wconf 86' lang='lat' dir='ltr'>per</span> <span class='ocrx_word' id='word_1_775' title='bbox 2094 4604 2352 4676; x_wconf 88' lang='lat' dir='ltr'>spiritum</span> <span class='ocrx_word' id='word_1_776' title='bbox 2372 4606 2619 4677; x_wconf 88' lang='lat' dir='ltr'>agnovit,</span> <span class='ocrx_word' id='word_1_777' title='bbox 2644 4606 2740 4679; x_wconf 92' lang='lat' dir='ltr'>qui</span> <span class='ocrx_word' id='word_1_778' title='bbox 2761 4604 2831 4661; x_wconf 91' lang='lat' dir='ltr'>ob</span> <span class='ocrx_word' id='word_1_779' title='bbox 2851 4605 3238 4661; x_wconf 90' lang='lat' dir='ltr'>admirandam</span> <span class='ocrx_word' id='word_1_780' title='bbox 3255 4604 3413 4660; x_wconf 90' lang='lat' dir='ltr'>illam</span> <span class='ocrx_word' id='word_1_781' title='bbox 3445 4621 3566 4659; x_wconf 89' lang='lat' dir='ltr'>mu-</span> 
     </span>
    </p>
   </div>
   <div class='ocr_carea' id='block_1_108' title="bbox 1971 4693 3563 4769">
    <p class='ocr_par' dir='ltr' id='par_1_108' title="bbox 1971 4693 3563 4769">
     <span class='ocr_line' id='line_1_108' title="bbox 1971 4693 3563 4769; baseline 0 -21"><span class='ocrx_word' id='word_1_782' title='bbox 1971 4693 2261 4762; x_wconf 83' lang='lat' dir='ltr'>tationem,</span> <span class='ocrx_word' id='word_1_783' title='bbox 2286 4711 2441 4767; x_wconf 89' lang='lat' dir='ltr'>quaa</span> <span class='ocrx_word' id='word_1_784' title='bbox 2459 4696 2646 4769; x_wconf 87' lang='lat' dir='ltr'>priore</span> <span class='ocrx_word' id='word_1_785' title='bbox 2666 4696 2761 4751; x_wconf 90' lang='lat' dir='ltr'>illo</span> <span class='ocrx_word' id='word_1_786' title='bbox 2778 4696 2936 4751; x_wconf 89' lang='lat' dir='ltr'>vultu</span> <span class='ocrx_word' id='word_1_787' title='bbox 2959 4711 3023 4751; x_wconf 90' lang='lat' dir='ltr'>ac</span> <span class='ocrx_word' id='word_1_788' title='bbox 3044 4696 3281 4750; x_wconf 88' lang='lat' dir='ltr'>ﬂorente</span> <span class='ocrx_word' id='word_1_789' title='bbox 3297 4694 3563 4767; x_wconf 89' lang='lat' dir='ltr'>juvenilis</span> 
     </span>
    </p>
   </div>
   <div class='ocr_carea' id='block_1_109' title="bbox 1969 4784 3565 4857">
    <p class='ocr_par' dir='ltr' id='par_1_109' title="bbox 1969 4784 3565 4857">
     <span class='ocr_line' id='line_1_109' title="bbox 1969 4784 3565 4857; baseline 0.002 -19"><span class='ocrx_word' id='word_1_790' title='bbox 1969 4784 2151 4839; x_wconf 66' lang='lat' dir='ltr'>aetatis</span> <span class='ocrx_word' id='word_1_791' title='bbox 2170 4785 2586 4857; x_wconf 88' lang='lat' dir='ltr'>pulchritudine</span> <span class='ocrx_word' id='word_1_792' title='bbox 2598 4786 2958 4857; x_wconf 88' lang='lat' dir='ltr'>demigrarat,</span> <span class='ocrx_word' id='word_1_793' title='bbox 2975 4784 3046 4840; x_wconf 91' lang='lat' dir='ltr'>ab</span> <span class='ocrx_word' id='word_1_794' title='bbox 3066 4788 3316 4840; x_wconf 85' lang='lat' dir='ltr'>extremo</span> <span class='ocrx_word' id='word_1_795' title='bbox 3335 4789 3565 4857; x_wconf 90' lang='lat' dir='ltr'>aspectu</span> 
     </span>
    </p>
   </div>
   <div class='ocr_carea' id='block_1_110' title="bbox 1926 4873 3564 4948">
    <p class='ocr_par' dir='ltr' id='par_1_110' title="bbox 1926 4873 3564 4948">
     <span class='ocr_line' id='line_1_110' title="bbox 1926 4873 3564 4948; baseline 0.003 -22"><span class='ocrx_word' id='word_1_796' title='bbox 1926 4907 1935 4913; x_wconf 89' lang='lat'><strong>-</strong></span> <span class='ocrx_word' id='word_1_797' title='bbox 1969 4873 2057 4927; x_wconf 86' lang='lat' dir='ltr'>vix</span> <span class='ocrx_word' id='word_1_798' title='bbox 2076 4876 2303 4944; x_wconf 89' lang='lat' dir='ltr'>agnosci</span> <span class='ocrx_word' id='word_1_799' title='bbox 2322 4880 2561 4947; x_wconf 89' lang='lat' dir='ltr'>poterat,</span> <span class='ocrx_word' id='word_1_800' title='bbox 2575 4881 2640 4931; x_wconf 91' lang='lat' dir='ltr'>ut</span> <span class='ocrx_word' id='word_1_801' title='bbox 2660 4876 2756 4948; x_wconf 90' lang='lat' dir='ltr'>qui</span> <span class='ocrx_word' id='word_1_802' title='bbox 2770 4880 2893 4931; x_wconf 90' lang='lat' dir='ltr'>tum</span> <span class='ocrx_word' id='word_1_803' title='bbox 2916 4891 2987 4930; x_wconf 87' lang='lat' dir='ltr'>ex</span> <span class='ocrx_word' id='word_1_804' title='bbox 3007 4874 3141 4930; x_wconf 90' lang='lat' dir='ltr'>solis</span> <span class='ocrx_word' id='word_1_805' title='bbox 3161 4880 3301 4930; x_wconf 70' lang='lat' dir='ltr'>aestu</span> <span class='ocrx_word' id='word_1_806' title='bbox 3318 4879 3564 4931; x_wconf 86' lang='lat' dir='ltr'>atrorem</span> 
     </span>
    </p>
   </div>
   <div class='ocr_carea' id='block_1_111' title="bbox 1971 4963 3565 5037">
    <p class='ocr_par' dir='ltr' id='par_1_111' title="bbox 1971 4963 3565 5037">
     <span class='ocr_line' id='line_1_111' title="bbox 1971 4963 3565 5037; baseline 0.003 -20"><span class='ocrx_word' id='word_1_807' title='bbox 1971 4964 2361 5031; x_wconf 82' lang='lat' dir='ltr'>contraxisset,</span> <span class='ocrx_word' id='word_1_808' title='bbox 2380 4969 2434 5019; x_wconf 91' lang='lat' dir='ltr'>et</span> <span class='ocrx_word' id='word_1_809' title='bbox 2464 4964 2593 5037; x_wconf 90' lang='lat' dir='ltr'>pilis</span> <span class='ocrx_word' id='word_1_810' title='bbox 2613 4963 2946 5032; x_wconf 77' lang='lat' dir='ltr'>abundaret,</span> <span class='ocrx_word' id='word_1_811' title='bbox 2963 4980 3026 5019; x_wconf 90' lang='lat' dir='ltr'>ac</span> <span class='ocrx_word' id='word_1_812' title='bbox 3033 4980 3209 5036; x_wconf 88' lang='lat' dir='ltr'>genas</span> <span class='ocrx_word' id='word_1_813' title='bbox 3229 4963 3409 5020; x_wconf 88' lang='lat' dir='ltr'>macie</span> <span class='ocrx_word' id='word_1_814' title='bbox 3428 4981 3565 5021; x_wconf 91' lang='lat' dir='ltr'>con-</span> 
     </span>
    </p>
   </div>
   <div class='ocr_carea' id='block_1_112' title="bbox 1971 5052 3563 5129">
    <p class='ocr_par' dir='ltr' id='par_1_112' title="bbox 1971 5052 3563 5129">
     <span class='ocr_line' id='line_1_112' title="bbox 1971 5052 3563 5129; baseline 0.003 -23"><span class='ocrx_word' id='word_1_815' title='bbox 1971 5052 2158 5121; x_wconf 81' lang='lat' dir='ltr'>fectas,</span> <span class='ocrx_word' id='word_1_816' title='bbox 2175 5054 2474 5125; x_wconf 89' lang='lat' dir='ltr'>oculosque</span> <span class='ocrx_word' id='word_1_817' title='bbox 2489 5052 2600 5108; x_wconf 92' lang='lat' dir='ltr'>alte</span> <span class='ocrx_word' id='word_1_818' title='bbox 2622 5053 2935 5125; x_wconf 88' lang='lat' dir='ltr'>depressos,</span> <span class='ocrx_word' id='word_1_819' title='bbox 2974 5058 3029 5109; x_wconf 90' lang='lat' dir='ltr'>et</span> <span class='ocrx_word' id='word_1_820' title='bbox 3053 5053 3349 5127; x_wconf 89' lang='lat' dir='ltr'>palpebras</span> <span class='ocrx_word' id='word_1_821' title='bbox 3378 5054 3563 5129; x_wconf 83' lang='lat' dir='ltr'>lacry-</span> 
     </span>
    </p>
   </div>
   <div class='ocr_carea' id='block_1_113' title="bbox 1967 5142 3562 5216">
    <p class='ocr_par' dir='ltr' id='par_1_113' title="bbox 1967 5142 3562 5216">
     <span class='ocr_line' id='line_1_113' title="bbox 1967 5142 3562 5216; baseline 0.002 -19"><span class='ocrx_word' id='word_1_822' title='bbox 1967 5159 2188 5198; x_wconf 91' lang='lat' dir='ltr'>marum</span> <span class='ocrx_word' id='word_1_823' title='bbox 2202 5142 2427 5199; x_wconf 90' lang='lat' dir='ltr'>ﬂuentis</span> <span class='ocrx_word' id='word_1_824' title='bbox 2455 5142 2704 5215; x_wconf 89' lang='lat' dir='ltr'>undique</span> <span class='ocrx_word' id='word_1_825' title='bbox 2714 5142 2957 5211; x_wconf 90' lang='lat' dir='ltr'>attritas,</span> <span class='ocrx_word' id='word_1_826' title='bbox 2979 5147 3148 5216; x_wconf 69' lang='grc' dir='ltr'>αῐῳιθ</span> <span class='ocrx_word' id='word_1_827' title='bbox 3166 5144 3382 5216; x_wconf 90' lang='lat' dir='ltr'>ingenti</span> <span class='ocrx_word' id='word_1_828' title='bbox 3394 5145 3562 5200; x_wconf 88' lang='lat' dir='ltr'>famis</span> 
     </span>
    </p>
   </div>
   <div class='ocr_carea' id='block_1_114' title="bbox 1969 5231 3561 5307">
    <p class='ocr_par' dir='ltr' id='par_1_114' title="bbox 1969 5231 3561 5307">
     <span class='ocr_line' id='line_1_114' title="bbox 1969 5231 3561 5307; baseline 0.001 -20"><span class='ocrx_word' id='word_1_829' title='bbox 1969 5232 2269 5288; x_wconf 86' lang='lat' dir='ltr'>afﬂictione</span> <span class='ocrx_word' id='word_1_830' title='bbox 2298 5237 2554 5306; x_wconf 84' lang='lat' dir='ltr'>perustas</span> <span class='ocrx_word' id='word_1_831' title='bbox 2592 5231 2843 5289; x_wconf 88' lang='lat' dir='ltr'>haberet.</span> <span class='ocrx_word' id='word_1_832' title='bbox 2866 5234 2942 5289; x_wconf 85' lang='lat' dir='ltr'>At</span> <span class='ocrx_word' id='word_1_833' title='bbox 2960 5250 3089 5288; x_wconf 90' lang='lat' dir='ltr'>vero</span> <span class='ocrx_word' id='word_1_834' title='bbox 3109 5234 3381 5307; x_wconf 90' lang='lat' dir='ltr'>Josaphat</span> <span class='ocrx_word' id='word_1_835' title='bbox 3398 5234 3561 5307; x_wconf 83' lang='lat' dir='ltr'>spiri-</span> 
     </span>
    </p>
   </div>
   <div class='ocr_carea' id='block_1_115' title="bbox 1970 5322 3562 5397">
    <p class='ocr_par' dir='ltr' id='par_1_115' title="bbox 1970 5322 3562 5397">
     <span class='ocr_line' id='line_1_115' title="bbox 1970 5322 3562 5397; baseline 0 -19"><span class='ocrx_word' id='word_1_836' title='bbox 1970 5324 2180 5378; x_wconf 88' lang='lat' dir='ltr'>tualem</span> <span class='ocrx_word' id='word_1_837' title='bbox 2203 5329 2418 5396; x_wconf 89' lang='lat' dir='ltr'>patrem</span> <span class='ocrx_word' id='word_1_838' title='bbox 2440 5322 2632 5379; x_wconf 88' lang='lat' dir='ltr'>statim</span> <span class='ocrx_word' id='word_1_839' title='bbox 2651 5323 2895 5396; x_wconf 86' lang='lat' dir='ltr'>agnovit,</span> <span class='ocrx_word' id='word_1_840' title='bbox 2921 5328 3116 5397; x_wconf 89' lang='lat' dir='ltr'>utpote</span> <span class='ocrx_word' id='word_1_841' title='bbox 3134 5323 3333 5380; x_wconf 91' lang='lat' dir='ltr'>iisdem</span> <span class='ocrx_word' id='word_1_842' title='bbox 3365 5324 3477 5380; x_wconf 90' lang='lat' dir='ltr'>oris</span> <span class='ocrx_word' id='word_1_843' title='bbox 3497 5323 3562 5378; x_wconf 83' lang='lat' dir='ltr'>li-</span> 
     </span>
    </p>
   </div>
   <div class='ocr_carea' id='block_1_116' title="bbox 1966 5412 3559 5487">
    <p class='ocr_par' dir='ltr' id='par_1_116' title="bbox 1966 5412 3559 5487">
     <span class='ocr_line' id='line_1_116' title="bbox 1966 5412 3559 5487; baseline 0 -20"><span class='ocrx_word' id='word_1_844' title='bbox 1966 5413 2279 5468; x_wconf 88' lang='lat' dir='ltr'>neamentis</span> <span class='ocrx_word' id='word_1_845' title='bbox 2298 5412 2615 5486; x_wconf 79' lang='lat' dir='ltr'>praeditum.</span> <span class='ocrx_word' id='word_1_846' title='bbox 2634 5412 2940 5470; x_wconf 88' lang='lat' dir='ltr'>Confestim</span> <span class='ocrx_word' id='word_1_847' title='bbox 2959 5414 3151 5487; x_wconf 90' lang='lat' dir='ltr'>itaque</span> <span class='ocrx_word' id='word_1_848' title='bbox 3171 5431 3336 5470; x_wconf 85' lang='lat' dir='ltr'>senex</span> <span class='ocrx_word' id='word_1_849' title='bbox 3368 5428 3559 5468; x_wconf 86' lang='lat' dir='ltr'>versus</span> 
     </span>
    </p>
   </div>
   <div class='ocr_carea' id='block_1_117' title="bbox 1973 5500 3557 5579">
    <p class='ocr_par' dir='ltr' id='par_1_117' title="bbox 1973 5500 3557 5579">
     <span class='ocr_line' id='line_1_117' title="bbox 1973 5500 3557 5579; baseline -0.004 -19"><span class='ocrx_word' id='word_1_850' title='bbox 1973 5504 2172 5560; x_wconf 91' lang='lat' dir='ltr'>Ortum</span> <span class='ocrx_word' id='word_1_851' title='bbox 2202 5507 2377 5571; x_wconf 87' lang='lat' dir='ltr'>stans,</span> <span class='ocrx_word' id='word_1_852' title='bbox 2436 5504 2552 5559; x_wconf 91' lang='lat' dir='ltr'>Deo</span> <span class='ocrx_word' id='word_1_853' title='bbox 2580 5521 2803 5579; x_wconf 91' lang='lat' dir='ltr'>precem</span> <span class='ocrx_word' id='word_1_854' title='bbox 2832 5521 2961 5560; x_wconf 92' lang='lat' dir='ltr'>cum</span> <span class='ocrx_word' id='word_1_855' title='bbox 2990 5505 3302 5577; x_wconf 87' lang='lat' dir='ltr'>gratiarum</span> <span class='ocrx_word' id='word_1_856' title='bbox 3341 5500 3557 5557; x_wconf 88' lang='lat' dir='ltr'>actione</span> 
     </span>
    </p>
   </div>
   <div class='ocr_carea' id='block_1_118' title="bbox 1973 5591 3558 5667">
    <p class='ocr_par' dir='ltr' id='par_1_118' title="bbox 1973 5591 3558 5667">
     <span class='ocr_line' id='line_1_118' title="bbox 1973 5591 3558 5667; baseline -0.004 -16"><span class='ocrx_word' id='word_1_857' title='bbox 1973 5593 2332 5666; x_wconf 87' lang='lat' dir='ltr'>conjunctam</span> <span class='ocrx_word' id='word_1_858' title='bbox 2362 5592 2635 5653; x_wconf 87' lang='lat' dir='ltr'>adhibuit.</span> <span class='ocrx_word' id='word_1_859' title='bbox 2684 5592 2957 5667; x_wconf 89' lang='lat' dir='ltr'>Dictoque</span> <span class='ocrx_word' id='word_1_860' title='bbox 3004 5593 3204 5660; x_wconf 86' lang='lat' dir='ltr'>Amen,</span> <span class='ocrx_word' id='word_1_861' title='bbox 3244 5591 3301 5647; x_wconf 87' lang='lat' dir='ltr'>in</span> <span class='ocrx_word' id='word_1_862' title='bbox 3332 5592 3558 5646; x_wconf 88' lang='lat' dir='ltr'>mutuos</span> 
     </span>
    </p>
   </div>
  </div>
