3954 6190
439 247 542 307 595
1459 251 1553 307 DE
1590 251 1780 309 VITIS
1819 252 2118 310 PATRUM
2155 253 2371 311 LIBER
2405 251 2698 309 PRIMUS.
3575 254 3659 314 596

437 375 724 448 amplexus
739 375 930 430 statim
952 379 1206 443 ruerunt,
1231 376 1558 434 diuturnam
1575 379 1938 451 cupiditatem
1962 380 2034 436 si-
2050 381 2102 442 A
2117 381 2410 454 Spirituale
2439 376 2780 449 colloquium
2805 373 3078 440 inierunt,
3111 373 3378 430 salutares
3405 391 3465 432 ac
3480 378 3662 438 celesﬁ

438 481 510 522 ne
537 465 653 521 ulla
681 465 940 520 satietate
978 465 1284 536 explentes.
1573 527 1576 531 ,
2115 471 2395 542 sapientia
2421 469 2618 541 plenos
2645 479 2932 520 sermones
2961 479 3062 536 per
3089 466 3264 518 totam
3275 469 3484 520 noctem
3507 475 3664 525 conte-

511 555 652 610 Cum
669 559 858 608 autem
877 551 1096 607 abunde
1117 570 1237 608 sese
1259 555 1533 626 complexi
1571 557 1828 625 fuissent,
1863 563 2033 629 atque
2115 567 2328 626 xentes,
2348 557 2712 631 quoadusque
2732 570 2948 610 aurorae
2971 558 3193 608 exortus
3217 553 3286 608 ad
3315 563 3664 614 consuetarum

439 644 870 708 consultassent,
893 642 1153 697 sedentes
1175 642 1324 698 inter
1343 661 1402 699 se
1444 646 1928 717 colloquebantur.
1957 648 2036 701 Ac
2116 666 2312 704 rursus
2342 646 2660 702 orationum
2687 641 3019 698 memoriam
3046 641 3195 714 ipsos
3229 651 3516 700 revocaret.

441 748 757 788 sermonem
776 731 1384 800 exorsusBarlaam,his
1400 733 1584 788 verbis
1598 752 1731 790 usus
1752 743 1866 791 est:
1889 737 2034 790 Prae-
2193 737 2402 792 Mansit
2429 740 2620 790 autem
2651 733 2720 787 ad
2751 733 2901 787 hunc
2929 731 3158 786 modum
3177 731 3434 788 diuturno
3457 739 3670 809 tempore

441 823 588 876 clare
605 820 806 886 fecisti,
826 821 921 893 qui
936 821 1046 876 huc
1068 822 1301 888 veneris,
1328 823 1526 878 dilecte
1539 825 1636 891 tili,
1653 826 1753 891 fili,
1779 825 2029 897 inquam,
2121 844 2246 882 cum
2295 826 2593 881 Barlaamo
2633 822 2923 894 Josaphat,
2959 819 3345 876 admirabilem
3373 822 3508 878 hanc
3531 832 3676 899 atque

441 911 562 978 Dei,
593 928 658 966 ac
683 912 925 966 ccelestis
944 912 1104 983 regni
1126 913 1302 967 haeres
1331 929 1431 984 per
1459 913 1760 968 Dominum
1784 922 2040 971 nostrum
2122 917 2374 970 humana
2401 912 2719 968 conditione
2742 910 3190 982 praestantiorem
3223 910 3393 966 vitam
3420 913 3604 981 colens,
3620 933 3674 972 ac

441 1001 632 1056 Jesum
680 1000 981 1067 Christum,
1027 1017 1193 1072 quem
1243 1001 1504 1069 dilexisti,
1538 1008 1708 1074 atque
1735 1005 1958 1060 caducis
1987 1011 2044 1060 et
2125 1011 2395 1076 tanquam
2417 1008 2638 1075 patrem
2661 1005 2720 1054 et
2746 1005 3146 1072 praeceptorem
3159 1017 3285 1054 cum
3297 1001 3441 1056 omni
3462 1001 3685 1062 obedien-

443 1089 733 1161 fragilibus
758 1090 922 1144 bonis
957 1107 1071 1146 non
1101 1091 1200 1145 abs
1225 1107 1287 1145 re
1317 1091 1630 1146 chariorem
1661 1093 1924 1160 habuisti,
1956 1112 2040 1163 ac,
2126 1094 2206 1148 tia
2236 1099 2294 1147 et
2307 1092 2626 1147 humilitate
2653 1081 2840 1161 ipsum
2860 1104 3100 1159 sequens
3127 1087 3523 1158 :sicnimirum,
3545 1098 3601 1146 ut
3621 1095 3680 1150 ad

445 1180 739 1250 prudentis
771 1185 828 1235 et
854 1180 1124 1252 sapientis
1154 1181 1480 1235 mercatoris
1499 1181 1679 1236 instar
1693 1183 1952 1238 omnibus
1968 1187 2046 1238 ta-
2127 1200 2292 1238 omne
2317 1181 2540 1236 virtutis
2569 1179 2820 1234 studium
2851 1185 3222 1246 exerceretur,
3269 1183 3435 1252 atque
3473 1197 3684 1253 quonam

447 1269 752 1324 cultatibus
773 1269 1032 1337 venditis,
1048 1270 1411 1341 margaritam
1429 1272 1675 1342 pretium
1704 1289 1870 1327 omne
1887 1291 1948 1328 su
1956 1291 2048 1345 pe-
2130 1277 2290 1344 pacto
2303 1288 2430 1325 cum
2451 1267 2834 1342 spiritualibus
2859 1273 2917 1322 et
2945 1267 3316 1322 invisibilibus
3327 1269 3592 1341 spiritibus
3608 1273 3680 1328 lu-

449 1363 670 1414 rantem
699 1358 906 1425 emisti,
939 1376 1003 1414 ac
1026 1359 1354 1414 thesaurum
1378 1359 1474 1431 qui
1498 1361 1706 1433 surripi
1735 1379 1847 1417 non
1873 1363 2050 1434 possit
2132 1361 2397 1416 ctandum
2421 1364 2588 1427 esset,
2622 1358 2970 1413 edoceretur.
2995 1357 3074 1412 Ex
3105 1373 3216 1428 quo
3236 1357 3371 1412 illud
3392 1367 3684 1418 consecutus

455 1446 668 1515 (Matth.
699 1450 810 1518 xv),
833 1448 892 1503 in
914 1465 1049 1520 agro
1070 1449 1468 1504 mandatorum
1493 1450 1722 1505 Domini
1751 1450 2048 1507 absrondi-
2132 1457 2237 1517 est,
2259 1455 2325 1506 ut
2343 1449 2570 1504 vitiosas
2595 1464 2790 1502 omnes
2819 1446 3140 1502 affectiones
3161 1447 3544 1518 exstingueret,
3583 1467 3685 1506 car-

451 1543 575 1594 tum
623 1541 840 1604 nactus,
875 1538 1067 1592 omnia
1093 1537 1320 1606 dedisti,
1363 1555 1465 1593 nec
1492 1539 1573 1593 rei
1605 1540 1703 1594 ulli
1733 1557 1798 1594 ex
1827 1541 1896 1595 iis
1927 1559 2048 1612 quae
2131 1541 2330 1613 nisque
2349 1539 2611 1594 affectum
2639 1536 2884 1609 spiritui,
2904 1551 3017 1590 non
3042 1552 3202 1591 secus
3222 1553 3287 1592 ac
3309 1553 3518 1594 servum
3538 1539 3688 1596 domi-

448 1627 570 1698 jam
594 1627 828 1699 jamque
855 1627 1143 1682 efﬂuxurae
1191 1633 1324 1682 sunt
1350 1629 1671 1700 pepercisti,
1705 1646 1814 1700 quo
1845 1646 2046 1700 agrum
2132 1647 2224 1697 no,
2249 1629 2568 1701 subjiceret,
2603 1625 2932 1681 deliciarum
2953 1625 3208 1680 omnium
3238 1627 3514 1698 animique
3529 1629 3690 1684 remis-

453 1714 614 1771 illum
643 1714 746 1770 tibi
771 1731 1144 1788 comparares.
1179 1717 1286 1772 Det
1313 1717 1414 1772 tibi
1447 1718 1720 1773 Dominus
1757 1735 1859 1790 pro
1885 1719 2049 1774 ﬂuxis
2065 1702 2114 1762 Β
2132 1719 2355 1775 sionum
2367 1717 3170 1786 oblivionecaperetur,somno
3181 1716 3690 1790 tamquamimprobo

455 1807 513 1858 et
529 1803 753 1860 caducis
779 1810 1008 1872 aeterna,
1024 1822 1126 1878 pro
1154 1805 1222 1860 iis
1254 1823 1376 1878 quae
1392 1806 1646 1862 interitui
1669 1807 1906 1862 obnoxia
1920 1813 2054 1864 sunt
2133 1807 2413 1879 mancipio
2438 1807 2762 1878 imperaret.
2795 1805 2999 1875 Atque,
3031 1808 3098 1858 ut
3137 1802 3292 1858 brevi
3331 1807 3687 1880 perstringam.

457 1911 524 1949 ea
543 1894 605 1950 in
635 1911 756 1966 qua;
789 1911 891 1950 nec
917 1894 1180 1950 interitus
1204 1912 1306 1950 nec
1334 1901 1582 1951 vetustas
1613 1897 1779 1952 cadit.
2134 1903 2294 1954 tanto
2319 1895 2504 1952 studio
2532 1896 2591 1950 in
2612 1893 2876 1949 solitariae
2901 1894 3029 1948 vitae
3057 1899 3342 1952 certamen
3358 1895 3691 1964 incumbebat,

525 1982 708 2037 Velim
721 1989 911 2039 autem
925 1983 1062 2038 mihi
1081 1984 1250 2046 dicas,
1269 1985 1616 2049 charissime,
1639 2002 1881 2057 quonam
1893 1991 2054 2058 pacto
2136 1993 2202 2043 ut
2219 1989 2338 2059 ipse
2360 2002 2581 2058 quoque
2593 1985 2872 2050 Barlaam,
2907 1984 3002 2056 qui
3026 1983 3370 2055 permultum
3395 1987 3634 2058 temporis
3645 1987 3692 2042 in

459 2073 570 2128 huc
597 2073 918 2140 accesseris,
949 2072 1155 2145 quique
1178 2079 1306 2145 post
1327 2073 1634 2130 discessum
1651 2092 1840 2130 meum
1867 2093 2056 2132 rerum
2142 2095 2210 2132 ea
2231 2076 2589 2142 contriverat,
2613 2074 2934 2140 miraretur,
2965 2073 3257 2145 ipsiusque
3277 2073 3578 2130 acrimonia:
3592 2091 3696 2130 con-

383 2199 398 2212 .
459 2166 688 2218 tuarum
709 2166 890 2217 status
906 2163 1093 2229 fuerit,
1110 2168 1278 2235 atque
1290 2169 1496 2218 tuusne
1515 2169 1678 2236 pater
1688 2165 1864 2221 Deum
1887 2165 2054 2233 norit,
2142 2165 2692 2223 cederet.Tantulum
2706 2163 2856 2218 enim
2869 2162 2996 2217 duri
3007 2161 3158 2217 illius
3181 2168 3354 2236 atque
3365 2165 3696 2220 consolatione

463 2267 536 2304 an
564 2266 694 2306 vero
726 2267 874 2306 nunc
904 2267 1126 2323 quoque
1177 2253 1393 2318 eadem,
1427 2269 1538 2325 qua
1567 2253 1742 2326 prius,
1776 2255 2062 2310 dementia
2143 2256 2386 2312 carentis
2401 2253 2874 2320 cibiadmittebat,
2896 2257 2962 2308 ut
2977 2253 3152 2307 vitam
3165 2253 3694 2320 duntaxattoleraret,

463 2339 746 2412 abreptus,
768 2359 802 2395 a
821 2341 1138 2396 daemonum
1159 2341 1354 2396 fraude
1377 2347 1546 2414 atque
1567 2342 2064 2416 imposturacapti-
2143 2364 2248 2402 nec
2277 2344 2673 2410 committeret,
2704 2347 2770 2397 ut
2814 2359 2916 2414 per
2939 2342 3092 2398 ultro
3119 2343 3447 2398 accersitam
3489 2349 3689 2398 mortem

463 2446 564 2484 vus
603 2427 932 2484 abducetur.
988 2429 1110 2484 Haec
1155 2436 1518 2503 percontante
1557 2433 1874 2501 Barlaamo,
1909 2435 2063 2489 Josa-
2144 2435 2389 2509 praemiis
2415 2434 2485 2488 iis
2506 2449 2626 2487 sese
2641 2432 2885 2498 orbaret,
2908 2447 3033 2502 quae
3045 2431 3322 2488 virtutum
3349 2433 3512 2488 cultui
3533 2450 3590 2486 ac
3607 2438 3698 2488 stu-

462 2518 778 2590 phataltius
797 2519 1035 2591 repetito
1047 2536 1324 2586 sermone,
1345 2537 1602 2592 quaenam
1623 2522 1729 2576 sibi
1748 2523 2062 2594 postipsius
2145 2526 2237 2582 dio
2261 2524 2611 2580 tribuuntur.
2629 2521 2721 2577 Sic
2747 2527 2941 2576 autem
2968 2525 3238 2576 naturam
3261 2522 3536 2577 nocturnis
3559 2539 3697 2578 excu-

463 2607 779 2680 digressum
808 2607 1197 2680 contigissent,
1232 2626 1512 2682 quamque
1540 2627 1871 2683 prosperum
1895 2611 2062 2667 rebus
2143 2615 2251 2670 biis
2263 2613 2614 2692 subjiciebat,
2631 2629 2696 2667 ac
2717 2611 2766 2666 si
2781 2611 2934 2666 nulla
2954 2611 3183 2666 omnino
3211 2611 3392 2667 carnis
3413 2616 3466 2666 et
3490 2610 3696 2684 corporis

467 2714 692 2754 cursum
731 2698 1005 2753 Dominus
1031 2699 1101 2754 ad
1148 2699 1204 2754 id
1235 2716 1411 2772 usque
1442 2706 1667 2773 tempus
1693 2719 1803 2774 quo
1834 2719 2062 2758 rursum
2143 2709 2304 2776 parte
2333 2705 2635 2757 constaret.
2657 2700 2850 2776 Oratio
2881 2705 3397 2772 porroperpetuum
3415 2701 3574 2774 ipsius
3597 2707 3694 2756 stu-

465 2788 616 2842 inter
633 2804 693 2842 se
713 2789 1101 2843 convenissent
1125 2789 1433 2857 tribuisset,
1467 2789 1754 2862 sigillatim
1787 2792 2062 2864 exposuit.
2146 2775 2304 2847 dium
2334 2775 2940 2860 eratzuniversumque
2966 2789 3091 2846 vitae
3117 2795 3346 2862 tempus
3367 2791 3424 2845 in
3443 2790 3699 2862 spirituali-

534 2877 716 2932 Senex
741 2877 934 2949 itaque
965 2877 1083 2932 haec
1111 2879 1365 2946 audiens,
1393 2881 1678 2952 voluptate
1708 2881 1875 2936 simul
1896 2886 2068 2954 atque
2147 2881 2252 2938 bus
2282 2897 2347 2935 ac
2375 2879 2692 2935 coelestibus
2721 2879 3291 2951 contemplationibus
3319 2879 3696 2943 insumebatur;

469 2965 840 3022 admiratione
859 2966 1090 3022 affectus
1113 2973 1215 3034 est,
1242 2969 1602 3041 calentesque
1631 2970 1908 3042 lacrymas
1937 2971 2065 3024 mit—
2151 2970 2292 3026 adeo
2320 2975 2385 3024 ut
2413 2987 2516 3024 nec
2545 2969 2744 3024 horam
2781 2985 2973 3036 unam,
3024 2968 3138 3023 imo
3175 2985 3286 3025 nec
3314 2970 3486 3024 ullum
3508 2969 3699 3025 omnino

471 3061 616 3120 tens,
667 3055 914 3110 dicebat:
959 3057 1150 3112 Gloria
1169 3056 1272 3112 tibi
1313 3059 1404 3124 sit,
1431 3059 1582 3114 Deus
1611 3065 1819 3125 noster,
1854 3060 1950 3131 qui
1979 3061 2122 3128 tuic
2147 3060 2421 3131 temporis
2451 3065 2828 3131 punctum,ex
2841 3075 2950 3130 quo
2976 3059 3035 3112 in
3055 3074 3123 3113 ea
3140 3059 3443 3115 solitudine
3467 3058 3696 3113 habitavit

471 3162 662 3201 amore
682 3145 934 3218 praeditis
953 3163 1176 3219 semper
1194 3153 1396 3218 praesto
1419 3164 1499 3214 es,
1523 3153 1691 3220 atque
1712 3147 1849 3220 ipsis
1877 3149 2063 3222 opitu-

473 3235 626 3290 laris.
651 3235 975 3302 Gloriatibi,
1000 3236 1237 3305 Christe,
1253 3237 1369 3291 Rex
1380 3238 1632 3292 omnium
1655 3255 1718 3293 ac
1738 3239 1888 3294 Deus
1919 3239 2065 3310 opti-

473 3343 584 3395 me,
607 3325 872 3399 quoniam
893 3325 1136 3398 benigna
1155 3332 1255 3382 tua
1265 3327 1522 3382 voluntas
1533 3327 1614 3382 ita
1631 3327 1852 3397 tulit,ut
1871 3345 2064 3384 semen

469 3415 610 3472 illud
640 3416 790 3488 quod
817 3415 876 3470 in
904 3416 1049 3470 servi
1073 3416 1157 3471 tui
1185 3418 1456 3488 Josaphat
1467 3419 1720 3472 animum
1745 3419 1928 3490 jecisti
1939 3435 2065 3474 cen-

471 3505 805 3577 tuplicatum
829 3505 1074 3562 fructum
1093 3506 1336 3574 afferret,
1363 3511 1419 3561 te
1447 3507 1722 3575 videlicet,
1746 3509 2065 3563 animarum

474 3601 796 3650 nostrarum
811 3595 1059 3666 agricola
1087 3599 1144 3649 et
1170 3596 1410 3650 Domino
1437 3597 1692 3666 dignum.
1719 3597 1912 3652 Gloria
1941 3598 2062 3666 tibi,

477 3685 764 3740 Paraclete
813 3683 958 3740 bone
1005 3701 1070 3739 ac
1125 3685 1478 3740 sanctissime
1505 3686 1767 3757 Spiritus,
1800 3687 2067 3758 quoniam

476 3790 646 3846 quam
659 3779 724 3830 tu
751 3773 959 3829 sanctis
971 3773 1086 3828 tuis
1105 3774 1371 3846 apostolis
1387 3775 1630 3846 gratiam
1653 3775 2074 3841 tribuisti,hanc

479 3863 652 3918 etiam
681 3863 811 3918 huic
839 3863 1273 3936 impertiendam
1303 3864 1512 3920 duxisti
1541 3883 1552 3918 :
1587 3870 1756 3936 atque
1785 3865 2072 3937 ingentem

477 3951 771 4008 hominum
827 3952 1249 4008 multitudinem
1278 3953 1456 4024 ipsius
1483 3970 1656 4026 opera
1685 3955 2072 4026 superstitioso

479 4058 671 4097 errore
700 4040 973 4108 liberasti,
1007 4058 1072 4096 ac
1101 4059 1234 4096 vera
1280 4043 1383 4098 Dei
1411 4044 1729 4114 cognitione
1752 4045 2072 4100 illustrasti.

547 4131 632 4186 Ad
651 4131 802 4187 hunc
820 4131 1049 4186 modum
1071 4132 1186 4186 Deo
1201 4131 1272 4186 ab
1282 4138 1522 4204 utroque
1531 4134 1728 4204 gratia:
1743 4134 2072 4206 agebantur;

476 4221 726 4294 ipsisque
771 4221 854 4277 ita
893 4220 1042 4277 inter
1069 4238 1130 4276 se
1158 4222 1626 4293 colloquentibus,
1657 4241 1721 4279 ac
1754 4225 1856 4279 Dei
1885 4225 2072 4296 gratia

475 4309 898 4374 exsultantibus,
923 4311 1105 4367 adfuit
1130 4328 1379 4385 vespera.
1404 4313 1644 4370 Proinde
1663 4313 1733 4370 ad
1763 4315 2072 4371 orationem

2149 3149 2502 3222 deperderet.
2535 3151 2616 3203 Ac
2643 3165 2781 3204 sane
2803 3148 2910 3202 hoc
2937 3148 3166 3202 demum
3190 3166 3327 3204 vere
3343 3148 3611 3205 monastici
3633 3163 3701 3201 or-

2148 3238 2296 3292 dinis
2317 3254 2522 3294 munus
2542 3242 2645 3304 est,
2668 3253 2959 3310 nunquam
2979 3253 3014 3290 a
3031 3237 3316 3308 spirituali
3335 3253 3492 3309 opere
3507 3251 3700 3291 vacuum

2148 3327 2408 3382 inveniri.
2445 3327 2606 3393 Quod
2635 3327 2861 3399 quidem
2885 3343 3194 3398 generosus
3227 3327 3322 3382 ille
3365 3333 3420 3382 et
3453 3325 3700 3398 expeditus

2146 3417 2392 3473 cmlestis
2407 3416 2626 3472 itineris
2636 3433 2831 3472 cursor
2843 3415 3068 3487 egregie
3086 3416 3531 3488 praestitit,atque
3553 3413 3698 3469 animi

2147 3507 2236 3563 sui
2265 3507 2524 3562 ardorem
2552 3505 2622 3561 ab
2646 3506 2808 3562 initio
2835 3505 2908 3560 ad
2933 3509 3252 3560 extremum
3275 3522 3448 3578 usque
3473 3509 3701 3578 perpetuo

2147 3595 2512 3664 conservavit,
2541 3595 2892 3651 assensiones
2921 3594 2980 3649 in
3003 3594 3170 3649 corde
3197 3610 3411 3666 semper
3441 3593 3698 3665 disponens

2157 3687 2319 3756 (Psal.
2354 3685 2606 3754 Lxxxm),
2639 3702 2705 3739 ac
2729 3685 2798 3740 de
2825 3683 3032 3739 virtute
3060 3684 3132 3738 ad
3161 3683 3538 3740 sublimiorem
3563 3681 3700 3736 virtu-

2152 3780 2266 3830 tem
2288 3774 2627 3841 transiliens,
2645 3773 3096 3845 desideriumque
3115 3773 3476 3840 desiderio,ac
3494 3771 3702 3826 studium

2152 3863 2339 3920 studio
2369 3863 2752 3920 indesinenter
2793 3863 3128 3935 adjungens,
3185 3863 3372 3935 quoad
3411 3861 3612 3918 tandem
3634 3857 3690 3914 ad

2155 3957 2438 4026 speratam
2468 3953 2876 4008 beatitudinem
2906 3952 3178 4025 pervenit.

2231 4044 2359 4104 ΟΜ).
2391 4043 2664 4098 ΧΧΙΧ.-
2695 4043 2836 4097 Cum
2857 4042 3050 4114 itaque
3076 4042 3182 4098 hoc
3210 4047 3373 4114 pacto
3405 4041 3639 4098 Barlaam
3657 4042 3702 4092 et

2159 4132 2430 4206 Josaphat
2457 4149 2569 4188 una
2608 4137 2986 4200 versarentur,
3015 4147 3080 4187 ac
3109 4132 3344 4204 pulchro
3373 4131 3513 4186 inter
3537 4145 3590 4186 se
3613 4142 3705 4183 cer-

2159 4223 2373 4278 tamine
2401 4223 2826 4289 contenderent,
2881 4221 2952 4276 ab
2989 4221 3140 4276 omni
3171 4238 3309 4277 cura
3334 4226 3390 4277 et
3414 4219 3622 4292 hujusce
3645 4215 3706 4270 vi-

2154 4318 2226 4368 tae
2275 4312 2696 4384 perturbatione
2737 4311 3038 4378 immunes,
3088 4317 3447 4382 mentemque
3485 4308 3550 4364 ab
3579 4303 3704 4362 omni

474 4406 894 4473 consurgentes,
927 4406 1258 4456 consuetum
1281 4401 1665 4474 precationum
1694 4420 1930 4474 pensum
1950 4395 2479 4476 per-Dcontusione
2529 4417 2731 4472 puram
2777 4417 2840 4454 ac
2887 4402 3204 4472 sejunctam
3256 4400 3535 4468 habentes,
3597 4397 3702 4468 post

473 4491 777 4547 solverunt.
809 4492 890 4546 Ac
916 4497 1128 4564 postea,
1161 4507 1292 4546 cum
1327 4491 1448 4546 cibo
1477 4493 1841 4548 recreandum
1871 4510 2073 4566 corpus

473 4586 640 4650 esset,
673 4581 934 4636 Barlaam
947 4581 1300 4652 magniﬁcam
1324 4597 1576 4636 mensam
1603 4583 1882 4654 apposuit,
1913 4584 2075 4655 spiri-

474 4670 721 4726 tualibus
749 4671 1010 4726 videlicet
1029 4669 1209 4742 epulis
1241 4670 1705 4742 confertam,ejus
1731 4677 1920 4728 autem
1946 4691 2074 4728 con-

475 4759 783 4826 solutionis,
819 4776 943 4832 quae
967 4759 1224 4816 sensibus
1241 4759 1568 4832 percipitur,
1583 4777 1753 4832 quam
1773 4761 2074 4820 minimum

478 4863 612 4902 sane
640 4849 990 4920 participem.
1023 4851 1212 4906 Cruda
1231 4850 1382 4904 enim
1403 4850 1678 4906 duntaxat
1706 4851 1860 4906 olera
1887 4859 2067 4921 erant,

475 4935 772 5006 ipsiusmet
787 4939 1046 4995 manibus
1059 4939 1275 4996 consita
1296 4945 1353 4996 et
1373 4941 1927 5014 cxculta,palma2que
1943 4959 2071 5014 per-

478 5041 694 5096 paucae,
715 5042 836 5098 quae
847 5028 904 5082 in
925 5046 992 5084 ea
1011 5030 1313 5085 solitudine
1329 5030 1779 5099 inveniebantur,
1811 5048 1876 5086 ac
1901 5033 2072 5088 deni-

480 5131 589 5186 que
617 5113 899 5170 silvestres
923 5117 1127 5173 herbae.
1167 5121 1308 5174 Cum
1339 5119 1514 5192 igitur
1545 5121 1758 5192 gratias
1786 5123 1902 5177 Deo
1921 5122 2069 5193 egis-

479 5210 622 5270 sent,
673 5205 1052 5278 appositisque
1083 5209 1262 5280 epulis
1298 5226 1499 5282 corpus
1527 5211 1867 5280 refecissent,
1901 5217 2072 5284 atque

477 5309 684 5366 aquam
709 5311 740 5349 e
764 5295 1079 5368 propinquo
1105 5298 1258 5352 fonte
1284 5298 1577 5365 bibissent,
1609 5300 1660 5356 ei
1695 5319 1940 5370 rursum,
1974 5303 2071 5373 qui

478 5399 710 5438 manum
739 5383 939 5456 aperit,
973 5389 1030 5439 et
1061 5385 1255 5458 implet
1273 5403 1436 5444 omne
1453 5389 1662 5444 animal
1685 5390 2071 5446 benedictione

481 5475 848 5541 (Psal.ch1v),
869 5474 1081 5546 gratias
1105 5482 1360 5546 egerunt.
1387 5479 1468 5534 Ac
1495 5484 1685 5546 334
1712 5481 1913 5536 deinde
1941 5497 2068 5535 con-

476 5570 787 5637 surgentes,
794 5571 1158 5638 posteaquam
1172 5571 1472 5624 nocturnas
1488 5586 1678 5644 preces
1690 5571 2064 5640 absolverunt,

2155 4493 2362 4547 multos
2410 4491 2479 4546 ab
2533 4491 2668 4562 ipsis
2720 4489 2946 4562 pietatis
2976 4507 3144 4546 causa
3171 4493 3458 4562 susceptos
3499 4485 3699 4547 labores,

2157 4581 2398 4654 quodam
2443 4581 2532 4636 die
2571 4597 2740 4635 senex
2783 4580 3050 4635 accersito
3107 4579 3387 4652 spirituali
3415 4577 3540 4643 tilio,
3565 4586 3702 4646 quem

2154 4689 2255 4744 per
2290 4670 2652 4742 Evangelium
2689 4674 2981 4741 genuerat,
3037 4668 3362 4740 hujusmodi
3398 4663 3703 4742 spiritualem

2155 4777 2472 4816 sermonem
2493 4776 2790 4832 aggressus
2819 4765 2934 4814 est:

2224 4852 2252 4907 J
2257 4867 2350 4906 am
2369 4851 2607 4922 pridem,
2635 4867 2668 4904 o
2687 4849 2864 4904 amice
2892 4847 3180 4920 Josaphat,
3201 4853 3259 4902 te
3286 4848 3347 4903 in
3366 4848 3466 4902 hac
3493 4839 3704 4900 solitudi-

2153 4958 2223 4996 ne
2249 4940 2504 4996 habitare
2531 4937 2842 5011 oportebat,
2877 4943 3046 5010 atque
3071 4937 3174 4992 hoc
3206 4937 3342 4992 mihi
3368 4933 3540 4992 oranti
3567 4928 3702 4988 Chri-

2152 5036 2271 5086 stus
2300 5032 2368 5086 de
2397 5035 2454 5086 te
2471 5029 2750 5104 pollicitus
2773 5029 2958 5084 fuerat
2977 5029 3092 5084 fore
3108 5033 3174 5084 ut
3191 5032 3248 5084 te
3277 5034 3406 5084 ante
3433 5031 3708 5107 extremum.

2154 5121 2279 5175 vitae
2308 5119 2457 5174 diem
2481 5119 2746 5174 viderem.
2775 5117 2904 5172 Vidi
2925 5117 3114 5190 itaque
3146 5114 3600 5189 quemadmodum
3622 5124 3703 5165 cu-

2153 5209 2412 5282 piebam;
2443 5209 2574 5276 vidi,
2605 5208 2854 5280 inquam,
2889 5213 2947 5262 te
2976 5224 3011 5260 a
3037 5207 3246 5262 mundo
3277 5211 3335 5261 et
3352 5202 3538 5260 mundi
3561 5197 3700 5256 rebus

2153 5297 2724 5366 avulsum,acChristo
2740 5297 2970 5352 minime
2981 5296 3150 5352 dubio
3164 5313 3229 5351 ac
3246 5292 3518 5350 vacillanti
3543 5288 3700 5346 animo

2152 5391 2532 5460 conjunctum,
2559 5392 2728 5461 atque
2753 5387 2824 5442 ad
2851 5386 3156 5460 perfectam
3183 5382 3537 5459 plenitudinis
3553 5377 3700 5452 ipsius

2150 5496 2473 5534 mensuram
2492 5494 2870 5551 progressum.
2888 5478 3050 5533 Nunc
3075 5477 3266 5551 igitur,
3290 5468 3700 5561 quandoquidem

2151 5568 2350 5626 mortis
2365 5585 2501 5624 meae
2521 5572 2744 5642 tempus
2767 5565 2958 5638 instat,
2985 5572 3154 5643 atque
3170 5566 3496 5624 collectanea
3512 5563 3564 5616 et
3580 5553 3693 5614 mihi
