3954 6190
252 231 357 290 597
648 231 818 287 νιΤΑ
855 228 1298 284 SANCTORUM
1337 229 1682 287 BARLAAM
1722 233 1833 288 ER]

1920 235 2062 290 ΪΙΤΆΕ
2102 236 2190 291 ΕΤ
2228 235 2594 293 JOSAPHAT
2632 241 2855 298 ΙΝΠΙΛΕ
2896 243 3126 298 REGIS.
3427 239 3530 298 598

246 358 481 429 aequalis
525 375 592 412 ea
628 356 924 428 cupiditas,
958 371 1080 427 quae
1115 360 1178 409 ut
1213 371 1341 410 cum
1373 356 1595 411 Christo
1639 374 1836 424 essem,
1861 361 2048 420 Aeam
2079 360 2148 414 ob
2178 378 2404 417 causam
2432 363 2669 420 Domino
2701 366 2954 422 obstricti
2985 383 3198 434 sumus,
3226 367 3376 439 quod
3395 382 3524 424 cum

244 468 472 523 semper
499 468 590 506 me
609 450 809 516 tenuit,
836 451 957 520 jam
983 449 1258 520 expletur,
1297 453 1360 503 tu
1391 449 1617 520 quidem
1647 468 1848 523 corpus
1931 446 2082 501 dives
2112 454 2277 513 esset,
2323 454 2556 520 propter
2589 467 2691 506 nos
2739 469 2948 523 egenus
2977 453 3155 508 factus
3183 458 3286 519 est,
3320 458 3386 508 ut
3422 468 3525 510 nos

243 557 440 596 meum
464 547 618 596 terra
637 540 830 606 conde,
856 539 1182 610 pulverique
1202 539 1488 609 pulverem
1509 541 1698 596 redde.
1715 541 1850 597 Post
1931 537 2053 606 ejus
2069 542 2399 608 paupertate
2420 538 2618 594 divites
2639 557 2907 608 essemus,
2924 547 2980 597 et
2999 543 3094 614 qui
3115 561 3150 598 a
3168 542 3526 614 perpessione

240 635 434 684 autem
460 629 580 701 ipse
609 629 668 682 in
699 629 803 682 hoc
831 628 952 682 loco
980 628 1148 692 heare,
1181 633 1504 698 susceptum
1533 629 1845 699 spiritualis

242 719 373 774 vitae
381 734 560 789 genus
571 735 928 790 persequens,
939 733 1188 787 meaeque
1203 716 1496 771 tenuitatis
1511 719 1843 773 memoriam

243 809 520 863 retinens.
569 808 782 863 Vereor
827 807 976 860 enim
1021 824 1091 861 ne
1128 805 1489 860 tenebrosum
1527 807 1844 862 daemonum

239 915 448 969 agmen
477 899 666 952 animo
697 914 822 952 meo
857 903 1085 969 propter
1109 896 1557 967 ignorantiarum
1590 914 1842 952 mearum

240 987 669 1042 multitudinem
698 986 1164 1057 impedimentum
1193 986 1409 1040 afferat.

310 1078 399 1132 Tu
425 1094 574 1142 vero,
609 1077 707 1140 fili,
741 1092 812 1130 ne
841 1075 1114 1145 religiosae
1143 1075 1562 1130 exercitationis
1593 1076 1841 1131 laborem

240 1173 484 1232 metuas,
508 1182 690 1236 neque
720 1165 790 1218 ad
809 1164 1080 1235 temporis
1109 1165 1518 1234 longitudinem
1551 1181 1614 1219 ac
1643 1166 1846 1220 daemo-

237 1272 378 1310 num
389 1255 624 1310 insidias
639 1255 1001 1324 elanguescas
1018 1273 1029 1321 ;
1047 1253 1182 1324 quin
1201 1254 1387 1325 potius
1402 1254 1651 1325 ipsorum
1672 1255 1845 1309 imbe-

235 1345 551 1408 cillitatem,
569 1344 776 1399 Christi
792 1344 998 1398 virtute
1017 1343 1414 1408 communitus,
1433 1344 1616 1397 audax
1631 1344 1803 1398 irride
1823 1365 1838 1411 ;

234 1435 306 1488 ad
324 1434 585 1488 laborum
607 1439 797 1488 autem
818 1433 1103 1499 duritiam,
1129 1449 1192 1486 ac
1211 1433 1482 1504 temporis
1504 1433 1842 1488 diuturnita-

230 1530 349 1577 tem
370 1523 561 1577 animo
579 1524 658 1577 ita
676 1527 998 1594 comparato
1021 1527 1437 1594 esto,tanquam
1458 1523 1707 1593 quotidie
1731 1524 1842 1578 dis-

231 1629 457 1666 cessum
488 1631 517 1666 e
548 1613 666 1666 vita
692 1618 1042 1684 exspectans,
1075 1617 1242 1683 atque
1274 1612 1534 1666 eumdem
1559 1613 1708 1667 diem
1737 1613 1841 1667 tibi

1929 625 2196 680 immunis
2221 630 2361 689 erat,
2383 632 2447 681 ut
2466 628 2678 684 vitiosis
2705 631 3089 687 affectionibus
3115 648 3218 698 nos
3238 631 3522 696 liberaret,

1928 714 2208 769 cruciatus
2245 716 2418 770 subiit
2467 720 2548 780 (II
2592 721 2715 774 Cor.
2761 722 2903 787 vui),
2953 723 3265 792 persolvere
3287 718 3524 792 potest?

1929 804 2088 867 Quod
2115 805 2262 860 enim
2305 806 2639 862 beneficium
2689 814 2776 862 est
2815 826 3036 865 servum
3072 812 3270 866 eadem
3299 801 3528 882 perpeti

1929 909 2050 962 qua:
2081 895 2352 949 Dominus
2383 913 2681 967 perpessus
2712 898 2820 953 sit?
2849 901 3019 970 Atqui
3048 917 3150 954 nos
3177 900 3523 971 permultum

1925 981 1995 1035 ab
2023 982 2200 1054 ipsius
2229 985 2566 1040 cruciatibus
2595 988 2797 1042 remoti
2827 1005 3041 1045 sumus.
3073 991 3202 1044 Haec
3224 995 3410 1043 tecum
3438 1005 3525 1043 re-

1925 1076 2080 1142 puta,
2109 1074 2476 1143 cogitationes
2497 1076 2810 1143 destruens,
2837 1084 2894 1132 et
2914 1095 3139 1133 omnem
3165 1079 3524 1133 altitudinem

1927 1162 2282 1216 extollentem
2305 1181 2364 1218 se
2384 1165 2648 1221 adversus
2678 1167 2972 1223 scientiam
2992 1167 3112 1233 Dei,
3134 1172 3190 1222 et
3219 1167 3277 1221 in
3297 1166 3524 1238 captivi-

1927 1255 2101 1304 tatem
2156 1253 2414 1322 redigens
2472 1271 2697 1310 omnem
2753 1273 2980 1312 sensum
3027 1257 3085 1311 in
3139 1255 3526 1312 obedientiam

1927 1340 2137 1394 Christi
2177 1344 2258 1407 (II
2298 1344 2420 1396 Cor.
2460 1345 2537 1413 Χ).
2609 1346 2678 1400 Et
2726 1362 2832 1417 pax
2884 1346 3004 1413 Dei,
3055 1363 3178 1418 quae
3225 1351 3527 1418 exsuperat

1925 1446 2148 1484 omnem
2181 1447 2424 1497 sensum,
2453 1434 2730 1490 custodiat
2750 1451 2846 1490 cor
2872 1441 3055 1503 tuum,
3078 1441 3136 1490 et
3153 1435 3522 1506 cogitationes

1923 1523 2048 1572 tuas
2078 1519 2135 1572 in
2165 1519 2386 1575 Christo
2406 1523 2537 1576 Jesu
2565 1523 2793 1594 (Philip.
2829 1526 2923 1593 IV).

1997 1608 2105 1662 Hac
2134 1609 2386 1664 oratione
2415 1627 2448 1664 a
2471 1612 2765 1668 Barlaamo
2790 1613 2999 1681 habita,
3031 1615 3302 1687 Josaphat
3328 1615 3520 1669 infini-

236 1703 362 1756 vita:
384 1702 724 1768 monasticae,
749 1708 871 1757 tum
891 1702 1137 1769 initium,
1159 1707 1282 1756 tum
1308 1702 1478 1756 finem
1507 1719 1628 1756 esse
1658 1685 1903 1757 existi-B
1923 1700 2040 1752 tam
2073 1698 2181 1752 vim
2209 1699 2586 1772 lacrymarum
2616 1704 2880 1774 profudit,
2927 1704 3006 1758 sic
3048 1722 3268 1776 nempe,
3303 1711 3369 1760 ut
3391 1709 3520 1760 tan-

235 1809 418 1847 mans.
448 1792 540 1847 Sic
567 1809 791 1864 semper
819 1809 886 1847 ea
917 1809 1039 1864 quae
1062 1809 1096 1845 a
1128 1797 1288 1864 tergo
1319 1798 1451 1847 sunt
1488 1792 1836 1862 obliviscens,

235 1888 407 1954 atque
427 1882 500 1936 ad
527 1898 595 1936 ea
610 1899 734 1954 qua:
756 1899 790 1936 a
807 1882 990 1937 fronte
1005 1886 1139 1936 sunt
1157 1881 1401 1952 teipsum
1425 1882 1746 1949 extendens,
1769 1885 1841 1938 ad

233 1971 583 2027 destinatum
600 1988 959 2044 persequere,
971 1973 1043 2027 ad
1062 1972 1315 2028 bravium
1332 1988 1587 2044 supernae
1603 1973 1839 2028 vocatio-

237 2061 324 2116 nis
355 2062 460 2116 Dei
489 2063 548 2117 in
577 2062 799 2117 Christo
819 2064 951 2117 Jesu
975 2063 1195 2134 (Philip.
1229 2064 1336 2131 III),
1359 2063 1835 2134 quemadmodum

230 2156 462 2206 sanctus
495 2152 798 2222 Apostolus
825 2151 910 2206 his
936 2151 1119 2206 verbis
1146 2152 1422 2206 hortatur:
1459 2153 1584 2205 Non
1610 2151 1838 2206 deﬁcia-

233 2256 392 2296 mus;
416 2243 516 2294 sed
544 2240 675 2294 licet
701 2240 749 2294 is
776 2242 870 2312 qui
890 2240 1025 2295 foris
1055 2247 1140 2295 est
1162 2241 1331 2295 homo
1359 2245 1552 2295 noster
1581 2257 1834 2296 corrum-

229 2335 618 2400 patur,tamen
636 2329 684 2384 is
705 2330 968 2400 quiintus
987 2336 1073 2385 est
1086 2335 1386 2385 renovatur
1397 2331 1466 2385 de
1480 2330 1639 2385 diein
1660 2331 1830 2386 diem.

230 2421 378 2474 Nam
406 2420 557 2490 quod
593 2426 1050 2475 momentaneum
1081 2425 1167 2475 est
1203 2426 1259 2475 et
1295 2421 1413 2474 leve
1452 2420 1834 2477 tribulationis

230 2515 456 2576 nostrae,
476 2527 648 2580 supra
667 2511 897 2565 modum
918 2510 975 2564 in
990 2509 1335 2565 sublimitate
1350 2514 1620 2565 aeternum
1641 2511 1835 2582 gloria

225 2599 450 2671 pondus
469 2606 735 2672 operatur
749 2601 806 2654 in
821 2599 1000 2668 nobis,
1017 2617 1129 2654 non
1142 2599 1651 2671 contemplantibus
1675 2601 1833 2656 nobis

221 2706 350 2760 qua:
371 2689 650 2757 videntur,
683 2691 782 2745 sed
813 2707 934 2761 quae
966 2706 1078 2744 non
1101 2689 1381 2744 videntur.
1415 2691 1552 2753 Quae
1573 2691 1726 2745 enim
1745 2692 1833 2746 vi—

215 2779 429 2833 dentur
457 2780 790 2851 temporalia
831 2784 980 2844 sunt,
1019 2795 1141 2851 quae
1172 2784 1363 2834 autem
1393 2795 1505 2835 non
1547 2780 1824 2848 videntur,

215 2875 435 2923 aeterna
461 2870 548 2941 (ΙΙ
574 2869 694 2925 Cor.
739 2873 830 2939 Iv).
1023 2930 1028 2934 i

293 2959 429 3012 Haec
458 2975 585 3012 cum
613 2959 802 3013 animo
831 2964 929 3013 tuo
961 2965 1251 3031 reputans,
1276 2961 1361 3014 vir
1381 2960 1727 3025 charissime,
1752 2961 1829 3015 vi-

1925 1802 2094 1855 quam
2125 1803 2190 1840 ex
2217 1787 2501 1844 uberrimo
2531 1791 2684 1847 fonte
2714 1793 3105 1859 scaturientes,
3139 1793 3328 1864 ipsum
3359 1810 3520 1866 pror-

1924 1892 2038 1942 sus,
2082 1892 2146 1930 ac
2174 1882 2383 1932 terram
2413 1879 2473 1934 in
2503 1897 2614 1951 qua
2659 1882 2908 1948 sedebat,
2943 1883 3286 1955 proluerent.
3337 1885 3523 1954 Atque

1922 1964 2060 2035 ipse,
2092 1965 2417 2035 hujusmodi
2445 1969 2742 2026 dissidium
2777 1973 3094 2045 deplorans,
3127 1989 3400 2045 perquam
3427 1990 3522 2028 ar-

1922 2053 2118 2109 denter
2146 2055 2215 2109 ab
2244 2073 2309 2110 eo
2333 2059 2723 2129 contendebat,
2748 2072 2811 2116 ut
2830 2063 3103 2134 postremi
3126 2063 3279 2119 illius
3301 2063 3522 2119 itineris

1920 2144 2180 2199 comitem
2211 2162 2270 2200 se
2296 2146 2604 2216 adhiberet,
2638 2166 2740 2204 nec
2764 2158 2891 2222 post
2917 2152 3094 2223 ipsius
3122 2153 3432 2208 discessum
3459 2153 3521 2209 in

1918 2235 2128 2289 mundo
2155 2237 2275 2306 jam
2309 2243 2647 2306 remaneret,
2676 2239 2765 2295 his
2790 2241 2970 2296 verbis
3000 2247 3166 2297 utens
3191 2261 3208 2297 ε
3231 2243 3518 2314 Ecquid,o

1917 2329 2097 2395 pater,
2119 2324 2202 2378 tui
2223 2325 2512 2395 duntaxat,
2538 2345 2603 2383 ac
2619 2345 2733 2384 non
2754 2331 2994 2402 proximi
3011 2331 3289 2387 rationem
3305 2331 3519 2387 habes?

1918 2413 2175 2478 Quonam
2205 2420 2397 2470 autem
2425 2418 2592 2472 modo
2621 2419 2726 2473 hac
2754 2419 2814 2474 in
2847 2436 2908 2474 re
2938 2421 3196 2491 perfectae
3225 2422 3519 2478 charitatis

1919 2503 2099 2558 ofﬁcio
2126 2504 2377 2576 fungeris
2402 2506 2530 2578 (pro
2557 2525 2622 2562 eo
2653 2514 2821 2580 atque
2855 2527 2890 2564 a
2915 2511 3138 2567 Christo
3168 2512 3381 2567 dictum
3407 2518 3512 2581 est,

1915 2593 2126 2664 Diliges
2147 2595 2463 2666 proximum
2491 2602 2656 2652 tuum
2674 2598 2822 2653 sicut
2839 2604 2898 2654 te
2921 2600 3150 2674 ipsum),
3166 2618 3295 2657 cum
3314 2607 3377 2658 tu
3397 2603 3520 2675 qui-

1917 2683 2044 2738 dem
2073 2684 2144 2738 ad
2173 2685 2426 2756 requiem
2453 2703 2673 2757 pergas,
2705 2705 2796 2743 me
2831 2693 3022 2745 autem
3051 2691 3112 2745 in
3155 2692 3518 2764 oppressione

1915 2778 2084 2844 atque
2116 2790 2370 2829 aerumna
2389 2775 2696 2849 relinquas,
2723 2795 2786 2832 ac
2813 2779 3144 2851 priusquam
3159 2780 3220 2836 in
3244 2781 3517 2854 religiosae

1911 2861 2036 2917 vitae
2065 2864 2487 2932 certaminibus,
2522 2872 2587 2921 ut
2614 2883 2718 2939 par
2751 2874 2853 2935 est,
2886 2869 3222 2926 exercitatus
3266 2871 3392 2940 sim,
3427 2887 3519 2928 va-

1912 2952 2136 3023 riasque
2158 2953 2405 3009 hostium
2427 2955 2661 3011 insidias
2679 2963 2999 3030 compertas
3023 2960 3282 3028 habeam,
3306 2962 3377 3016 ad
3402 2962 3514 3017 sin-

220 3047 408 3102 riliter
434 3064 537 3119 age
567 3053 623 3102 et
650 3048 963 3103 confortare
993 3052 1157 3118 (Psal.
1193 3049 1361 3121 xva),
1389 3054 1560 3120 atque
1590 3056 1654 3104 ut
1674 3067 1828 3122 egre-
1851 3041 2169 3117 cgularem
2198 3060 2446 3114 pugnam
2479 3062 2608 3099 cum
2636 3047 2772 3117 ipsis
2794 3048 3100 3103 ineundam
3126 3066 3215 3104 me
3236 3050 3466 3122 objicias
3489 3052 3512 3103 Τ

220 3138 352 3208 gius
373 3138 553 3202 miles,
576 3138 629 3192 id
647 3139 718 3192 da
735 3155 982 3208 Operam,
998 3145 1062 3194 ut
1083 3139 1133 3192 ei
1156 3139 1252 3209 qui
1274 3144 1329 3192 te
1350 3139 1586 3192 militem
1608 3141 1834 3211 scripsit

224 3229 452 3298 placeas
481 3229 566 3297 (II
606 3230 745 3282 Tim.
781 3233 870 3293 u);
906 3245 1006 3282 nec
1040 3228 1293 3299 quamvis
1332 3227 1731 3284 imbecillitatis
1769 3248 1833 3285 ac

222 3315 516 3385 languoris
536 3315 900 3385 cogitationes
921 3315 1212 3386 improbus
1233 3315 1326 3370 ille
1357 3316 1588 3386 spiritus
1609 3317 1710 3370 tibi
1731 3318 1832 3371 im-

222 3405 436 3470 mittat,
462 3405 817 3477 institutique
842 3405 924 3459 tui
945 3422 1148 3460 nervos
1168 3405 1432 3475 frangere
1452 3423 1517 3460 ac
1538 3406 1831 3461 debilitare

222 3495 470 3561 studeat,
517 3495 692 3566 ipsius
736 3495 968 3549 insidias
1016 3495 1399 3565 pertimescas,
1436 3495 1574 3550 illud
1605 3497 1830 3551 Domini

219 3589 566 3656 praeceptum
595 3589 783 3650 335
799 3584 1068 3656 cogitans,
1094 3585 1150 3638 in
1174 3585 1382 3639 mundo
1402 3602 1721 3656 pressuram
1737 3587 1835 3641 ha-

218 3671 426 3729 bebitis
452 3693 465 3739 ;
499 3673 596 3728 sed
619 3674 897 3738 confidite,
924 3690 1026 3744 ego
1056 3674 1159 3727 vici
1190 3675 1462 3728 mundum
1494 3678 1827 3749 (Jommm).

219 3764 500 3828 Quocirca
527 3764 711 3833 gaude
730 3763 787 3817 in
811 3763 1048 3817 Domino
1070 3780 1310 3834 semper,
1333 3765 1603 3834 quoniam
1624 3766 1744 3837 ipse
1772 3771 1829 3821 te

219 3853 412 3924 elegit,
443 3858 614 3924 atque
644 3871 677 3906 a
706 3853 916 3908 mundo
936 3853 1254 3923 sejunctum
1285 3859 1415 3908 ante
1445 3854 1642 3908 faciem
1667 3873 1828 3911 suam

216 3947 428 4018 posuit.
448 3947 576 4018 Ipse
597 3951 807 4011 autem,
823 3946 987 4017 quite
1007 3946 1298 4000 vocatione
1324 3964 1429 4001 sua
1451 3953 1643 4002 sancta
1664 3966 1829 4003 voca-

213 4039 314 4100 vit.
334 4053 513 4108 prope
538 4043 621 4090 est
640 4052 888 4107 semper.
916 4035 1068 4091 Nihil
1095 4037 1285 4107 itaque
1306 4037 1574 4092 sollicitus
1605 4039 1699 4105 sis,
1729 4039 1826 4094 sed

210 4126 271 4181 in
293 4126 455 4181 omni
485 4125 739 4179 oratione
767 4131 936 4196 atque
957 4125 1339 4181 obsecratione
1361 4143 1488 4182 cum
1513 4128 1826 4197 gratiarum

211 4215 438 4270 actione
471 4214 766 4285 petitiones
796 4223 906 4269 tuae
933 4216 1286 4270 innotescant
1307 4217 1455 4286 apud
1476 4217 1654 4273 Deum
1676 4219 1828 4286 (Phri-

214 4310 316 4374 lz'p.
350 4304 450 4373 iv).
481 4305 602 4374 Ipse
623 4305 774 4358 enim
803 4304 976 4359 dixit:
1001 4306 1127 4359 Non
1155 4309 1209 4359 te
1230 4305 1506 4372 deseram,
1533 4324 1635 4361 nec
1664 4307 1826 4363 dere-

1917 3132 1985 3185 Et
2015 3148 2124 3203 quo
2155 3133 2423 3203 quidnam
2449 3135 2601 3189 aliud
2619 3136 2943 3208 contingere
2973 3143 3176 3209 potest,
3208 3139 3316 3194 nisi
3335 3144 3400 3194 ut
3427 3157 3515 3195 ve-

1915 3221 2199 3275 teratoriis
2224 3223 2476 3293 ipsorum
2507 3225 2722 3279 artibus
2743 3232 3086 3298 prosternar,
3114 3233 3283 3300 atque
3311 3235 3377 3284 ut
3402 3229 3514 3284 im-

1914 3310 2107 3382 peritis
2122 3327 2186 3365 ac
2197 3311 2411 3367 timidis
2430 3313 2834 3384 gladiatoribus
2855 3333 2962 3372 usu
2982 3319 3170 3372 venire
3185 3319 3346 3381 solet,
3362 3335 3510 3374 sem-

1914 3401 2196 3472 piternam
2227 3401 2428 3456 animae
2458 3409 2699 3459 mortem
2725 3407 3033 3477 oppetam?
3061 3407 3148 3461 Ad
3186 3406 3508 3474 Dominum,

1916 3507 2121 3562 quaeso,
2146 3508 2283 3562 roga
2310 3498 2480 3564 atque
2501 3493 2748 3561 obsecra,
2769 3501 2834 3550 ut
2859 3512 2948 3550 me
2976 3512 3199 3567 quoque
3225 3496 3310 3550 tui
3336 3513 3365 3552 e
3393 3498 3512 3553 vita

1915 3580 2191 3636 discessus
2237 3582 2450 3637 socium
2489 3584 2746 3651 asciscas,
2793 3584 2852 3639 id
2897 3590 2962 3639 ut
3013 3585 3201 3652 facias,
3239 3603 3342 3657 per
3387 3603 3512 3642 eam

1915 3670 2096 3742 ipsam
2123 3689 2282 3744 spem
2313 3690 2483 3744 quam
2511 3673 2683 3728 habes
2712 3673 2831 3729 fore
2869 3679 2935 3729 ut
2958 3673 3164 3730 laboris
3191 3677 3510 3733 mercedem

1913 3761 2207 3832 percipias,
2239 3767 2295 3817 te
2324 3763 2589 3818 obtestor.
2608 3765 2745 3830 Hoc,
2774 3764 3025 3836 inquam,
3050 3781 3084 3818 a
3110 3765 3224 3820 Deo
3249 3765 3508 3838 precibus

1912 3852 2202 3918 contende,
2240 3857 2399 3908 utne
2440 3853 2671 3908 unicum
2715 3853 2942 3925 quidem
2982 3854 3132 3910 diem
3176 3859 3304 3928 post
3349 3861 3514 3912 tuum

1911 3939 2216 3996 discessum
2237 3943 2297 3995 in
2325 3943 2429 3996 hac
2456 3943 2571 3998 vita
2599 3943 2946 4015 peregriner,
2974 3944 3222 4016 atquein
3241 3946 3510 4002 densissi-

1909 4047 2002 4083 ma
2029 4031 2133 4085 hac
2161 4031 2464 4085 solitudine
2494 4031 2774 4107 oberrem.

1981 4119 2111 4174 Haec
2130 4136 2256 4174 cum
2282 4120 2553 4191 Josaphat
2580 4122 2808 4191 plorans
2834 4123 3064 4189 diceret,
3092 4140 3261 4179 senex
3288 4126 3507 4196 placide

1909 4225 1974 4263 ac
2001 4209 2205 4263 leniter
2231 4209 2417 4279 ipsum
2432 4209 2762 4282 reprimens,
2788 4211 2888 4266 Dei
2904 4211 3150 4282 judiciis,
3175 4213 3507 4286 inquit,quae

1909 4298 2110 4352 mentis
2132 4299 2391 4353 humanae
2414 4304 2641 4370 captum
2667 4300 2960 4365 excedunt,
2976 4300 3252 4357 obluctari
3275 4302 3508 4358 minime

211 4394 496 4463 linquam.
529 4393 660 4448 Haec
696 4393 888 4464 itaque
917 4394 978 4447 in
1015 4393 1140 4448 vitae
1182 4393 1397 4475 duyitia
1441 4411 1509 4448 ac
1552 4395 1825 4466 religiosa;
1843 4385 1890 4445 D
1910 4388 2356 4443 debemus.Nam
2378 4405 2499 4459 ego,
2529 4404 2657 4444 cum
2685 4389 2756 4445 de
2785 4390 2889 4447 hac
2906 4406 2968 4446 re
2997 4392 3206 4446 multas
3235 4391 3307 4446 ad
3325 4392 3506 4448 Deum

212 4481 643 4537 exercitationis
669 4481 881 4538 vilitate
906 4487 1091 4537 tecum
1115 4483 1233 4554 ipse
1256 4489 1543 4555 reputans,
1569 4485 1628 4538 in
1648 4485 1823 4539 animi

211 4573 509 4644 voluptate
535 4588 774 4637 versare,
807 4572 1031 4627 Domini
1053 4573 1154 4626 Dei
1184 4573 1362 4628 nostri
1386 4574 1717 4629 memoriam
1743 4591 1829 4629 re-

211 4662 432 4716 tinens.
467 4660 682 4716 Memor
713 4661 880 4727 enim,
923 4661 1128 4732 inquit,
1159 4662 1238 4717 fui
1283 4663 1404 4729 Dei,
1438 4670 1495 4718 et
1519 4664 1826 4719 delectatus

207 4767 348 4805 sum
382 4751 550 4822 (Psal.
583 4753 789 4818 Lxxvx).

288 4841 443 4895 Cum
472 4844 661 4894 autem
693 4857 920 4897 rursum
949 4842 1304 4897 adversarius
1335 4843 1490 4898 aliud
1520 4844 1578 4898 in
1609 4851 1664 4898 te
1694 4843 1826 4900 belli

205 4947 401 5002 genus
441 4930 858 5000 excogitaverit,
892 4931 1158 4986 sublimes
1208 4949 1408 5004 nempe
1446 4938 1616 5004 atque
1666 4951 1824 4989 arro-

199 5027 420 5092 gant-es
442 5019 810 5090 cogitationes
829 5037 1164 5093 proponens,
1182 5022 1452 5093 regnique
1473 5025 1685 5079 terreni
1707 5025 1824 5095 glo-

200 5111 360 5165 riam
389 5125 564 5180 quam
588 5109 885 5180 reliquisti,
906 5116 1217 5182 caeteraun
1239 5128 1361 5182 quae
1386 5111 1443 5166 in
1463 5114 1672 5168 mundo
1692 5121 1826 5170 sunt

201 5199 315 5254 tibi
332 5200 399 5254 in
420 5197 598 5253 oculis
616 5199 912 5267 collocans,
934 5200 1283 5256 salutiferam
1305 5201 1616 5256 doctrinam
1645 5204 1823 5276 clypei

199 5291 396 5344 instar
428 5287 689 5354 obtende,
725 5288 1040 5344 dicentem:
1072 5291 1212 5345 Cum
1232 5290 1475 5346 feceritis
1497 5293 1687 5347 omnia
1705 5311 1827 5365 qua:

1911 4495 2102 4549 preces
2137 4478 2425 4547 fudissem,
2464 4497 2712 4552 eumque
2748 4479 2837 4536 cui
2876 4481 3031 4536 nulla
3059 4481 3142 4537 vis
3186 4481 3373 4538 afferri
3415 4499 3515 4554 po-

1911 4573 2036 4634 test,
2071 4571 2224 4625 velut
2250 4585 2352 4641 per
2389 4571 2505 4626 vim
2539 4571 2768 4642 adigere
2803 4576 3129 4638 tentassem,
3165 4576 3228 4626 ut
3258 4588 3328 4627 ne
3357 4571 3508 4628 inter

1910 4676 2012 4714 nos
2032 4660 2138 4732 disj
2147 4677 2504 4732 ungeremur,
2521 4661 2591 4716 ab
2616 4661 2794 4733 ipsius
2807 4660 3058 4717 bonitate
3077 4661 3182 4716 hoc
3201 4660 3388 4727 didici,
3407 4661 3509 4718 mi-

1910 4749 2060 4804 nime
2089 4750 2191 4806 tibi
2220 4767 2370 4806 nunc
2397 4751 2743 4806 conducibile
2772 4767 2892 4806 esse
2921 4750 3106 4806 carnis
3127 4767 3272 4806 onus
3300 4750 3510 4822 abjice-

1913 4857 1992 4906 re,
2025 4857 2222 4895 verum
2251 4841 2310 4896 in
2335 4841 2599 4911 religiosa
2631 4840 3030 4897 exercitatione
3057 4841 3255 4896 tandiu
3284 4858 3510 4914 perma-

1910 4945 2062 4995 nere,
2109 4931 2292 5001 quoad
2331 4931 2767 5002 splendidiorem
2797 4946 3066 4985 coronam
3096 4930 3202 4986 tibi
3242 4932 3508 4987 texueris.

1910 5019 2174 5074 Nondum
2203 5021 2352 5076 enim
2382 5037 2483 5092 pro
2526 5037 2593 5075 ea
2623 5037 2745 5092 quae
2769 5019 2872 5074 tibi
2899 5025 3099 5092 parata
3127 5026 3214 5078 est
3253 5022 3514 5079 mercede

1906 5110 2041 5184 satis
2067 5111 2365 5165 decertasti
2389 5130 2401 5178 ;
2425 5127 2620 5165 verum
2642 5111 2874 5182 paulum
2903 5111 3084 5166 adhuc
3112 5111 3331 5168 labores
3349 5129 3515 5186 opor-

1907 5207 2009 5265 tet,
2029 5205 2091 5254 ut
2111 5201 2269 5256 laetus
2295 5199 2354 5256 in
2379 5200 2604 5255 Domini
2625 5200 2710 5254 tui
2728 5200 3001 5272 gaudium
3020 5201 3216 5257 intres.
3241 5202 3387 5258 Nam
3410 5217 3516 5274 ego

1912 5291 2140 5362 quidem
2160 5291 2279 5360 jam
2310 5306 2453 5362 pene
2482 5291 2856 5357 centenarius,
2879 5307 3054 5346 annos
3076 5291 3326 5363 quinque
3347 5297 3405 5347 et
3431 5306 3516 5346 se-

207 5382 508 5451 przecepta
553 5383 687 5432 sunt
715 5378 887 5443 vobis,
923 5379 1130 5439 dicite:
1162 5381 1316 5435 Servi
1348 5381 1578 5436 inutiles
1609 5399 1824 5450 sumus,
1917 5381 2214 5451 ptuaginta
2259 5379 2318 5435 in
2372 5381 2477 5433 hac
2534 5381 2837 5436 solitudine
2893 5381 3123 5437 confeci.
3180 5381 3304 5436 Tibi
3360 5396 3511 5446 vero,

202 5467 494 5541 quoniam
523 5467 579 5521 id
608 5469 756 5539 quod
797 5467 977 5524 facere
1027 5469 1342 5536 debuimus,
1387 5471 1621 5526 fecimus
1662 5475 1835 5542 (Lucas
1918 5469 2140 5526 etiamsi
2171 5486 2284 5525 non
2313 5475 2472 5526 tanta
2491 5472 2761 5546 temporis
2782 5487 2943 5527 mora
2957 5473 3148 5528 futura
3167 5475 3272 5533 est.
3296 5475 3354 5525 at
3367 5475 3516 5524 certe

200 5558 372 5626 XVII).
408 5555 482 5614 Et
523 5556 750 5628 quidem
780 5558 904 5631 quis
950 5563 1206 5616 nostrum
1243 5559 1494 5617 debitum
1532 5561 1689 5628 illud,
1724 5579 1834 5634 quo
1919 5561 1988 5616 ad
2023 5561 2079 5617 id
2099 5560 2364 5632 spatium,
2395 5566 2460 5618 ut
2489 5562 2654 5636 jubet
2689 5560 2980 5630 Dominus,
3021 5559 3248 5634 propius
3288 5557 3518 5614 accedas
