3876 6190
431 251 534 310 .599

1443 255 1537 309 DE
1572 255 1762 312 VITIS
1800 258 2096 314 PATRUM
2133 257 2350 314 LIBER
2385 255 2676 313 PRIMUS.

3549 265 3644 323 ϐω,

429 397 657 438 necesse
684 387 790 448 est,
825 395 934 452 quo
961 379 1028 434 iis
1061 380 1220 435 nulla
1247 396 1312 434 ex
1343 385 1502 452 parte
1531 380 1762 436 inferior
1789 383 1885 447 sis,
1921 383 2018 454 qui
2038 385 2086 445 Α
2105 383 2540 454 disjunctionem
2579 381 2871 452 aegerrime
2899 379 3088 435 animo
3117 381 3325 438 ferenti.
3353 385 3465 442 iam
3480 393 3638 446 autem

428 471 540 528 diei
569 475 628 526 et
653 475 822 526 aestus
848 469 1068 542 pondus
1094 469 1450 541 pertulerunt
1473 471 1690 537 (Matth.
1725 471 1833 541 xx).
1868 473 2020 536 Qua-

428 565 676 634 propter,
699 573 732 613 o
757 557 954 624 amice,
987 573 1111 629 quae
1137 574 1172 612 a
1197 559 1312 614 Deo
1339 559 1565 614 decreta
1592 564 1744 627 sunt,
1764 566 2021 632 prompto

427 667 495 706 ac
534 646 748 704 lubenti
779 645 970 702 animo
1007 647 1216 719 accipe.
1249 649 1392 702 Nam
1425 665 1548 721 quae
1595 649 1716 720 ipse
1755 650 2018 714 decrevit,

428 738 553 811 quis
603 737 832 794 tandem
881 736 1204 791 mortalium
1255 737 1528 810 dissipare
1579 739 1788 810 queat?
1841 741 2023 810 Atque

423 827 600 900 ipsius
625 825 812 898 gratia
839 832 1216 892 conservatus,
1243 827 1602 882 tolerantiam
1631 833 1851 900 praesta.

495 917 641 973 Illud
655 921 827 972 etiam
840 931 994 981 cura,
1009 920 1074 970 ut
1093 916 1360 971 adversus
1379 916 1638 971 inimicas
1655 917 2022 988 cogitationes

423 1005 610 1061 animo
647 1003 903 1071 excubes,
936 1021 1002 1058 ac
1041 1005 1246 1060 mentis
1273 1005 1600 1076 puritatem,
1632 1021 1746 1060 non
1766 1023 1925 1061 secus
1956 1022 2021 1060 ac

423 1095 724 1166 quemdam
739 1094 984 1166 ingentis
1002 1094 1168 1166 pretii
1188 1094 1538 1159 thesaurum,
1558 1095 1773 1150 salvum
1796 1100 1854 1150 et
1873 1095 2021 1150 inco-

421 1187 631 1241 lumem
651 1200 857 1251 serves,
877 1185 948 1240 ad
974 1183 1364 1240 sublimiorem
1391 1185 1670 1239 actionem
1692 1191 1748 1239 et
1775 1191 2021 1240 contem-

419 1273 724 1346 plationem
750 1273 808 1328 in
837 1273 956 1328 dies
980 1273 1226 1345 teipsum
1251 1275 1580 1344 provehens,
1614 1279 1678 1328 ut
1705 1273 1844 1328 illud
1873 1275 1930 1328 in
1963 1279 2017 1328 te

420 1365 739 1436 impleatur,
772 1365 920 1436 quod
949 1363 1224 1418 Dominus
1253 1363 1448 1418 amicis
1467 1363 1584 1418 suis
1611 1363 1892 1434 promisit,
1929 1363 2016 1417 his

420 1452 602 1509 verbis
624 1458 828 1509 utens:
861 1453 920 1508 Si
951 1453 1077 1525 quis
1111 1451 1296 1523 diligit
1321 1469 1432 1519 me,
1466 1469 1785 1508 sermonem
1823 1469 2012 1508 meum

417 1542 681 1608 servabit,
712 1548 770 1597 et
799 1543 968 1598 Pater
996 1557 1154 1598 meus
1183 1541 1381 1613 diliget
1407 1557 1557 1609 eum,
1588 1548 1645 1596 et
1672 1543 1743 1596 ad
1766 1558 1897 1597 eum
1916 1557 2014 1596 ve-

416 1631 656 1698 niemus,
690 1637 748 1686 et
775 1631 1125 1686 mansionem
1169 1630 1320 1703 apud
1353 1646 1483 1686 eum
1531 1631 1798 1687 faciemus
1825 1632 2012 1703 (Joan.

2103 473 2324 528 lucente
2352 471 2442 526 die
2480 487 2683 526 manus
2709 476 2879 542 atque
2905 469 3098 525 oculos
3123 471 3180 526 in
3207 473 3392 529 cmlum
3427 478 3635 545 sustulit,

2104 563 2330 633 Deoque
2356 560 2570 632 gratias
2592 559 2852 626 reddens,
2883 559 2992 614 hoc
3016 575 3265 616 sermone
3290 578 3416 620 usus
3446 572 3544 625 est.

2175 667 2414 722 Domine
2441 668 2590 722 Deus
2620 665 2901 738 meus,qui
2922 665 3128 738 ubique
3143 683 3372 738 presens
3398 687 3469 736 es,
3497 677 3638 746 atque

2107 762 2297 816 omnia
2315 761 2532 832 imples,
2539 759 2752 832 gratias
2770 759 2875 814 tibi
2893 760 3283 832 ago,quoniam
3308 761 3641 822 humilitatem

2104 867 2289 904 meam
2331 849 2626 921 respexisti
2677 851 2842 914 (Psal.
2877 852 2952 918 1.),
2977 853 3144 920 atque
3171 849 3272 904 hoc
3303 850 3430 906 mihi
3455 867 3642 909 conoes-

2105 939 2318 1006 sisti,ut
2331 939 2388 993 in
2409 939 2718 993 orthodoxa
2735 943 2835 992 tua
2848 937 3043 1004 ﬁde,et
3062 938 3437 994 mandatorum
3448 945 3640 998 tuorum

2102 1029 2208 1094 via,
2241 1029 2474 1099 hujusce
2495 1026 2963 1098 peregrinationis
2992 1043 3214 1082 cursum
3235 1027 3555 1084 absolverim.
3575 1033 3638 1086 Ac

2101 1133 2268 1183 nunc,
2295 1117 2504 1188 optime
2533 1115 2789 1180 Domine,
2809 1119 2980 1187 atque
2998 1115 3070 1170 ad
3096 1116 3509 1172 misericordiam
3533 1136 3642 1190 pro-

2103 1205 2517 1278 pensissime,in
2537 1211 2747 1260 aeterna
2759 1203 3125 1260 tabernacula
3141 1209 3240 1260 tua
3266 1223 3350 1260 me
3368 1207 3642 1278 recipe,nec

2103 1313 2168 1350 ea
2183 1295 2456 1350 memoria
2481 1293 2662 1349 retine
2692 1311 2816 1366 quae
2838 1295 2925 1348 vel
2955 1294 3136 1349 sciens
3165 1295 3248 1349 vel
3277 1294 3501 1350 insciens
3531 1297 3643 1352 inte

2098 1384 2339 1456 peccavi.
2354 1386 2632 1440 Conserva
2657 1388 2848 1438 autem
2869 1383 3040 1438 etiam
3059 1383 3278 1438 fidelem
3301 1384 3440 1440 hunc
3453 1401 3643 1440 servum

2095 1480 2154 1529 tu
2163 1491 2255 1529 um
2271 1475 2360 1529 cui
2373 1490 2462 1528 me
2475 1473 2734 1528 inutilem
2743 1471 3016 1528 famulum
3028 1478 3188 1528 tuum
3200 1490 3426 1546 praeesse
3435 1473 3642 1530 voluisti.

2095 1563 2180 1617 Ab
2200 1563 2353 1618 omni
2378 1563 2624 1618 vanitate
2663 1567 2832 1634 atque
2871 1561 3176 1617 adversarii
3193 1562 3470 1619 vexatione
3489 1563 3645 1636 ipsum

2097 1652 2276 1708 exime
2305 1670 2317 1706 :
2354 1651 2606 1723 illudque
2637 1652 2812 1716 effice,
2850 1656 2914 1705 ut
2951 1650 3333 1707 nodosissimis
3367 1651 3432 1706 iis
3462 1652 3646 1724 laqueis

415 1721 551 1790 Ην)-
594 1720 743 1814 Ηεξθον
869 1719 1046 1814 (mnf?
1074 1719 1163 1775 his
1191 1719 1356 1814 Ρξξπδ
1381 1717 1736 1814 εξηοίίεείῖηα
1765 1719 1860 1773 illa
1887 1719 2012 1772 ani'
2029 1746 2074 1805 B
2099 1759 2238 1814 quos
2257 1717 2612 1796 diabolus—ad
2636 1757 2830 1796 eorum
2849 1741 3104 1796 omnium
3123 1740 3320 1813 quibus
3347 1741 3486 1797 salus
3511 1717 3641 1798 c-ordi

413 1826 526 1876 ma,
559 1825 624 1864 ac
643 1808 960 1880 theologica
988 1807 1184 1878 lingua
1211 1807 1384 1878 digna
1411 1809 1629 1862 locutus
1659 1824 1846 1875 senex,
1871 1824 2010 1862 moe-

413 1904 634 1954 rentem
661 1898 838 1970 ipsius
868 1897 1123 1952 animum
1151 1890 1363 1951 lenivit.
1397 1897 1611 1952 Deinde
1640 1897 1712 1952 ad
1739 1897 2008 1969 quosdam

412 1987 629 2052 fratres,
653 1987 820 2058 longo
839 1986 1133 2042 intervallo
1151 1991 1345 2054 333
1371 1985 1442 2040 ab
1471 1987 1591 2058 ipso
1619 1986 1862 2052 dissitos,
1879 2003 2010 2040 eum

413 2077 697 2142 amandat,
738 2081 804 2131 ut
832 2091 900 2130 ea
927 2093 1051 2148 quae
1087 2075 1159 2130 ad
1206 2081 1626 2131 sacrosanctum
1673 2076 2008 2131 sacrificium

411 2165 818 2222 conficiendum
829 2166 1249 2220 accommodata
1261 2170 1424 2220 erant
1440 2166 1682 2220 afferret.
1702 2166 1770 2220 Et
1781 2166 2008 2238 quidem

410 2255 682 2327 Josaphat
722 2255 1039 2327 praecinctis
1076 2253 1322 2310 vestibus
1367 2271 1538 2326 quam
1577 2255 1869 2310 celerrime
1904 2256 2010 2310 hoc

411 2345 790 2401 ministerium
817 2345 1173 2416 exsequitur;
1197 2343 1494 2400 verebatur
1507 2344 1656 2399 enim
1687 2361 1757 2399 ne
1777 2344 2008 2399 absente

411 2435 672 2490 Barlaam
692 2433 944 2488 debitum
963 2438 1180 2488 naturae
1205 2449 1408 2488 munus
1427 2433 1785 2504 persolveret,
1809 2449 1874 2486 ac
1895 2433 2008 2488 Do-

409 2524 566 2580 mino
593 2523 852 2596 spiritum
883 2523 1144 2589 reddens,
1176 2539 1344 2594 grave
1374 2522 1477 2576 sibi
1497 2523 1899 2576 detrimentum
1919 2522 2006 2577 in-

411 2614 599 2676 ferret,
615 2612 896 2686 siquidem
918 2617 974 2666 et
1000 2611 1298 2666 verborum
1320 2618 1378 2666 et
1394 2616 1772 2666 extremarum
1797 2611 2008 2666 allocu-

411 2701 630 2757 tionum
657 2707 716 2757 et
741 2702 1062 2756 orationum
1093 2701 1270 2773 ipsius
1301 2718 1496 2774 expers
1523 2701 1738 2756 fuisset.

484 2793 627 2847 Cum
639 2790 812 2862 igitur
833 2791 1201 2863 longinquum
1215 2790 1354 2846 illud
1372 2790 1480 2845 iter
1499 2790 1806 2845 fortissimo
1819 2790 2005 2844 animo

411 2881 758 2947 confecisset,
792 2885 963 2954 atque
991 2897 1060 2936 ea
1087 2897 1210 2952 quae
1238 2880 1310 2934 ad
1338 2885 1758 2934 sacrosanctum
1788 2879 2005 2934 sacrifi-

410 2972 562 3027 cium
581 2987 721 3043 opus
741 2976 904 3026 erant
929 2970 1229 3035 attulisset,
1245 2969 1628 3024 divinissimus
1650 2969 1907 3024 Barlaam
1926 2969 2008 3024 in-

410 3064 708 3116 cruentum
727 3059 1060 3115 sacrificium
1075 3061 1190 3114 Deo
1205 3058 1431 3126 obtulit;
1451 3058 1837 3130 perceptisqne
1854 3059 2011 3114 Chri-
2029 3067 2073 3128 ο

412 3151 484 3206 sti
511 3148 582 3206 ab
601 3150 754 3206 omni
774 3149 901 3205 labe
927 3149 1084 3222 puris
1113 3147 1418 3220 mysteriis,
1445 3163 1511 3202 ac
1536 3149 1842 3220 Josaphato
1873 3149 2009 3205 item

411 3239 732 3312 impertitis,
765 3239 968 3310 spiritu
995 3237 1308 3305 exsultavit,
1349 3243 1687 3310 sumptoque
1738 3238 1808 3292 de
1851 3256 2008 3294 more

413 3329 556 3398 cibo,
570 3328 914 3384 salutaribus
933 3345 1158 3384 rursum
1177 3326 1528 3383 sermonibus
1547 3327 1725 3399 ipsius
1751 3329 2007 3386 animum

414 3420 565 3474 alere
587 3419 780 3491 coepit,
809 3418 898 3473 his
925 3417 1104 3473 verbis
1132 3422 1298 3473 utens
1325 3435 1336 3470 :
1370 3417 1496 3473 Non
1517 3417 1658 3488 jam,
1681 3418 2008 3475 charissime

414 3509 514 3577 fili,
538 3525 640 3565 nos
667 3509 726 3564 in
750 3508 854 3564 hac
877 3507 988 3562 vita
1017 3508 1213 3563 eadem
1233 3508 1434 3563 domus
1463 3523 1528 3564 ac
1550 3525 1746 3564 mensa
1771 3510 2008 3582 conjun-

413 3605 529 3670 get,
539 3600 661 3671 jam
679 3597 831 3654 enim
851 3597 1112 3652 ultimam
1126 3603 1352 3670 patrum
1375 3616 1631 3654 meorum
1656 3599 1807 3654 viam
1829 3599 2014 3671 ingre-

416 3688 556 3744 dior.
590 3687 862 3752 Quocirca
887 3685 990 3741 tibi
1017 3686 1334 3743 faciendum
1372 3694 1458 3744 est
1485 3695 1551 3744 ut
1579 3705 1679 3760 per
1715 3689 2012 3744 mandato-

416 3795 545 3834 rum
562 3775 879 3832 divinorum
907 3775 1373 3846 observationem,
1399 3783 1571 3851 atque
1596 3778 1653 3834 in
1673 3778 1780 3834 hoc
1800 3779 1921 3834 loco
1942 3779 2013 3834 ad

419 3873 732 3923 extremum
785 3883 964 3938 usque
1001 3867 1124 3923 vita:
1170 3867 1320 3922 diem
1358 3869 1878 3937 commorationem,
1928 3868 2014 3924 tui

421 3971 556 4029 erga
581 3973 673 4013 me
709 3957 917 4012 amoris
953 3957 1234 4028 specimen
1275 3956 1574 4025 exhibeas;
1617 3958 1696 4012 sic
1742 3958 2012 4014 nimirum

416 4047 547 4104 vitae
573 4052 684 4103 tuae
714 4047 960 4102 rationes
995 4047 1316 4114 instituens,
1347 4047 1821 4118 quemadmodum
1865 4047 2012 4103 didi-

417 4137 562 4206 cisti,
583 4154 687 4194 nec
703 4153 956 4211 unquam
975 4136 1204 4209 abjectae
1224 4142 1395 4209 atque
1415 4137 1626 4208 ignava:
1645 4139 1846 4194 animm
1875 4155 2014 4193 meae

417 4229 752 4285 memoriam
779 4227 1178 4284 intermittens.
1208 4229 1450 4284 Multum
1468 4229 1659 4301 itaque
1685 4230 1825 4296 vale,
1846 4234 2016 4301 atque

417 4319 478 4374 in
507 4318 732 4376 Christo
750 4317 1046 4386 delectare,
1069 4323 1238 4390 atque
1257 4319 1493 4386 exsulta,
1513 4319 1780 4390 quoniam
1792 4323 2019 4374 terrena

2095 1837 2183 1887 est
2209 1831 2572 1886 offensionem
2601 1829 2866 1902 expandit
2883 1829 3178 1885 sublimior
3199 1829 3409 1886 existat.
3441 1831 3644 1887 Omnem

2093 1920 2418 1994 impostoris
2447 1919 2776 1992 potentiam,
2801 1919 3161 1992 omnipotens
3179 1921 3344 1986 Deus,
3373 1921 3550 1976 aservi
3579 1923 3646 1976 tui

2091 2010 2232 2066 facie
2259 2011 2382 2065 dele
2409 2029 2422 2078 ;
2469 2015 2638 2082 atque
2667 2025 2762 2064 eas
2791 2008 2900 2082 ipsi
2916 2009 3064 2064 vires
3089 2009 3245 2077 affer,
3269 2013 3334 2064 ut
3357 2009 3646 2082 pestiferum

2090 2100 2268 2156 hostis
2287 2099 2608 2154 animarum
2617 2103 2940 2174 nostrarum
2951 2103 3126 2171 caput
3135 2098 3643 2171 proculcet.Spiritus

2090 2190 2175 2244 tui
2195 2191 2372 2244 sancti
2393 2188 2636 2260 gratiam
2659 2205 2724 2243 ex
2745 2189 2860 2244 alto
2898 2187 2959 2244 in
2979 2204 3112 2244 eum
3135 2188 3382 2254 demitte,
3413 2193 3565 2260 atque
3589 2187 3645 2241 ad

2090 2278 2399 2334 invisibiles
2417 2277 2713 2334 conflictus
2732 2276 2907 2333 robur
2933 2277 3041 2350 ipsi
3062 2277 3226 2345 adde,
3247 2284 3311 2333 ut
3331 2277 3555 2332 victoria:
3578 2293 3649 2330 co-

2092 2383 2288 2422 ronam
2309 2383 2344 2422 a
2363 2371 2828 2438 teconsequatur,
2853 2383 2919 2421 ac
2939 2383 3148 2422 nomen
3169 2351 3348 2432 tuum',
3367 2381 3398 2420 ο
3414 2365 3578 2427 Pater,
3595 2381 3648 2417 ac

2091 2456 2219 2510 Filii
2241 2455 2346 2523 tui,
2372 2461 2430 2510 et
2456 2455 2699 2528 Spiritus
2727 2455 2929 2523 sancti,
2953 2455 3013 2511 in
3033 2455 3159 2528 ipso
3197 2454 3510 2521 celebretur,
3539 2469 3650 2524 quo-

2091 2545 2246 2600 niam
2273 2550 2331 2600 te
2357 2545 2517 2600 decet
2545 2545 2667 2600 laus
2695 2550 2753 2600 et
2777 2545 2960 2617 gloria
2976 2544 3036 2600 in
3065 2545 3293 2601 saecula.
3323 2546 3509 2600 Amen.

2162 2653 2280 2708 Hac
2308 2653 2630 2724 precatione
2652 2651 2864 2720 habita,
2890 2669 3019 2708 cum
3048 2658 3287 2726 paterno
3313 2652 3502 2706 affectu
3519 2652 3650 2706 Josa-

2091 2743 2327 2814 phatum
2347 2742 2690 2813 complexus,
2720 2747 2890 2814 atque
2913 2741 3109 2797 osculo
3127 2746 3320 2797 sancto
3339 2740 3648 2796 exosculatus

2088 2830 2306 2897 fuisset,
2341 2847 2406 2886 ac
2419 2847 2541 2886 sese
2561 2831 2743 2886 crucis
2767 2832 2928 2903 signo
2947 2832 3268 2898 muniisset,
3291 2831 3550 2904 pedesque
3567 2844 3644 2882 cx-

2087 2920 2330 2987 tulisset,
2375 2920 2590 2992 ingenti
2623 2921 2820 2976 laetitia
2858 2920 3140 2994 perfusus,
3190 2937 3303 2977 non
3347 2936 3494 2976 secus
3521 2935 3578 2972 ac
3610 2917 3647 2970 si

2091 3009 2257 3064 amici
2279 3009 2509 3082 quidam
2529 3010 2912 3078 accessissent,
2931 3011 3002 3066 ad
3021 3010 3258 3066 beatum
3277 3010 3399 3076 iter,
3422 3013 3572 3080 atque
3589 3005 3645 3060 ad

2091 3098 2412 3170 recipienda
2448 3099 2624 3154 beatae
2670 3099 2823 3155 illius
2850 3100 2979 3156 vitae
3007 3100 3249 3173 praemia
3276 3099 3540 3173 profectus
3565 3101 3649 3159 est,

2091 3205 2260 3244 senex
2280 3189 2464 3261 plane,
2501 3205 2564 3244 ac
2592 3189 2973 3262 Spiritualium
2997 3190 3225 3246 dierum
3251 3191 3460 3263 plenus.

2164 3308 2300 3363 CAP.
2333 3307 2448 3363 XL.
2465 3331 2529 3344 -
2559 3307 2828 3380 Josaphat
2855 3311 3045 3364 autem
3061 3324 3297 3364 summa
3316 3324 3439 3363 cum
3457 3321 3658 3361 venera-

2091 3397 2244 3454 tione
2272 3403 2442 3470 atque
2467 3398 2682 3470 ejulatu
2697 3403 2916 3471 patrem
2935 3399 3284 3470 complexus,
3309 3395 3652 3468 lacrymisquc

2094 3485 2284 3542 abluto
2303 3486 2482 3558 ipsius
2508 3503 2757 3560 corpore,
2787 3492 2959 3560 atque
2977 3504 3184 3560 aspero
3205 3487 3303 3543 illo
3329 3485 3514 3548 cilicio,
3536 3481 3660 3556 quod

2095 3575 2166 3632 ab
2181 3593 2246 3632 eo
2270 3576 2329 3632 in
2350 3577 2483 3632 aula
2500 3583 2808 3650 acceperat,
2831 3577 3107 3646 involuto,
3133 3580 3430 3634 consuetos
3445 3573 3658 3646 psalmos

2095 3665 2315 3734 recitat,
2349 3683 2452 3738 per
2475 3671 2661 3722 totum
2693 3667 2843 3722 diem
2876 3684 2942 3722 ac
2974 3672 3163 3723 totam
3195 3671 3415 3723 noctem
3441 3662 3592 3718 simul
3617 3666 3664 3714 et

2095 3771 2320 3823 canens,
2352 3761 2411 3810 et
2437 3756 2747 3828 pretiosum
2775 3755 2927 3811 beati
2956 3755 3059 3810 viri
3092 3772 3302 3829 corpus
3328 3751 3575 3826 lacrymis
3599 3749 3664 3803 ri-

2093 3862 2254 3917 gans.
2287 3845 2563 3900 Postridie
2593 3851 2784 3902 autem
2832 3846 3030 3902 effosso
3053 3847 3229 3918 juxta
3257 3845 3565 3919 speluncam
3593 3857 3667 3894 sc-

2096 3935 2308 4007 pulcro,
2343 3951 2408 3990 ac
2436 3951 2594 3990 sacro
2621 3951 2855 4008 corpore
2901 3941 3234 3992 reverenter
3269 3933 3560 3990 admodum
3583 3944 3666 3999 ge-

2093 4031 2260 4094 stato,
2293 4025 2647 4097 spiritualem
2689 4029 2907 4098 patrem
2938 4026 3206 4098 egregius
3236 4030 3296 4080 et
3339 4019 3669 4080 charissimus

2095 4115 2246 4170 ﬁlius
2273 4115 2606 4183 inhumavit,
2639 4115 3038 4187 ardentiusque
3067 4115 3266 4171 animo
3294 4113 3664 4171 inflammatus,

2098 4209 2268 4276 atque
2296 4206 2370 4259 ad
2397 4205 2709 4260 orationem
2737 4205 2985 4278 seipsum
3007 4221 3184 4278 quam
3203 4204 3446 4261 maxime
3473 4202 3670 4257 conten-

2098 4295 2258 4362 dens,
2287 4295 2376 4350 his
2400 4293 2582 4350 verbis
2610 4311 2747 4350 usus
2775 4301 2861 4351 est
2891 4313 2902 4350 :

421 4413 479 4464 et
508 4407 764 4464 interitui
787 4407 1026 4462 obnoxia
1043 4416 1184 4462 ’cum
1212 4407 1571 4479 sempiternis
1593 4414 1652 4463 et
1679 4407 1750 4463 ab
1779 4409 2012 4464 interitu
2035 4396 2084 4456 D
2172 4412 2407 4467 Domine
2435 4413 2584 4468 Deus
2613 4429 2794 4480 meus,
2826 4414 3024 4470 exaudi
3043 4413 3366 4470 orationem
3389 4425 3561 4468 meam
3581 4421 3674 4480 qua

421 4497 620 4553 alienis
646 4496 807 4550 bonis
821 4496 1211 4563 commutasti;
1246 4514 1309 4552 ac
1333 4499 1652 4570 propinqua
1673 4503 1760 4553 est
1782 4515 2016 4571 operum

418 4593 649 4642 tuorum
670 4601 902 4652 merces,
917 4586 1113 4656 acjam
1135 4587 1367 4657 jamque
1395 4587 1558 4642 adest
1577 4587 1673 4659 qui
1700 4589 2016 4644 mercedem

422 4675 612 4730 refert.
647 4675 756 4740 Qui
802 4675 1029 4747 quidem
1057 4675 1129 4730 ad
1165 4675 1574 4747 inspiciendam
1617 4693 1742 4732 eam
1769 4678 2010 4746 vineam,

423 4781 595 4838 quam
623 4765 929 4828 excoluisti,
953 4765 1160 4832 veniet,
1187 4763 1402 4836 tibique
1421 4781 1520 4837 pro
1540 4783 1606 4821 ea
1629 4768 1847 4823 exculta
1866 4785 2016 4823 mer-

423 4855 615 4912 cedem
643 4855 1050 4928 amplissimam
1077 4853 1364 4929 praebebit.
1386 4855 1596 4911 Fidelis
1626 4857 1778 4912 enim
1807 4875 2012 4926 sermo,

422 4953 488 5001 ut
503 4946 712 5002 clamat
723 4945 944 5001 divinus
973 4947 1183 5002 Paulus
1211 4947 1497 5018 apostolus
1519 4947 1571 5019 (Ι
1598 4949 1740 5002 Tim.
1768 4947 1823 5019 l),
1847 4953 2017 5020 atque

425 5035 580 5091 omni
607 5035 930 5108 acceptione
968 5035 1172 5107 dignus
1201 5051 1218 5090 :
1251 5037 1312 5092 Si
1339 5037 1759 5106 commorimur,
1799 5044 1854 5093 et
1881 5055 2015 5094 con-

424 5125 702 5193 vivemus;
726 5126 775 5179 si
801 5126 1162 5194 sustinemus,
1194 5131 1254 5180 et
1278 5127 1767 5200 conregnabimus,
1786 5129 1843 5184 in
1872 5146 2018 5184 sem-

425 5217 645 5288 piterno
663 5216 760 5271 illo
781 5233 846 5271 ac
863 5216 987 5272 finis
1007 5222 1232 5290 experte
1259 5235 1431 5290 regno
1451 5218 1873 5291 incomparabili
1891 5221 2013 5276 luce

427 5307 754 5373 collustrati,
785 5310 956 5378 atque
985 5324 1113 5363 vere
1137 5307 1312 5362 beatae
1341 5325 1407 5362 ac
1425 5308 1694 5380 principis
1721 5308 2011 5365 Trinitatis

424 5395 837 5452 illuminatione
879 5396 1090 5450 donati.
1127 5396 1255 5452 Hac
1296 5397 1556 5452 Barlaam
1601 5398 1673 5453 ad
1725 5415 2012 5471 vesperam

427 5503 626 5559 usque,
665 5501 731 5540 ac
754 5501 856 5558 per
879 5489 1058 5568 totam
1099 5485 1272 5540 etiam
1314 5491 1555 5554 noctem,
1585 5489 1890 5560 Josaphato
1931 5490 2016 5544 lo-

425 5575 702 5649 quebatur
740 5573 1070 5634 effusissime
1109 5576 1464 5650 lacrymanti,
1491 5581 1661 5650 atque
1691 5578 2014 5652 hujusmodi

2098 4502 2334 4557 clamavi
2355 4502 2426 4557 ad
2444 4507 2521 4569 te,
2543 4503 2812 4558 miserere
2831 4503 2963 4570 mei,
2987 4510 3046 4560 et
3072 4504 3289 4560 exaudi
3309 4519 3417 4570 me,
3438 4497 3672 4574 quoniam

2098 4597 2156 4646 te
2185 4609 2251 4647 ex
2280 4592 2470 4648 animo
2489 4593 3004 4666 quaerozexquisivit
3017 4599 3076 4649 te
3096 4593 3298 4650 anima
3313 4606 3530 4659 mea,ne
3545 4600 3676 4643 aver-

2098 4687 2183 4737 tas
2215 4681 2414 4737 faciem
2441 4688 2599 4738 tuam
2629 4700 2664 4738 a
2685 4700 2794 4751 me,
2827 4689 2886 4738 et
2912 4699 2982 4738 ne
3001 4683 3259 4739 declines
3288 4683 3348 4738 in
3376 4683 3459 4737 ira
3482 4696 3516 4734 a
3539 4689 3675 4732 servo

2098 4772 2462 4843 tuo.Adjutor
2493 4789 2652 4826 mens
2680 4777 2818 4839 esto,
2851 4789 2922 4827 ne
2961 4773 3334 4846 derelinquas
3369 4787 3478 4838 me,
3519 4778 3675 4838 neque

2099 4861 2374 4933 despicias
2395 4878 2502 4928 me,
2537 4863 2688 4916 Deus
2717 4863 2982 4917 salutaris
3011 4879 3201 4918 meus.
3236 4861 3514 4928 Quoniam
3540 4860 3676 4929 pater

2099 4967 2260 5006 meus
2279 4956 2336 5005 et
2355 4957 2538 5006 mater
2555 4968 2684 5006 mea
2701 4951 3130 5024 dereliquerunt
3149 4969 3264 5019 me,
3283 4957 3350 5008 tu
3369 4956 3571 5012 autem,
3587 4943 3674 5000 Do-

2098 5040 2270 5106 mine,
2294 5040 2644 5113 assumpsisti
2657 5054 2750 5098 me
2773 5042 2977 5113 Legem
2995 5057 3147 5113 pone
3169 5041 3334 5108 mihi,
3361 5037 3602 5100 Domine,
3627 5031 3677 5086 in

2097 5129 2186 5184 via
2205 5136 2324 5197 tua,
2346 5135 2405 5186 et
2423 5131 2601 5202 dirige
2612 5147 2702 5186 me
2715 5131 2774 5186 in
2794 5131 3053 5186 semitam
3083 5136 3308 5186 rectam
3341 5133 3563 5204 propter
3585 5120 3676 5179 ini-

2097 5218 2270 5274 micos
2291 5221 2555 5276 meosNe
2568 5219 2867 5276 tradideris
2885 5220 3044 5275 mcin
3064 5220 3301 5276 animas
3316 5213 3675 5274 tribulantium

2095 5324 2185 5364 me
2214 5311 2374 5379 (Psal.
2410 5308 2585 5381 xxvx),
2601 5309 2864 5382 quoniam
2895 5311 2955 5366 in
2967 5314 3022 5365 te
3035 5311 3333 5382 projectus
3365 5309 3544 5376 33'
3567 5313 3674 5356 sum

2098 5417 2164 5454 cx
2183 5405 2363 5454 utero.
2395 5400 2476 5456 De
2495 5405 2688 5456 ventre
2707 5401 2905 5456 matris
2941 5415 3079 5456 mea:
3113 5400 3274 5456 Deus
3306 5414 3466 5454 meus
3501 5412 3556 5450 es
3580 5410 3596 5446 :-
3619 5405 3679 5445 ne

2097 5489 2419 5545 discesseris
2463 5507 2498 5546 a
2540 5507 2631 5546 me
2674 5490 2844 5562 (Psal.
2897 5489 3025 5561 xxi).
3074 5489 3370 5556 Quoniam
3411 5487 3602 5559 preter
3630 5482 3680 5533 te

2098 5595 2210 5636 non
2241 5585 2327 5638 est
2353 5580 2494 5638 mihi
2524 5581 2766 5654 adjutor.
2803 5581 2887 5639 En
2915 5581 2975 5638 in
3007 5579 3452 5638 miserationem
3479 5581 3679 5634 tuarum
