3954 6190
286 316 387 372 601

686 317 856 374 VITA
892 317 1331 375 SANC'I‘ORUM
1366 318 1713 378 BARLAAM
1749 322 2087 382 EREMITE
2124 326 2212 382 ET
2247 324 2613 381 JOSAPHAT
2651 323 2873 381 INDL‘E
2910 323 3146 380 REGIS.

3451 322 3561 380 602

282 443 489 517 abysso
517 460 675 516 spem
705 444 908 500 anima
918 460 1057 501 mea
1068 445 1253 501 deﬁxi.
1270 445 1462 503 Vitam
1482 463 1669 504 meam
1682 448 1883 521 guber-
1902 452 2148 513 Aadhuc
2178 450 2438 519 habebat,
2460 468 2528 507 ac
2543 452 2723 507 multa
2748 468 2877 507 cum
2906 450 3278 507 admiratione
3308 452 3379 506 ad
3407 450 3557 521 grati

281 551 376 600 na,
410 534 510 606 qui
537 550 629 589 res
657 550 854 589 omnes
894 534 1153 591 conditas
1183 535 1474 608 sapientia
1511 538 1881 610 providentia,

279 624 440 679 omni
455 640 717 679 sermone
734 624 1129 696 prastantiori,
1154 625 1485 684 moderaris.
1502 627 1573 683 Et
1592 632 1784 683 notam
1796 629 1883 683 fac

277 713 422 769 mihi
439 713 605 779 viam,
624 713 684 768 in
715 730 825 785 qua
854 712 1136 768 ambulem
1161 732 1175 781 ;
1200 719 1369 786 atque
1391 720 1455 770 ut
1490 715 1669 771 bonus
1698 733 1762 771 ac
1783 717 1882 773 be-

278 804 491 874 nignus
521 804 689 869 Deus,
708 820 809 874 per
828 802 1025 858 famuli
1044 803 1128 858 tui
1146 803 1409 858 Barlaam
1430 821 1624 876 preces
1654 822 1718 861 ac
1746 823 1882 879 sup-

277 892 613 963 plicationes
641 909 734 947 me
761 908 940 959 serva,
956 892 1223 963 quoniam
1253 899 1316 947 tu
1337 894 1487 948 Deus
1515 911 1679 950 meus
1706 912 1784 962 es,
1817 914 1882 951 ac

278 989 336 1035 te
358 982 613 1052 gloriﬁco
639 982 887 1047 Patrem,
909 986 967 1036 et
996 981 1219 1049 Filium,
1244 987 1301 1036 et
1321 982 1594 1054 Spiritum
1623 991 1880 1040 sanctum

275 1068 336 1124 in
370 1070 596 1125 sacula.
628 1073 830 1125 Amen.
851 1071 967 1125 Hac
988 1071 1242 1126 oratione
1251 1071 1594 1143 perfunctus,
1601 1074 1765 1144 juxta
1791 1092 1881 1129 se-

276 1161 538 1232 pulcrum
562 1160 703 1214 ﬂens
722 1159 992 1226 consedit,
1018 1176 1082 1214 ac
1106 1161 1307 1215 sedens
1323 1160 1678 1217 obdormivit.
1696 1164 1878 1235 Atque

278 1250 666 1305 formidandos
693 1249 820 1304 illos
848 1249 1016 1317 viros,
1033 1265 1172 1320 quos
1201 1249 1357 1321 prius
1385 1258 1771 1322 conspexerat,
1806 1254 1877 1308 ad

277 1358 338 1395 se
366 1340 677 1405 venientes,
699 1355 870 1410 seque
893 1339 963 1393 ad
986 1339 1292 1394 maximum
1321 1339 1483 1395 illum
1512 1346 1570 1395 et
1595 1341 1880 1396 admiran-

277 1430 415 1485 dum
466 1445 732 1500 campum
780 1428 1066 1493 ducentes,
1112 1433 1282 1500 atque
1335 1428 1395 1484 in
1440 1429 1877 1486 illustrissimam

274 1519 432 1574 illam
488 1535 555 1572 ac
603 1517 1116 1590 splendidissimum
1183 1518 1470 1573 civitatem
1524 1519 1880 1576 introducan-

272 1615 379 1676 tes,
411 1607 623 1663 intueri
653 1606 757 1662 sibi
798 1607 950 1662 visus
990 1612 1094 1662 est.
1133 1607 1276 1663 Cum
1322 1612 1514 1663 autem
1572 1610 1693 1682 ipse
1745 1628 1877 1682 por-

270 1704 393 1753 tam
434 1697 849 1768 ingrederetur,
892 1696 990 1751 alii
1031 1695 1136 1768 ipsi
1195 1695 1414 1752 obviam
1469 1697 1728 1767 fuerunt,
1788 1699 1875 1755 in-

1967 541 2142 596 animi
2165 540 2631 612 signiﬁcationem’
2668 542 2847 596 Deum
2875 540 3135 596 laudibus
3154 540 3447 596 afferebat.

2037 630 2245 686 Mansit
2262 636 2452 685 autem
2474 630 2543 684 ad
2561 635 2873 685 extremum
2893 646 3071 702 usque
3090 647 3218 685 vere
3247 630 3559 700 angelicam

1965 719 2022 773 in
2052 725 2207 774 terra
2227 720 2401 774 vitam
2429 721 2657 785 ducens,
2674 737 2739 774 ac
2757 720 2971 774 duriori
2994 720 3267 789 religiosa
3285 719 3557 775 exercita-

1965 809 2134 863 tionis
2160 825 2367 880 genere
2394 814 2523 880 post
2551 808 2700 863 senis
2729 808 3034 863 discessum
3056 815 3241 864 utens.
3264 809 3409 864 Nam
3429 824 3558 863 cum

1965 914 2114 952 anno
2141 898 2321 952 atatis
2348 898 2618 969 vigesimo
2640 897 2836 969 quinto
2857 914 3090 967 regnum
3116 902 3403 953 terrenum
3432 896 3560 952 reli-

1965 988 2196 1058 quisset,
2220 988 2649 1058 monasticaque
2664 987 2789 1040 vita
2798 992 3080 1040 certamen
3097 986 3380 1053 subiisset,
3399 986 3559 1058 quin-

1965 1093 2073 1148 que
2103 1082 2159 1132 et
2186 1077 2421 1147 triginta
2447 1092 2624 1131 annos
2670 1077 2727 1130 in
2766 1075 3084 1130 vastissima
3127 1092 3194 1130 ea
3234 1075 3553 1140 solitudine,

1960 1166 2193 1236 perinde
2219 1183 2284 1221 ac
2313 1166 2361 1221 si
2385 1166 2539 1220 nulla
2562 1166 2747 1223 carnis
2788 1171 2947 1236 parte
2977 1170 3277 1230 constaret,
3309 1165 3559 1220 humana

1960 1256 2278 1310 conditione
2305 1255 2689 1309 sublimiorem
2716 1255 2885 1308 vitam
2916 1254 3031 1324 egit
3058 1273 3069 1306 :
3118 1254 3198 1308 sic
3234 1270 3455 1325 nempe,
3489 1260 3554 1309 ut

1961 1345 2169 1399 multas
2191 1345 2416 1416 quidem
2429 1344 2721 1398 hominum
2742 1344 2960 1398 animas
2976 1361 3004 1397 a
3018 1342 3283 1415 pestifero
3297 1347 3556 1414 serpente

1960 1434 2117 1505 prius
2138 1433 2490 1499 abstraxerit,
2523 1434 2750 1505 Deoque
2764 1433 3013 1503 integras
3036 1438 3093 1487 et
3114 1433 3422 1487 incolumes
3444 1448 3558 1486 ser-

1961 1523 2189 1590 vaverit,
2206 1539 2383 1594 eaque
2398 1523 2457 1577 in
2477 1539 2538 1577 re
2567 1522 2929 1593 apostolicam
2951 1523 3194 1593 gratiam
3224 1526 3556 1576 consecutus

1960 1612 2052 1680 sit,
2082 1613 2368 1683 animique
2388 1612 2556 1667 etiam
2574 1611 2896 1666 inductione
2917 1617 3133 1683 martyr
3164 1611 3459 1678 exstiterit,
3490 1626 3554 1665 ac

1959 1702 2245 1758 Christum
2282 1702 2339 1756 in
2360 1718 2557 1772 regum
2587 1718 2651 1755 ac
2676 1705 3046 1773 tyrannorum
3058 1700 3233 1755 oculis
3248 1706 3303 1755 et
3323 1705 3552 1771 aspectu

270 1787 429 1858 genti
458 1786 673 1842 lumine
701 1786 931 1858 perfusi,
956 1802 1304 1857 coronasque
1330 1787 1609 1857 ejusmodi
1629 1789 1871 1860 pulchri—
1888 1775 1934 1836 Β
1960 1792 2156 1846 ﬁdenti
2186 1791 2376 1846 animo
2403 1791 2688 1845 confessus
2708 1790 2800 1857 sit,
2833 1790 3359 1861 vocalissimumque
3377 1788 3554 1860 ipsius

270 1877 474 1931 tudine
500 1876 858 1943 collucentes,
883 1891 1006 1947 qua
1023 1874 1180 1930 nulla
1208 1875 1461 1931 oratione
1492 1877 1727 1949 exprimi
1753 1894 1875 1949 pos-

272 1966 369 2033 sit,
392 1972 447 2021 et
470 1966 665 2037 quales
685 1982 978 2038 nunquam
998 1964 1266 2020 mortales
1276 1965 1424 2021 oculi
1442 1973 1870 2038 conspexerunt,

267 2055 536 2111 manibus
565 2061 841 2110 tenentes.
873 2056 1247 2109 Percontante
1275 2059 1469 2110 autem
1492 2056 1761 2128 Josaphat
1783 2073 1876 2112 cu-

260 2147 500 2216 jusnam
517 2148 705 2199 essent
724 2143 1189 2216 splendidissima
1212 2143 1322 2198 illa
1342 2160 1562 2200 corona
1579 2161 1719 2216 quas
1744 2162 1872 2217 per-

266 2235 516 2306 spiceret
547 2253 560 2288 :
593 2235 715 2290 Tua
759 2234 987 2306 quidem
1035 2251 1150 2289 una
1193 2240 1280 2289 est
1310 2235 1742 2307 (responderunt
1768 2236 1870 2297 illi)

267 2323 377 2379 tibi
405 2324 476 2379 ob
507 2325 714 2379 multas
744 2340 839 2379 eas
884 2323 1102 2379 animas
1133 2323 1336 2395 quibus
1364 2324 1606 2379 salutem
1634 2325 1873 2380 attulisti

266 2414 542 2479 confecta,
577 2430 726 2469 nunc
755 2430 886 2468 vero
937 2412 1007 2467 ob
1046 2413 1321 2484 religiosa
1366 2413 1494 2468 vita
1530 2413 1877 2470 exercitatio-

268 2519 424 2568 nem,
454 2502 547 2557 cui
574 2502 674 2557 das
704 2519 954 2574 operam,
988 2503 1295 2558 studiosius
1324 2508 1384 2557 et
1427 2502 1745 2557 accuratius
1773 2503 1875 2557 ad-

266 2597 494 2659 ornata,
516 2592 566 2646 si
593 2591 823 2663 quidem
849 2595 1081 2647 strenuo
1108 2590 1299 2647 animo
1319 2608 1444 2647 eam
1461 2591 1533 2646 ad
1561 2596 1875 2647 extremum

268 2698 454 2753 usque
468 2680 810 2753 peragraris.
828 2682 1021 2735 Altera
1040 2686 1232 2735 autem
1251 2687 1352 2736 tua
1372 2697 1593 2753 quoque
1606 2681 1730 2753 ipsa
1758 2686 1872 2748 est;

266 2787 466 2826 verum
489 2771 634 2842 patri
653 2778 772 2836 tuo,
788 2769 964 2841 quiab
984 2769 1243 2842 improba
1257 2770 1478 2826 vivendi
1502 2770 1723 2825 ratione
1740 2787 1874 2842 ope-

264 2877 337 2914 m
364 2862 465 2914 tu‘a
491 2860 736 2923 deﬂexit,
764 2859 1095 2931 sinceroque
1123 2859 1311 2914 animo
1346 2859 1602 2931 resipuit,
1642 2876 1706 2913 ac
1753 2875 1876 2914 sese

267 2950 345 3004 ad
377 2949 678 3004 Dominum
696 2949 987 3017 convertit,
1016 2964 1139 3003 eam
1168 2948 1417 3021 prabeas
1440 2954 1689 3020 oportet;
1721 2950 1877 3003 Josa-

268 3040 413 3111 phat
438 3044 629 3094 autem
659 3055 784 3093 eam
811 3055 929 3093 rem
979 3038 1209 3093 moleste
1252 3038 1397 3093 ferre
1454 3036 1763 3093 videbatur.
1808 3038 1878 3093 Et

268 3098 372 3202 qui
401 3129 524 3184 fieri
547 3133 732 3200 potest
748 3127 1083 3199 (inquiebat)
1101 3133 1167 3183 ut
1192 3132 1353 3199 pater
1369 3143 1529 3182 meus
1544 3127 1714 3183 unius
1735 3128 1876 3183 dun-
1892 3098 1935 3160 Ο

267 3225 431 3275 taxat
454 3218 791 3290 pauitantia
808 3218 1012 3289 gratia,
1038 3217 1199 3289 paria
1214 3216 1373 3283 mihi,
1399 3216 1497 3288 qui
1506 3222 1593 3272 tot
1611 3222 1875 3273 actantos

268 3308 494 3363 labores
535 3307 831 3373 exantlavi,
876 3306 1149 3361 beneﬁcia
1186 3306 1607 3377 consequatur?
1652 3307 1783 3361 Hac
1811 3313 1875 3361 ut

267 3399 433 3465 dixit,
463 3398 823 3453 Barlaamum
862 3395 1154 3451 confestim
1190 3395 1296 3451 sibi
1338 3395 1527 3451 videre
1574 3394 1726 3451 visus
1767 3402 1870 3463 est,

267 3489 427 3543 velut
450 3487 667 3561 probris
696 3504 756 3542 se
784 3486 1175 3554 insectantem,
1194 3502 1259 3540 ac
1282 3484 1561 3541 dicentem
1586 3504 1597 3540 :
1625 3486 1697 3540 Hi
1718 3492 1869 3554 sunt,

269 3595 305 3632 o
337 3578 626 3649 Josaphat,
645 3592 936 3631 sermones
955 3575 1086 3643 mei,
1123 3589 1263 3646 quos
1282 3574 1568 3646 quondam
1596 3574 1669 3630 ad
1694 3579 1751 3630 te
1779 3575 1875 3630 ha-

267 3667 367 3723 bui
388 3685 400 3721 :
428 3666 697 3721 nimirum
713 3666 831 3721 fore
848 3669 912 3722 ut
922 3680 1050 3720 cum
1078 3664 1150 3719 ad
1165 3663 1423 3735 ingentes
1442 3680 1576 3737 opes
1592 3664 1875 3737 pervenis-

269 3774 382 3822 ses,
402 3773 517 3811 non
531 3757 650 3827 jam
680 3755 929 3810 liberalis
954 3771 1017 3810 ac
1038 3753 1298 3827 profusus
1322 3770 1494 3822 esses,
1525 3771 1591 3809 ac
1619 3758 1683 3809 tu
1712 3753 1782 3809 ob
1813 3754 1870 3809 id

269 3846 503 3901 verbum
516 3845 745 3917 ancipiti
757 3845 945 3900 animo
957 3860 1100 3899 eras.
1120 3844 1284 3899 Nunc
1298 3848 1490 3899 autem
1509 3859 1757 3915 quonam
1774 3861 1875 3916 pa-

270 3942 367 3991 cto
389 3952 584 4007 parem
606 3933 709 3990 tibi
723 3935 935 3990 honore
951 3939 1171 4006 patrem
1190 3949 1313 3989 esse
1329 3933 1563 3988 moleste
1590 3932 1791 4000 tunsti,
1811 3950 1876 3989 ac

271 4042 391 4082 non
421 4024 607 4098 potius
641 4025 749 4079 hoc
778 4024 1005 4080 nomine
1046 4023 1304 4080 laetitiam
1330 4022 1520 4077 animo
1547 4022 1870 4096 concepisti,

271 4113 544 4187 quoniam
569 4115 761 4170 multae
797 4121 910 4170 tua
941 4130 1043 4186 pro
1086 4130 1152 4169 eo
1190 4112 1327 4168 fusae
1361 4128 1553 4184 preces
1602 4112 1876 4168 exaudita

270 4209 411 4259 sunt
431 4205 456 4257 Τ
483 4205 754 4276 Josaphat
781 4209 993 4271 autem,
1034 4220 1137 4277 pro
1165 4220 1232 4258 eo
1262 4219 1327 4258 ac
1372 4201 1604 4269 solebat,
1646 4202 1718 4256 ad
1746 4218 1877 4258 eum

270 4295 424 4350 dixit
456 4313 469 4348 :
504 4295 751 4365 Ignosce,
776 4298 955 4366 pater,
979 4293 1226 4365 ignosce.
1244 4291 1488 4348 Ubinam
1499 4296 1691 4346 autem
1719 4290 1874 4346 habi-

1957 1881 2273 1952 majestatis
2318 1897 2632 1952 praeonem
2676 1896 2801 1934 sese
2839 1878 3184 1951 prabuerit;
3232 1878 3552 1949 multosque

1957 1987 2183 2026 rursum
2214 1986 2413 2042 pravos
2463 1970 2693 2041 spiritus
2740 1969 2800 2023 in
2856 1968 3159 2023 solitudine
3215 1967 3548 2040 profligarit,

1958 2077 2264 2132 omnesque
2289 2059 2497 2115 Christi
2516 2059 2565 2113 vi
2587 2076 2651 2113 ac
2679 2058 2932 2130 potentia
2952 2057 3253 2129 superarit,
3287 2056 3555 2111 caelestis-

1960 2168 2068 2221 que
2090 2149 2347 2204 beneﬁcii
2360 2154 2530 2221 atque
2549 2148 2746 2220 gratia
2768 2146 3047 2202 uberrime
3068 2146 3346 2218 particeps
3369 2146 3552 2200 factus

1956 2240 2047 2293 sit.
2075 2239 2234 2295 Unde
2263 2238 2432 2293 etiam
2451 2237 2627 2292 animi
2648 2237 2871 2292 oculum
2894 2236 2963 2290 ab
2989 2236 3140 2290 omni
3169 2241 3396 2290 terrena
3423 2235 3555 2289 cali-

1955 2328 2087 2399 gine
2112 2344 2316 2400 purum
2355 2326 2616 2393 habebat,
2649 2342 2714 2380 ac
2742 2325 2932 2381 futura
2954 2330 3222 2397 tanquam
3253 2324 3552 2396 prasentia

1957 2416 2351 2489 prospiciebat,
2379 2416 2745 2487 Christusque
2774 2415 2880 2487 ipsi
2892 2432 3081 2469 rerum
3096 2413 3351 2469 omnium
3372 2413 3554 2469 instar

1958 2511 2098 2572 erat,
2130 2505 2418 2561 Christum
2455 2504 2768 2576 expetebat,
2812 2504 3099 2558 Christum
3146 2519 3258 2557 non
3296 2517 3457 2557 secus
3491 2519 3556 2557 ac

1958 2600 2292 2666 praesentem
2317 2594 2600 2660 cernebat,
2646 2593 2851 2648 Christi
2888 2591 3366 2665 pulchritudinem
3405 2608 3554 2647 nun-

1960 2702 2129 2756 quam
2158 2701 2270 2739 non
2288 2683 2631 2749 intuebatur,
2662 2684 2826 2755 juxta
2845 2683 2981 2737 illud
3005 2681 3327 2753 Propheta:
3360 2679 3556 2736 Provi-

1957 2773 2158 2828 debam
2173 2774 2474 2829 Dominum
2486 2772 2542 2828 in
2562 2778 2861 2845 conspectu
2883 2789 3009 2828 meo
3027 2788 3267 2843 semper,
3287 2770 3555 2842 quoniam

1958 2882 1993 2917 a
2041 2863 2250 2917 dextris
2293 2867 2380 2917 est
2430 2862 2586 2928 mihi,
2637 2879 2709 2917 ne
2755 2877 3111 2917 commovear
3130 2863 3297 2931 (Psal.
3329 2867 3435 2929 xv).
3474 2860 3555 2915 Ac

1958 2969 2181 3007 rursum
2219 2971 2229 3006 :
2262 2952 2510 3008 Adhasit
2557 2952 2747 3006 anima
2775 2968 2902 3007 mea
2927 2956 3054 3024 post
3080 2956 3155 3016 te,
3190 2967 3280 3005 me
3312 2950 3559 3022 suscepit

1959 3043 2185 3097 dextera
2230 3049 2329 3096 tua
2370 3040 2756 3113 (Psal._xxv1).
2808 3041 3029 3095 Etenim
3080 3057 3140 3094 re
3194 3056 3327 3094 vera
3379 3039 3557 3111 ipsius

1958 3132 2148 3188 anima
2166 3137 2294 3204 post
2319 3130 2605 3187 Christum
2636 3130 2890 3196 adhasit,
2926 3128 3245 3183 ﬁrmissimo
3275 3144 3421 3182 nexu
3448 3127 3556 3199 ipsi

1956 3223 2233 3294 copulata.
2264 3222 2460 3292 Neque
2488 3219 2640 3275 enim
2659 3219 2729 3273 ab
2749 3218 3083 3273 admiranda
3107 3217 3205 3272 illa
3227 3216 3555 3289 operatione

1956 3311 2205 3375 descivit,
2240 3327 2342 3365 nec
2385 3309 2661 3380 religiosa
2689 3325 2805 3363 sua
2838 3306 3251 3363 exercitationis
3299 3305 3554 3378 regulam

1956 3401 2293 3455 immutavit.
2324 3398 2470 3464 Quin
2491 3399 2677 3471 potius
2692 3397 2762 3452 ab
2782 3397 2943 3453 initio
2964 3396 3036 3452 ad
3052 3398 3223 3451 ﬁnem
3250 3412 3448 3467 usque,
3463 3399 3551 3450 at-

1956 3508 2064 3563 que
2092 3489 2163 3545 ab
2182 3489 2413 3546 ineunte
2441 3493 2605 3544 atate
2626 3504 2803 3559 usque
2832 3486 2903 3542 ad
2932 3490 3048 3541 tam
3077 3490 3396 3558 provectam
3417 3489 3553 3540 ata-

1955 3586 2071 3636 tem
2087 3580 2344 3636 eamdem
2366 3578 2541 3634 animi
2560 3577 2909 3633 alacritatem
2928 3575 3165 3632 retinuit
3180 3593 3193 3629 :
3207 3579 3396 3643 839
3415 3574 3550 3641 imo,

1958 3675 2025 3726 ut
2046 3669 2252 3724 rectius
2279 3669 2497 3739 loquar,
2521 3667 2592 3721 ad
2612 3665 2999 3721 sublimiorem
3014 3663 3264 3736 quotidie
3290 3662 3553 3718 virtutem

1959 3758 2247 3833 processit,
2263 3775 2327 3813 ac
2347 3756 2631 3829 puriorem
2647 3755 2830 3811 divino
2844 3753 3112 3810 beneﬁcio
3132 3751 3554 3826 contemplatio-

1959 3866 2090 3904 nem
2119 3852 2450 3904 consecutus
2482 3851 2585 3901 est.

2028 3937 2285 4008 Denique
2314 3952 2441 3991 cum
2461 3936 2532 3991 ad
2557 3936 2708 3991 hunc
2735 3934 2967 3992 modum
2996 3933 3241 4001 vixisset,
3293 3939 3352 3988 et
3378 3949 3557 4006 usque

1959 4028 2100 4081 adeo
2120 4027 2350 4098 dignam
2376 4026 2665 4082 vocatione
2690 4042 2794 4081 sua
2820 4042 3050 4098 operam
3073 4025 3124 4079 ei
3140 4042 3172 4079 a
3198 4041 3309 4096 quo
3328 4030 3556 4080 vocatus

1958 4116 2143 4171 fuerat
2160 4116 2512 4183 reddidisset,
2549 4115 2935 4186 mundumque
2954 4113 3060 4170 sibi
3080 4114 3189 4187 ipsi
3218 4130 3283 4168 ac
3311 4114 3557 4187 seipsum

1960 4205 2171 4260 mundo
2195 4204 2579 4272 cruciﬁxisset,
2606 4204 2679 4259 ad
2697 4204 2879 4259 Deum
2898 4202 3052 4275 pacis
3080 4202 3139 4258 in
3165 4219 3300 4275 pace
3329 4202 3553 4274 migrat,

1959 4300 2130 4366 atque
2158 4294 2229 4349 ad
2267 4294 2593 4360 Dominum,
2626 4293 2787 4364 cujus
2813 4296 3088 4364 perpetua
3121 4291 3403 4364 cupiditas
3429 4308 3560 4346 eum

271 4391 380 4453 tes,
403 4384 489 4439 fac
516 4383 849 4456 intelligam.
861 4382 1018 4438 Tunc
1032 4382 1291 4437 Barlaam
1310 4399 1320 4436 :
1346 4381 1413 4437 In
1432 4381 1537 4436 hac
1564 4381 1875 4452 pulcherri-
1897 4424 1945 4484 Π
1962 4386 2239 4451 tenuerat,
2262 4380 2946 4455 proﬁciscitur,vultuique
2961 4379 3184 4436 Domini
3198 4395 3336 4452 pure
3356 4395 3422 4434 ac
3439 4378 3561 4434 sine

272 4492 371 4530 ma
399 4479 569 4547 atque
594 4474 807 4545 ingenti
821 4472 1046 4527 civitate
1063 4471 1410 4527 domicilium
1429 4474 1631 4526 nactus
1643 4488 1788 4539 sum,
1817 4471 1876 4526 in
1900 4468 1943 4484 "
1962 4473 2133 4530 ullius
2151 4472 2234 4527 rei
2259 4471 2596 4545 interpositu
2618 4476 2868 4544 apparet,
2892 4486 3069 4543 eaque
3084 4470 3205 4541 jam
3222 4468 3331 4541 ipsi
3342 4484 3560 4542 praepa-

270 4564 463 4621 medio
492 4563 648 4620 urbis
675 4563 815 4631 vico,
846 4562 1121 4617 immenso
1150 4561 1363 4616 lumine
1385 4560 1879 4616 coruscanti.Rur-

272 4671 403 4709 sum
432 4659 621 4709 autem
633 4652 906 4724 Josaphat
919 4651 1030 4708 sibi
1044 4666 1171 4707 cum
1194 4668 1261 4706 eo
1279 4667 1448 4722 agere
1466 4648 1780 4719 videbatur,
1812 4655 1878 4705 ut

272 4752 347 4807 ab
376 4768 443 4807 eo
472 4752 530 4807 in
559 4750 737 4823 ipsius
748 4750 1178 4806 tabernaculum
1202 4748 1590 4817 abduceretur,
1624 4748 1879 4805 comiter-

273 4868 387 4923 que
412 4850 655 4924 hospitio
672 4850 1040 4922 exciperetur.
1056 4849 1157 4906 Ille
1178 4852 1368 4904 autem
1383 4848 1634 4903 nondum
1650 4852 1876 4921 tempus

272 4950 473 5005 adesse
501 4950 810 5021 respondit,
851 4953 913 5005 ut
968 4949 1039 5003 ad
1080 4949 1179 5004 illa
1224 4948 1586 5004 tabernacula
1639 4947 1874 5016 veniret,

273 5048 483 5122 quippe
512 5048 608 5121 qui
628 5048 875 5121 corporis
887 5047 1300 5104 sarcinaadhuc
1312 5044 1682 5120 premeretur.
1718 5044 1878 5112 Quod

273 5148 325 5203 si
352 5148 486 5204 forti
515 5148 724 5214 animo,
759 5148 963 5221 inquit,
990 5147 1050 5202 in
1078 5151 1272 5203 sancto
1303 5147 1431 5202 vita
1466 5162 1694 5219 genere,
1727 5145 1879 5202 velut

274 5247 379 5304 tibi
405 5246 683 5314 mandavi,
718 5246 1053 5320 perstiteris,
1080 5246 1383 5319 aliquando
1403 5253 1532 5320 post
1557 5245 1767 5314 venies,
1787 5252 1879 5302 at-

274 5364 387 5419 que
432 5346 628 5402 cadem
657 5345 1020 5403 tabernacula
1050 5350 1106 5404 et
1134 5345 1392 5402 eamdem
1416 5344 1670 5402 latitiam
1690 5346 1880 5418 acglo-

274 5447 423 5503 riam
446 5446 824 5519 consequeris,
858 5461 1190 5519 mecumque
1217 5446 1280 5502 in
1306 5444 1712 5518 sempiternum
1742 5445 1873 5501 eris.

274 5545 647 5619 Experrectus
668 5549 858 5604 autem
878 5545 1167 5619 Josaphat,
1190 5545 1445 5602 animum
1455 5544 1554 5601 illa
1571 5545 1695 5605 luce
1705 5549 1874 5618 atque

270 5643 427 5702 omni
454 5645 728 5704 sermonis
754 5647 1023 5707 facultate
1051 5647 1367 5708 sublimiori
1383 5647 1566 5722 gloria
1585 5645 1874 5722 perfusum

1958 4568 2085 4618 rata
2109 4561 2301 4633 gloria
2317 4577 2526 4618 corona
2552 4565 2874 4627 exornatur,
2898 4559 3066 4631 idque
3078 4557 3347 4614 divinitus
3361 4573 3561 4612 conse-

1961 4654 2172 4727 quitur,
2201 4657 2267 4708 ut
2294 4650 2582 4707 Christum
2600 4656 2813 4719 cernat,
2841 4666 2970 4705 cum
2989 4649 3214 4706 Christo
3235 4649 3330 4715 sit,
3349 4646 3560 4704 Christi

1959 4742 2377 4816 pulchritudine
2420 4745 2692 4815 perpetuo
2734 4740 2995 4807 exsultet,
3045 4738 3105 4795 in
3151 4740 3313 4811 cujus
3360 4754 3562 4795 manus

1961 4832 2355 4889 commendata
2387 4831 2594 4899 anima,
2631 4830 2704 4885 ad
2722 4829 2973 4885 vivorum
2994 4827 3282 4899 regionem
3313 4827 3558 4897 transiit,

1960 4923 2058 4979 ubi
2090 4922 2441 4997 epulantium
2470 4937 2661 4988 sonus,
2694 4918 2791 4976 ubi
2826 4918 3141 4974 laetantium
3173 4916 3447 4976 habitatio
3477 4924 3566 4975 est

1958 5016 2133 5089 (Psal.
2166 5017 2301 5082 xtl).

2030 5103 2369 5160 Praeclarum
2391 5106 2581 5158 autem
2599 5101 2777 5176 ipsius
2804 5100 3052 5175 corporis
3072 5100 3159 5157 vir
3178 5100 3408 5174 quidam
3438 5116 3566 5158 san-

1960 5198 2103 5261 ctus,
2128 5194 2225 5266 qui
2245 5209 2359 5249 non
2377 5193 2543 5264 longe
2562 5191 2633 5247 ab
2651 5207 2717 5248 eo
2741 5190 3051 5259 habitabat,
3078 5192 3287 5264 quique
3313 5191 3425 5247 iter
3452 5191 3562 5264 ipsi

1959 5285 2033 5342 ad
2050 5284 2410 5340 Barlaamum
2425 5282 2582 5355 prius
2599 5286 3090 5351 commonstrarat,
3108 5281 3297 5343 divino
3319 5281 3564 5354 quodam

1960 5374 2272 5442 admonitu,
2304 5389 2373 5429 ea
2399 5374 2526 5446 ipsa
2551 5373 2709 5439 hora,
2734 5388 2851 5445 qua
2876 5377 3059 5429 morte
3086 5372 3315 5431 {unctus
3341 5377 3445 5439 est,
3469 5371 3567 5427 ad-

1959 5464 2083 5532 fuit,
2107 5481 2173 5520 eo
2185 5464 2557 5520 sacrosanctis
2576 5461 2831 5519 cautibus
2850 5468 3069 5532 ornato,
3093 5462 3453 5535 profusisque
3483 5460 3566 5516 la-

1958 5554 2183 5629 cr'ymis,
2209 5570 2332 5629 qua
2352 5554 2527 5628 ipsius
2543 5568 2682 5625 erga
2704 5553 2975 5628 Josaphat
2992 5553 3202 5610 amoris
3217 5551 3431 5608 indices
3469 5566 3560 5605 es-

1956 5650 2103 5716 sent,
2137 5644 2376 5722 aliisque
2411 5644 2671 5705 omnibus
2691 5644 2858 5705 rebus
2891 5660 3015 5718 qua
3041 5642 3193 5717 apud
3215 5638 3567 5701 Christianos
