3954 6190
361 311 469 372 eos
982 377 1000 392 η
1383 317 1476 372 DE
1512 317 1701 374 vms
1737 314 1946 372 PATRI

2071 313 2288 370 LIBER
2323 311 2612 368 PRIMUS.
3528 307 3629 366 604

355 439 418 499 in
445 457 604 499 more
629 445 798 514 atque
825 439 1084 494 instituto
1114 441 1298 512 posita
1325 445 1458 495 sunt
1486 440 1749 496 confectis
1778 444 1950 510 atque
1970 435 2377 498 ALuculenter
2399 440 2590 490 autem
2617 435 2785 491 simul
2803 451 2869 490 ac
2895 435 3194 506 magniﬁce
3213 435 3272 488 in
3301 449 3374 488 ea
3399 432 3634 488 ecclesia

358 529 650 598 absolutis,
665 530 724 586 in
743 529 919 602 patris
935 529 1211 584 Barlaami
1232 535 1597 586 monumento
1618 547 1749 586 eum
1768 529 1956 584 condi-

357 617 460 676 dit.
491 621 604 675 Par
629 617 908 690 siquidem
935 623 1056 673 erat
1085 624 1150 675 ut
1177 636 1417 690 quorum
1441 620 1642 674 animae
1673 618 1732 674 in
1758 635 1954 692 perpe-

357 714 523 764 tuum
551 707 718 762 simul
743 706 945 762 futurae
957 713 1137 773 erant,
1154 724 1348 764 eorum
1367 709 1539 762 etiam
1558 724 1794 779 corpora
1816 725 1952 763 con-

353 796 751 867 jungerentur.

427 884 737 955 Cujusdam
759 889 947 940 autem
971 885 1306 940 formidandi
1320 886 1440 950 viri,
1466 887 1563 957 qui
1584 885 1637 940 id
1660 887 1719 940 in
1739 887 1953 942 somnis

354 973 502 1030 serio
528 972 867 1046 imperabat,
901 975 1209 1028 monachus
1251 975 1346 1030 ille
1385 975 1482 1046 qui
1531 975 1715 1048 ipsum
1755 975 1954 1030 funere

357 1063 635 1118 extulerat
653 1062 1065 1134 obtemperans,
1099 1064 1157 1118 in
1189 1063 1362 1118 Indiae
1381 1081 1621 1135 regnum
1637 1081 1697 1119 se
1714 1064 1948 1132 confert,

355 1168 661 1224 regemque
680 1152 1015 1207 Barachiam
1044 1153 1394 1218 conveniens,
1409 1153 1478 1207 de
1508 1152 1768 1209 omnibus
1796 1155 1951 1208 Josa-

355 1239 516 1312 phati
542 1239 712 1296 rebus
735 1239 1032 1298 certiorem
1051 1241 1236 1312 ipsum
1263 1241 1414 1296 facit.
1447 1242 1547 1296 Ille
1573 1247 1764 1297 autem
1793 1245 1951 1298 nulla

355 1331 694 1402 interposita
707 1347 868 1386 mora
884 1347 1012 1385 cum
1032 1331 1251 1402 ingenti
1266 1331 1457 1403 populi
1473 1331 1833 1388 multitudine
1843 1333 1954 1388 iter

355 1416 482 1485 init,
511 1419 764 1490 atquead
784 1420 1107 1491 speluncam
1131 1420 1355 1474 tandem
1379 1420 1650 1492 pervenit,
1677 1437 1742 1475 ac
1769 1421 1952 1493 sepul-

356 1522 519 1562 crum
545 1507 820 1576 intuetur,
847 1495 1072 1580 illiCque
1099 1508 1490 1564 calentissimis
1518 1510 1781 1582 lacrymis
1815 1509 1951 1564 fusis

355 1595 808 1667 integumentum
829 1596 994 1662 tollit,
1026 1597 1316 1668 cernitque
1342 1598 1702 1652 Barlaamum
1718 1603 1776 1653 et
1798 1600 1954 1653 Josa-

354 1684 494 1757 phat
519 1684 774 1741 membra
798 1687 1104 1758 composito
1134 1686 1330 1742 habitu
1360 1687 1469 1741 sita
1497 1687 1793 1752 habentes,
1827 1704 1951 1743 cor-

2035 543 2162 598 quae
2177 525 2248 581 ab
2259 525 2395 597 ipsis
2407 524 2788 580 fundamentis
2799 541 2834 580 a
2847 524 3118 596 Josaphat
3130 528 3415 580 exstructa
3423 522 3626 588 fuerat,

2035 631 2232 670 eorum
2260 631 2497 687 corpora
2525 613 2752 669 condita
2770 620 2922 669 sunt.
2945 615 3123 669 Multa
3148 629 3316 686 porro
3337 611 3624 674 miracula,

2033 703 2470 776 morborumque
2500 703 2876 775 depulsiones,
2891 709 3013 758 tum
3033 703 3092 758 in
3119 693 3419 774 corporum
3448 707 3631 756 trans-

2035 793 2301 860 vectione,
2335 799 2458 848 tum
2503 791 2562 847 in
2599 809 2796 847 eorum
2831 792 3242 858 inhumatione,
3294 796 3419 847 tum
3457 790 3628 844 etiam

2034 883 2274 954 posteris
2299 881 2666 953 temporibus,
2687 882 2958 936 Dominus
2973 898 3075 954 per
3101 882 3224 953 pios
3243 881 3486 935 famulos
3501 895 3630 934 suos

2035 971 2512 1042 eﬁecit.Viditque
2524 987 2619 1026 rex
2629 987 2694 1025 ac
2705 971 2906 1041 vulgus
2919 987 3114 1025 omnes
3129 971 3363 1026 virtutes
3379 986 3480 1024 eas
3508 985 3630 1040 quae

2033 1077 2135 1132 per
2159 1063 2309 1133 ipsos
2332 1060 2662 1118 edebantur.
2682 1062 2761 1115 Ac
2782 1060 3034 1132 plerique
3051 1078 3082 1115 e
3100 1060 3355 1115 ﬁnitimis
3377 1058 3625 1114 nationi-

2033 1150 2136 1206 bus
2157 1149 2510 1205 inﬁdelitatis
2524 1167 2590 1204 ac
2603 1149 2974 1220 ignorationis
2986 1150 3087 1204 Dei
3099 1149 3294 1204 morbo
3309 1147 3627 1203 laborantes

2030 1255 2132 1312 per
2151 1255 2219 1294 ea
2247 1239 2408 1310 signa
2437 1255 2559 1302 quae
2586 1238 2644 1293 in
2676 1243 3040 1294 monumento
3079 1239 3293 1294 ﬁebant
3335 1238 3405 1292 ad
3455 1237 3623 1292 ﬁdem

2031 1334 2405 1384 accesserunt.
2429 1331 2614 1399 Atque
2633 1343 2830 1382 omnes
2844 1328 2940 1399 qui
2966 1327 3144 1399 ipsius
3165 1328 3440 1400 Josaphat
3455 1327 3628 1380 vitam

2032 1417 2100 1472 ad
2131 1418 2460 1488 angelorum
2490 1416 2864 1472 imitationem
2885 1422 3410 1488 expressam.atque
3426 1432 3464 1470 a
3479 1422 3628 1469 tene-

2033 1507 2116 1561 ris
2141 1505 2426 1578 unguibus
2455 1506 2749 1561 ardentem
2791 1506 2968 1576 ipsius
3005 1522 3140 1577 erga
3170 1506 3348 1560 Deum
3379 1519 3630 1560 amorem

2033 1601 2324 1650 cernentes
2344 1600 2514 1667 atque
2539 1595 2850 1659 audientes,
2868 1595 3242 1650 admiratione
3253 1593 3631 1666 corripieban-

2034 1691 2142 1750 tur,
2167 1685 2348 1740 Deum
2367 1685 2427 1738 in
2457 1683 2716 1739 omnibus
2734 1683 3101 1750 celebrantes,
3125 1684 3224 1756 qui
3235 1700 3297 1738 se
3307 1681 3631 1738 amantibus

353 1789 608 1846 peraque
633 1774 775 1830 nihil
794 1791 830 1830 a
858 1775 1098 1846 pristino
1119 1775 1302 1831 colore
1319 1775 1638 1843 immutata;
1654 1793 1847 1832 verum
1868 1779 1951 1832 in-
1970 1790 2198 1858 Bopem
2226 1779 2284 1828 et
2323 1773 2592 1829 auxilium
2629 1789 2919 1844 nunquam
2959 1773 3106 1828 ferre
3146 1771 3374 1840 desinit,
3423 1787 3631 1843 eosque

352 1867 517 1935 tegra
553 1869 611 1919 et
643 1879 873 1936 prorsus
903 1865 1222 1931 incolumia,
1255 1881 1369 1920 una
1411 1883 1538 1920 cum
1584 1865 1947 1922 indumentis.
1976 1926 1996 1941 δ

354 1951 488 2009 Hac
513 1951 689 2024 igitur
705 1959 1194 2008 sacrosanctarum
1220 1955 1539 2009 animarum
1565 1955 1946 2023 tabernacula,

354 2039 748 2096 suavissimum
769 2041 997 2097 odorem
1017 2043 1352 2111 emittentia,
1370 2060 1472 2098 nec
1491 2045 1622 2100 foedi
1643 2045 1952 2117 quidquam

359 2128 701 2197 exhibentia,
721 2131 1003 2202 praeclaris
1020 2132 1214 2186 loculis
1227 2131 1302 2187 im
1308 2133 1613 2204 posita,rex
1626 2134 1684 2189 in
1708 2135 1950 2207 patriam

355 2234 516 2276 suam
535 2219 824 2276 transfert.

424 2309 502 2364 Ut
525 2313 718 2365 autem
747 2326 815 2364 ea
841 2326 932 2365 res
971 2311 1040 2366 ad
1069 2311 1246 2384 plebis
1273 2329 1439 2368 aures
1471 2315 1740 2384 pervenit,
1788 2315 1952 2370 innu-

351 2397 638 2455 merabilis
661 2399 966 2456 multitudo
991 2417 1057 2455 ex
1077 2401 1336 2456 omnibus
1360 2401 1592 2457 urbibus
1605 2421 1670 2457 ac
1698 2403 1951 2458 ﬁnitimis

349 2485 488 2542 locis
515 2487 586 2542 ad
624 2486 920 2543 beatorum
939 2488 1166 2543 illorum
1188 2506 1486 2560 corporum
1514 2497 1870 2562 conspectum
1895 2498 1953 2546 et

351 2574 739 2632 adorationem
750 2577 1034 2631 conﬂuxit.
1044 2577 1149 2632 Ubi
1161 2578 1332 2633 etiam
1343 2580 1714 2634 sacrosanctis
1724 2580 1950 2652 hymnis

352 2680 551 2720 eorum
573 2681 745 2720 causa
763 2665 1095 2732 decantatis,
1129 2666 1479 2739 copiosisque
1500 2668 1850 2740 lampadibus
1865 2685 1953 2724 ac-

351 2751 554 2818 censis,
585 2757 716 2824 apte
732 2752 848 2808 illic
867 2753 1146 2824 quispiam
1159 2771 1224 2808 ac
1239 2771 1512 2827 perquam
1533 2757 1952 2812 accommodate

351 2837 601 2909 dixisset,
633 2841 875 2897 Lumina
919 2843 1070 2898 circa
1109 2843 1339 2900 luminis
1387 2845 1532 2900 ﬁlios
1579 2851 1636 2900 et
1676 2846 1945 2902 haeredes.

2033 1863 2398 1936 amplissimis
2426 1862 2714 1918 beneﬁciis
2743 1867 3162 1918 remuneratur.

2103 1953 2208 2007 Hic
2236 1952 2527 2024 praesentis
2556 1951 2685 2006 libri
2716 1952 2846 2006 ﬁnis
2865 1957 2968 2020 est,
3002 1969 3168 2024 quem
3195 1969 3296 2024 pro
3327 1969 3458 2006 mea
3485 1951 3628 2006 virili

2033 2043 2359 2112 conscripsi,
2380 2041 2857 2112 quemadmodum
2877 2058 2912 2096 a
2931 2041 3214 2114 praeclaris
3226 2041 3362 2096 viris
3373 2042 3471 2112 qui
3491 2041 3628 2096 mihi

2033 2131 2150 2186 haec
2179 2130 2328 2186 haud
2355 2130 2494 2185 falso
2535 2131 2895 2185 tradiderunt
2929 2131 3137 2201 accepi.
3169 2130 3398 2186 Utinam
3438 2135 3632 2185 autem

2031 2237 2149 2287 vos,
2178 2220 2274 2292 qui
2302 2221 2448 2274 hanc
2473 2220 2676 2274 animis
2705 2219 2905 2274 utilem
2931 2219 3226 2275 historiam
3245 2220 3433 2290 legitis
3462 2226 3632 2292 atque

2032 2310 2260 2376 auditis,
2277 2309 2349 2364 ad
2369 2325 2565 2364 eorum
2595 2313 2812 2380 partem
2842 2309 3208 2376 asciscamini,
3243 2309 3340 2380 qui
3367 2309 3486 2364 Deo
3504 2311 3630 2365 vitae

2033 2415 2149 2454 suae
2174 2398 2422 2454 rationes
2449 2398 2845 2470 probaverunt,
2865 2414 2967 2469 per
2983 2398 3266 2453 orationes
3293 2403 3352 2453 et
3368 2398 3632 2454 interces-

2033 2489 2217 2544 siones
2247 2489 2545 2544 beatorum
2570 2487 2820 2543 virorum
2847 2487 3112 2542 Barlaam
3141 2493 3200 2542 et
3237 2488 3528 2560 Josaphat,
3561 2489 3632 2542 de

2034 2577 2238 2649 quibus
2263 2578 2382 2632 haec
2409 2577 2648 2632 historia
2667 2581 2928 2632 contexta
2947 2583 3034 2632 est
3047 2577 3107 2632 in
3123 2577 3351 2632 Christo
3370 2578 3400 2633 Ι
3403 2594 3505 2632 esu
3519 2578 3633 2633 Do-

2033 2667 2186 2722 mino
2207 2673 2419 2734 nostro,
2439 2683 2607 2738 quem
2627 2667 2788 2721 decet
2807 2666 3006 2734 honor,
3025 2665 3348 2738 imperium,
3367 2669 3633 2738 majestas

2033 2761 2091 2812 et
2118 2757 2560 2827 magniﬁcentia,
2575 2772 2703 2811 cum
2721 2757 2889 2810 Patre
2919 2761 2974 2810 et
3007 2755 3222 2827 Spiritu
3245 2761 3460 2824 sancto,
3485 2773 3634 2811 nunc

2033 2852 2091 2901 et
2117 2862 2338 2918 semper
2365 2847 2426 2900 in
2455 2845 2658 2902 saecula
2685 2845 3042 2900 saeculorum.
3073 2847 3282 2900 Amen.

1549 2983 1559 2993 '
1611 2970 1995 3026 ROSWEYDI
2032 2970 2369 3025 NOTATIO.

423 3064 710 3139 3.394(1),
725 3067 887 3139 Vita]
904 3069 983 3139 De
1004 3067 1353 3123 historiahac
1381 3069 1562 3139 placet
1581 3068 1947 3124 illustrissimi
1963 3069 2006 3132 C

351 3135 656 3212 cardinalis
678 3135 1004 3212 Bellarmini
1019 3140 1314 3212 judicium,
1341 3135 1457 3212 qui,
1478 3139 1621 3194 libro
1649 3141 1720 3195 de
1740 3141 1944 3212 Script.

352 3206 582 3282 Eccles,
597 3207 664 3282 in
679 3209 896 3282 Joanne
915 3206 1280 3276 Damasceno,
1301 3206 1380 3265 ita
1397 3211 1689 3282 disquirit:
1717 3206 1949 3267 Dubita-

349 3277 430 3334 tio
449 3277 641 3355 existit
653 3295 726 3355 an
741 3280 1117 3355 haecnarratio
1138 3283 1222 3355 sit
1231 3299 1361 3336 vera
1378 3277 1632 3355 historia,
1657 3299 1730 3338 an
1755 3283 1944 3355 potius

349 3350 588 3426 conficta
614 3351 687 3426 ad
717 3353 1052 3426 erudiendos
1081 3353 1293 3408 nobiles
1323 3353 1730 3426 adolescentes,
1755 3350 1944 3426 qualis

350 3421 590 3497 estvita
612 3422 744 3494 Cyri
773 3425 923 3496 apud
949 3425 1404 3497 Xenophontem.
1443 3425 1722 3494 Caeterum
1753 3421 1940 3480 veram

349 3491 644 3567 historiam
658 3491 797 3567 esse
809 3491 1044 3550 'constat
1070 3491 1136 3550 ei
1166 3513 1232 3550 eo
1261 3495 1410 3567 quod
1438 3501 1663 3552 sanctus
1699 3491 1944 3552 Joannes

349 3563 732 3620 Damascenus
747 3565 806 3620 in
823 3567 933 3622 ﬁne
943 3567 1191 3622 historia:
1201 3563 1424 3624 invocat
1439 3575 1662 3624 sanctos
1682 3568 1945 3624 Barlaam

350 3639 409 3717 et
433 3635 722 3720 Josaphat,
757 3653 997 3720 quqrum
1021 3655 1110 3720 res
1127 3645 1322 3720 gestas
1345 3638 1665 3720 scripserat,
1689 3645 1743 3694 et
1765 3640 1946 3720 Eccle-

349 3705 434 3780 sia
456 3705 726 3780 catholica
757 3705 815 3780 in
847 3705 1244 3780 Martyrologio
1292 3705 1599 3780 descriptos
1645 3705 1946 3766 veneratur

348 3777 441 3901 die
463 3775 546 3901 t2?
576 3777 903 3834 Novembris
926 3775 1404 3836 eosdem—sanctos
1425 3775 1685 3836 Barlaam
1710 3786 1768 3836 et
1792 3783 1946 3837 Josa-

349 3863 386 3901 ι)
430 3863 461 3900 a
494 3889 506 3900 .

349 3853 506 3918 phat.

422 3918 618 3996 Billius
647 3919 926 3996 interpres
953 3921 1037 3996 ita
1059 3922 1468 3996 ratiocinaturi:
1498 3921 1658 3988 Quod
1671 3923 1745 3978 ad
1761 3924 1945 3996 ipsam

348 3987 597 4068 historiae
625 3987 918 4068 veritatem
937 3993 1158 4060 attinet,
1173 3993 1244 4049 ob
1271 3987 1940 4068 quasdamcausasfquas

348 4059 489 4115 nihil
517 4061 624 4117 hoc
640 4061 760 4118 loco
774 4080 1214 4120 commemorare
1247 4059 1467 4131 attinet,
1501 4065 1675 4121 videri
1703 4059 1940 4124 fortasse

347 4131 633 4208 nonnullis
661 4135 1091 4208 potuissethhoc
1109 4152 1249 4208 opus
1279 4153 1393 4191 non
1416 4143 1532 4191 tam
1561 4153 1750 4192 veram
1769 4139 1941 4194 histo-

346 4202 490 4258 riam
517 4202 858 4280 es_se,'quam
891 4206 994 4280 sub
1031 4202 1288 4280 hist-oriae
1321 4209 1506 4280 specie
1546 4208 1776 4264 tacitam
1812 4211 1938 4266 vitae

345 4276 673 4351 monasticaef
691 4276 861 4351 atque
879 4278 952 4334 ad
983 4276 1370 4351 Christianam
1375 4280 1774 4351 perfectionem
1799 4299 1936 4336 exa-

345 4351 448 4402 ctae
458 4348 947 4417 collaudationem,
978 4349 1090 4405 nisi
1109 4355 1305 4406 auctor
1333 4348 1436 4406 sub
1456 4351 1626 4407 ﬁnem
1644 4369 1770 4407 eam
1785 4369 1846 4408 se
1863 4352 1934 4407 ab

2098 3067 2172 3139 (2)
2202 3071 2488 3141 Barlaam,
2513 3066 2656 3141 _etc.]
2690 3069 3159 3141 Martyrologium
3183 3068 3528 3141 Romanum,
3563 3064 3629 3119 ‘27

2028 3139 2360 3194 Novembris
2392 3159 2404 3194 :
2441 3159 2464 3191 ε
2491 3139 2663 3202 Apud
2694 3139 2862 3194 Indos
2885 3139 3071 3196 PerSis
3099 3139 3391 3202 ﬁnitimos,
3410 3143 3631 3192 sancto-

2027 3227 2154 3265 rum
2181 3211 2440 3265 Barlaam
2461 3216 2519 3265 et
2545 3209 2834 3282 Josaphat,
2870 3227 3112 3282 quorum
3149 3215 3309 3265 actus
3339 3209 3626 3282 mirandos

2025 3289 2252 3354 sanctus
2282 3283 2526 3337 Joannes
2569 3281 2950 3354 Damascenus
2989 3282 3340 3354 conscripsit.
3375 3299 3402 3333 ››
3437 3281 3626 3354 Flora-

2026 3353 2176 3426 rium
2215 3359 2538 3408 sanctorum
2576 3371 2708 3426 ms.,
2747 3352 2818 3411 29
2848 3353 3194 3426 Septembris
3207 3351 3241 3406 ἲ
3285 3371 3312 3404 ε
3357 3351 3628 3426 .losaphat

2025 3425 2176 3496 regis
2203 3431 2259 3480 et
2288 3425 2636 3480 confessoris.
2673 3445 2698 3478 ι
2735 3426 2803 3480 Et
2833 3425 2901 3480 ‘27
2923 3422 3246 3496 Decembr:
3280 3442 3303 3475 ι
3355 3422 3626 3494 Josaphat

2027 3495 2176 3566 regis
2205 3502 2262 3551 et
2295 3497 2545 3551 eremitze
2577 3513 2726 3552 anno
2750 3496 2948 3550 salutis
2977 3495 3100 3553 383.
3133 3514 3158 3548 ››
3192 3495 3374 3560 Quam
3403 3499 3626 3548 aetatem

2026 3567 2176 3622 unde
2204 3567 2517 3622 Florarium
2537 3568 2806 3634 hauserit,
2825 3568 3032 3622 nescio.
3054 3567 3270 3622 Menaea
3299 3581 3523 3638 quoque
3539 3581 3626 3619 so-

2023 3638 2155 3710 lius
2179 3639 2450 3710 Josaphat
2493 3640 2818 3706 meminere,
2873 3637 2942 3696 26
2987 3637 3229 3710 Augusti
3271 3657 3284 3692 :
3315 3636 3448 3692 ’Τοῦ
3489 3636 3628 3690 ὁσίου

2037 3708 2258 3781 Ἰωάσαφ
2287 3708 2390 3764 υἷοῦ
2431 3709 2642 3783 Ἀϐενὴρ
2668 3717 2758 3765 τοῦ
2789 3711 3050 3782 βασιλέως.

2093 3797 2176 3870 (3)
2216 3801 2430 3854 Joanne
2468 3801 2846 3871 Damasceno.]
2887 3800 3164 3855 Joannem
3210 3799 3626 3871 Damascenum

2025 3869 2166 3940 Vitae
2190 3871 2360 3940 hujus
2380 3887 2480 3926 seu
2499 3871 2744 3926 historiae
2778 3869 3065 3927 auctorem
3088 3887 3230 3940 esse,
3263 3871 3352 3926 his
3383 3870 3630 3926 rationi-

2023 3939 2128 3996 bus
2157 3939 2351 3997 tuetur
2378 3943 2575 3998 Billius
2609 3962 2620 3996 :
3189 3945 3193 3948 ’

2092 4029 2301 4104 Primo,
2337 4032 2470 4104 quia
2495 4033 2902 4104 Trapezuntius
2920 4033 3006 4088 vir
3030 4033 3263 4089 natione
3291 4033 3541 4096 Graecus,
3570 4037 3627 4088 et

2022 4103 2214 4173 magni
2240 4103 2519 4158 non’inter
2527 4103 2658 4159 suos
2675 4105 3023 4172 tantum,sed
3042 4105 3216 4160 etiam
3230 4105 3382 4161 inter
3401 4111 3626 4160 nostros

2023 4173 2296 4301 nominis,t
2315 4191 2430 4301 nlptn
2459 4175 2632 4232 alium
2651 4192 2823 4249 quam
2836 4178 3256 4233 Damascenum
3281 4179 3407 4250 ejus
3426 4183 3626 4232 aucto-

2023 4261 2140 4300 rem
2167 4262 2270 4301 nro
2298 4264 2336 4301 u
2411 4287 2423 4300 .

2019 4261 2140 4300 rem
2167 4261 2423 4318 protulit.

2089 4336 2814 4411 Secundo,‘_ipsa_phrasis,
2853 4339 3088 4410 reliquis
3127 4339 3305 4411 ipsius
3354 4338 3619 4411 operibus

343 4417 664 4496 ιιοωίηίιὶᾳε
676 4436 710 4474 ε,
724 4407 997 4476 mendam
1010 4420 1242 4496 crimine
1261 4423 1460 4478 alienis
1475 4423 1754 4496 accepisse
1771 4429 1936 4480 testa.
1953 4483 1995 4496 ﬁ
2017 4423 2187 4477 quam
2213 4407 2517 4476 simillima,
2543 4407 2952 4465 Damascenum
2971 4407 3259 4466 auctorem
3280 4407 3546 4466 testatur.

343 4491 632 4582 {emam
679 4493 1189 4582 ergo,.lpraeserti‘m
1235 4483 1625 4582 asseveranti;
1655 4495 1928 4582 difﬁdere,
1953 4483 2000 4544 Ι)
2085 4495 2299 4582 Τᾳνῐίο,
2339 4497 2410 4579 ad
2449 4514 2574 4552 eam
2616 4499 3433 4582 Opinionem‘conﬁrrnanda‘m
3477 4500 3620 4582 illud

342 4559 905 4636 hominisesse'mihi
933 4563 1220 4636 videretur
1234 4565 1360 4636 plus
1379 4565 1496 4620 suis
1527 4559 1940 4636 suspieionibus

343 4634 876 4757 guamﬁghristianae
904 4635 1186 4704 charitati,
1217 4634 1339 4708 quae
1367 4637 1560 4692 omnia
1599 4634 1801 4706 credit,
1834 4639 1940 4694 tri-

383 4720 492 4757 uen
575 4749 588 4757 .

383 4705 588 4763 uentis.

416 4777 534 4849 Ego
561 4777 651 4834 vix
679 4777 874 4835 dubito
893 4778 1030 4849 quin
1048 4777 1222 4834 totius
1239 4778 1490 4834 historia
1509 4778 1940 4837 fundamentum

416 4797 534 4849 ego
561 4797 651 4834 vix
679 4797 874 4835 auoito
932 4797 1030 4834 um
1048 4797 1222 4834 tonus
1241 4797 1490 4834 msroriae
1509 4797 1940 4837 runaamentum

344 4863 543 4924 verum
561 4850 670 4924 _si_t.
700 4851 868 4906 Forte
886 4797 1298 4924 dlisputationes
1319 4850 1578 4924 quaedam
1607 4851 1676 4907 de
1706 4851 1940 4924 quibus-

342 4917 474 4972 dam
503 4920 634 4992 ﬁdei
667 4921 952 4992 mysteriis
976 4917 1048 4976 ab
1067 4927 1296 4977 auctore
1312 4917 1399 4976 vel
1433 4922 1657 4987 additae,
1687 4917 1774 4980 vel
1801 4924 1941 4979 dila-

342 4993 494 5044 tata.
509 4989 660 5076 Nam
671 4989 766 5076 qui
785 4993 970 5076 potuit
987 4994 1274 5076 Jpsaphat,
1297 5009 1497 5049 recens
1513 4994 1586 5076 ad
1614 4994 1786 5076 ﬁdem
1809 5011 1940 5052 con-

339 5076 555 5129 versus,
584 5065 670 5139 tot
684 5065 985 5139 Scriptura:
1011 5065 1147 5121 locis
1176 5082 1235 5122 se
1265 5065 1635 5134 communire,
1665 5067 1763 5139 qui
1796 5083 1940 5124 nun-

346 5146 518 5206 quam
547 5148 615 5188 ea
642 5133 890 5206 legerat?

409 5202 598 5282 Habes
621 5202 800 5282 totam
832 5205 986 5282 hanc
1003 5205 1281 5282 Vitam__et
1310 5208 1607 5264 historiam
1636 5210 1785 5282 apud
1801 5209 1936 5265 Vin-

337 5274 606 5353 centium,
640 5275 701 5331 in
733 5277 894 5353 Spec.
933 5277 1131 5353 histor.
1175 5277 1294 5353 libr
1325 5294 1416 5347 xv,
1452 5295 1554 5353 per
1590 5274 1776 5353 capita
1813 5295 1938 5336 LXIV

338 5344 680 5429 distinctam,
711 5344 810 5420 qui
836 5349 1130 5422 antiquam
1153 5344 1472 5408 versionem
1493 5344 1788 5425 paululum
1807 5369 1938 5410 con-

337 5422 594 5567 tmhgtgis
618 5493 897 5567 contraxit
917 5493 1118 5567 Petrus
1137 5494 1196 5550 in
1213 5495 1468 5567 catalogo
1485 5501 1808 5552 sanctorum
1831 5495 1930 5551 lib.

333 5561 543 5640 I_<_,_
575 5561 695 5640 114.
729 5563 917 5640 Habes
944 5565 1226 5640 integram
1255 5561 1578 5640 exan'tiqua
1593 5568 1848 5624 versione
1875 5567 1936 5624 in

2021 4567 2160 4642 mihi
2187 4568 2379 4642 magni
2397 4567 2670 4642 momenti
2695 4576 2796 4638 est,
2823 4571 2972 4642 quod
2992 4577 3056 4626 ut
3075 4572 3132 4626 in
3149 4571 3305 4626 libris
3332 4571 3412 4626 De
3432 4571 3622 4626 ortho-

2021 4639 2164 4724 doxa
2191 4639 2346 4724 Fide,
2383 4657 2454 4724 ac.
2475 4641 2709 4724 reliquis
2752 4639 2896 4724 pene
2926 4642 3187 4724 omnibus
3236 4643 3622 4724 l_)_amascenus

2021 4711 2200 4796 multa
2225 4727 2256 4796 e
2285 4711 2514 4796 Basilio,
2533 4711 2803 4796 Gregorio
2819 4713 3188 4796 Nazianzeno,
3219 4714 3460 4796 aliisque
3477 4715 3624 4786 ejus-

2022 4781 2147 4836 dem
2164 4794 2309 4837 notae
2330 4783 2608 4866 Patribus,
2620 4781 2866 4868 libenter
2877 4792 3160 4868 corrogat,
3183 4791 3353 4868 atque
3363 4781 3622 4867 integros

2021 4870 2167 4924 saepe
2193 4871 2406 4928 versus,
2436 4854 2550 4910 imo
2582 4856 2751 4928 etiam
2781 4860 2930 4928 totas
2948 4854 3207 4928 periodas
3235 4854 3306 4911 ab
3335 4857 3475 4928 ipsis
3493 4854 3626 4913 inu-

2019 4931 2242 4999 tuatur;
2263 4926 2461 4981 eodem
2486 4927 2653 4999 modo
2684 4927 2744 4982 in
2775 4927 2882 4982 hac
2913 4926 3136 4999 quoque
3158 4926 3415 4992 historia,
3439 4929 3622 4984 multa

2021 5014 2088 5072 ex
2101 4996 2242 5072 iisde
2251 5013 2307 5072 m
2320 5003 2484 5072 aucto
2491 4997 2660 5072 ribus,
2671 4996 2972 5072 suppresso
2989 4996 3218 5054 interim
3239 4999 3623 5072 nomine,pro-

2019 5068 2568 5134 duci-animadverti,
2601 5086 2667 5124 ac
2695 5068 3008 5138 praesertim
3037 5087 3105 5126 ex
3143 5068 3519 5138 Nazianzeno,
3556 5077 3625 5126 ut

2016 5155 2066 5265 1c.
2101 5140 2150 5222 7,
2179 5142 2233 5208 8,
2268 5139 2350 5208 10,
2388 5139 2470 5206 11,
2501 5141 2590 5208 15,
2657 5139 2741 5210 17,
2795 5140 2886 5209 20,
2933 5141 3024 5210 24,
3073 5158 3139 5197 ac
3176 5141 3460 5216 plerisque
3495 5142 3626 5198 aliis

2039 5227 2176 5265 ocis.

2039 5227 2176 5266 OClS.

2089 5283 2322 5350 Quarto,
2345 5300 2460 5340 non
2488 5285 2670 5339 solum
2699 5283 2769 5340 ab
2794 5283 2907 5340 illis
2925 5282 3187 5342 lubenter
3206 5293 3406 5343 mutuo
3419 5285 3620 5352 sumit,

2018 5353 2117 5428 sed
2148 5355 2320 5428 etiam
2349 5356 2534 5428 multa
2560 5371 2783 5428 quoque
2809 5357 2974 5412 affert
3013 5374 3080 5412 ex
3129 5357 3290 5413 libris
3320 5359 3402 5414 De
3431 5358 3626 5412 ortho-

2017 5425 2298 5510 dm.qu
2325 5426 2396 5482 ad
2425 5425 2662 5510 White
2683 5425 3042 5510 ίνξιηβοτέρων
3069 5434 3140 5510 at.
3167 5446 3235 5510 es
3263 5429 3463 5510 omnis
3479 5445 3622 5510 ,ςιιεε

2018 5513 2139 5576 cap.
2174 5497 2237 5576 l5
2267 5499 2336 5553 de
2367 5497 2586 5576 arbitrii
2605 5498 2876 5576 libertate.
2896 5497 3164 5576 disputat.
3183 5501 3344 5576 Quod
3363 5497 3618 5576 quidem,

2017 5568 2475 5651 ut‘Opinor,‘non
2495 5575 2612 5651 tam
2626 5575 2822 5651 aperte
2847 5568 3074 5640 faceret,
3097 5571 3206 5628 nisi
3219 5568 3493 5646 tanquam
3513 5588 3622 5628 suo

333 5632 738 5714 Vitis—Patrum
765 5653 834 5714 e_x_
861 5632 1182 5698 Coloniensi
1209 5632 1561 5709 editionefet
1587 5641 1737 5714 apud
1765 5640 1936 5713 Lipo-
2013 5632 2165 5714 jure-
2179 5639 2268 5714 iis,
2294 5632 2360 5698 ut
2385 5642 2520 5709 suis,
2545 5632 2822 5700 utefetur.

333 5720 584 5780 manum,
611 5711 748 5767 tom.
783 5710 854 5768 V.

2091 5711 2316 5784 Quinto,
2339 5730 2462 5788 cap.
2487 5715 2574 5786 19,
2599 5714 2907 5790 disputatio
2929 5732 2996 5776 ea
3017 5715 3087 5776 de
3103 5715 3466 5791 imaginibus,
3487 5732 3622 5792 qua
