3876 6190
154 284 238 341 605

911 286 1080 342 νΙΤΑ
1115 286 1416 343 SANCTE
1450 288 1808 359 EUGENUE,
1850 290 2177 347 VIRGINIS
2214 290 2308 345 AC
2346 291 2732 347 MARTYRIS.

3295 286 3401 348 606

152 410 453 466 Damasceni
476 415 643 466 aetate
676 411 942 479 fervebat,
972 413 1035 466 in
1063 413 1261 467 eadem
1289 410 1570 468 sententia
1598 431 1711 471 non
1739 420 1779 478 A
1799 419 2070 473 Joannem
2087 425 2327 474 asancto
2353 418 2594 480 Andrea,
2624 420 2804 474 virum
2830 424 2893 472 ut
2915 418 3187 480 optimum
3217 421 3274 471 et
3304 414 3402 473 do-

153 498 323 555 parum
343 498 433 536 me
460 483 779 555 conﬁrmat.

210 555 272 608 Ut
298 557 486 609 autem
514 554 631 608 haec
659 556 852 609 omnia
878 556 977 623 pro
1005 556 1350 610 Damasceno
1376 557 1607 623 faciunt,
1638 558 1719 611 ita

215 572 272 608 Ut
298 572 486 609 autem
514 572 631 608 nzec
659 572 852 609 omnia
917 572 977 609 ro
1007 572 1350 610 uamasceno
1376 572 1607 623 Iacmnt,
1638 572 1719 611 ita

155 627 273 707 hanc
300 624 592 705 historiam
616 626 850 679 Joannis
876 572 1103 681 ginaita)
1134 627 1365 681 minime
1384 645 1524 694 esse,
1557 645 1720 700 aper-

155 704 340 750 tissime
364 704 725 751 convincunt.

210 767 404 831 Primo,
440 784 573 821 nam
604 784 731 822 cum
761 769 855 823 ille
882 769 1179 823 Theodosii
1208 770 1445 823 senioris
1474 776 1723 831 tempore

155 838 317 901 fuerit,
352 845 418 891 ut
438 844 592 909 patet
610 856 676 892 ex
700 839 794 894 lib.
816 854 915 894 xui
932 840 1127 895 histor.
1154 840 1389 895 Miscell.
1414 842 1575 896 Pauli
1591 838 1724 896 Dia-

156 910 277 983 coni,
309 926 556 980 quonam
584 918 749 981 pacto
768 911 825 965 in
839 912 943 965 hac
972 912 1208 966 historia
1236 930 1403 983 quam
1434 918 1630 967 auctor
1658 931 1723 967 ex

158 980 293 1054 India
333 987 713 1054 transvectam
761 988 1020 1054 testatur,
1072 980 1503 1047 Nazianzenum,
1564 985 1726 1054 cujus

156 1052 341 1122 scripta
367 1052 597 1106 vixdum
628 1052 685 1106 in
715 1053 1009 1107 hominum
1039 1054 1299 1108 manibus
1337 1052 1723 1120 versabantur,

157 1123 308 1177 atare
332 1124 818 1197 potnisset,atque
835 1125 1008 1179 etiam
1029 1141 1095 1197 eo
1115 1126 1492 1197 antiquiorem
1523 1126 1729 1197 episco-

156 1210 286 1265 pum,
333 1211 399 1247 ac
426 1195 679 1267 Valentis
722 1204 976 1267 tempore
1004 1196 1119 1250 vita
1142 1196 1395 1267 functum
1430 1195 1719 1259 Basilium,

155 1282 429 1337 suppresso
458 1266 589 1320 licet
613 1266 862 1338 nomine,
890 1283 1009 1338 cap.
1046 1267 1130 1333 19,
1163 1266 1260 1321 ubi
1287 1268 1355 1322 de
1386 1268 1725 1337 imaginibus

156 1335 351 1409 tractat,
369 1343 591 1409 _et_cap.
619 1335 704 1401 34,
737 1337 831 1391 ubi
857 1335 1126 1409 Josaphat
1157 1355 1283 1409 eam
1308 1339 1378 1392 ad
1407 1335 1579 1393 Deum
1604 1356 1725 1392 ora-

157 1408 342 1462 tionem
367 1407 558 1472 habet,
583 1425 753 1479 quam
780 1426 845 1463 ex
861 1407 1369 1469 Constitutionibus
1390 1410 1603 1476 Basilii,
1637 1426 1727 1463 ca-

158 1480 249 1549 pite
272 1480 326 1545 4,
352 1479 647 1550 perspicue
668 1479 898 1535 hausit?

214 1550 737 1623 Secundo,quonam
752 1551 1283 1606 niodoBarlaamum
1298 1552 1367 1607 de
1386 1553 1727 1623 imaginibus

160 1621 214 1696 ad_
238 1621 381 1692 regis
394 1622 583 1696 tilium
617 1622 986 1678 disserentem
1007 1623 1316 1696 induceret,
1341 1641 1467 1696 cum
1485 1621 1551 1678 ea
1571 1642 1723 1696 quae-

161 1693 515 1817 nondum
545 1709 611 1747 eo
644 1698 896 1765 tempore
929 1694 1169 1748 excitata
1188 1694 1387 1749 fuisset
1406 1693 1726 1750 ?Hactenus

196 1780 211 1817 1
268 1780 350 1817 us.

196 1780 350 1817 unus.

218 1835 599 1901 Bellarminus,
627 1835 770 1890 libro
798 1836 868 1890 de
900 1836 1107 1907 Script.
1142 1837 1372 1901 Eccles.,
1398 1837 1458 1891 in
1514 1839 1728 1892 Joanne

164 1906 502 1990 Qamasceno,
527 1914 925 1990 argnmentum
947 1906 1141 1990 objicit
1158 1909 1487 1990 et_solvitde_
1502 1916 1729 1990 auctore

88 2028 93 2037 .
166 1977 483 2051 Damasceno
508 1996 520 2031 :
553 1977 1076 2051 {Historiadnquin
1099 1980 1361 2035 Barlaam
1378 1984 1436 2034 et
1460 1981 1732 2051 Josaphat

167 2048 372 2129 insignis
402 2056 459 2104 et
487 2049 644 2104 utilis
664 2055 764 2129 est.
782 2048 1040 2129 Sedquia
1059 2052 1339 2129 Barlaam,
1355 2051 1487 2105 dum
1504 2048 1733 2129 instruit

167 2119 475 2200 discipulum
519 2137 686 2200 suum
725 2119 1014 2200 Josapliat,
1053 2122 1375 2200 jubeteum
1415 2122 1642 2200 credere
1672 2123 1731 2177 in

166 2191 412 2264 Spiritum
456 2198 716 2247 sanctum
753 2209 821 2246 ex
848 2193 1015 2247 Patre
1039 2191 1097 2248 et
1141 2193 1282 2247 Filio
1310 2194 1722 2264 procedentem,

167 2261 415 2335 dubitatio
430 2270 627 2319 exorta
637 2268 723 2335 est
732 2280 804 2317 an
818 2263 922 2318 hoc
936 2281 1077 2335 opus
1097 2281 1219 2318 esse
1237 2261 1482 2335 potuerit
1495 2266 1727 2319 Joannis

166 2332 487 2407 Damasceni,
523 2352 619 2405 qui
644 2334 787 2389 libro
816 2349 834 2388 1
872 2334 951 2389 De
973 2332 1093 2389 Iide
1120 2332 1448 2399 orthodoxa,
1481 2353 1602 2407 cap.
1639 2336 1723 2400 ll,

166 2403 306 2477 docet
341 2403 610 2476 Spiritum
649 2411 904 2459 sanctum
961 2423 1075 2460 non
1120 2407 1420 2477 procedere
1474 2403 1722 2472 cx'Filio,

167 2476 274 2549 sed,
294 2493 386 2544 per
403 2477 775 2549 FiliufnnSed
804 2476 1136 2549 responderi
1162 2484 1364 2549 potest,
1404 2477 1461 2531 in
1493 2478 1728 2532 historia

165 2545 397 2618 Barlaam
418 2548 753 2618 particulam
781 2545 955 2612 illam,
981 2565 1047 2601 ex
1074 2545 1233 2615 Filio,
1266 2549 1444 2602 videri
1475 2549 1726 2603 additam

164 2616 220 2668 ab
244 2616 439 2689 aliquo.
468 2620 615 2690 Nam
642 2618 703 2673 in
729 2635 870 2672 nova
904 2619 1147 2674 editione
1174 2636 1275 2690 per
1312 2619 1538 2673 Billium
1567 2620 1730 2675 casti-

163 2694 299 2756 gata,
338 2707 446 2744 non
472 2689 728 2755 habetur,
763 2707 828 2743 ea:
875 2692 1031 2745 Filio.
1064 2709 1090 2744 ι)
1123 2689 1405 2745 Hactenus
1440 2691 1728 2745 Bellarmi-

168 2776 282 2813 nus.

221 2832 496 2887 Invenitur
510 2838 701 2886 tamen
720 2833 837 2887 hac
855 2832 1089 2888 historia
1107 2833 1167 2887 in
1186 2832 1355 2886 variis
1366 2832 1726 2888 Bibliothecis

164 2918 287 2956 mss.
312 2906 622 2959 Graecorum
642 2904 912 2959 inscripta
928 2904 1131 2959 Joanni
1153 2903 1399 2959 Sinaitae.
1420 2905 1506 2958 Ita
1524 2905 1727 2959 Biblio-

163 2972 311 3028 theca
325 2974 618 3041 Sfortiana,
640 2990 797 3030 num.
813 2972 902 3041 63,
926 2982 991 3030 ut
1008 2980 1170 3030 notat
1191 2976 1465 3030 Baronius
1483 2976 1554 3030 ad
1577 2976 1729 3030 diem

164 3043 219 3097 ‘27
244 3046 587 3118 Sovembris,
622 3054 679 3101 et
710 3048 830 3118 ipse
857 3047 1051 3101 Billius
1081 3047 1272 3118 eidem
1299 3046 1624 3117 inscriptam
1648 3048 1729 3102 in-

162 3115 303 3169 venit
325 3118 379 3170 in
408 3118 594 3172 codice
626 3115 819 3172 Graeco
850 3118 1146 3172 clariss1mi
1174 3117 1278 3171 viri
1307 3115 1538 3171 Fumaei.

1800 490 2132 555 ctissimum,
2166 491 2248 545 ita
2276 490 2447 545 etiam
2474 491 2817 561 optimorum
2845 506 2910 543 ac
2941 489 3400 561 doctissimorum

1804 560 2075 616 librorum
2103 562 2263 632 copia
2306 561 2825 626 instructissimum,
2861 560 3402 632 uemplarierraeci

1805 633 1966 702 copia
1990 632 2135 686 facta
2164 631 2295 695 est)
2340 633 2653 686 innumeris
2705 632 2875 686 etiam
2926 631 3059 687 locis
3117 631 3396 686 vitiosam.

1809 701 1967 767 Quod
2000 704 2225 773 quidem
2272 703 2554 757 lubentius
2597 708 2746 756 certe
2796 703 2981 757 nimiae
3029 701 3395 765 festinationi,

1808 791 1976 844 quam
1998 776 2179 855 (irasci
2199 774 2475 855 sermonis
2496 774 2833 855 ignorationi
2862 773 3219 855 tribuendum
3242 778 3405 855 puta-

1806 863 1947 907 rem,
1982 846 2091 899 nisi
2116 846 2285 900 nimis
2315 847 2493 899 multa
2520 845 2644 898 loca
2671 852 2875 908 essent,
2907 845 2965 897 in
2996 844 3198 914 quibus
3215 844 3303 897 vix
3325 845 3403 897 fe-

1807 917 2126 972 stinationis
2148 917 2508 971 excusatione
2536 916 2769 970 inscitiae
2789 921 2978 970 notam
3003 915 3280 985 interpres
3309 915 3403 969 de-

1809 1005 2023 1070 precari
2052 993 2238 1070 queat.
2258 989 2502 1070 Quaeres
2522 987 2894 1070 suspicionem
2909 985 3047 1067 mihi
3074 986 3403 1070 nonnullam

1810 1056 2085 1130 injiceret
2100 1060 2551 1131 Trapezuntiuin
2568 1056 2806 1131 fortasse
2814 1127 2827 1131 Α
2851 1056 3123 1131 versionis
3142 1126 3153 1131 Δ
3167 1057 3401 1131 hujusce

1804 1126 2099 1202 parentem
2131 1126 2242 1184 non
2275 1147 2414 1193 esse,
2450 1130 2557 1183 nisi
2602 1129 2660 1183 in
2693 1127 3052 1202 quibusdam
3082 1126 3252 1181 etiam
3280 1126 3405 1180 aliis

1809 1200 1938 1256 eum
1971 1204 2165 1256 Graeca
2191 1218 2440 1272 persaepe
2465 1218 2577 1254 non
2599 1200 2736 1272 satis
2764 1204 3082 1253 assecutum
3104 1214 3224 1272 esse
3251 1213 3405 1272 com-

1807 1273 2098 1344 perissem.
2121 1266 2415 1344 Ut'cunqu'e
2432 1288 2610 1344 seres
2620 1271 2860 1344 habeat,
2871 1286 3073 1344 novam
3104 1266 3408 1344 traductio:

1808 1338 1935 1399 nem
1968 1343 2159 1409 habes,
2193 1344 2239 1397 si
2272 1338 2409 1397 nihil
2443 1343 2613 1408 aliud,
2649 1341 2986 1412 praecedenti
3008 1340 3274 1412 profecto,
3297 1338 3406 1393 nisi

1807 1416 1989 1479 fallor,
2020 1416 2186 1485 paulo
2220 1415 2511 1468 clariorem
2541 1431 2605 1467 ac
2628 1413 2960 1485 fideliorem.

1885 1487 1954 1553 (5)
1994 1480 2265 1555 Thomas.]
2296 1487 2571 1540 Thomam
2613 1485 2784 1539 Indiae
2820 1484 2989 1537 ﬁdem
3036 1480 3404 1555 annuntiasse

1810 1562 2058 1612 testatur
2083 1553 2400 1612 Dorotheus
2426 1557 2485 1610 in
2508 1555 2763 1627 Synopsi,
2801 1555 2896 1625 qui
2926 1569 3129 1627 corpus
3158 1553 3284 1623 ejus
3312 1567 3404 1606 re-

1810 1629 2094 1705 quiescere
2123 1627 2315 1683 scribit
2338 1628 2405 1705 in
2429 1626 2716 1705 Calatini/5c
2745 1628 2964 1705 civitate
2994 1626 3185 1705 India}.
3290 1693 3301 1705 ο

1879 1699 1963 1771 (6)
1993 1700 2370 1771 Atqueaureis
2393 1698 2638 1767 penula]
2668 1696 3029 1750 Proverbium
3058 1695 3163 1748 hoc
3191 1695 3394 1759 rarius,

1750 1745 1914 1826 Bneb
1941 1745 2103 1825 iacile
2131 1770 2373 1825 obvium.

1885 1843 1951 1907 (7)
1982 1845 2019 1897 .4
2033 1842 2280 1911 tamen]
2307 1840 2517 1895 Mentio
2538 1840 2707 1911 hujus
2745 1838 2803 1911 in
2824 1836 3050 1911 Menaeis
3080 1837 3306 1911 Graecis,
3331 1834 3406 1911 26

1811 1916 2051 1981 Augusti
2076 1907 2295 1967 ratione
2313 1912 2584 1981 Jcsaphat
2600 1909 2721 1975 ﬁlii,
2751 1909 2848 1963 ubi
2877 1908 3142 1981 scribitur
3168 1907 3402 1981 ξΛϐεγήρ.

1886 1978 2015 2053 (ΕΝ
2018 1989 2198 2039 ullum
2220 2000 2329 2037 non
2353 1978 2590 2050 lapidem
2610 1978 3283 2053 1novlsset.]I’roverbium
3299 1979 3407 2032 hoc

1813 2049 2052 2112 occurrit
2096 2072 2292 2110 rursus
2350 2049 2514 2119 infra,
2574 2069 2694 2123 cap.
2736 2051 2827 2105 26.
2882 2049 3073 2123 Habes
3087 2050 3279 2123 apud
3305 2066 3407 2123 _va-

1812 2129 1925 2182 rios
1955 2132 2229 2182 auctores.
2265 2124 2558 2196 Euripides
2599 2120 2659 2177 in
2698 2121 3007 2176 Heraclidis
3045 2120 3185 2175 dixit
3227 2120 3407 2175 Πάντα

1812 2201 2002 2266 κξνῆσαι
2030 2200 2226 2268 πέτρον.

1885 2263 1956 2338 (9)
2010 2263 2296 2334 Theologus
2349 2268 2572 2337 meum}
2625 2267 2712 2338 Ita
2757 2266 3000 2319 Joannes
3058 2263 3402 2333 evangelista

1809 2343 1916 2394 κατ’
1939 2337 2127 2412 ἐξοχὴν
2158 2340 2361 2394 dictus.
2398 2339 2538 2393 Vide
2569 2337 2819 2393 Suidam.

1884 2412 1992 2478 (l0)
2018 2404 2326 2479 ﬁnemque,
2357 2416 2417 2464 ut
2438 2412 2549 2464 dici
2575 2412 2724 2475 solet,
2754 2404 3027 2478 spirans]
3049 2407 3117 2461 Et
3136 2407 3243 2461 hoc
3267 2421 3398 2477 pro-
3468 2454 3483 2468 ,

1809 2483 1983 2538 verbii
2006 2482 2250 2553 speciem
2275 2480 2463 2535 habet.

1883 2555 1992 2622 (11)
2028 2546 2093 2607 in
2118 2557 2310 2607 calum
2327 2556 2557 2620 sagittas
2580 2550 2836 2622 mittere]
2862 2549 3127 2622 Reperire
3149 2553 3238 2622 est
3257 2546 3407 2622 apud

1812 2618 2043 2680 Suidam
2084 2630 2141 2679 ct
2168 2618 2512 2678 Zenodotum
2546 2640 2556 2675 :
2592 2619 2683 2684 Εἰς
2722 2618 3051 2691 τὸν-οὖρᾶνὸν
3086 2619 3313 2683 τοξεύεις,
3347 2620 3411 2671 in

1810 2700 1943 2751 coetu
1955 2715 2006 2751 m
2026 2699 2329 2763 jacularis.

1884 2768 1925 2837 (1
1937 2767 1988 2830 '2)
2018 2762 2081 2820 In
2114 2782 2320 2835 aquam
2340 2764 2673 2834 senu’narc.]
2692 2762 2973 2835 Theognis
3002 2781 3013 2817 :

2117 2864 2197 2914 καὶ
2472 2861 2650 2915 πάντων
2682 2859 2801 2923 ἁλὸς
2829 2862 3022 2927 πολιῆς.

1968 2950 2057 2999 Ρειι·
2084 2956 2135 2999 ut
2161 2949 2240 3013 qui
2269 2949 2501 3014 aequoreis
2525 2948 2709 2998 semina
2740 2949 2933 2997 mandat
2955 2947 3111 3012 aquis.

1884 3048 1909 3116 (
1919 3047 1992 3111 13)
2025 3048 2377 3102 Sacrosancli
2396 3046 2703 3119 monac/nl]
2722 3048 2801 3119 De
2814 3047 2921 3111 his,
2955 3046 3412 3119 opi_nor,_Ma_rty-

1812 3120 2089 3189 rologium
2120 3121 2454 3183 Romanum,
2490 3118 2519 3173 3
2537 3117 2774 3188 Augusti
2804 3136 2814 3169 :
2843 3136 2867 3169 «
2899 3117 3061 3188 Apud
3086 3117 3253 3171 Indos
3274 3117 3411 3189 Per-

227 3186 294 3261 ii)
314 3191 504 3243 Jacobo
532 3188 747 3261 Bitho]
788 3191 970 3244 Notus
1012 3189 1103 3242 hic
1131 3187 1497 3261 vir,_variisiex
1540 3189 1792 3249 GrmcaC
1814 3192 1889 3245 sis
1903 3186 2168 3245 ﬁnitimos
2192 3190 2374 3261 passio
2395 3186 2716 3243 sanctorum
2743 3186 3166 3253 monachorum,
3194 3192 3257 3261 et
3269 3187 3410 3261 alio-

166 3258 213 3342 in
232 3260 481 3342 latinam
499 3258 756 3342 linguam
767 3258 1359 3342 interpretationibus,
1378 3260 1467 3342 _v_i_r
1481 3276 1621 3342 iver‘e
1647 3277 1736 3342 ca-

164 3330 399 3396 tholicus,
431 3330 634 3386 nobilis
658 3332 872 3398 Gallus,
899 3330 956 3386 et
981 3330 1153 3386 abbas
1176 3331 1356 3385 sancti
1376 3330 1656 3386 Michaelis
1676 3332 1735 3386 in

164 3399 365 3468 Eremo,
389 3403 445 3457 in
470 3403 765 3458 Britannia
785 3403 1020 3457 minore.
1172 3424 1185 3435 ·

225 3473 409 3528 Exstat
448 3479 505 3528 et
538 3475 650 3528 alia
677 3475 911 3545 antiqua
947 3473 1148 3537 versio,
1186 3490 1357 3545 quam
1391 3474 1588 3528 volunt
1612 3490 1734 3528 esse

128 3590 137 3595 .
163 3551 497 3611 procuratam
513 3546 801 3616 aGeorgio
815 3545 1204 3616 Trapezuntio.
1233 3546 1366 3616 Ejus
1378 3545 1604 3599 nomine
1622 3546 1736 3599 edi-

164 3624 247 3668 tur
282 3617 339 3671 in
366 3617 611 3673 editione
636 3614 986 3683 Dainascexii,
1023 3632 1171 3671 anno
1199 3614 1358 3682 1548,
1395 3616 1647 3683 Basileae,
1671 3634 1737 3671 ex

166 3687 364 3743 olﬁcina
394 3688 617 3743 Henrici
637 3689 808 3744 Petri.

220 3758 346 3813 Mihi
376 3759 595 3815 videtur
617 3766 776 3814 vetus
799 3760 1092 3815 translatio
1114 3759 1292 3813 multo
1305 3759 1590 3831 antiquior
1605 3761 1739 3815 Tra-

251 3831 423 3902 untio.
455 3832 601 3886 Nam
644 3831 929 3886 invenitur
958 3848 1025 3885 ea
1047 3832 1106 3885 in
1134 3831 1531 3902 manuscriptis
1553 3848 1734 3886 mem-

251 3901 469 3970 naceis;
520 3908 579 3957 et
592 3903 713 3972 jam
760 3908 892 3958 ante
921 3919 1097 3957 annos
1125 3916 1221 3956 ccc
1268 3918 1336 3955 ea
1365 3901 1733 3956 translatione

158 3984 281 4045 psus
298 3974 711 4029 estVincentius
723 3975 1021 4045 inSpeculo
1040 3972 1408 4045 historiali,su
1414 3990 1517 4045 pra
1534 3974 1727 4028 citato.

158 4040 541 4116 Trapezuntius
571 4063 704 4101 vero
724 4040 960 4101 Patrum
999 4044 1275 4101 memoria
1294 4040 1443 4111 vixit,
1480 4045 1732 4100 nondum

159 4126 207 4166 CI
232 4117 391 4188 annis
422 4117 647 4188 elapsis.

217 4186 477 4260 Quisquis
505 4186 665 4242 vetus
690 4188 969 4260 interpres
998 4188 1089 4254 sit,
1119 4187 1189 4244 de
1219 4188 1341 4258 ejus
1364 4188 1617 4243 versione
1650 4188 1730 4242 ita

155 4255 339 4313 Billius
362 4255 386 4311 ἔ
403 4260 482 4314 De
509 4255 869 4330 Trapezunti'i
895 4260 1147 4314 versione
1178 4255 1320 4315 nihil
1343 4260 1497 4313 aliud
1523 4261 1724 4325 dicam,

154 4332 334 4403 340
358 4330 469 4386 nisi
494 4347 619 4385 eam
639 4331 776 4386 mihi
796 4332 1024 4403 quidem
1043 4336 1212 4386 antea
1230 4347 1453 4402 semper
1463 4331 1624 4403 valde
1640 4348 1731 4384 ru-

156 4399 271 4455 dem
302 4408 358 4457 et
380 4403 695 4475 impolitam
724 4399 900 4458 visam
928 4402 1117 4471 fuisse,
1144 4408 1275 4476 post
1287 4399 1478 4458 autem
1503 4402 1619 4471 (ubi
1631 4418 1732 4474 per

1820 3279 1943 3317 rum
1974 3257 2242 3326 ﬁdelium,
2273 3277 2412 3331 quos
2444 3261 2708 3314 Abenner
2731 3274 3194 3331 rexrpersequens
3219 3257 3408 3331 Eccle-

1818 3334 1959 3387 siam
1987 3333 2108 3397 Dei,
2146 3328 2380 3386 diversis
2411 3332 2637 3385 affectos
2667 3328 2954 3401 suppliciis
2992 3330 3129 3401 czedi
3154 3328 3343 3400 jussit.
3380 3342 3407 3380 n

1816 3405 1937 3459 Nisi
1960 3404 2017 3458 in
2029 3403 2427 3475 Martyrologio
2449 3400 2837 3473 intelligantur
2860 3401 2900 3456 ii
2925 3402 2994 3456 de
3014 3400 3216 3473 quibus
3235 3416 3408 3471 supra

1816 3476 1875 3531 in
1899 3476 2003 3546 hac
2031 3475 2162 3541 vita,
2181 3473 2315 3546 cap.
2350 3473 2403 3531 ⁷1.

1893 3545 1996 3614 (14)
2030 3547 2236 3615 Caprea
2262 3541 2399 3600 'cum
2429 3548 2577 3615 leone
2600 3560 2848 3612 pugnam
2879 3542 3059 3615 iniit]
3091 3542 3257 3614 Apud
3281 3541 3406 3615 Sui-

1819 3613 1949 3673 dam
1978 3613 2235 3673 senarius
2266 3635 2278 3670 :
2312 3617 2401 3683 Μὴ
2432 3613 2554 3687 πρὸς
2580 3616 2757 3668 λέοντα
2785 3614 2964 3685 δορκὰς
2990 3613 3194 3685 ἅψωμαι
3221 3613 3407 3685 μάχης.

1820 3691 1896 3744 Nc
1924 3706 2051 3743 cum
2085 3693 2232 3744 leone
2275 3704 2470 3757 caprea
2509 3701 3099 3757 pugnam_sumpser0.

1895 3760 2219 3829 (15)Asinus
2231 3776 2281 3813 es
2310 3755 2791 3830 lj/ram‘audicnsj
2818 3756 3187 3811 Notissimum
3202 3755 3368 3827 vulgo
3394 3772 3406 3809 :

1818 3824 2171 3900 ’¹()ἓιο;’λύρας,
2198 3830 2455 3885 videlicet
2479 3824 2720 3900 ἀκροατής
2754 3824 3001 3883 {Asinus
3026 3831 3163 3895 lyra
3186 3824 3415 3881 auscul-

1819 3908 1983 3957 lator.
2015 3902 2156 3957 Vide
2176 3901 2723 3971 Parmmiographos.

1885 3974 2004 4043 (16)
2030 3974 2282 4043 Sc-ruch.]
2312 3975 2399 4027 An
2427 3970 2610 4039 samg
2638 3971 2905 4042 intelligit
2930 3970 3109 4043 ﬁlium
3140 3970 3279 4043 Reu,
3301 3970 3413 4043 Ge-

1814 4044 1962 4099 nesis
1984 4041 2047 4098 VXI
2066 4045 2091 4097 ’ἶ
2120 4041 2285 4099 Certe
2310 4041 2974 4115 EpiphaniusinPanarii
2996 4041 3414 4115 principig_ori-

1812 4117 2002 4187 ginem
2028 4112 2373 4169 idololatriae
2388 4112 2627 4187 deducit
2642 4114 2867 4187 aThare
2883 4119 2937 4187 et
2953 4112 3181 4187 §eruch.
3228 4112 3413 4166 Thare

1814 4182 2003 4241 autem
2018 4187 2199 4255 Sarug
2221 4203 2385 4240 avum
2401 4184 2597 4239 habuit
2616 4184 2673 4238 in
2689 4186 2893 4255 Latino,
2906 4182 3214 4255 Bibliorum
3234 4188 3386 4255 tex_tu
3398 4220 3411 4236 .

1812 4260 1882 4313 Et
1911 4256 2005 4328 qui
2034 4257 2093 4312 in
2120 4253 2318 4311 Latino
2347 4261 2504 4328 textu
2533 4261 2619 4309 est
2643 4256 2846 4328 Sarug,
2882 4254 2953 4328 in
2970 4254 3160 4307 Graeco
3190 4258 3278 4305 est
3306 4253 3411 4328 25-:

1815 4323 1959 4400 ρούγξ,
1991 4335 2056 4400 ut
2095 4326 2586 4400 nullumdubium
2618 4326 2712 4400 sit,
2754 4325 3298 4400 quin‘Damascenus
3341 4323 3415 4377 ad

1814 4392 1998 4456 '10ch
2017 4399 2176 4454 illum
2197 4398 2510 4454 Bibliorum
2539 4402 2597 4452 et
2617 4392 2915 4469 Epiphanii
2943 4394 3224 4467 respiciat'

1523 4680 1860 4727 DECEMBRIS
1901 4682 2047 4726 XXV.
2402 4692 2409 4695 ‘

458 4815 899 4963 VITA
1005 4811 1820 4963 SANCTZE
1923 4807 2864 4956 EUGENIAE
2960 4866 3094 4977 (ι),

1130 5033 1608 5110 VIBGINIS
1663 5030 1803 5106 AC
1852 5027 2437 5114 MARTYRIS,

1389 5241 1758 5306 AUCTORE
1805 5241 1886 5301 IN
1891 5240 2144 5303 GERTO
2162 5284 2174 5297 .

201 5438 402 5494 CAPUT
432 5449 666 5491 panum.
697 5465 766 5479 —
784 5435 849 5491 In
869 5435 1108 5508 septimo
1129 5436 1421 5492 consulatu
1442 5450 1542 5491 suo
1567 5434 1736 5490 Com-
1756 5432 1923 5496 DHic
1949 5432 2140 5502 itaque
2182 5444 2308 5484 cum
2354 5442 2526 5484 uxore
2564 5427 2820 5495 Claudia,
2874 5444 3002 5483 cum
3035 5427 3256 5483 duobus
3286 5424 3415 5481 ﬁliis

133 5526 339 5582 modus
376 5522 447 5593 (3)
494 5524 803 5597 imperator
829 5524 1033 5580 direxit
1078 5525 1527 5581 illustrissimum
1548 5525 1737 5580 virum

129 5614 467 5689 Philippum
485 5612 552 5686 (5)
586 5613 658 5670 ad
683 5613 1009 5687 Egyptum,
1030 5618 1096 5672 ut
1120 5615 1511 5689 praefecturam
1544 5618 1740 5686 ageret

128 5704 510 5771 .Uexandriae,
563 5708 623 5759 et
669 5720 864 5761 omnes
905 5708 1213 5778 potestates
1242 5723 1365 5781 quae
1415 5721 1516 5780 per
1562 5708 1739 5761 totam

131 5795 456 5872 Egyptian
468 5794 1011 5858 administrabantur
1019 5796 1142 5871 ejus
1152 5795 1384 5859 arbitrio
1395 5792 1741 5857 descrvirent

1818 5521 1980 5576 Avito
2009 5525 2065 5575 et
2094 5519 2307 5590 Sergio,
2343 5522 2403 5573 et
2429 5533 2558 5573 cum
2589 5517 2706 5573 ﬁlia
2730 5516 2999 5589 Eugenia,
3028 5515 3100 5571 ab
3125 5514 3265 5571 urbe
3293 5514 3414 5567 Ro-

1819 5626 1989 5668 mana
2016 5608 2087 5665 ad
2116 5607 2313 5665 urbem
2329 5606 2727 5665 Alexandriam
2740 5607 2877 5664 dum
2902 5605 3202 5671 venissent,
3218 5606 3277 5658 et
3297 5601 3410 5656 Ro-

1821 5718 1991 5759 mana
2032 5700 2308 5775 gravitate
2335 5702 2529 5771 ageret
2555 5696 2964 5772 praefecturam,
2996 5697 3165 5766 atque
3189 5705 3415 5749 omnem

1827 5790 2172 5868 provinciam
2187 5788 2417 5868 (Egypti
2436 5787 2704 5851 Romanis
2722 5782 2940 5861 legibus
2960 5782 3280 5853 adornaret,
3287 5794 3423 5840 cum
