3954 6190
412 291 515 353 607

1443 299 1536 354 DE
1570 298 1760 357 VITIS
1797 300 2095 359 PATRUM
2129 305 2345 363 LIBER
2381 303 2673 362 PRIMUS.

3587 289 3698 350 608
3765 363 3770 368 .

411 420 518 476 ctis
529 420 756 502 quidem
774 419 1050 492 magicam
1063 422 1446 478 curiositatem
1471 424 1819 480 sectantibus
1832 425 2069 490 finemA
2088 428 2198 487 Sed
2225 429 2319 485 hic
2345 430 2640 503 episcopus
2666 425 2836 482 variis
2865 423 3072 480 dicitur
3095 421 3353 478 Ecclesia
3383 433 3498 476 sua
3525 433 3696 472 occu-

412 509 701 584 imposuit,
723 509 945 566 Judaos
973 526 1103 565 vero
1129 527 1233 566 nec
1256 512 1734 584 nuncupationem
1756 514 2006 570 nominis

415 597 622 655 habere
646 598 920 671 permisit,
955 599 1304 655 Christianos
1334 607 1524 656 autem
1551 603 1744 674 procul
1774 603 1845 658 ab
1873 604 2006 658 Ale-

412 688 652 744 xandria
684 691 910 742 tantum
957 687 1161 743 debere
1191 706 1312 745 esse
1359 689 1671 746 constituit.
1705 693 1830 763 Ipse
1878 709 2006 748 vero

413 777 540 850 plus
569 777 702 832 licet
725 777 1190 850 philosophorum
1209 779 1425 835 amicus
1439 797 1608 852 quam
1637 780 1823 837 fautor
1835 782 2010 838 idolo-

409 882 556 932 rum,
581 866 851 922 Romanis
871 872 1060 922 tamen
1081 868 1594 938 superstitionibus,
1622 887 1687 924 ac
1709 870 1756 924 si
1783 871 2007 942 religio-

407 971 504 1010 sus
535 955 737 1023 cultor,
761 955 1028 1023 instabat,
1060 972 1172 1011 non
1201 957 1426 1025 rationi,
1453 959 1550 1012 sed
1571 959 1862 1014 traditioni
1881 976 2010 1014 con-

412 1045 672 1102 cordan.

477 1135 611 1194 CAP.
647 1135 718 1192 II.
745 1166 811 1177 —
833 1136 1140 1208 Eugeniam
1156 1136 1514 1208 igiturﬁliam
1530 1157 1692 1195 suam
1714 1139 1850 1195 dum
1863 1140 2010 1196 litte-

411 1223 490 1279 ris
511 1223 836 1280 liberalibus
859 1225 1260 1297 perfectissime
1281 1228 1578 1295 docuisset,
1595 1235 1654 1284 et
1670 1234 1789 1284 tam
1809 1229 2008 1284 Latino

413 1329 541 1368 eam
571 1330 743 1386 quam
772 1315 964 1372 Graco
995 1316 1218 1387 eloquio
1241 1317 1614 1381 instruxisset,
1643 1319 1811 1374 etiam
1834 1319 2011 1390 philo-

413 1401 670 1474 sophiam
690 1404 878 1460 doceri
894 1406 1168 1476 permisit.
1195 1407 1328 1461 Erat
1347 1407 1498 1462 enim
1529 1408 1672 1462 acris
1695 1407 1926 1479 ingenii,
1952 1412 2011 1463 et

413 1495 534 1547 tam
560 1493 848 1548 memoria
875 1511 1066 1566 capax,
1113 1500 1178 1549 ut
1205 1495 1478 1568 quidquid
1517 1497 1796 1551 audiendo
1835 1497 2010 1552 semel

413 1581 500 1636 vel
537 1581 773 1654 legendo
798 1583 1074 1654 potuisset
1103 1585 1372 1656 arripere,
1405 1591 1678 1657 perpetuo
1719 1586 2005 1640 retineret.

410 1669 548 1726 Erat
561 1672 1006 1744 autemEugenia
1023 1674 1257 1745 pulchra
1270 1673 1410 1728 facie
1425 1680 1482 1728 et
1501 1675 1743 1746 eleganti
1755 1691 2006 1748 corpore,

2089 516 2410 588 pationibus
2437 515 2695 572 detineri.
2716 513 2818 569 His
2846 518 3041 568 autem
3066 509 3164 583 qui
3191 509 3252 564 in
3279 505 3484 563 divinis
3510 505 3697 560 laudi-

2091 605 2196 661 bus
2215 611 2430 673 vacant,
2446 605 2805 662 Theodorum
2825 600 3126 675 quemdam
3145 597 3539 672 presbyterum
3564 610 3695 650 con-

2093 695 2462 767 stituit,cujus
2473 699 2632 750 tanta
2641 692 2912 748 miracula
2922 694 3248 754 narrantur,
3266 692 3330 743 ut
3340 686 3512 742 etiam
3520 701 3694 740 cacos

2093 783 2210 839 suis
2241 783 2591 840 orationibus
2619 781 2920 840 illuminet.
2955 784 3014 834 et
3050 778 3332 833 damones
3373 775 3599 845 ell'uget,
3633 779 3696 827 et

2089 872 2508 928 inﬁrmantibus
2523 873 2723 928 afferat
2737 869 3041 926 sanitatem
3058 884 3070 920 :
3089 882 3225 922 sane
3239 865 3310 920 ad
3321 863 3692 919 diversorium

2092 961 2262 1033 hujus
2301 960 2772 1034 congregationis,
2807 959 2867 1014 in
2898 974 3009 1030 quo
3050 957 3168 1012 Deo
3202 956 3443 1020 canitur,
3475 952 3692 1007 nullam

2091 1051 2306 1123 patitur
2341 1051 2532 1106 venire
2569 1049 2928 1105 feminarum.
2970 1046 3092 1101 Hoc
3127 1061 3262 1115 ergo
3306 1041 3688 1106 considerans,

2091 1141 2324 1196 tondere
2350 1157 2441 1196 me
2467 1139 2730 1205 arbitror,
2760 1143 2822 1193 ut
2849 1135 3099 1192 crastina
3117 1138 3394 1189 nocturna
3423 1129 3694 1202 profectio

2091 1230 2351 1285 ordinata
2379 1246 2480 1302 per
2519 1229 2670 1300 ipsos
2697 1226 2861 1282 nobis
2885 1224 3189 1281 transitum
3220 1220 3486 1295 praebeat.
3519 1218 3694 1272 Vobis

2092 1318 2285 1390 itaque
2309 1318 2528 1374 duobus
2547 1319 2710 1389 juxta
2737 1315 3062 1371 basternam
3079 1309 3156 1382 (6)
3173 1307 3610 1376 ambulantibus,
3635 1312 3698 1362 et

2090 1408 2306 1463 cateris
2319 1405 2762 1480 pracedentibus
2784 1405 2854 1460 ad
2877 1405 3062 1459 locum
3085 1403 3337 1473 deponar
3363 1416 3398 1453 a
3419 1397 3576 1454 vobis
3599 1416 3612 1464 ;
3635 1403 3698 1452 et

2091 1513 2267 1552 vacua
2307 1500 2736 1568 pertranseunte
2783 1493 3066 1559 basterna,
3096 1507 3200 1546 nos
3239 1495 3357 1544 tres
3408 1485 3481 1560 (7)
3522 1487 3698 1541 herili

2093 1584 2290 1641 habitu
2321 1586 2490 1640 simul
2527 1585 2598 1640 ad
2632 1583 2733 1640 Dei
2768 1581 3024 1638 homines
3055 1595 3443 1653 properemus.
3475 1576 3700 1631 Placuit

2094 1674 2348 1746 utrisque
2377 1673 2703 1742 consilium;
2723 1677 2782 1727 et
2808 1669 3066 1744 sequenti
3087 1673 3270 1736 nocte,
3293 1667 3440 1723 sicut
3466 1666 3697 1721 ordina-

411 1758 513 1814 sed
550 1760 840 1832 pulchrior
868 1767 1076 1829 mente,
1111 1765 1168 1817 et
1197 1763 1493 1818 formosior
1518 1755 1802 1819 castitate:
1827 1763 2070 1849 IgiturB
2089 1770 2266 1832 verat,
2301 1763 2658 1836 adimpletur.

411 1865 542 1906 cum
570 1850 984 1922 quintodecimo
1032 1852 1210 1906 atatis
1260 1870 1375 1907 sua
1431 1870 1578 1908 anno
1635 1853 1705 1906 ab
1761 1853 2003 1925 Aquilio,

410 1937 622 2011 Aquilii
654 1939 720 2009 (5)
753 1940 996 1995 consulis
1024 1940 1139 1994 filio
1156 1946 1442 2012 peteretur
1460 1958 1684 2013 sponsa,
1699 1942 2012 2013 interroga-

411 2031 742 2099 turapatre
771 2032 960 2083 utrum
1005 2030 1217 2101 petenti
1245 2030 1438 2100 juveni
1469 2029 1865 2084 illustrissimis
1885 2036 2009 2085 orto

413 2117 698 2174 natalibus
719 2119 1094 2174 consentiret?
1123 2119 1222 2175 Illa
1244 2121 1550 2193 respondit:
1574 2121 1812 2176 Maritus
1832 2119 2007 2176 mori-

413 2205 538 2274 bus,
563 2223 676 2263 non
693 2208 976 2264 natalibus
997 2210 1288 2279 eligendus
1315 2216 1428 2276 est;
1453 2211 1576 2282 ipso
1593 2210 1763 2276 enim,
1779 2226 1891 2265 non
1913 2227 2010 2282 pa-

411 2295 665 2353 rentibus
695 2299 818 2369 ejus
865 2299 1138 2354 utendum
1181 2305 1284 2354 est.
1319 2299 1501 2371 Igitur
1527 2316 1657 2354 cum
1685 2299 1811 2354 aliis
1839 2305 2008 2370 atque

409 2386 536 2442 aliis
564 2387 925 2459 poscentibus
951 2389 1140 2444 animo
1173 2389 1448 2444 castitatis
1469 2395 1648 2457 84]
1689 2387 2004 2454 obsisteret,

412 2477 669 2547 pervenit
704 2477 775 2532 ad
803 2494 1006 2533 manus
1043 2479 1166 2550 ejus
1211 2478 1524 2534 beatissimi
1565 2479 1726 2534 Pauli
1767 2477 2008 2550 apostoli

414 2565 690 2634 doctrina;
715 2570 774 2620 et
799 2566 930 2621 licet
957 2566 1062 2622 sub
1091 2568 1483 2639 paganissimis
1511 2567 1841 2640 parentibus
1869 2581 2004 2636 age-

408 2657 515 2720 ret,
539 2670 662 2710 esse
689 2657 882 2710 tamen
906 2656 1075 2728 capit
1103 2656 1292 2712 animo
1336 2657 1683 2718 Christiana.

485 2743 618 2798 CAP.
649 2743 896 2800 III.—Et
921 2745 1186 2816 quoniam
1198 2747 1343 2818 jussi
1357 2747 1584 2802 fuerant
1603 2749 1910 2808 Christiani
1933 2756 2004 2812 ab

407 2830 750 2904 Alexandria
777 2832 916 2888 urbe
945 2834 1252 2904 discedere,
1303 2842 1467 2907 rogat
1493 2845 1757 2910 parentes
1786 2846 1852 2896 ut
1878 2861 2007 2916 spe-

407 2920 594 2976 ctandi
606 2921 792 2992 gratia
813 2924 1236 2995 permitteretur
1254 2926 1464 2997 praedia
1482 2943 1585 2982 sua
1599 2927 1656 2982 in
1675 2929 2000 2989 suburbano

409 3009 760 3067 Alexandria
791 3011 971 3084 posita
999 3013 1254 3068 circuire.
1303 3017 1558 3087 Cumque
1585 3018 1777 3073 statim
1811 3024 1876 3075 ut
1901 3039 2003 3094 po-

2164 1855 2299 1909 Car.
2323 1853 2418 1908 IV.
2449 1883 2506 1893 -
2531 1853 2771 1908 Tantam
2800 1854 2992 1906 autem
3020 1846 3375 1904 credentibus
3401 1844 3512 1900 sibi
3537 1845 3700 1900 Chri-

2092 1947 2213 1998 stus
2242 1941 2488 2014 gratiam
2517 1939 2782 1996 exhibere
2809 1939 3074 2010 dignatus
3103 1942 3206 2004 est,
3235 1941 3301 1991 ut
3329 1935 3530 1990 eadem
3556 1934 3699 1988 hora

2093 2049 2204 2104 qua
2231 2031 2303 2086 ad
2331 2029 2738 2085 monasterium
2766 2033 3161 2101 pervenerunt,
3188 2030 3414 2080 sanctus
3444 2023 3698 2078 Helenus

2091 2120 2479 2192 superveniret
2499 2119 2808 2192 episcopus.
2833 2118 2904 2173 Et
2926 2117 3060 2189 quia
3078 2132 3202 2170 mos
3229 2119 3318 2171 est
3345 2112 3498 2186 apud
3522 2111 3699 2184 Egy-

2091 2216 2276 2283 ptum,
2300 2209 2524 2281 quando
2545 2208 2897 2263 circumeunt
2906 2205 3250 2262 monasteria
3262 2201 3530 2276 episcopi,
3553 2201 3699 2273 psal-

2091 2299 2330 2376 lentium
2373 2315 2468 2354 eos
2516 2304 2790 2369 sequatur
2826 2295 3139 2362 exercitus;
3180 2291 3504 2366 supervenit
3543 2290 3697 2346 idem

2090 2389 2338 2445 Helenus
2388 2387 2696 2460 Heliopolis
2749 2387 3062 2459 episcopus,
3097 2389 3156 2440 et
3182 2401 3310 2440 cum
3349 2400 3415 2439 eo
3449 2381 3696 2454 amplius

2090 2496 2260 2551 quam
2289 2479 2482 2534 decem
2503 2477 2682 2532 millia
2710 2477 2978 2544 virorum,
3014 2473 3378 2548 psallentium
3404 2490 3470 2528 ac
3497 2473 3693 2528 dicen-

2087 2569 2261 2624 tium:
2281 2567 2388 2622 Via
2395 2568 2679 2638 justorum
2699 2571 2856 2622 recta
2872 2565 3020 2622 facta
3041 2570 3144 2632 est,
3164 2568 3223 2619 et
3241 2564 3350 2619 iter
3368 2567 3697 2618 sanctorum

2087 2655 2748 2730 praparatum.Audiens
2776 2656 2896 2710 hac
2913 2655 3184 2726 Eugenia,
3203 2653 3346 2708 dixit
3374 2652 3447 2707 ad
3470 2652 3650 2707 socios
3679 2669 3693 2702 :

2089 2747 2451 2803 Considerate
2477 2747 2588 2800 vim
2615 2746 2952 2814 carminum,
2968 2751 3026 2802 et
3054 2745 3255 2800 videtis
3283 2744 3356 2799 ad
3380 2759 3482 2798 nos
3510 2742 3694 2814 respi-

2089 2853 2215 2892 cere
2244 2836 2521 2908 quidquid
2548 2835 2854 2891 modulatis
2879 2835 3106 2891 vocibus
3135 2834 3403 2907 psallunt.
3437 2833 3695 2904 Denique

2087 2942 2216 2982 cum
2242 2925 2313 2980 de
2341 2926 2457 2980 Deo
2485 2941 2614 2980 vero
2659 2931 2854 2980 noster
2882 2929 3164 2980 tractatus
3213 2923 3274 2978 in
3320 2921 3696 2995 dispositione

2085 3015 2268 3071 mutui
2289 3015 2565 3070 sermonis
2595 3013 2916 3082 haberetur,
2951 3011 3267 3068 audivimus
3287 3011 3395 3070 hoc
3413 3015 3642 3067 cantare
3679 3029 3692 3063 :

407 3105 666 3171 posceret
688 3099 1067 3174 impetrasset,
1102 3110 1158 3158 et
1185 3103 1254 3158 ab
1283 3103 1421 3160 urbe
1446 3113 1774 3178 properaret
1801 3110 1872 3164 ad
1900 3110 2009 3166 vil-
2026 3113 2071 3174 Ο
2087 3104 2367 3170 Quoniam
2389 3120 2586 3159 omnes
2614 3103 2694 3158 dii
2721 3103 2980 3175 gentium
3002 3101 3296 3170 ἀωωοῐιίῖιτ
3328 3101 3479 3157 Deus
3500 3104 3690 3156 autem

408 3188 544 3256 lam,
575 3190 737 3246 audit
783 3191 1132 3247 Christianos
1159 3193 1462 3265 psallentes
1492 3200 1662 3266 atque
1701 3196 1953 3254 dicentes
1986 3221 1999 3256 :

408 3279 617 3335 Omnes
635 3279 978 3352 diigentium
997 3283 1292 3348 damonia,
1314 3285 1464 3339 Deus
1480 3291 1671 3340 autem
1691 3292 1883 3342 noster
1895 3305 2003 3343 ca~

404 3367 490 3424 los
517 3367 650 3426 fecit
687 3372 859 3442 (Psal.
891 3375 1037 3440 xcv).
1069 3373 1200 3427 Hac
1256 3373 1337 3428 ita
1365 3373 1600 3430 audiens
1629 3376 1930 3448 suspiravit
1949 3385 2007 3434 et

407 3457 578 3526 ﬂevit,
605 3464 663 3516 et
684 3459 822 3515 dicit
844 3460 914 3514 ad
939 3461 1226 3517 eunuchos
1242 3479 1445 3534 pueros
1462 3465 1686 3520 nomine
1702 3467 1935 3522 Protum
1948 3473 2006 3523 et

408 3547 827 3620 Hyacinthum:
875 3551 998 3606 Scio
1026 3568 1122 3606 vos
1154 3567 1376 3608 mecum
1422 3553 1625 3608 litteris
1652 3555 1902 3612 eruditos
1947 3562 2006 3614 et

405 3635 578 3710 digna
594 3637 762 3694 simul
781 3644 840 3694 et
859 3639 1090 3710 indigna
1111 3641 1404 3696 hominum
1427 3643 1669 3713 legimus
1678 3651 1859 3715 gesta,
1876 3646 2002 3718 phi-

404 3725 766 3798 losophorum
787 3744 1008 3800 quoque
1019 3729 1372 3801 syllogismos
1387 3748 1528 3786 vano
1549 3732 1740 3788 labore
1754 3740 2004 3791 constru-

405 3819 523 3870 ctos
532 3815 719 3872 studio
734 3818 1218 3890 scrupulosissimo
1235 3820 1632 3892 transegimus:
1647 3822 2008 3881 Aristotelica

408 3910 742 3974 argumenta
779 3912 835 3962 et
867 3907 1116 3962 Platonis
1156 3907 1332 3976 ideas,
1370 3915 1428 3963 et
1455 3910 1680 3982 Epicuri
1715 3916 1917 3981 sectas,
1949 3922 2007 3971 et

410 3992 654 4050 Socratis
681 3995 895 4051 monita
909 4002 968 4052 et
995 3996 1346 4067 Stoicorum;
1378 4003 1438 4054 et
1451 4005 1517 4054 ut
1543 3999 1787 4057 breviter
1804 4009 2006 4059 cuncta

408 4083 764 4155 complectar,
789 4085 1061 4158 quidquid
1087 4091 1278 4143 cantat
1300 4094 1483 4160 poeta,
1514 4089 1785 4163 quidquid
1813 4097 2004 4149 orator

406 4172 640 4240 invenit,
661 4174 933 4248 quidquid
957 4176 1322 4250 philosophus
1353 4178 1580 4250 cogitat,
1600 4197 1716 4236 una
1743 4182 1848 4237 hac
1876 4199 2005 4238 sen-

407 4259 589 4319 tentia
633 4264 1026 4334 excluduntur,
1087 4283 1197 4338 qua
1237 4267 1610 4339 tripudiantes
1653 4270 2002 4328 Christianos

409 4353 671 4410 audimus
715 4355 992 4427 psallere:
1035 4356 1244 4412 Omnes
1287 4357 1368 4412 dii
1406 4358 1662 4428 gentium
1703 4359 1998 4430 damonis,

2087 3199 2280 3250 noster
2309 3194 2477 3249 calos
2505 3194 2654 3248 fecit.
2680 3193 2749 3248 Et
2776 3209 2902 3248 ecce
2921 3208 3070 3248 nunc
3101 3189 3502 3264 arripientibus
3529 3189 3692 3245 nobis

2087 3283 2216 3349 iter,
2244 3299 2358 3354 quo
2391 3283 2652 3337 recedere
2678 3282 2938 3354 cupimus
2967 3298 3003 3336 a
3039 3279 3276 3336 culturis
3305 3280 3604 3346 idolorum,
3632 3287 3694 3335 et

2085 3377 2152 3428 ut
2178 3372 2249 3426 ad
2281 3371 2660 3427 Christianam
2687 3372 2968 3427 culturam
2997 3370 3408 3444 perveniamus,
3441 3370 3691 3442 gratiam

2086 3461 2418 3535 promereri,
2457 3477 2580 3516 ecce
2628 3445 2806 3516 millia
2846 3460 3140 3516 hominum
3176 3459 3339 3515 nobis
3368 3464 3690 3524 occurrunt,

2085 3567 2201 3608 una
2227 3567 2358 3606 voce
2385 3551 2751 3606 clamantium
2781 3557 2840 3606 et
2878 3550 3187 3606 dicentium
3218 3566 3231 3602 :
3273 3549 3381 3604 Via
3401 3551 3693 3622 justorum

2085 3645 2240 3696 recta
2263 3640 2525 3708 factaest,
2540 3645 2598 3696 et
2625 3641 2742 3697 iter
2760 3644 3082 3698 sanctorum
3103 3645 3505 3713 praeparatum.
3525 3639 3694 3696 Intel-

2087 3730 2328 3802 ligamus
2358 3747 2492 3802 ergo
2525 3747 2636 3802 quo
2666 3736 2864 3804 pergat
2890 3730 2981 3786 hic
3013 3730 3288 3804 populus;
3323 3735 3382 3784 et
3403 3729 3455 3783 si
3478 3729 3551 3784 ad
3585 3729 3694 3784 hoc

2087 3819 2468 3876 habitaculum
2481 3819 2693 3876 vadunt
2711 3837 2822 3893 quo
2843 3837 2944 3876 nos
2960 3820 3043 3875 ire
3062 3819 3462 3893 disposuimus,
3482 3821 3692 3891 junga-

2086 3927 2218 3965 mur
2239 3909 2570 3966 canentibus
2588 3909 2789 3976 turbis,
2821 3915 2880 3966 et
2905 3909 3330 3966 advenientibus
3355 3908 3690 3981 computati,

2086 3999 2475 4070 ingrediamur
2499 4003 2566 4054 ut
2591 3999 3051 4072 socii,quousque
3070 3999 3303 4056 notitias
3333 3998 3688 4070 colligamus.

2156 4089 2294 4145 CAP.
2324 4089 2392 4143 V.
2419 4114 2477 4128 —
2501 4089 2685 4160 Igitur
2712 4105 2842 4144 cum
2863 4106 2925 4145 se
2948 4089 3270 4162 junxissent
3292 4087 3692 4161 psallentibus,

2083 4177 2380 4250 inquirunt
2403 4178 2501 4250 qui
2525 4184 2675 4234 esset
2705 4181 2918 4244 senior,
2937 4179 3036 4251 qui
3073 4178 3227 4234 solus
3254 4177 3508 4233 vehiculo
3531 4177 3691 4232 aselli

2083 4272 2339 4324 uteretur
2368 4267 2427 4323 in
2456 4267 2641 4324 medio
2661 4267 2854 4341 populi
2883 4268 3172 4340 sequentis
3205 4272 3264 4324 et
3286 4266 3686 4340 pracedentis;

2085 4357 2326 4412 audiunt
2339 4357 2488 4429 quod
2503 4357 2595 4412 hic
2616 4363 2767 4414 esset
2778 4358 3026 4414 Helenus
3040 4356 3432 4431 episcOpus,ab
3450 4356 3694 4412 infantia

408 4443 559 4498 Deus
580 4447 772 4499 autem
791 4449 985 4500 noster
1011 4445 1178 4501 caios
1199 4444 1349 4503 fecit.
1375 4446 1664 4503 Confessio
1684 4453 1741 4503 et
1755 4450 2002 4520 pulchri-
2016 4438 2067 4500 D
2083 4445 2435 4502 Christianus
2458 4463 2471 4500 :
2503 4447 2599 4519 qui
2625 4447 2760 4502 dum
2785 4447 3097 4504 infantulus
3118 4447 3178 4503 in
3197 4446 3548 4502 monasterio
3574 4463 3692 4501 cre-

405 4532 542 4588 tudo
563 4532 623 4588 in
647 4538 950 4607 conspectu
970 4535 1112 4606 ejus,
1133 4535 1400 4592 sanctitas
1423 4541 1481 4592 et
1505 4537 1926 4609 magnificentia
1942 4539 2001 4595 in

407 4623 704 4694 majestate
725 4624 868 4695 ejus.
905 4623 1085 4695 Igitur
1106 4623 1270 4695 jubet
1285 4625 1536 4680 conferre
1561 4643 1910 4684 sermonem:
1944 4633 2002 4684 et

403 4713 707 4785 Apostolus
727 4713 953 4786 legitur,
968 4717 1026 4769 et
1053 4713 1336 4786 Propheta
1363 4715 1658 4782 laudatur;
1687 4718 1752 4771 ﬁt
1777 4733 2002 4774 concor-

406 4802 502 4858 dia
530 4803 680 4872 ﬁdei,
712 4809 770 4860 et
784 4821 897 4878 qua
920 4809 1043 4860 arte
1060 4804 1132 4859 ad
1151 4803 1461 4877 penetralia
1483 4805 1770 4878 sapientia
1802 4807 2002 4862 divina

409 4891 618 4964 absque
647 4894 734 4950 sui
760 4894 1116 4966 separatione
1137 4893 1486 4967 perveniant,
1517 4895 1752 4952 consilio
1779 4897 2002 4953 ardenti

409 4981 692 5038 delinitur.
724 4971 1025 5040 Dominam
1053 5001 1164 5052 me,
1195 4974 1397 5057 inquit,
1429 4983 1584 5040 vobis
1607 4991 1883 5060 usurpata
1900 5005 2004 5060 po-

411 5074 586 5126 testas
614 5071 891 5140 attribuit,
923 5074 1021 5129 sed
1047 5090 1298 5130 sororem
1329 5075 1608 5148 sapientia
1637 5075 1789 5132 fecit.
1817 5075 2004 5133 Simus

413 5176 550 5233 ergo
589 5160 811 5230 fratres,
844 5161 989 5218 sicut
1028 5163 1218 5220 divina
1243 5165 1522 5237 sapientia
1563 5165 1860 5234 ordinavit,
1893 5182 2006 5232 non

417 5251 564 5306 sicut
591 5267 651 5306 se
669 5251 1112 5322 jactathumana
1137 5253 1445 5310 temeritas.
1465 5255 1775 5328 Pergamus
1793 5256 2009 5330 pariter

416 5341 487 5397 ad
504 5341 872 5410 Christianos,
895 5347 954 5399 et
970 5343 1116 5399 sicut
1135 5344 1486 5413 ordinavero,
1508 5347 2009 5418 properemus.He-

415 5433 608 5488 lenum
624 5431 797 5488 audio
809 5431 920 5488 dici
946 5433 1288 5507 episcOpum,
1320 5435 1482 5508 cujus
1501 5438 1587 5490 est
1613 5434 1892 5491 habitatio
1910 5435 2009 5491 illa

413 5522 473 5580 in
491 5537 603 5596 qua
612 5520 702 5577 die
719 5526 1004 5596 noctuque
1022 5523 1331 5580 audiuntur
1346 5525 1464 5582 Deo
1481 5541 1584 5582 suo
1609 5531 2008 5598 cantare,quos

415 5613 587 5674 etiam
615 5627 736 5686 nos,
771 5612 990 5688 quoties
1027 5613 1352 5686 transimus,
1385 5615 1690 5690 psallentes
1719 5616 2004 5676 audimus.

2083 4541 2282 4603 sceret,
2305 4541 2478 4592 tanta
2504 4536 2820 4593 sanctitatis
2847 4536 3150 4593 virtutibus
3179 4535 3516 4608 augebam,
3549 4541 3614 4592 ut
3641 4534 3692 4590 si

2084 4627 2308 4698 quando
2333 4625 2537 4682 missus
2565 4625 2763 4682 fuisset
2787 4625 2978 4698 ignem
3000 4623 3119 4696 (8)e
3147 4625 3330 4682 vicino
3359 4629 3572 4698 petere,
3595 4641 3694 4679 ar-

2082 4715 2278 4771 dentes
2306 4733 2518 4788 prunas
2556 4716 2892 4772 vestimento
2918 4716 3167 4772 deterret
3206 4715 3401 4772 illaeso.
3435 4714 3693 4786 Denique

2084 4811 2235 4874 ante,
2266 4805 2470 4878 inquit,
2503 4822 2710 4878 paucos
2743 4805 2863 4862 dies
2891 4805 3047 4862 venit
3078 4804 3310 4878 quidam
3337 4819 3560 4875 magus,
3594 4803 3693 4875 qui

2083 4885 2384 4952 verborum
2401 4895 2749 4967 argumentis
2777 4896 3050 4970 populum
3078 4894 3182 4951 Dei
3201 4893 3512 4972 conabatur
3540 4909 3698 4949 ever-

2084 4990 2224 5052 tere,
2239 4986 2430 5041 dicens
2449 4985 2658 5041 falsum
2681 4985 2855 5042 istum
2873 5002 2994 5041 esse
3013 4985 3360 5057 episcopum,
3375 4999 3436 5039 se
3456 4983 3696 5038 missum

2088 5091 2211 5130 esse
2238 5092 2274 5130 a
2299 5074 2521 5130 Christo
2547 5074 2620 5130 ad
2650 5074 2982 5130 docendum.
2999 5073 3103 5128 Hic
3129 5078 3325 5129 autem
3351 5078 3480 5128 erat
3504 5087 3698 5128 rem

2087 5165 2357 5232 tissimus,
2373 5169 2431 5220 et
2447 5165 2518 5220 de
2539 5163 2842 5236 Scripturis
2851 5162 3054 5218 divinis
3073 5163 3346 5235 populum
3361 5160 3690 5218 seducebat.

2087 5254 2342 5328 Denique
2353 5253 2536 5310 omnis
2545 5252 2716 5310 turba
2725 5253 3173 5309 Christianorum
3188 5251 3422 5308 accessit
3432 5251 3506 5307 ad
3519 5252 3692 5320 hunc,

2089 5362 2259 5418 quem
2286 5344 2504 5413 videtis,
2536 5345 2766 5400 Patrem
2784 5348 3062 5411 nostrum,
3086 5346 3146 5398 ct
3174 5341 3312 5398 dicit
3335 5341 3388 5397 ei
3421 5359 3434 5394 :
3459 5341 3696 5398 Audivi-

2089 5451 2216 5492 mus
2228 5436 2479 5503 Zaream,
2497 5435 2647 5508 quod
2674 5434 2794 5506 ipse
2823 5432 2898 5488 sit
2925 5433 3132 5489 missus
3150 5449 3186 5488 a
3205 5429 3462 5488 Christo:
3485 5431 3671 5487 consti
3685 5456 3704 5472 -

2091 5531 2187 5582 tue
2209 5525 2360 5581 diem
2373 5526 2435 5582 in
2450 5542 2560 5599 quo
2585 5541 2716 5581 eum
2735 5527 2834 5582 aut
2856 5523 3096 5597 recipias
3115 5521 3221 5579 tibi
3240 5521 3476 5590 socium,
3499 5526 3624 5592 aut,
3645 5521 3698 5578 si

2091 5620 2270 5691 potes,
2302 5616 2598 5676 convincas
2621 5615 2763 5675 falsa
2783 5614 3083 5685 dicentem.
3112 5612 3296 5688 Igitur
3322 5609 3700 5672 constituitur
