3954 6190
265 310 370 363 609

1014 307 1181 362 VITA
1219 307 1518 362 SANCTIE
1558 302 1921 369 EUGENIE,
1964 301 2290 356 VIRGINIS
2329 303 2420 356 AC
2460 302 2840 362 MART'YRIS.

3451 305 3558 366 610

263 433 389 488 dies
418 438 477 489 et
493 433 648 489 locus
668 434 727 489 in
753 432 937 487 medio
957 432 1262 504 Heliopolis
1295 433 1520 487 civitate
1557 451 1569 487 :
1603 431 1753 485 venit
1770 429 1872 483 Za-
1889 429 1939 486 A
1961 426 2244 495 Cognosce
2261 433 2316 482 te
2333 434 2650 486 creaturam
2666 432 2766 486 Dei
2790 449 2932 498 esse,
2967 440 3023 488 et
3051 433 3411 499 (lescende,et
3441 433 3555 490 noli

265 541 398 577 reas
430 540 632 595 magus
653 541 780 580 cum
800 523 1017 578 artibus
1044 523 1376 588 suis,342
1390 522 1542 577 venit
1557 528 1614 577 et
1630 522 1873 576 Helenus

260 613 562 684 episcopus
582 630 708 667 cum
725 611 1072 667 orationibus
1083 612 1481 682 suis.Cumque
1499 613 1765 683 populum
1790 628 1875 666 sa-

258 701 637 768 lutasset,ait:
663 703 825 757 Nunc
850 701 1156 773 probabitis
1180 701 1410 772 spiritus
1433 702 1526 772 qui
1545 707 1677 756 sunt
1697 718 1730 755 a
1757 701 1872 754 Deo

262 792 275 842 ί
285 792 317 844 Ι
329 793 496 844 Joan.
517 796 610 856 IV).
643 792 710 846 Et
731 808 1030 846 conversus
1049 791 1119 845 ad
1137 791 1562 862 Zaream,cmpit
1576 790 1871 845 verborum

257 877 467 949 ingens
489 879 698 934 habere
727 881 1008 935 luctamen
1039 900 1051 946 ;
1085 881 1181 934 sed
1207 880 1338 951 quia
1368 887 1626 935 versutus
1654 886 1776 934 erat
1795 879 1875 934 ni-

259 968 463 1033 mis,et
479 970 809 1024 concludere
830 988 958 1024 eum
976 987 1298 1024 sermonum
1315 970 1531 1024 ratione
1544 987 1655 1024 non
1669 971 1868 1041 potuit,

261 1058 576 1128 respiciens
596 1060 864 1130 populum
876 1059 1096 1114 fortiter
1107 1059 1610 1131 laedi,quodZareas
1621 1061 1876 1131 superior

259 1144 593 1202 abscederet
614 1148 668 1201 in
701 1147 900 1214 verbis,
927 1149 1209 1203 modicum
1237 1149 1520 1203 silentium
1553 1149 1869 1220 postulavit,

264 1241 328 1288 et
354 1235 438 1290 ait
467 1235 536 1290 ad
565 1237 837 1307 populum
862 1253 874 1292 :
908 1238 1069 1291 Pauli
1100 1239 1337 1308 apostoli
1362 1238 1420 1292 in
1451 1239 1554 1292 hac
1570 1244 1728 1308 parte
1761 1253 1876 1291 mo-

262 1322 392 1376 nita
415 1323 642 1378 omnino
673 1323 916 1378 tenenda
937 1329 1071 1376 sunt
1095 1341 1106 1388 ;
1145 1321 1281 1374 dicit
1305 1320 1455 1374 enim
1475 1321 1770 1374 Timotheo
1792 1321 1872 1374 di-

262 1412 487 1482 scipulo
508 1429 608 1466 suo
638 1431 648 1464 :
701 1413 828 1466 Noli
859 1411 1038 1466 verbis
1058 1411 1430 1477 contendere;
1464 1410 1535 1463 ad
1564 1410 1702 1464 nihil
1722 1410 1871 1464 enim

265 1501 409 1553 utile
437 1507 540 1566 est,
575 1502 681 1555 nisi
705 1502 776 1556 ad
807 1501 1226 1556 subversionem
1245 1500 1595 1554 audientium
1632 1501 1703 1569 (ll
1730 1501 1870 1552 sz.

267 1597 354 1656 ll).
393 1590 502 1643 Sed
539 1607 610 1643 ne
641 1591 744 1645 hoc
773 1592 1158 1646 testimonium
1205 1606 1315 1644 non
1368 1589 1528 1660 quasi
1578 1589 1743 1654 cauti,
1776 1588 1873 1642 sed

266 1679 434 1750 quasi
461 1679 644 1733 timidi
677 1681 1044 1750 proferamus,
1067 1679 1405 1734 accendatur
1433 1679 1580 1749 ignis
1606 1681 1664 1734 in
1688 1679 1876 1733 media

1955 521 2011 569 te
2040 517 2365 587 permittere
2395 519 2716 574 adorari.At
2730 522 2939 587 illa,his
2953 523 3556 592 auditis,descendit,et

1955 611 2149 660 secuta
2167 613 2253 660 est
2273 608 2577 675 me,dicens
2601 627 2614 663 :
2643 611 2766 664 Non
2783 618 2836 664 te
2855 613 3432 686 deseram,quousque
3466 631 3558 669 me

1955 695 2195 748 creatori
2228 712 2352 750 meo
2382 697 2649 752 restituas
2671 706 2728 753 et
2758 701 3051 754 conditori.
3086 701 3266 773 Igitur
3294 719 3421 758 cum
3447 703 3558 758 ista

1955 782 2013 836 in
2044 784 2232 838 animo
2266 785 2512 857 episcopi
2543 787 2913 853 volvercntur,
2939 792 3171 845 accessit
3199 792 3268 846 ad
3290 809 3419 847 eum
3451 793 3555 847 Eu-

1956 873 2324 943 tropius,cum
2345 893 2453 946 quo
2479 878 2663 931 locuta
2692 878 2872 932 fuerat
2916 881 3184 950 Eugenia,
3217 887 3274 935 et
3294 881 3434 936 dixit
3453 882 3505 936 ei
3539 901 3550 936 :

1955 963 2089 1017 Tres
2135 964 2295 1034 pueri
2316 965 2518 1019 fratres
2550 967 2895 1022 unanimiter
2914 969 3190 1023 culturam
3221 970 3550 1026 simulacro-

1957 1068 2082 1106 rum
2099 1053 2731 1124 relinquentes,Christo
2745 1057 3100 1111 servientium
3116 1074 3350 1114 numero
3370 1059 3426 1114 in
3447 1061 3554 1116 isto

1960 1143 2298 1196 monasterio
2327 1160 2386 1196 se
2419 1144 2618 1198 sociari
2650 1145 3120 1211 desiderantes,et
3139 1147 3304 1202 hodie
3317 1149 3552 1220 vestigia

1957 1235 2056 1284 tua
2085 1237 2506 1302 prosequentes,
2553 1234 2661 1287 huc
2680 1233 2917 1304 ingressi
2943 1241 3075 1289 sunt
3109 1255 3119 1289 :
3153 1243 3555 1310 poscentesque

1958 1335 2069 1385 me,
2104 1337 2228 1373 cum
2253 1321 2516 1392 lacrymis
2545 1323 2990 1393 postulaverunt,
3023 1330 3087 1379 ut
3106 1331 3432 1380 mereantur
3460 1343 3557 1382 no-

1955 1408 2090 1463 titize
2121 1415 2230 1463 tute
2251 1409 2589 1465 beatissima;
2609 1413 2862 1466 revelari.
2894 1415 3048 1467 Tunc
3086 1414 3281 1469 beatus
3307 1415 3554 1471 Helenus

1955 1497 2124 1552 dixit:
2149 1499 2374 1554 Gratias
2399 1499 2519 1566 tibi,
2544 1502 2674 1554 Jesu
2702 1500 2862 1566 bone,
2901 1503 3099 1568 refero,
3133 1503 3229 1573 qui
3245 1520 3334 1557 me
3353 1521 3558 1574 prave-

1956 1587 2076 1640 nire
2099 1588 2276 1643 fecisti
2307 1590 2474 1659 hujus
2502 1590 2580 1644 rei
2597 1591 2874 1644 notitiam.
2903 1592 3057 1645 Tunc
3085 1593 3376 1647 convocari
3394 1594 3466 1647 ad
3497 1610 3556 1648 se

1956 1678 2221 1748 praecepit
2241 1695 2474 1749 pueros;
2506 1687 2560 1734 et
2588 1681 3015 1751 apprehendens
3028 1697 3258 1735 manum
3291 1682 3554 1752 Eugeniae

267 1768 1509 1840 civitate,etingrediamurpariterﬂammas:
1532 1766 2105 1843 etquiustustudit
2147 1767 2484 1823 orationem.
2532 1769 2712 1832 Quam
2763 1786 2887 1823 cum
2919 1770 3270 1840 complesset,
3303 1771 3434 1825 tulit
3472 1788 3556 1826 se-

269 1873 386 1910 non
419 1857 604 1924 fuerit,
635 1859 931 1913 credamus
977 1861 1125 1930 quod
1157 1861 1303 1914 hunc
1349 1861 1567 1915 miserit
1595 1861 1870 1916 Christus.

270 1947 430 2000 Tunc
473 1946 733 2001 omnibus
785 1948 1065 2002 sententia
1114 1949 1343 2019 placuit.
1401 1951 1602 2004 Statim
1629 1950 1872 2021 denique

271 2035 422 2105 ignis
446 2036 703 2107 copiosus
740 2053 1006 2092 accensus
1053 2043 1157 2091 est.
1212 2039 1369 2093 Tunc
1399 2038 1596 2094 beatus
1628 2041 1873 2094 Helenus

267 2123 435 2193 jubet
471 2125 699 2179 Zaream
729 2125 961 2180 introire
982 2127 1260 2182 flammas.
1292 2128 1394 2182 Cui
1415 2130 1614 2183 Zareas
1641 2129 1825 2200 inquit
1856 2147 1867 2181 :

275 2214 581 2284 Ingredere
627 2221 688 2268 tu
733 2215 969 2286 primus,
1020 2217 1117 2288 qui
1147 2217 1251 2271 hoc
1288 2218 1646 2289 proposuisti.
1682 2218 1874 2273 Consi-

275 2319 460 2370 gnans
490 2321 548 2357 se
572 2303 746 2374 igitur
774 2303 1131 2360 beatissimus
1152 2313 1315 2377 pater
1338 2308 1597 2373 Helenus,
1617 2307 1871 2379 expansis

275 2391 538 2445 manibus
566 2392 822 2462 ingentes
851 2395 1108 2449 ﬂammas
1135 2397 1310 2450 intrat
1352 2397 1456 2465 (9);
1491 2403 1548 2450 et
1575 2402 1730 2452 stans
1761 2397 1872 2450 illic

273 2481 513 2534 dimidia
523 2481 637 2536 fere
656 2483 1001 2554 hora,neque
1015 2485 1438 2556 capillis,neque
1454 2487 1796 2540 vestimentis
1810 2503 1875 2540 ex

271 2569 470 2639 aliqua
496 2577 656 2640 parte
687 2571 925 2640 violatis,
956 2580 1019 2627 ut
1055 2575 1256 2629 Zareas
1287 2592 1507 2646 quoque
1532 2575 1771 2630 intraret
1797 2576 1874 2629 si-

275 2657 491 2712 militer
519 2659 850 2731 imperabat.
877 2662 1197 2718 SedZareas
1211 2664 1485 2719 reluctare
1511 2666 1678 2736 ccepit
1701 2671 1758 2719 et
1786 2665 1874 2720 fu-

271 2763 429 2816 gere.
457 2747 532 2800 At
551 2747 647 2802 ubi
677 2748 913 2805 invitum
941 2750 1100 2805 illum
1119 2753 1358 2824 populus
1375 2753 1434 2808 in
1453 2753 1676 2824 ignibus
1704 2755 1876 2808 tradi-

271 2835 380 2900 dit,
413 2837 605 2890 statim
633 2854 762 2892 eum
791 2840 1148 2895 circumdans
1178 2843 1406 2896 ﬂamma
1433 2845 1600 2914 coepit
1618 2860 1871 2898 exurere.

277 2926 348 2979 Et
372 2927 681 2983 immittens
710 2947 770 2984 se
799 2937 1026 2986 sanctus
1049 2933 1316 2998 Helenus,
1365 2933 1496 2987 licet
1517 2934 1870 3000 semiustum,

274 3016 460 3070 vivum
497 3023 685 3071 tamen
702 3019 926 3090 eripuit,
961 3038 1128 3091 quem
1160 3039 1286 3076 cum
1317 3023 1588 3077 dedecore
1617 3023 1875 3077 elimina-

273 3106 359 3158 vit
392 3106 631 3176 populus
670 3107 740 3161 de
775 3109 979 3163 ﬁnibus
1008 3111 1253 3181 regionis
1287 3112 1477 3182 hujus.
1513 3114 1694 3178 Hunc,
1732 3114 1877 3168 sicut

275 3193 500 3258 videtis,
541 3196 790 3266 quotidie
821 3214 1151 3270 quocunque
1181 3208 1508 3271 porrexerit,
1538 3201 1596 3255 in
1629 3203 1729 3256 Dei
1761 3203 1878 3257 lau-

273 3282 442 3337 dibus
472 3285 710 3355 populus
730 3287 1050 3342 comitatur.

351 3373 482 3427 CAP.
513 3374 607 3428 VI.
641 3376 964 3431 —Audiens
985 3379 1098 3433 haec
1121 3377 1286 3432 beata
1309 3380 1576 3450 Eugenia,
1600 3381 1877 3450 ingemuit

274 3468 336 3516 et
347 3462 587 3533 procidit
602 3464 673 3518 ad
686 3465 856 3536 pedes
874 3467 1014 3537 ejus,
1031 3467 1125 3538 qui
1146 3467 1253 3522 sibi
1273 3469 1545 3523 retulerat
1559 3470 1687 3535 ista,
1707 3476 1764 3524 et
1775 3469 1871 3524 ait:

274 3549 524 3608 Obsecro
553 3557 610 3607 te
629 3559 693 3608 ut
719 3571 810 3610 me
839 3555 919 3610 illi
938 3573 1052 3611 una
1081 3573 1208 3612 cum
1231 3557 1354 3612 istis
1373 3557 1589 3612 duobus
1611 3558 1877 3612 fratribus

276 3641 420 3695 meis
454 3641 728 3710 insinues,
762 3662 827 3699 ex
867 3645 1030 3700 idolis
1077 3647 1228 3701 enim
1273 3648 1521 3702 converti
1537 3649 1790 3702 volumus
1805 3647 1876 3702 ad

275 3728 591 3784 Christum.
613 3732 682 3786 Et
711 3731 843 3803 quia
865 3733 1030 3788 simul
1058 3734 1165 3789 hoc
1190 3735 1564 3802 deﬁnivimus,
1599 3742 1656 3790 et
1677 3735 1878 3790 fratres

275 3834 496 3886 sumus,
529 3821 700 3876 etiam
738 3822 842 3878 hoc
867 3822 936 3877 ab
965 3824 1162 3878 eodem
1181 3824 1484 3896 impetrare
1512 3826 1787 3892 volumus,
1816 3830 1881 3880 ut

276 3924 572 3979 nunquam
592 3927 694 3965 nos
723 3911 971 3983 patiatur
997 3912 1066 3968 ab
1096 3913 1330 3969 invicem
1362 3915 1632 3986 separari.
1667 3916 1735 3970 Et
1755 3915 1866 3969 ille:

277 3997 853 4071 Nunc,inquit,silete,
863 4019 1154 4074 quousque
1171 4004 1453 4075 ingressus
1466 4005 1873 4059 monasterium

277 4087 352 4140 ad
373 4089 523 4159 quod
555 4091 741 4160 pergit
766 4092 1053 4162 paululum
1087 4093 1416 4164 requiescat,
1441 4098 1497 4148 et
1521 4110 1649 4147 cum
1670 4110 1873 4165 oppor-

277 4184 485 4232 tunum
513 4178 700 4242 fuerit,
731 4179 1001 4235 intimabo
1031 4181 1080 4235 ei
1103 4183 1293 4236 omnia
1307 4183 1618 4237 secundum
1645 4182 1875 4237 verbum

277 4273 464 4321 tuum.
498 4268 718 4323 Interea
743 4269 879 4324 dum
907 4271 1412 4342 apprOpinquasset
1434 4272 1777 4327 monasterio
1806 4273 1875 4327 ad

278 4356 432 4426 quod
465 4357 750 4428 pergebat,
783 4376 907 4414 ecce
937 4366 995 4414 et
1019 4360 1098 4414 illi
1130 4361 1496 4431 egrediuntur
1531 4361 1749 4416 obviam
1776 4379 1877 4434 pa-

1961 1857 2293 1927 questratim
2325 1875 2440 1922 eos,
2471 1865 2526 1912 et
2575 1859 2906 1929 gravissimo
2940 1861 3097 1914 vultu
3119 1860 3388 1930 quidnam
3408 1860 3554 1914 dice-

1959 1952 2155 2001 rentur
2175 1947 2503 2018 interrogat,
2531 1949 2616 2002 vel
2637 1950 2797 2020 cujus
2827 1950 3070 2004 nationis
3111 1955 3299 2004 essent
3316 1949 3554 2004 credidit

1957 2036 2468 2107 inquirendum.Ad
2479 2037 3353 2110 hzecEugeniarespondit:Cives,
3372 2038 3559 2109 inquit

1959 2125 2198 2180 Romani
2226 2143 2446 2180 sumus:
2484 2143 2632 2180 unus
2663 2143 2729 2180 ex
2749 2126 2836 2180 his
2866 2127 3082 2182 duobus
3126 2127 3392 2183 fratribus
3416 2127 3558 2182 meis

1955 2217 2157 2270 Protus
2183 2216 2407 2282 dicitur,
2439 2216 2583 2270 alius
2605 2216 2973 2288 Hyacinthus,
3007 2233 3247 2288 egovero
3269 2218 3555 2288 Eugenius

1955 2322 2267 2376 nuncupor.
2293 2305 2394 2360 Cui
2424 2305 2620 2360 beatus
2643 2307 2889 2360 Helenus
2907 2307 3076 2360 dixit:
3104 2307 3272 2361 Recte
3293 2312 3350 2361 te
3377 2307 3554 2378 Euge-

1954 2395 2112 2448 nium
2141 2411 2338 2462 vocas;
2377 2394 2612 2448 viriliter
2631 2395 2780 2449 enim
2806 2396 2945 2465 agis.
2979 2401 3036 2448 et
3078 2396 3423 2450 confortetur
3459 2412 3556 2451 cor

1960 2490 2118 2539 tuum
2149 2501 2249 2555 pro
2287 2471 2399 2537 ﬁde
2425 2483 2650 2538 Christi.
2675 2485 2820 2554 Ergo
2841 2491 2989 2539 recte
3011 2485 3226 2539 vocaris
3247 2485 3549 2556 Eugenius.

1958 2575 2103 2628 Nam
2127 2584 2185 2628 et
2221 2574 2325 2628 hoc
2342 2574 2502 2640 scias,
2538 2574 2670 2644 quia
2691 2573 2902 2644 Spiritu
2921 2581 3112 2628 sancto
3138 2591 3238 2628 nos
3268 2580 3326 2628 et
3353 2580 3409 2628 te
3440 2575 3553 2630 Eu-

1957 2663 2181 2733 geniam
2225 2679 2454 2734 corpore
2483 2669 2614 2716 ante
2645 2662 3020 2734 praevidimus,
3072 2669 3129 2717 et
3178 2663 3420 2734 qualiter
3446 2664 3556 2719 huc

1958 2753 2198 2819 veneris,
2230 2757 2287 2806 et
2308 2752 2457 2822 quod
2479 2751 2568 2806 isti
2598 2752 2826 2816 tuisint,
2853 2769 2964 2806 non
2981 2769 3068 2806 me
3089 2769 3287 2823 passus
3318 2759 3403 2806 est
3416 2769 3557 2823 pra:-

1957 2842 2148 2897 terire.
2183 2842 2290 2895 Sed
2320 2841 2426 2895 hoc
2446 2841 2584 2894 mihi
2601 2841 2870 2896 Dominus
2894 2842 3141 2895 revelare
3167 2841 3432 2911 dignatus
3450 2849 3556 2909 est,

1943 2931 2107 3003 quod
2147 2931 2533 3000 gratissimum
2587 2930 2636 2984 ei
2681 2930 3065 2984 habitaculdm
3095 2930 3154 2984 in
3181 2946 3415 3001 corpore
3457 2936 3559 2986 tuo

1959 3021 2305 3092 praeparasti,
2365 3019 2730 3074 custodiendo
2774 3019 3114 3089 virginitatis
3158 3019 3473 3090 praemium,
3504 3025 3560 3073 et

1961 3109 2253 3182 praasentis
2274 3109 2542 3180 temporis
2562 3109 2948 3162 blandimenta
2968 3107 3186 3162 fallacia
3215 3105 3551 3179 respuendo.

1960 3200 2109 3254 Scito
2133 3205 2322 3254 autem
2351 3205 2408 3253 te
2438 3215 2540 3270 pro
2579 3198 2836 3252 castitate
2872 3199 3049 3251 multa
3088 3213 3382 3268 passuram
3410 3215 3421 3252 :
3457 3197 3555 3252 sed

1960 3306 2069 3344 non
2099 3296 2155 3344 te
2196 3289 2418 3342 deseret
2447 3288 2539 3342 ille
2564 3288 2653 3341 cui
2693 3293 2748 3341 te
2793 3303 2858 3340 ex
2889 3287 3108 3356 integro
3135 3287 3440 3342 tradidisti.
3468 3286 3556 3340 Ad

1959 3380 2190 3432 Protum
2249 3384 2438 3432 autem
2487 3383 2544 3431 et
2572 3376 2950 3448 Hyacinthum
2990 3392 3309 3443 conversus,
3341 3377 3460 3430 ait:
3491 3375 3556 3430 In

1960 3485 2192 3539 corpore
2218 3467 2503 3521 servitutis
2524 3465 3020 3538 positi,ingenuam
3035 3465 3368 3536 dignitatem
3381 3463 3558 3518 animi

1959 3557 2222 3612 tenuistis
2241 3556 2462 3611 fortiter
2489 3562 2547 3610 et
2572 3555 2796 3611 tenetis.
2831 3555 2988 3610 Unde
3015 3553 3189 3620 vobis,
3219 3571 3308 3608 me
3330 3558 3556 3608 tacente

1963 3647 2219 3702 Christus
2243 3646 2516 3701 Dominus
2564 3645 2830 3716 loquitur,
2863 3644 3054 3698 dicens
3085 3661 3097 3696 :
3159 3644 3359 3709 Amen,
3391 3658 3557 3697 amen

1961 3736 2084 3791 dico
2121 3735 2295 3800 vobis,
2324 3737 2444 3806 jam
2474 3751 2587 3788 non
2615 3734 2794 3788 dicam
2849 3751 2944 3788 vos
2972 3749 3179 3798 servos,
3217 3732 3316 3787 sed
3345 3731 3558 3786 amicos

1964 3829 2139 3896 (Joan.
2173 3829 2278 3894 xv).
2333 3825 2491 3880 Unde
2509 3828 2567 3878 et
2591 3841 2686 3878 vos
2708 3823 2900 3878 beatos
2927 3821 3220 3888 annuntio,
3273 3820 3407 3892 quia
3431 3837 3558 3875 con-

1955 3915 2228 3970 cordastis
2253 3914 2487 3986 Spiritui
2501 3913 2853 3984 sancto,quia
2869 3918 3059 3979 343
3073 3911 3417 3966 unanimiter
3427 3925 3558 3966 con-

1957 4005 2210 4060 sensistis
2238 4003 2466 4058 monitis
2491 4003 2813 4067 Salvatoris,
2864 4001 3034 4056 simul
3067 4001 3136 4056 ad
3165 4000 3404 4071 gloriam
3432 4016 3558 4072 per-

1957 4094 2228 4150 venientis
2281 4093 2437 4148 illam
2494 4093 2830 4164 percepturi.
2866 4093 2994 4146 Ilaec
3035 4090 3232 4145 beatus
3289 4090 3553 4156 Helenus,

1958 4185 2114 4240 nullo
2143 4184 2254 4238 alio
2283 4189 2426 4238 teste
2456 4189 2662 4254 praeter
2689 4183 2886 4240 Deum.
2914 4182 3134 4235 locutus
3161 4185 3248 4234 est
3276 4179 3334 4234 in
3368 4179 3556 4234 medio

1960 4280 2016 4328 et
2033 4273 2204 4345 jussit
2225 4289 2350 4327 eam
2381 4273 2460 4327 sic
2489 4272 2548 4326 in
2567 4271 2711 4324 virili
2745 4269 2938 4324 habitu
2964 4285 3294 4341 permanere
3328 4272 3417 4335 ;et
3444 4283 3557 4323 non

1960 4381 2090 4418 eum
2132 4363 2519 4427 deseruerunt,
2551 4375 2840 4431 quousque
2869 4357 3222 4430 baptismatis
3247 4357 3558 4410 sanctiﬁca-

279 4445 377 4511 tri,
403 4445 678 4513 hymnum
705 4449 820 4503 Deo
844 4449 1092 4503 dicentes
1127 4466 1139 4502 :
1173 4451 1550 4522 Suscepimus,
1575 4451 1741 4518 Deus,
1777 4445 2112 4508 mi-Dtione
2132 4451 2409 4518 instructi,
2444 4448 2786 4529 monasterio
2833 4448 2905 4502 ad
2948 4447 3098 4519 quod
3151 4446 3557 4500 festinaverunt

279 4534 643 4590 sericordiam
665 4543 819 4593 tuam
849 4537 906 4592 in
937 4538 1123 4592 medio
1143 4539 1440 4610 templitui
1473 4543 1633 4608 (Psal.
1661 4545 1873 4608 XLvm).

281 4625 734 4694 Ingredientibus
790 4627 1046 4699 episcopo
1077 4633 1133 4682 et
1161 4629 1384 4699 populo,
1430 4630 1601 4684 etiam
1631 4630 1878 4700 ingredi-

281 4720 380 4766 tur
399 4711 673 4784 Eugenia,
697 4732 824 4770 cum
842 4716 1156 4788 Hiacyntho
1177 4723 1233 4771 et
1248 4719 1416 4772 Proto
1433 4719 1728 4774 comitibus
1740 4720 1874 4786 suis,

281 4809 507 4857 tantum
539 4805 590 4858 ei
623 4810 756 4858 nota
780 4822 906 4860 cum
928 4823 1038 4878 quo
1057 4823 1374 4862 sermonem
1404 4808 1697 4864 habuerat.

355 4892 590 4947 ΟΑΡΝἹΙ
607 4894 930 4950 -Perfectis
944 4895 1119 4966 igitur
1133 4897 1424 4952 matutinis
1439 4899 1720 4966 laudibus,
1749 4917 1882 4971 pau-

281 4981 467 5035 lulum
497 4983 774 5054 requievit
803 4985 1114 5057 episcopus,
1149 4993 1207 5041 et
1229 4987 1402 5058 jussit
1432 4987 1537 5042 sibi
1565 4989 1636 5042 ad
1667 4996 1881 5044 sextam

282 5072 610 5142 pmparari,
656 5078 721 5128 ut
775 5073 962 5129 divina
1015 5076 1285 5148 mysteria
1311 5077 1637 5145 celebraret,
1662 5083 1727 5132 ut
1745 5079 1881 5133 dum

281 5166 500 5214 sextam
531 5162 806 5234 cmpisset,
851 5181 1001 5220 nona
1029 5165 1099 5220 ad
1126 5165 1484 5221 refectionem
1500 5168 1879 5238 jejunantium

280 5258 599 5320 opportune
616 5253 948 5323 perveniret.
985 5255 1364 5326 Requiescens
1385 5261 1575 5312 autem
1594 5257 1885 5330 episcopus

280 5339 568 5394 somnium
584 5341 738 5408 vidit,
763 5342 822 5396 in
845 5360 954 5414 quo
983 5343 1054 5398 ad
1078 5345 1443 5400 simulacrum
1473 5346 1693 5401 feminae
1722 5347 1886 5401 duce-

281 5428 541 5496 batur,ut
555 5430 639 5485 illi
653 5431 1014 5488 sacriﬁcaret.
1031 5432 1190 5489 Tunc
1210 5435 1348 5502 dixi,
1366 5435 1568 5506 inquit,
1589 5435 1647 5490 in
1667 5435 1885 5490 somnio

282 5518 370 5574 his
392 5519 489 5591 qui
518 5537 609 5576 me
637 5521 905 5578 tenebant
937 5548 950 5580 :
989 5524 1306 5580 Permittite
1331 5541 1421 5579 me
1447 5531 1509 5579 ut
1528 5525 1726 5597 loquar
1754 5542 1883 5580 cum

283 5608 394 5664 dea
412 5615 617 5666 vestra.
653 5611 867 5669 Etcum
888 5629 978 5671 me
999 5612 1384 5686 permisissent
1406 5613 1577 5685 loqui,
1613 5614 1756 5670 dixit
1780 5615 1831 5671 ei
1867 5634 1879 5670 :

1962 4543 2329 4598 sociarentur.

2033 4631 2714 4687 C.ir.VllI.—Redeamus
2734 4635 2924 4684 autem
2947 4627 3016 4682 ad
3033 4625 3170 4681 illud
3196 4630 3557 4697 tempus,quo

1963 4723 2166 4776 Protus
2215 4727 2271 4776 et
2316 4719 2664 4793 Hyacinthus
2693 4718 3009 4774 auferentes
3049 4714 3376 4788 Eugeniam,
3401 4713 3557 4768 abie-

1962 4820 2113 4867 runt.
2135 4814 2407 4867 Basterna
2422 4808 2887 4881 igitur,jumentis
2909 4804 3327 4862 ambulantibus
3349 4811 3406 4860 et
3426 4820 3558 4876 pue-

1965 4904 2041 4957 ris
2071 4902 2163 4974 qui
2182 4901 2653 4974 praeibant,vacua
2669 4898 2920 4971 pervenit
2934 4897 3004 4952 ad
3024 4894 3558 4950 matrem.Videntes

1965 4998 2153 5047 autem
2170 4992 2389 5045 eminus
2403 4993 2769 5062 preperantes
2791 5003 3012 5060 pueros,
3036 4990 3093 5040 et
3120 4985 3443 5041 basternam
3459 5001 3556 5041 ve-

1964 5081 2233 5146 nientem,
2265 5082 2629 5134 occurrerunt
2643 5093 2768 5132 cum
2791 5072 3281 5146 gaudiouniversi;
3317 5077 3374 5128 et
3400 5072 3558 5128 inve-

1965 5170 2183 5224 nientes
2228 5167 2532 5222 vectorium
2564 5181 2819 5230 vacuum,
2853 5179 3048 5218 omnes
3082 5163 3250 5218 simul
3279 5161 3559 5233 mugitum

1968 5257 2351 5322 reddiderunt,
2379 5257 2442 5308 ﬁt
2470 5271 2691 5326 quoque
2711 5260 2941 5324 repente
2961 5251 3135 5307 totius
3154 5251 3394 5307 civitatis
3422 5257 3560 5307 stre.

1967 5347 2134 5419 pitus.
2169 5344 2306 5410 Quis
2351 5343 2502 5397 enim
2531 5342 2725 5397 audire
2764 5347 2987 5413 poterat
3035 5341 3357 5413 praefectum
3385 5341 3559 5396 ﬁliam

1967 5433 2354 5489 charissimam
2383 5430 2729 5503 perdidisse?
2757 5431 2892 5486 Erat
2922 5431 3111 5504 itaque
3138 5432 3394 5504 planctus
3420 5432 3558 5485 inas-

1969 5522 2283 5589 stimabilis,
2312 5523 2475 5576 ﬂetus
2503 5520 2833 5576 immensus:
2872 5520 3141 5592 lugebant
3158 5519 3402 5576 universi
3422 5534 3557 5575 con-

1968 5614 2106 5670 fusi:
2138 5615 2396 5684 parentes
2444 5611 2637 5679 ﬁliam,
2674 5628 2920 5668 sororem
2952 5612 3172 5679 fratres,
3213 5611 3356 5666 servi
3385 5609 3560 5666 domi-
