3876 6190
185 283 265 338 613

881 280 1048 339 VI'I‘A
1090 283 1389 339 SANCTE
1429 281 1791 349 EUGENIJE,
1833 279 2169 337 VIRGINIS
2205 280 2300 335 AC
2336 279 2718 339 MARTYRIS.

3326 289 3429 347 6M

182 407 398 462 litamus.
426 406 685 462 Habeant
710 424 845 479 opes
859 412 970 462 tuae
990 408 1073 462 tui
1110 407 1321 462 similes
1341 407 1623 473 dominos,
1648 410 1813 468 nosA
1831 387 1944 462 non
1985 407 2041 460 in
2070 421 2195 461 eam
2223 404 2405 475 ipsam
2431 407 2807 477 retorqueatis
2835 410 3197 477 sententiam,
3231 418 3289 468 et
3315 413 3433 470 haec

182 497 393 550 delectat
418 497 739 552 mendicare
763 514 891 552 cum
923 498 1163 552 Christo.
1200 497 1429 551 Affatim
1458 497 1611 551 dives
1641 502 1744 561 est,

183 586 402 657 quicum
433 586 657 641 Christo
678 603 892 658 pauper
919 593 1022 641 est.
1056 587 1299 657 Fugiant
1328 604 1361 641 a
1392 591 1445 640 te
1468 585 1747 657 imagines

184 675 637 747 concupiscentiae,
664 691 777 729 non
802 681 889 729 est
930 675 1079 729 enim
1127 675 1324 729 salutis
1354 681 1463 729 tum
1492 675 1603 729 ista
1625 691 1748 745 quae

185 770 230 819 te
254 764 449 818 invasit
476 765 719 822 insania.
752 765 1021 818 Draconis
1053 764 1432 818 habitaculum
1461 764 1623 827 facta,
1656 779 1750 817 ve-

185 870 367 908 nenum
395 854 635 908 eti‘undis
658 874 672 921 ;
696 854 794 907 sed
826 870 947 918 nos,
978 853 1188 907 Christi
1216 853 1469 906 invocato
1499 851 1745 917 nomine,

187 959 493 997 venenorum
540 950 770 997 tuorum
811 942 961 996 virus
1002 941 1306 1006 evadimus,
1341 948 1397 995 et
1442 941 1751 994 misericor-

185 1031 310 1086 diam
334 1032 558 1086 Domini
585 1032 919 1087 invenimus.

243 1121 363 1176 Car.
383 1122 537 1176 XIII.
564 1152 617 1162 —
641 1122 797 1175 Tunc
824 1120 923 1173 illa
949 1119 1293 1191 deceptionis
1321 1134 1435 1172 suae
1477 1119 1745 1189 pudorem

187 1226 278 1264 non
295 1208 489 1274 terens,
514 1226 748 1280 sperans
771 1227 829 1264 se
842 1209 1052 1279 detegi,
1075 1208 1182 1262 nisi
1206 1208 1357 1279 prior
1378 1208 1497 1278 ipsa
1518 1208 1746 1278 detege-

190 1305 274 1365 ret,
292 1315 505 1353 reversa
521 1298 938 1363 Alexandriam,
975 1298 1132 1351 adire
1172 1297 1491 1368 praefectum
1526 1297 1743 1364 statuit,

192 1387 274 1440 hoc
299 1387 486 1441 ordine
506 1387 725 1441 dicens:
762 1387 1069 1441 Scelestum
1084 1387 1369 1455 juvenem,
1385 1385 1747 1439 simulantem

195 1476 542 1529 Christianam
588 1476 919 1546 religionem
946 1474 1193 1538 incurri;
1226 1479 1282 1526 et
1310 1473 1445 1528 dum
1483 1473 1744 1527 medendi

187 1566 358 1635 gratia,
381 1582 491 1637 qua
516 1566 721 1620 dicitur
739 1582 900 1636 posse
920 1562 1345 1618 infirmitatibus
1369 1563 1651 1634 prodesse,
1674 1564 1745 1618 ad

190 1671 260 1709 me
287 1656 462 1709 venire
490 1655 895 1727 permitterem,
910 1669 1082 1708 unam
1098 1669 1187 1707 me
1204 1669 1269 1707 ex
1286 1652 1395 1706 illis
1419 1652 1745 1707 existimans

189 1744 243 1798 de
266 1760 487 1815 quarum
517 1745 732 1815 pudore
755 1743 1079 1805 bacchatur,
1099 1758 1271 1796 ausus
1288 1748 1373 1795 est
1388 1741 1746 1813 impudenter
1759 1764 1811 1825 Β

188 1833 381 1903 alloqui,
411 1839 467 1888 et
493 1833 673 1887 verbis
710 1831 1037 1904 procacibus
1064 1831 1134 1886 ad
1158 1831 1370 1885 crimen
1400 1831 1615 1885 hortari
1640 1851 1652 1899 ;
1686 1837 1743 1886 et

187 1921 274 1975 nisi
297 1921 563 1977 dedissem
606 1938 796 1976 vocem
841 1921 902 1976 in
939 1920 1220 1992 praesenti,
1255 1926 1314 1974 et
1359 1920 1573 1975 ancillae
1602 1936 1741 1976 mea

184 2010 378 2065 fuissem
407 2011 646 2066 liberata
665 2011 885 2075 solatio,
910 2026 1067 2065 more
1094 2008 1387 2063 barbarico
1420 2026 1534 2064 suae
1562 2025 1651 2063 me
1680 2009 1740 2062 li-

183 2100 328 2155 bidini
349 2103 701 2172 captivasset.
725 2099 973 2155 Audiens
994 2101 1109 2153 haec
1130 2097 1442 2170 praefectus,
1461 2098 1635 2152 nimio
1660 2097 1742 2152 fu-

184 2207 286 2244 rore
307 2191 707 2257 inﬂammatur,
732 2195 791 2244 et
811 2189 974 2260 jubet
1000 2189 1072 2243 ad
1092 2190 1215 2244 loca
1228 2187 1555 2242 monasterii
1575 2187 1741 2241 desti-

186 2281 301 2342 nari,
320 2280 411 2350 qui
439 2296 571 2335 eum
592 2280 841 2334 vinctum
879 2277 1027 2333 ferro
1055 2295 1184 2333 cum
1210 2277 1468 2332 omnibus
1499 2292 1740 2331 commo-

186 2368 403 2423 rantibus
429 2369 796 2440 deponerent.
828 2369 1198 2439 Deponuntur
1236 2367 1426 2437 itaque
1456 2383 1650 2420 omnes
1681 2366 1739 2420 in

190 2458 414 2527 vinculis;
438 2465 496 2512 et
512 2458 647 2530 quia
656 2457 823 2512 unius
833 2456 1073 2511 carceris
1084 2473 1179 2511 eos
1198 2472 1311 2511 non
1332 2454 1544 2509 ferebat
1564 2456 1734 2520 locus,

188 2563 269 2617 per
284 2547 521 2602 diversas
535 2546 819 2601 custodias
838 2546 1179 2600 dividuntur.
1203 2545 1467 2600 Posthsec
1478 2544 1745 2599 statuitur

187 2635 577 2703 diesfuneris,in
588 2653 699 2708 quo
714 2636 809 2691 alii
827 2634 1361 2701 adbestias,aliivero
1372 2634 1442 2689 ad
1455 2635 1634 2704 ignes,
1649 2633 1745 2688 alii

191 2725 246 2779 ad
265 2726 465 2780 diversa
482 2726 761 2797 supplicia
774 2725 1196 2779 damnarentur.
1213 2724 1301 2778 Fit
1311 2723 1746 2777 rumorimmen-

188 2829 282 2879 sus,
309 2816 594 2886 impudens
624 2830 848 2886 quoque
874 2814 1025 2869 fama
1052 2818 1310 2868 cunctam
1330 2812 1557 2884 Egypti
1586 2828 1744 2883 pera-

186 2910 293 2973 grat
302 2905 628 2974 provinciam
636 2904 863 2959 .Omnes
874 2902 1129 2968 credunt,
1137 2918 1332 2957 omnes
1345 2902 1739 2969 condemnant,

187 2999 233 3046 et
249 2993 482 3048 omnibus
502 2993 806 3048 verisimile
832 2993 1053 3047 videtur
1071 2990 1434 3046 Melanthiam
1466 2991 1743 3045 illustrem

1828 496 1995 550 fallax
2031 494 2192 549 testis
2228 494 2372 549 nihil
2404 495 2653 565 patiatur
2696 498 2846 563 mali,
2882 515 3032 555 nunc
3069 500 3431 572 probabimus

1828 585 2036 639 crimen
2063 584 2208 654 quod
2241 582 2399 637 nobis
2428 583 2636 653 objicit,
2671 586 2988 642 redundare
3016 590 3074 644 in
3099 607 3245 645 eam.

1901 719 1976 772 At
2003 717 2099 772 ubi
2126 720 2365 771 testatus
2386 721 2472 770 est
2501 733 2602 787 per
2627 717 2939 791 principum
2961 723 3200 779 salutem
3229 726 3427 796 praefe-

1832 810 1972 872 ctus,
1998 806 2330 877 promittens
2359 805 2431 858 ad
2453 806 2643 859 omnia
2662 824 2783 877 quae
2806 811 3124 879 postulabat
3144 813 3423 883 effectum,

1832 893 1971 949 dixit
1989 895 2239 965 Eugenia
2263 912 2274 946 :
2302 894 2348 949 Ο
2381 895 2688 949 Melanthia
2704 896 3008 966 nigredinis
3032 918 3258 968 nomen,
3274 910 3331 958 et
3348 910 3429 961 te-

1831 982 2069 1038 nebrosa
2084 984 2406 1049 Melanthia,
2424 983 2692 1055 applicari
2708 985 2885 1040 fecisti
2905 989 3143 1058 aculeos,
3163 993 3429 1065 suspendi

1830 1072 2086 1143 praecxpis
2144 1072 2512 1128 Christianos.
2563 1073 2799 1141 Damna,
2859 1084 3104 1147 percute,
3170 1081 3422 1150 incende,

1830 1159 1971 1215 bene
2001 1178 2103 1215 nos
2144 1162 2385 1233 accipis;
2432 1178 2545 1217 non
2573 1168 2765 1217 tamen
2808 1165 2949 1219 tales
2986 1166 3156 1223 habet
3191 1169 3429 1228 famulos

1829 1250 2104 1316 Christus,
2130 1251 2322 1322 quales
2348 1256 2412 1305 tu
2442 1252 2687 1307 testaris.
2721 1253 2932 1308 Tamen
2958 1255 3161 1311 adduci
3189 1260 3427 1332 praecipe

1829 1339 2109 1404 ancillam,
2126 1356 2294 1411 quam
2316 1345 2517 1395 testem
2532 1341 2711 1396 nostri
2732 1342 2984 1398 criminis
3004 1362 3126 1401 esse
3143 1347 3429 1415 dixisti,ut

1829 1443 1895 1481 ex
1912 1445 2008 1482 ore
2028 1429 2150 1500 ejus
2176 1429 2352 1499 possit
2375 1429 2647 1484 denudari
2669 1432 3042 1489 mendacium.
3061 1435 3317 1508 Cumque
3337 1455 3430 1510 ap-

1826 1516 2031 1587 plicata
2053 1517 2253 1572 fuisset
2280 1518 2339 1573 in
2376 1525 2674 1590 conspectu
2715 1521 2942 1591 judicis,
2989 1525 3158 1596 coepit
3196 1526 3380 1583 dicere
3410 1547 3421 1581 :

1826 1605 2004 1659 Istum
2019 1608 2285 1676 juvenem
2305 1607 2829 1678 impudicissimum,
2855 1610 3179 1682 frequenter
3198 1617 3427 1686 quidem

1826 1693 1975 1748 circa
2004 1695 2140 1749 viles
2168 1713 2436 1767 personas
2456 1696 2738 1752 detectum
2756 1699 2816 1753 in
2841 1700 3153 1771 adulteriis,
3168 1703 3291 1775 ipsa
3313 1705 3425 1760 im-

1823 1784 2050 1854 punitas
2067 1785 2139 1839 ad
2169 1785 2273 1839 hoc
2292 1802 2422 1840 eum
2444 1786 2724 1857 perduxit,
2747 1793 2811 1841 ut
2825 1789 2995 1844 etiam
3018 1791 3260 1847 dominae
3282 1810 3421 1850 meae

1822 1872 1970 1927 circa
1998 1874 2238 1944 primam
2265 1874 2464 1929 horam
2492 1875 2603 1929 diei
2626 1874 2942 1933 cubiculum
2964 1879 3323 1952 impudenter
3343 1884 3426 1939 in-

1819 1978 2069 2031 gressus,
2082 1963 2265 2034 primo
2282 1964 2509 2035 quidem
2530 1980 2787 2020 sermone
2805 1967 2965 2037 quasi
2982 1986 3082 2040 pro
3101 1970 3282 2026 salute
3299 1973 3422 2043 ejus

1823 2050 2035 2105 veniret
2054 2052 2327 2107 indicaret
2355 2072 2368 2121 ;
2401 2054 2645 2108 secundo
2673 2072 2776 2127 pro
2806 2072 2909 2111 sua
2936 2060 3419 2132 concupiscentia;

1822 2143 1881 2193 et
1899 2140 2067 2194 tertio
2089 2140 2257 2195 etiam
2283 2142 2353 2196 ad
2380 2142 2720 2211 violentiam,
2745 2145 2791 2197 si
2812 2146 3017 2201 cursim
3045 2164 3149 2219 ego
3172 2149 3426 2221 ingressa

1820 2228 2093 2284 familiam
2122 2246 2235 2285 non
2280 2247 2586 2297 vocassem,
2622 2249 2744 2303 quae
2774 2234 2938 2289 hodie
2967 2237 3136 2307 hujus
3175 2238 3423 2295 criminis

1821 2319 1982 2372 testis
2005 2324 2108 2373 est.
2128 2320 2284 2374 Tunc
2300 2321 2593 2391 praefectus
2615 2338 2681 2375 ex
2701 2321 2914 2377 familia
2932 2324 3127 2380 adesse
3139 2326 3303 2397 jubet
3326 2329 3425 2384 ali-

1823 2407 2083 2479 quos,qui
2094 2408 2173 2462 ita
2182 2414 2405 2479 gestum
2419 2427 2540 2465 esse
2553 2427 2654 2465 suo
2669 2411 2991 2468 testimonio
3000 2416 3418 2474 conﬁrmarent.

1826 2496 2079 2568 Cumque
2100 2497 2517 2569 applicarentur
2534 2499 2741 2570 singuli
2759 2501 2840 2555 ita
2855 2519 2974 2557 esse
2997 2508 3059 2558 ut
3078 2504 3176 2559 illa
3201 2504 3421 2563 dixerat

1824 2585 2196 2642 testabantur.
2215 2587 2370 2642 Tunc
2383 2588 2555 2658 judex
2573 2589 2934 2646 vehementer
2952 2599 3283 2661 commotus,
3304 2595 3384 2652 ait
3405 2615 3416 2650 :

1826 2674 1970 2739 Quid
2001 2676 2071 2730 ad
2102 2676 2241 2744 haec,
2272 2677 2533 2744 infauste,
2560 2677 2811 2734 dicturus
2828 2697 2909 2749 es,
2932 2697 3101 2752 quem
3128 2687 3215 2738 tot
3241 2686 3421 2740 revin-

1825 2769 1959 2818 cunt
1987 2770 2177 2833 testes,
2210 2770 2479 2838 tantaque
2506 2766 2715 2821 indicia
2739 2769 3136 2826 manifestam?
3452 2776 3455 2779 ’

1898 2900 2033 2952 CAP.
2067 2898 2182 2953 XV.
2216 2930 2269 2943 ς-
2305 2900 2390 2954 Ad
2413 2900 2528 2955 haec
2545 2899 2713 2956 beata
2740 2902 2991 2974 Eugenia
3018 2905 3099 2960 ait
3129 2925 3141 2961 :
3176 2905 3421 2980 Tempus

1825 2985 2088 3058 loquendi
2106 2992 2209 3053 est,
2234 2988 2366 3059 quia
2384 2993 2606 3061 tempus
2622 2991 2844 3045 tacendi
2861 2993 3087 3048 transiit
3106 2995 3289 3062 (Evoti.
3314 2999 3418 3069 III).

188 3081 422 3136 feminam
443 3080 673 3137 mentiri
701 3098 814 3137 non
833 3097 1015 3152 posse.
1035 3080 1181 3145 Quid
1201 3080 1417 3134 multa?
1436 3080 1605 3134 Venit
1624 3080 1744 3135 dies
1764 3086 1808 3147 ί]
1824 3075 2160 3147 Optaveram
2175 3076 2401 3148 quidem
2411 3077 2625 3133 crimen
2642 3078 2923 3150 objectum
2936 3080 2993 3135 in
3008 3082 3197 3137 futuro
3206 3084 3421 3154 judicio

185 3169 413 3226 funerum
430 3172 789 3237 constitutus,
815 3176 871 3225 et
890 3170 948 3224 in
978 3187 1089 3240 qua
1111 3169 1383 3224 universae
1411 3168 1663 3224 civitates
1682 3170 1742 3224 in

182 3258 339 3314 vicino
364 3260 553 3331 positae
581 3258 938 3324 conveniunt,
966 3264 1030 3313 ut
1052 3258 1305 3312 viderent
1323 3258 1568 3313 ferarum
1595 3258 1743 3312 tradi

184 3348 428 3404 morsibus
453 3355 834 3420 corruptores:
867 3347 1301 3402 introducuntur
1327 3347 1387 3401 in
1424 3346 1656 3413 catenis,
1687 3351 1745 3401 et

184 3452 214 3490 a
238 3437 513 3493 collaribus
564 3437 763 3493 ferreis
810 3453 938 3492 cum
978 3436 1143 3491 beata
1192 3436 1443 3507 Eugenia
1467 3455 1480 3503 ;
1505 3442 1564 3491 et
1590 3436 1742 3491 nullo

185 3534 490 3596 agnoscente
518 3527 669 3599 quod
685 3532 835 3581 esset
864 3525 1092 3591 femina,
1116 3525 1327 3579 clamor
1349 3525 1539 3597 populi
1560 3525 1742 3579 diver-

184 3610 254 3664 sis
262 3613 533 3668 sententiis
549 3610 866 3683 ingruebat.
884 3612 1040 3667 Tunc
1052 3610 1285 3682 jubetur
1303 3609 1505 3664 adduci
1519 3608 1744 3680 propin-

183 3700 345 3771 quius,
360 3709 547 3757 utnon
572 3717 675 3773 per
692 3700 1070 3755 internuntios
1102 3716 1229 3754 eam
1254 3699 1545 3771 praefectus
1579 3698 1742 3753 audi-

183 3795 273 3855 ret,
300 3793 392 3846 sed
412 3809 478 3846 ex
496 3807 594 3846 ore
618 3792 743 3862 ejus
777 3789 1093 3845 addisceret
1118 3788 1433 3843 veritatem.
1465 3789 1745 3859 Aptantur

185 3879 379 3949 equulei
398 3886 455 3934 et
471 3880 722 3947 verbera,
754 3880 1013 3947 ﬂammae,
1036 3883 1297 3945 tortores,
1330 3884 1387 3933 et
1401 3883 1606 3933 caetera
1622 3893 1744 3949 quae

182 3968 342 4022 solent
363 3968 689 4025 abscondita
710 3968 893 4024 cordis
912 3969 1250 4039 exsculpere,
1265 3974 1672 4039 praeparantur.

241 4057 359 4112 Car.
376 4058 519 4114 XIV.
549 4087 609 4097 —
634 4060 791 4115 Tunc
808 4058 1099 4129 praefectus
1120 4056 1410 4128 Philippus
1429 4056 1601 4111 dixit:
1624 4057 1742 4122 Dic,

182 4145 583 4202 sceleratissime
630 4146 1098 4213 Christianorum,
1140 4146 1246 4200 hoc
1294 4144 1449 4200 vobis
1489 4145 1745 4200 Christus

178 4240 340 4290 vester
364 4236 595 4291 tradidit
613 4237 673 4291 in
702 4235 1003 4301 mandatis,
1031 4241 1097 4289 ut
1124 4251 1353 4306 operam
1374 4235 1746 4305 corruptioni-

180 4320 267 4377 bus
284 4324 440 4393 datis,
471 4330 530 4380 et
557 4324 826 4397 pudorem
853 4329 1022 4395 atque
1042 4323 1435 4378 verecundiam
1464 4328 1747 4378 matrona-

1823 3164 2118 3232 denudari,
2140 3170 2198 3220 et
2225 3166 2541 3221 castitatem
2560 3184 2744 3223 meam
2764 3169 2847 3223 illi
2869 3170 2971 3224 soli
2990 3172 3303 3242 ostendere,
3321 3191 3420 3231 cu-

1818 3254 1913 3325 jus
1933 3270 2125 3309 amore
2140 3255 2414 3310 servanda
2424 3261 2527 3311 est.
2542 3256 2754 3312 Tamen
2772 3275 2845 3312 ne
2862 3259 3139 3329 glorietur
3153 3261 3212 3317 in
3233 3280 3422 3320 servos

1826 3343 2032 3398 Christi
2054 3344 2219 3398 fallax
2240 3345 2490 3412 audacia,
2519 3351 2576 3400 et
2596 3347 2786 3418 paucis
2814 3348 3058 3419 pandam
3078 3350 3262 3406 verbis
3283 3353 3424 3409 veri-

1822 3436 2020 3500 tatem,
2038 3449 2151 3489 non
2162 3433 2231 3488 ad
2246 3434 2577 3504 jactantiam
2600 3435 2859 3491 humanae
2875 3437 3423 3508 declamationis,sed

1824 3522 1893 3576 ad
1930 3522 2171 3591 gloriam
2195 3523 2439 3578 nominis
2468 3522 2695 3579 Christi.
2726 3525 2908 3580 Tanta
2945 3526 3099 3582 enim
3128 3534 3215 3585 est
3238 3531 3419 3587 virtus

1824 3611 2069 3666 nomims
2089 3612 2230 3682 ejus,
2250 3616 2316 3666 ut
2344 3612 2515 3667 etiam
2531 3612 2753 3670 femina;
2775 3615 2833 3669 in
2853 3615 3055 3671 timore
3078 3618 3202 3689 ejus
3225 3620 3421 3691 posite

1824 3699 2041 3755 virilem
2068 3700 2361 3756 obtineant
2387 3701 2719 3773 dignitatem
2743 3722 2756 3771 ;
2780 3710 2839 3759 et
2865 3720 3047 3776 neque
3067 3708 3120 3761 ei
3148 3724 3313 3765 sexus
3341 3711 3423 3766 di-

1824 3789 2061 3845 versitas
2102 3790 2213 3845 ﬁde
2256 3796 2441 3862 potest
2471 3791 2708 3847 inveniri
2738 3794 3014 3864 superior,
3046 3812 3175 3851 cum
3221 3797 3420 3854 beatus

1826 3879 2035 3934 Paulus
2059 3880 2363 3950 apostolus,
2383 3880 2656 3950 magister
2673 3883 2927 3937 omnium
2945 3883 3417 3953 Christianorum,

1828 3968 1979 4022 dicat
1996 3968 2143 4039 quod
2171 3968 2321 4040 apud
2339 3967 2642 4024 Dominum
2660 3986 2774 4025 non
2802 3972 2877 4026 sit
2895 3971 3158 4029 discretio
3186 3978 3424 4032 masculi

1828 4063 1886 4111 et
1929 4057 2168 4125 feminae,
2212 4074 2407 4112 omnes
2445 4058 2596 4113 enim
2646 4059 2705 4114 in
2746 4060 2968 4116 Christo
3011 4079 3189 4119 unum
3226 4082 3422 4123 sumus

1830 4146 2028 4216 (Galat.
2052 4148 2153 4216 III).
2177 4147 2361 4216 Hujus
2381 4163 2514 4218 ergo
2528 4164 2787 4203 normam
2810 4150 3000 4205 animo
3024 4152 3272 4208 fervente
3291 4172 3419 4211 sus-

1827 4236 1967 4307 cepi,
1980 4240 2038 4290 et
2062 4252 2130 4289 ex
2156 4236 2495 4291 confidentia
2513 4253 2683 4307 quam
2710 4237 2770 4291 in
2801 4239 3024 4293 Christo
3052 4240 3242 4309 habui,
3265 4244 3422 4301 nolui

1827 4341 1947 4379 esse
1966 4323 2190 4390 femina,
2208 4323 2307 4379 sed
2327 4324 2708 4393 virginitatem
2724 4324 3146 4382 immaculatam
3162 4334 3284 4384 tota
3301 4333 3422 4387 ani-

178 4409 269 4466 lem
289 4413 643 4469 fraudulenta
661 4414 871 4468 astutia
897 4413 1163 4485 capiatis?
1188 4413 1289 4469 Dic
1304 4429 1470 4479 nunc,
1495 4412 1739 4481 furcifer,
1759 4407 1808 4466 D
1826 4414 1903 4468 mi
1924 4413 2234 4468 intentione
2257 4428 2617 4478 conservans,
2640 4412 2819 4468 virum
2848 4414 2997 4485 gessi
3023 4422 3349 4475 constanter
3358 4420 3419 4475 in

177 4516 284 4570 quae
311 4509 363 4558 te
394 4504 680 4558 temeritas
706 4502 906 4574 coegit,
939 4509 1005 4558 ut
1031 4502 1309 4557 illustrem
1337 4502 1604 4557 feminam
1624 4503 1742 4557 Me-

177 4588 427 4646 lanthiam
457 4596 768 4663 appeteres,
784 4596 842 4646 et
869 4592 1155 4662 ingressus
1186 4591 1290 4646 sub
1313 4592 1495 4663 specie
1516 4591 1737 4659 medici,

175 4682 470 4737 mstitatem
493 4683 986 4754 generosissimam
1022 4682 1094 4736 ad
1122 4682 1476 4754 lupanariam
1502 4680 1741 4752 ignomi-

171 4768 307 4825 niam
348 4760 713 4843 provocares?
734 4771 982 4827 Audiens
1011 4771 1129 4826 haec
1155 4770 1320 4826 beata
1348 4772 1613 4841 Eugenia,
1649 4788 1742 4825 ca-

168 4857 271 4927 pite
283 4860 540 4928 demisso,
559 4877 632 4916 ne
650 4862 826 4933 possit
843 4860 1088 4932 agnosci,
1106 4860 1297 4916 taliter
1315 4861 1471 4915 dedit
1486 4861 1742 4933 praefecto

166 4961 479 5019 responsum
500 4969 513 5004 :
534 4950 808 5006 Dominus
837 4966 996 5006 meus
1023 4952 1053 5006 J
1058 4967 1186 5006 esus
1206 4950 1481 5017 Christus,
1516 4950 1607 5005 cui
1638 4965 1742 5021 ego

164 5038 350 5107 servio,
390 5040 711 5095 castitatem
741 5039 950 5106 docuit,
998 5044 1055 5095 et
1080 5040 1465 5111 integritatem
1492 5038 1740 5111 corporis

161 5127 765 5184 custodientibusvitam
784 5129 1359 5201 promittitis-tamam.
1377 5130 1533 5184 Hanc
1552 5133 1740 5183 autem

160 5211 511 5273 Melantiiiam
525 5218 726 5273 falsam
742 5224 945 5274 testem
963 5234 1111 5273 nunc
1120 5235 1416 5290 possumus
1428 5217 1735 5283 declarare,

159 5303 247 5358 sed
266 5307 472 5363 melius
490 5314 579 5363 est
606 5313 670 5362 ut
686 5324 788 5363 nos
808 5308 1093 5379 patiamur
1119 5308 1268 5363 mala
1287 5324 1455 5379 quam
1471 5306 1589 5373 illa,
1603 5306 1736 5361 dum

157 5395 401 5451 convicta
426 5397 614 5464 fuerit,
646 5397 858 5468 aliquid
884 5397 1154 5469 patiatur,
1183 5414 1253 5452 ne
1279 5403 1339 5451 et
1380 5395 1595 5450 fructus
1638 5412 1738 5467 pa-

156 5479 356 5541 tientiae
385 5492 590 5542 nostrae
639 5487 929 5559 depereat;
959 5487 1059 5542 sed
1085 5493 1294 5553 tamen,
1327 5486 1375 5539 si
1420 5503 1521 5556 per
1566 5486 1739 5540 victo-

156 5570 289 5630 riam
300 5575 624 5649 principum
631 5581 1057 5633 testeturvestra
1072 5576 1387 5633 sublimitas
1399 5575 1741 5647 quod345

1826 4501 2065 4558 Christo.
2095 4503 2222 4557 Non
2250 4500 2402 4556 enim
2424 4500 2756 4557 infrunitam
2771 4503 3081 4560 honestatis
3109 4506 3420 4564 simulatio-

1824 4609 1955 4647 nem
1981 4591 2280 4663 assumpsi,
2309 4596 2375 4645 ut
2401 4590 2484 4645 vir
2512 4590 2779 4648 feminam
2817 4593 3171 4664 simularem;
3207 4597 3308 4653 sed
3335 4598 3418 4654 fe-

1823 4681 1977 4737 mina
1995 4681 2229 4736 viriliter
2246 4680 2482 4752 agendo,
2513 4681 2693 4736 virum
2707 4682 2875 4753 gessi,
2892 4683 3274 4755 virginitatem
3295 4703 3419 4760 qua;

1823 4771 1882 4825 in
1909 4770 2132 4826 Christo
2159 4776 2246 4825 est
2273 4771 2496 4825 fortiter
2525 4771 2931 4842 amplectendo.
2964 4773 3033 4828 Et
3065 4774 3183 4829 haec
3202 4775 3416 4846 dicens,

1825 4860 1989 4915 scidit
2012 4876 2046 4915 a
2067 4860 2250 4932 capite
2268 4859 2538 4923 tunicam,
2562 4876 2677 4930 qua
2694 4865 2819 4914 erat
2835 4860 3051 4929 induta,
3077 4869 3136 4918 et
3156 4867 3423 4937 apparuit

1822 4949 2052 5005 femina.
2082 4950 2152 5004 Et
2166 4948 2357 5004 statim
2378 4949 2449 5003 ad
2467 4948 2790 5019 praefectum
2810 4949 2890 5004 ait
2906 4968 2917 5003 :
2932 4951 3015 5006 Tu
3034 4952 3174 5008 mihi
3192 4955 3420 5026 quidem

1823 5039 2135 5094 secundum
2145 5054 2371 5094 carnem
2388 5043 2566 5110 pater,
2575 5037 2811 5093 Claudia
2828 5044 3010 5095 mater
3030 5047 3200 5111 est,et
3215 5044 3420 5103 fratres

1822 5127 1881 5183 hi
1901 5128 2012 5184 duo
2041 5127 2137 5200 qui
2152 5132 2338 5183 tecum
2365 5126 2583 5193 sedent,
2602 5124 2799 5181 Avitus
2822 5132 2881 5182 et
2908 5128 3156 5201 Sergius.
3180 5132 3298 5205 Ego
3316 5151 3420 5192 au-

1822 5222 1937 5272 tem
1952 5217 2201 5288 Eugenia
2217 5215 2331 5272 ﬁlia
2341 5220 2591 5287 tua,quze
2605 5231 2706 5287 pro
2723 5231 2915 5272 amore
2927 5218 3136 5276 Christi
3147 5225 3421 5280 mundum

1822 5323 2046 5362 omnem
2075 5322 2203 5361 cum
2231 5305 2444 5361 deliciis
2491 5305 2608 5360 suis
2638 5305 2826 5377 respui
2873 5314 3146 5380 tanquam
3183 5319 3417 5371 stercus.

1822 5396 1959 5451 Ecce
1976 5395 2177 5450 Protus
2194 5400 2252 5449 et
2284 5394 2636 5467 Hyacinthus
2665 5395 2910 5450 eunuchi
2930 5399 3058 5465 mei,
3078 5417 3207 5457 cum
3221 5402 3424 5474 quibus

1823 5486 2071 5541 scholam
2100 5484 2309 5539 Christi
2338 5484 2593 5556 ingressa
2621 5499 2780 5538 sum:
2806 5484 3066 5544 Christus
3086 5497 3277 5546 autem
3304 5495 3424 5546 tam

1822 5574 2057 5630 idoneus
2078 5573 2153 5630 ibi
2176 5574 2479 5642 exstitit,ut
2496 5574 3089 5637 victricemlibidinum
3109 5579 3292 5635 omnis
3310 5579 3427 5653 pol.
