3954 6190
430 278 540 339 615

1478 277 1570 334 DE
1608 278 1796 334 VITIS
1836 276 2131 334 PATRUM
2170 275 2382 332 LIBER
2420 277 2708 332 PRIMUS.

3605 272 3710 328 6ιῦ

431 411 663 468 lutionis
702 425 791 464 me
838 407 1048 462 faceret
1087 420 1186 477 per
1227 402 1669 458 misericordiam
1717 419 1897 468 suam,
1937 403 2028 457 cui
2051 404 2096 464 A
2117 401 2399 468 exhibeas,
2428 403 2533 468 vel,
2565 403 2820 474 deposita
2838 402 3130 472 dignitate.
3165 403 3336 456 etiam
3368 399 3608 472 propriis
3637 399 3712 452 fa-

434 502 600 556 credo
629 515 806 571 usque
832 497 891 552 in
921 498 1090 550 finem
1122 511 1210 549 me
1233 494 1448 566 jugiter
1473 510 1920 565 permansuram.

505 637 636 690 CAP.
665 633 810 686 XVI.
847 661 911 672 —-
950 631 1331 700 Agnoscentes
1360 629 1551 699 itaque
1580 633 1740 699 pater
1762 627 1954 692 ﬁliam,
1979 632 2036 680 et

430 738 679 776 sororem
700 721 921 786 fratres,
965 719 1109 773 servi
1133 718 1442 785 dominam,
1476 723 1711 771 currunt
1741 716 1931 770 statim
1964 716 2033 769 ad

432 828 555 866 eam
585 831 596 878 ;
631 815 689 865 et
716 810 1065 865 eil‘undentes
1087 809 1366 880 lacrymas
1402 807 1458 860 in
1489 813 1788 878 conspectu
1819 805 2029 876 populi,

429 898 776 970 amplexibus
795 899 917 969 ejus
939 896 1289 952 incumbunt.
1311 895 1623 950 Nuntiatur
1643 894 1852 949 factum
1877 895 2038 948 Clau-

430 989 535 1044 diae
567 989 754 1054 matri,
797 993 854 1042 et
881 988 1073 1042 statim
1103 1003 1270 1041 cursu
1299 985 1515 1040 concito
1557 985 1625 1038 ad
1659 983 2038 1055 spectaculum

431 1078 600 1132 venit.
632 1076 975 1132 Deferuntur
1005 1075 1342 1130 vestimenta
1368 1091 1504 1128 auro
1526 1079 1698 1140 texta,
1723 1079 1780 1128 et
1809 1073 1932 1126 licet
1956 1071 2040 1126 in-

430 1163 564 1231 vita,
596 1161 869 1228 induitur,
903 1167 1072 1232 atque
1111 1161 1169 1215 in
1201 1160 1414 1214 excelso
1446 1157 1714 1214 tribunali
1745 1157 1943 1228 posita,
1977 1156 2033 1209 in

433 1251 668 1308 sublime
683 1251 978 1318 attollitur,
997 1257 1056 1305 et
1073 1249 1142 1304 ab
1160 1249 1311 1304 omni
1333 1247 1538 1320 populo
1555 1247 1831 1302 clamatur
1852 1265 1862 1298 :
1879 1246 2036 1300 Unus

435 1341 711 1408 Christus,
747 1357 893 1396 unus
926 1347 984 1394 et
1004 1356 1168 1395 verus
1201 1339 1352 1394 Deus
1389 1336 1854 1392 Christianorum.
1884 1335 2033 1390 Sane

433 1431 750 1486 sacerdotes
781 1436 838 1485 et
866 1429 1129 1501 episcopi,
1149 1429 1244 1500 qui
1273 1445 1402 1482 cum
1432 1427 1610 1482 multo
1639 1425 1844 1498 populo
1875 1424 2033 1480 Chri-

431 1520 614 1574 stiano
630 1525 759 1574 ante
781 1519 1260 1590 amphitheatrum
1277 1522 1455 1582 crant,
1475 1520 1531 1570 et
1545 1517 1678 1570 dum
1694 1514 1933 1568 fuissent
1950 1513 2032 1567 in-

432 1609 648 1664 terfecti
668 1609 726 1662 hi
747 1609 843 1680 qui
862 1606 1289 1673 accusabantur,
1308 1605 1378 1660 ab
1400 1606 1609 1660 eisdem
1635 1605 2026 1676 sepelirentur,

436 1698 848 1770 ingrediuntur,
883 1699 998 1752 Deo
1027 1698 1302 1769 hymnum
1331 1695 1597 1755 dicentes.
1638 1699 1807 1765 atque
1838 1709 2032 1747 omnes

432 1805 546 1843 una
572 1805 706 1843 voce
734 1789 1043 1842 clamantes
1068 1805 1078 1840 :
1105 1787 1344 1840 Dextera
1365 1783 1589 1838 Domini
1609 1783 1924 1854 gloriﬁcata
1950 1787 2036 1835 est

433 1879 491 1933 in
537 1879 762 1944 virtute,
804 1878 1034 1931 dextera
1074 1891 1276 1929 manus
1325 1880 1442 1939 tua,
1475 1873 1730 1938 Domine,
1765 1871 2038 1942 confregit

435 1967 707 2022 inimicos.
739 1967 978 2020 Tollitur
1005 1982 1138 2036 ergo
1165 1964 1223 2018 in
1243 1963 1534 2035 triumpho
1567 1962 1818 2032 Eugenia
1844 1981 1855 2029 ;
1883 1966 1940 2015 et
1968 1977 2038 2014 ne

435 2060 592 2111 tanto
610 2055 816 2127 gaudio
835 2054 1026 2126 populi
1048 2055 1170 2124 ejus
1186 2052 1456 2107 defuisset
1473 2051 1726 2123 probatio
1739 2050 2034 2115 castitatis,

433 2146 582 2200 visus
612 2152 698 2200 est
725 2143 871 2216 ignis
899 2143 968 2198 de
997 2144 1133 2198 cmlo
1160 2142 1524 2209 descendens,
1555 2141 1650 2212 qui
1691 2141 1770 2195 ita
1802 2140 2039 2195 circum-

435 2235 591 2289 dedit
612 2235 841 2289 domum
871 2232 1207 2298 Melanthiae,
1240 2237 1305 2286 ut
1334 2247 1435 2286 nec
1470 2231 1764 2301 vestigium
1804 2231 2040 2300 alicujus

435 2324 516 2378 rei
541 2340 663 2395 quae
687 2324 758 2378 ad
787 2339 910 2378 eam
928 2321 1248 2394 pertinebat
1268 2320 1622 2375 remanserit.
1653 2321 1740 2374 Fit
1766 2319 2036 2389 gaudium

433 2413 626 2485 populi
654 2429 780 2468 cum
810 2413 1012 2466 timore
1037 2411 1157 2479 Dei;
1188 2411 1423 2466 ecclesia
1452 2427 1574 2482 quae
1597 2411 1738 2480 jam,
1771 2409 1930 2479 quasi
1963 2407 2038 2460 vi-

433 2485 650 2568 duata,‘
658 2508 850 2557 octavo
881 2518 1029 2557 anno
1059 2502 1250 2555 clausa
1280 2500 1483 2567 fuerat,
1519 2505 1823 2553 reseratur.
1859 2498 2036 2551 Revo-

433 2597 593 2647 catur
607 2591 1052 2646 Christianorum
1069 2589 1648 2662 populus,baptizatur
1665 2587 1957 2659 praefectus
1977 2586 2035 2640 in

436 2681 677 2736 fascibus
697 2680 1054 2746 constitutus,
1070 2679 1424 2750 baptizantur
1443 2678 1543 2732 filii
1561 2679 1702 2748 ejus,
1723 2675 2038 2748 baptizatur

436 2777 620 2826 mater
647 2773 770 2842 ejus
794 2771 1046 2826 Claudia.
1081 2768 1349 2824 Restituit
1369 2767 1660 2839 privilegia
1682 2765 2035 2832 Christianis,

436 2866 492 2914 et
527 2860 702 2915 mittit
739 2860 1074 2915 relationem
1105 2859 1174 2912 ad
1223 2858 1489 2912 Severum
1525 2857 1926 2927 imperatorem
1968 2854 2038 2908 de

439 2949 791 3016 Christianis,
817 2956 873 3004 et
899 2953 1176 3003 memorat
1192 2947 1329 3002 satis
1351 2945 1670 3017 reipublicae
1692 2945 2040 3000 Christianos

437 3039 721 3110 prodesse,
735 3039 859 3093 ideo
885 3038 1086 3092 debere
1109 3054 1202 3092 eos
1224 3036 1432 3107 absque
1446 3035 1830 3107 persecutione
1851 3034 2039 3104 aliqua

438 3129 494 3182 in
505 3123 1698 3182 urbibushabitare.Consentitrelationibus
1710 3125 2038 3195 imperator,

436 3223 496 3272 et
541 3219 602 3271 fit
631 3222 753 3272 tota
782 3217 1156 3271 Alexandrina
1193 3216 1387 3269 civitas
1433 3213 1591 3285 quasi
1635 3230 1747 3268 una
1787 3213 2040 3267 ecclesia.

437 3307 680 3379 Eratque
724 3306 984 3362 omnibus
1033 3307 1349 3362 civitatibus
1377 3307 1665 3377 gaudium,
1698 3313 1754 3360 et
1797 3303 2042 3373 dignitas

438 3396 745 3451 Christiani
777 3396 1019 3451 nominis
1049 3395 1396 3451 florescebat.

510 3533 642 3588 CAP.
668 3532 842 3588 XVII.
869 3560 938 3575 —-
968 3531 1078 3586 Sed
1098 3531 1232 3603 quia
1251 3546 1474 3601 semper
1492 3528 1846 3583 sanctitatem
1871 3543 2041 3582 temu-

439 3621 573 3677 latio
605 3621 860 3693 sequitur
901 3620 1136 3686 inimici,
1171 3625 1226 3674 et
1255 3624 1452 3674 contra
1478 3617 1790 3672 bonitatem
1825 3621 2042 3688 pugnat

437 3711 690 3767 malitia:
714 3709 947 3765 consilio
967 3709 1175 3764 diaboli
1197 3708 1372 3779 aliqui
1401 3725 1467 3762 ex
1492 3705 1781 3762 honoratis
1805 3706 2040 3760 Alexan-

435 3799 843 3862 driae,cultores
857 3799 1155 3863 idolorum,
1171 3797 1508 3868 accipientes
1521 3801 1714 3862 343
1729 3811 1876 3866 aegre
1891 3794 2039 3865 quod

439 3887 774 3941 Christianis
790 3886 1080 3958 privilegia
1093 3885 1398 3951 tribuisset,
1421 3884 1708 3940 venientes
1730 3885 1799 3938 ad
1823 3900 2032 3954 regem,

437 3975 700 4030 dixerunt
727 3980 938 4030 statum
953 3974 1270 4046 reipublicae
1289 3973 1684 4029 conturbatum
1701 3990 1736 4028 a
1755 3973 2032 4044 Philippo,

440 4065 538 4135 qui
569 4080 698 4119 cum
728 4079 874 4119 nono
904 4080 1052 4118 anno
1093 4064 1151 4118 in
1202 4063 1442 4119 fascibus
1471 4062 2039 4136 irreprehensibiliter

439 4154 936 4220 administraverit,
954 4169 1101 4208 nunc
1119 4153 1335 4208 decimo
1355 4169 1503 4208 anno
1527 4152 1632 4223 (10)
1650 4152 1895 4225 perdidit
1914 4169 2036 4207 om-

437 4245 550 4300 nia.
592 4244 847 4315 Denique
883 4244 1117 4298 deorum
1156 4243 1561 4298 immortalium
1591 4241 1840 4297 deseruit
1867 4259 2037 4297 caere-

438 4333 674 4400 monias,
701 4341 759 4388 et
782 4349 1006 4388 omnem
1027 4332 1310 4388 civitatem
1339 4333 1410 4387 ad
1437 4333 1715 4387 culturam
1745 4332 2035 4402 cujusdam

2115 492 2416 547 cultatibus
2447 493 2631 547 cedas.
2664 515 2685 545 υ

2188 583 2320 637 CAP.
2353 583 2557 638 XVIII.
2583 615 2646 624 —
2674 586 2912 655 Accepta
2943 583 3116 653 igitur
3135 583 3239 636 hac
3263 579 3507 651 Augusti
3527 587 3714 634 aucto-

2116 672 2304 738 ritate,
2327 671 2557 726 simulat
2577 673 2987 742 regritudinem,
3014 687 3305 743 quousque
3322 669 3589 724 universa
3606 669 3714 721 dis-

2116 762 2385 825 traheret,
2423 767 2479 816 et
2507 762 2739 816 donaret
2769 777 2869 832 per
2898 777 3119 814 omnem
3153 758 3496 831 provinciam
3538 758 3714 812 eccle-

2119 850 2218 903 siis
2250 857 2306 904 et
2333 850 2692 922 pauperibus.
2736 852 2860 922 Ipse
2884 855 3073 904 autem
3105 849 3396 920 praefectus
3425 848 3483 901 in
3512 847 3716 902 timore

2119 939 2221 994 Dei
2247 945 2304 993 et
2331 940 2389 994 in
2417 940 2638 994 cultura
2667 939 2874 994 Christi
2906 940 3077 993 etiam
3111 939 3250 992 alios
3280 935 3633 992 confortabat
3662 936 3716 990 in

2122 1029 2365 1084 Christo.
2400 1030 2624 1084 Interea
2645 1030 2826 1083 omnis
2846 1027 3184 1084 Alexandria
3212 1027 3499 1098 conspirat
3521 1026 3580 1079 in
3602 1025 3718 1096 epi-

2121 1124 2410 1190 scopatum
2443 1120 2566 1189 ejus
2596 1117 2726 1189 (l3),
2753 1126 2809 1172 et
2823 1117 2990 1189 ccepit
3018 1134 3148 1172 eum
3180 1115 3495 1188 respublica
3512 1113 3720 1169 habere

2120 1208 2461 1279 praefectum,
2517 1208 2650 1278 quia
2676 1224 2962 1263 successor
2998 1207 3049 1261 ci
3096 1206 3344 1261 nondum
3385 1212 3636 1270 venerat,
3667 1212 3722 1258 et

2121 1297 2353 1351 ecclesia
2398 1297 2603 1352 habere
2657 1297 2997 1368 episcopum,
3039 1295 3173 1367 quia
3203 1295 3403 1349 merito
3429 1294 3560 1348 fidei
3617 1293 3720 1347 sibi

2116 1403 2245 1442 eum
2274 1388 2530 1457 elegerat
2573 1386 2940 1440 sacerdotem.
2992 1386 3226 1440 Duravit
3265 1390 3454 1438 autem
3499 1385 3555 1436 in
3610 1383 3723 1453 epi-

2119 1481 2354 1548 scopatu
2385 1492 2563 1530 unum
2593 1492 2804 1530 annum
2835 1481 2892 1530 et
2922 1491 3143 1530 menses
3163 1481 3296 1529 tres.

2183 1567 2320 1620 CAP.
2354 1567 2498 1621 XIX.
2534 1597 2598 1607 —
2630 1565 2765 1619 Post
2786 1565 2904 1619 haec.
2931 1570 3120 1619 autem
3152 1564 3334 1635 spatia
3375 1571 3718 1635 temporum,

2118 1657 2346 1710 veniens
2386 1655 2701 1710 Perennius
2730 1654 3021 1726 praefectus
3047 1652 3177 1722 (Ml,
3207 1653 3340 1707 dum
3369 1652 3723 1707 Alexandria:

2059 1732 2396 1816 Bquazreret
2416 1749 2710 1815 percutere
2741 1760 2891 1809 eum,
2925 1749 2982 1798 et
3009 1759 3118 1798 non
3142 1749 3344 1814 posset,
3376 1741 3511 1812 quia
3538 1742 3724 1796 omnis

2118 1835 2312 1888 civitas
2342 1835 2400 1888 in
2430 1850 2622 1888 amore
2651 1835 2774 1904 ejus
2804 1833 3064 1896 durabat,
3091 1833 3325 1887 immisit
3343 1832 3393 1886 ei
3417 1832 3514 1902 qui
3536 1847 3600 1885 se
3625 1833 3722 1885 ﬁn-

2118 1930 2318 1994 gerent
2363 1923 2731 1988 Christianos,
2781 1929 2839 1977 et
2885 1923 3284 1994 ingredientes,
3325 1929 3724 1993 percusserunt

2122 2030 2249 2068 eum
2279 2013 2391 2084 (l5)
2445 2013 2503 2067 in
2545 2013 2798 2068 oratione
2827 2013 3120 2066 Dominica
3168 2012 3558 2066 constitutum.
3595 2011 3724 2064 Post

2123 2102 2428 2157 traduntur
2443 2118 2801 2173 percussores
2815 2101 3073 2173 praefecto
3097 2101 3394 2156 Perennio.
3411 2101 3510 2155 Ille
3532 2106 3722 2153 autem

2123 2193 2378 2247 conscius
2399 2191 2672 2262 jussionis
2701 2208 2815 2246 suae
2843 2197 2900 2246 et
2931 2191 3090 2262 quasi
3121 2190 3431 2244 audiendos
3458 2189 3723 2243 custodite

2125 2281 2484 2352 mancipavit,
2502 2287 2628 2353 post
2643 2297 2847 2352 paucos
2860 2285 3050 2334 autem
3071 2280 3190 2334 dies
3212 2278 3526 2351 principum
3545 2279 3723 2332 indul-

2120 2371 2315 2442 gentia
2338 2372 2616 2424 relaxatos
2638 2370 2872 2424 dimisit.
2899 2369 3268 2424 Beatissimus
3297 2375 3486 2422 autem
3516 2367 3724 2438 Philip-

2121 2477 2225 2531 pus
2257 2467 2381 2531 post
2414 2475 2809 2531 percussuram
2833 2459 3014 2514 tribus
3043 2457 3239 2512 diebus
3264 2459 3322 2512 in
3353 2473 3587 2528 corpore
3609 2472 3726 2510 esse

2119 2549 2426 2620 permissus
2458 2555 2563 2616 est,
2608 2565 2719 2604 non
2758 2548 2829 2602 ad
2858 2548 3028 2613 aliud,
3078 2547 3186 2602 nisi
3233 2547 3305 2601 ad
3359 2545 3527 2602 corda
3557 2545 3725 2599 dubia

2119 2639 2522 2701 confirmanda;
2540 2655 2670 2692 nam
2683 2644 2747 2693 ut
2759 2637 3030 2708 migraret
3044 2637 3114 2692 ad
3127 2637 3449 2702 Dominum,
3467 2635 3723 2706 martyrii

2121 2745 2180 2782 se
2211 2728 2395 2783 noluit
2425 2743 2633 2782 corona
2655 2727 2924 2793 fraudari,
2953 2733 3010 2781 et
3038 2727 3156 2798 ipse
3186 2725 3328 2780 hanc
3359 2731 3424 2779 ut
3449 2726 3722 2795 reciperet

2123 2817 2322 2871 oravit.
2338 2818 2482 2871 Nam
2499 2817 2596 2887 qui
2615 2817 2674 2871 in
2690 2832 2921 2887 corpore
2943 2816 3157 2887 positus
3177 2815 3456 2868 daemonia
3473 2812 3724 2884 fugabat,

2123 2911 2182 2960 et
2209 2905 2566 2960 illuminabat
2590 2905 2842 2960 oratione
2872 2921 3060 2971 caecos,
3089 2910 3300 2976 quanto
3329 2904 3508 2973 magis
3539 2919 3600 2956 se
3630 2918 3726 2957 no-

2125 2995 2324 3050 luisset
2353 2996 2541 3067 palma
2570 2995 2813 3066 privari?
2842 2995 3070 3050 Poterat
3096 2993 3292 3065 utique
3331 2993 3479 3064 quod
3507 2991 3726 3046 volebat

2064 3098 2106 3158 C
2128 3083 2431 3155 impetrare
2459 3085 2578 3138 sine
2600 3082 2797 3149 dubio;
2822 3088 2882 3138 et
2900 3084 2979 3137 ita
3004 3082 3217 3153 recepit
3244 3087 3310 3136 ut
3333 3081 3612 3153 particeps
3625 3097 3721 3134 no-

2126 3173 2297 3228 minis
2323 3173 2584 3245 Philippi,
2617 3178 2765 3227 esset
2803 3172 3082 3244 particeps
3109 3178 3167 3226 et
3194 3187 3438 3238 coronas;
3472 3176 3528 3224 et
3556 3172 3729 3224 susci-

2127 3269 2325 3334 perent
2342 3269 2620 3334 martyres
2633 3262 2901 3332 collegam
2912 3302 2925 3328 ,
2951 3277 3117 3333 quem
3127 3261 3330 3316 merito
3352 3258 3596 3314 Ecclesia
3607 3277 3730 3314 sus-

2123 3357 2350 3424 ceperat
2393 3352 2760 3408 sacerdotem.
2807 3353 2976 3405 Juxta
3018 3351 3162 3405 atria
3193 3351 3383 3421 itaque
3412 3349 3486 3403 ibi
3525 3356 3726 3404 sancta

2123 3441 2377 3513 Eugenia
2418 3442 2535 3495 filia
2570 3443 2694 3512 ejus
2738 3439 3141 3494 monasterium
3171 3439 3380 3493 Christi
3417 3438 3734 3508 virginibus

2122 3531 2506 3596 collocaverat,
2539 3531 2651 3584 illic
2671 3547 2836 3584 suum
2843 3529 3015 3600 jussit
3033 3528 3292 3582 collocari
3307 3529 3720 3599 corpusculum,

2122 3619 2181 3674 in
2212 3636 2321 3692 quo
2335 3619 2456 3675 loco
2473 3619 2797 3674 beatissima
2819 3618 3054 3673 Claudia
3068 3617 3477 3672 xenodochium
3493 3616 3730 3671 fabrica-

2121 3709 2236 3777 bat,
2261 3713 2315 3764 et
2333 3708 2623 3764 constituit
2648 3708 2858 3780 praedia
2881 3724 3002 3779 quae
3023 3705 3472 3778 susceptionibus
3482 3707 3730 3778 peregri-

2121 3799 2383 3854 nantium
2405 3798 2770 3864 deservirent;
2788 3797 2911 3869 ipsa
2927 3801 3118 3852 autem
3136 3813 3264 3850 cum
3282 3796 3445 3850 Avito
3457 3801 3514 3850 et
3524 3796 3729 3865 Sergio

2121 3889 2270 3955 filiis,
2305 3894 2362 3942 et
2393 3905 2521 3943 cum
2553 3887 2719 3942 beata
2751 3887 2999 3957 Eugenia
3053 3902 3310 3956 regressa
3337 3890 3423 3940 est
3465 3885 3728 3940 Romam.

2191 3979 2324 4034 CAP.
2343 3978 2462 4032 XX.
2488 4007 2552 4018 —
2567 3977 2748 4048 Igitur
2766 3977 2910 4031 ﬁlios
2934 3975 3173 4048 Philippi
3190 3992 3319 4029 cum
3339 3975 3493 4029 omni
3513 3973 3728 4044 gaudio

2120 4072 2350 4122 senatus
2371 4066 2582 4138 recepit
2608 4066 3009 4132 Romanorum,
3034 4071 3090 4120 et
3120 4080 3294 4119 unum
3324 4063 3727 4135 proconsulem

2121 4156 2541 4226 Carthaginem,
2583 4155 2758 4210 alium
2784 4155 3053 4210 vicarium
3086 4153 3285 4208 Africae
3319 4152 3597 4223 dirigunt.
3636 4153 3727 4206 Ad

2119 4245 2344 4301 beatam
2371 4251 2560 4301 autem
2583 4245 2893 4316 Eugeniam
2915 4261 3041 4299 cum
3074 4245 3269 4298 multa:
3298 4249 3570 4297 matronae
3593 4257 3725 4295 con-

2118 4336 2392 4399 venirent,
2425 4342 2483 4390 et
2513 4351 2654 4406 pene
2684 4352 2878 4390 omnes
2910 4335 3172 4404 virgines,
3225 4348 3588 4404 quascunque
3627 4349 3727 4402 po-

437 4423 679 4478 hominis
707 4439 874 4494 quem
913 4421 1094 4476 Judaei
1123 4422 1446 4477 occiderunt
1472 4421 1764 4476 convertit.
1798 4422 1922 4475 Non
1952 4418 2336 4492 estDtuisset,
2370 4430 2532 4480 notas
2555 4430 2654 4478 aut
2675 4425 2905 4488 amicas,
2931 4424 3138 4478 faceret
3167 4423 3338 4477 etiam
3366 4423 3592 4476 Christo
3608 4438 3728 4475 cre-

438 4513 658 4583 legibus
677 4512 878 4566 vestris
893 4512 1011 4566 ulla
1029 4511 1360 4566 reverentia.
1378 4511 1593 4565 Passim
1616 4510 1852 4581 quisque
1871 4515 1934 4564 ut
1949 4527 2040 4565 vo-

436 4601 606 4657 luerit
647 4602 860 4674 templa
888 4600 1193 4655 reverenda
1221 4599 1554 4671 ingreditur,
1588 4616 1699 4654 non
1729 4607 1793 4654 ut
1821 4601 2038 4654 colendi

441 4691 881 4746 benevolentiam
915 4689 1244 4762 praetendat,
1269 4694 1328 4743 et
1351 4706 1464 4744 non
1492 4696 1556 4744 ut
1582 4691 1716 4744 deos
1747 4707 1866 4745 esse
1900 4706 2038 4762 quos

437 4781 671 4836 colimus
700 4781 922 4849 credat;
959 4779 1058 4834 sed
1082 4785 1147 4834 ut
1176 4779 1326 4834 dicat
1353 4779 1604 4833 infinitas
1635 4777 2034 4851 blasphemias,

439 4885 573 4924 saxa
591 4875 691 4924 aut
719 4871 950 4925 metalla
977 4870 1164 4941 potius
1193 4885 1363 4940 quam
1383 4868 1557 4923 divini
1586 4869 1830 4924 nominis
1854 4870 2032 4940 signa.

440 4957 568 5012 Haec
597 4969 651 5012 et
680 4959 889 5014 similia
915 4959 1097 5014 multa
1114 4958 1264 5013 dicta
1294 4964 1428 5013 sunt
1449 4959 1652 5013 Severo
1677 4963 1734 5012 et
1752 4959 2036 5013 Antonino

438 5046 724 5117 Augmstis.
759 5048 866 5112 Qui
897 5049 1164 5103 commoti
1192 5048 1320 5118 (11),
1341 5048 1665 5103 direxerunt
1688 5049 1758 5102 ad
1781 5065 1910 5103 eum
1934 5048 2036 5102 hu-

433 5135 747 5205 juscemodi
774 5137 1002 5193 decreta
1027 5155 1038 5190 :
1068 5156 1094 5191 α
1116 5138 1286 5192 Divus
1315 5153 1517 5209 parens
1537 5143 1745 5204 noster,
1780 5139 2036 5193 Commo—

440 5224 545 5281 dus
574 5225 856 5296 quondam
891 5229 1194 5298 Augustus,
1227 5243 1339 5283 non
1367 5234 1432 5282 ut
1467 5227 1810 5301 praefectum,
1843 5227 1942 5282 sed
1971 5233 2036 5284 ut

441 5331 631 5386 regem
655 5313 761 5384 (12)
786 5322 842 5370 te
858 5316 1207 5372 Alexandria:
1226 5317 1504 5373 ordinavit
1531 5325 1698 5390 atque
1723 5317 2031 5385 constituit,

440 5410 504 5460 ut
530 5404 667 5460 dum
690 5403 748 5458 in
768 5406 882 5460 vita
901 5421 1178 5473 maneres,
1220 5424 1595 5463 successorem
1625 5408 1841 5462 nullum
1866 5407 2038 5463 susci-

438 5511 619 5568 peres.
634 5493 793 5550 Unde
804 5495 893 5550 his
903 5494 1188 5550 beneﬁciis
1200 5497 1249 5568 ej
1256 5513 1320 5552 us
1336 5497 1710 5570 superaddere
1726 5498 2030 5570 cupientes,

434 5585 737 5645 statuimus
766 5590 831 5643 ut
857 5584 966 5642 diis
995 5585 1472 5656 omnipotentibus
1500 5589 1724 5644 solitam
1755 5588 2036 5644 culturam

2121 4515 2274 4584 dere,
2291 4519 2347 4569 et
2363 4514 2422 4568 in
2439 4513 2760 4584 virginitate
2791 4513 3073 4568 dominica
3089 4528 3438 4584 permanere;
3468 4510 3726 4581 quaedam

2121 4621 2187 4658 ex
2208 4603 2361 4675 regio
2391 4619 2596 4675 genere
2606 4603 2782 4672 virgo,
2809 4602 3015 4656 Basilla
3037 4602 3286 4664 nomine,
3308 4600 3573 4672 cupiebat
3599 4616 3723 4654 eam

2121 4693 2418 4764 attingere.
2438 4693 2544 4747 Sed
2561 4692 2694 4762 quia
2716 4708 2886 4746 causa
2911 4690 3156 4745 nominis
3169 4689 3476 4745 Christiani
3495 4689 3567 4743 ad
3601 4705 3726 4743 eam

2121 4781 2202 4836 ire
2232 4799 2343 4836 non
2370 4786 2607 4852 poterat,
2653 4779 2888 4850 rogabat
2916 4796 3018 4851 per
3043 4779 3456 4834 intemuntium
3479 4778 3723 4842 fidelem,

2121 4876 2318 4926 uteam
2339 4871 2406 4925 de
2426 4870 2696 4940 religione
2714 4869 3368 4924 Christianainstrueret.
3384 4869 3539 4922 Tunc
3562 4866 3728 4921 beata

2120 4960 2372 5031 Eugenia
2418 4965 2686 5014 convocat
2729 4959 2800 5013 ad
2829 4976 2889 5013 se
2933 4957 3286 5013 beatissimos
3328 4957 3563 5012 comites
3594 4973 3726 5010 suos

2118 5050 2352 5104 Protum
2391 5054 2445 5104 et
2490 5048 2887 5120 Hyacinthum,
2933 5055 2991 5103 et
3021 5047 3157 5102 dicit
3185 5047 3265 5102 eis
3302 5065 3316 5104 :
3347 5046 3722 5117 Accingimini

2118 5139 2319 5194 militia
2351 5139 2422 5194 ad
2453 5155 2622 5210 quam
2650 5153 2749 5195 vos
2765 5143 3029 5193 convocat
3043 5137 3334 5202 Christus;
3360 5152 3472 5208 quo
3490 5151 3590 5189 vos
3612 5135 3720 5190 Ba-

2099 5229 2254 5283 sillze
2282 5229 2513 5283 offeram
2535 5227 2639 5284 sub
2650 5228 2834 5299 specie
2851 5227 3121 5293 muneris,
3145 5232 3210 5281 ut
3237 5243 3332 5280 vos
3351 5241 3475 5280 eam
3499 5226 3556 5279 in
3570 5225 3727 5280 Chri—

2118 5324 2202 5373 sto
2227 5318 2444 5373 faciatis
2465 5318 2747 5372 ancillam.
2762 5317 3053 5388 Fititaque
3066 5317 3235 5387 hujus
3249 5315 3500 5370 muneris
3516 5315 3721 5384 gratia;

2117 5413 2174 5462 et
2195 5408 2428 5480 suscipit
2456 5407 2663 5462 Basilla
2683 5407 2844 5478 quasi
2863 5405 3120 5472 famulos,
3137 5405 3234 5460 sed
3266 5421 3360 5460 eos
3395 5404 3558 5475 quasi
3588 5419 3724 5474 apo-

2117 5498 2290 5553 stolos
2301 5496 2631 5553 honorabat.
2661 5497 2906 5553 Vacabat
2920 5501 3109 5552 autem
3121 5511 3248 5551 cum
3273 5494 3353 5549 eis
3381 5493 3535 5548 omni
3559 5493 3719 5556 hora;

2117 5594 2174 5644 et
2202 5589 2362 5660 quasi
2390 5588 2675 5646 eunuchos
2699 5587 2927 5644 servitio
2956 5586 3185 5654 habens,
3221 5601 3331 5641 non
3358 5582 3578 5648 diebus,
3608 5597 3720 5637 non
