3954 6190
249 219 364 291 θη

989 217 1161 274 VI'I'A
1198 209 1508 274 suam"
1537 214 1893 288 mesnm,
1935 217 2265 279 VIRGINIs
2301 221 2396 278 AC
2433 201 2850 283 MARTYRIS.’

3430 233 3536 296 618

252 347 517 405 noctibus
550 365 584 403 a
611 347 903 420 colloquiis
950 345 1054 402 Dei
1083 350 1142 400 et
1188 343 1535 400 orationibus
1576 345 1848 400 cessabat.
1869 347 2075 407 Ativos
2096 349 2352 417 ﬂores,ut
2372 348 2735 406 marcidiores
2761 359 3186 424 perseverantes
3205 357 3529 417 advectent:

253 438 439 510 Igitur
467 438 759 492 Cornelius
788 453 916 492 cum
944 442 1092 492 esset
1119 436 1178 490 in
1209 434 1346 490 urbe
1375 435 1553 490 Roma
1579 452 1750 490 sacrae
1775 435 1857 490 le-

253 526 345 598 gis
371 529 628 595 antistes,
661 526 918 600 pervenit
944 525 1016 581 ad
1068 541 1194 580 eam
1235 525 1497 592 latenter,
1532 531 1589 580 et
1617 525 1859 597 baptiza-

254 617 340 671 vit
363 631 507 671 eam.
544 618 890 673 Conﬁrmata
916 622 1106 671 autem
1139 615 1306 670 beata
1334 615 1541 670 Basilla
1569 615 1628 670 in
1656 615 1859 671 timore

255 705 384 773 Dei,
409 711 746 777 procurante
767 705 1151 761 misericordia
1178 704 1406 772 Christi,
1435 722 1576 776 pene
1605 704 1864 760 omnibus

256 795 521 850 noctibus
575 797 787 851 mutuis
841 813 900 851 se
934 793 1271 850 fruebantur
1303 793 1617 866 aspectibus
1658 794 1781 866 ipsa
1807 800 1865 849 et

257 884 429 940 beata
450 886 722 957 Eugenia.

335 975 474 1030 CAP.
503 975 650 1030 XXI.
683 1003 745 1014 --
775 973 1052 1030 Omnibus
1100 974 1291 1045 itaque
1317 973 1498 1028 viduis
1529 973 1863 1028 Christianis

257 1069 570 1118 conventus
595 1067 718 1117 erat
740 1063 810 1117 ad
830 1062 1051 1117 beatam
1074 1062 1453 1127 Claudiam,et
1465 1061 1723 1116 omnibus
1749 1062 1863 1116 vir-

259 1152 494 1224 ginibus
505 1158 810 1208 conventus
826 1158 949 1208 erat
966 1153 1036 1207 ad
1052 1152 1276 1207 beatam
1291 1151 1865 1222 Eugeniam.Sanctus

260 1248 464 1298 autem
506 1243 801 1298 Cornelius
840 1259 987 1314 papa
1014 1241 1171 1296 urbis
1201 1243 1411 1308 Romaa,
1445 1241 1600 1295 omni
1641 1257 1867 1312 vespere

261 1331 498 1388 Sabbati
528 1349 650 1404 quae
676 1332 909 1387 lucescit
932 1331 996 1386 in
1017 1329 1310 1386 Dominico
1339 1331 1447 1396 die,
1473 1330 1644 1384 dabat
1672 1331 1752 1384 eis
1771 1347 1868 1384 no-

256 1427 412 1477 ctem
443 1422 667 1494 hymnis
695 1421 1042 1493 pervigilem,
1072 1427 1129 1476 et
1149 1419 1429 1491 pullorum
1449 1419 1745 1474 canoribus
1771 1436 1869 1474 no-

256 1512 372 1565 ctis
402 1511 591 1582 quiete
611 1510 813 1580 agebat
839 1511 962 1581 ejus
993 1515 1347 1565 sacrosancta
1385 1509 1672 1581 mysteria,
1705 1514 1762 1562 et
1789 1510 1871 1563 ita

257 1599 640 1656 conﬁrmabat
663 1617 758 1654 eas
785 1599 1036 1654 sabbato.
1062 1599 1310 1669 Eugenia
1331 1605 1520 1653 autem
1549 1604 1602 1652 et
1636 1598 1860 1663 Basilla,

1940 439 2293 494 mentiuntur
2304 439 2664 495 securitatem
2682 443 3029 499 transeuntis
3038 449 3398 518 temporis,ut
3414 467 3539 522 per-

1940 527 2096 597 petui
2124 528 2913 587 saeculicruciatibustradant.
2938 533 3180 607 Ideoque
3197 536 3538 597 charissima;

1943 616 2205 688 virgines,
2227 634 2351 689 quae
2379 634 2602 674 mecum
2629 619 2687 674 in
2717 636 2897 691 agone
2914 623 3253 693 virginitatis
3281 642 3430 683 nunc
3447 645 3539 684 us-

1946 723 2054 777 que
2082 708 2422 774 accurristis,
2455 715 2780 778 permanete
2799 710 2857 764 in
2887 727 3078 767 amore
3097 715 3337 783 Domini,
3371 735 3537 790 quem

1945 795 2206 866 coepistis.
2241 797 2487 868 Tempus
2517 797 2688 852 ﬂendi
2719 800 3123 870 temporaliter,
3157 803 3276 858 sine
3314 805 3539 863 fastidio

1946 889 2003 937 et
2038 883 2271 939 horrore
2306 886 2553 952 suiferte,
2588 892 2653 940 ut
2691 892 2949 959 tempora
2973 891 3165 960 gaudii
3195 895 3389 950 aeterni
3413 913 3543 953 cum

1945 972 2098 1026 omni
2134 975 2360 1044 possitis
2406 974 2704 1030 dilectione
2727 977 3030 1047 suscipere.
3062 981 3178 1050 Ego
3215 983 3364 1038 enim
3395 1002 3542 1040 com-

1947 1057 2205 1111 mendavi
2232 1075 2330 1112 vos
2359 1058 2594 1129 Spiritui
2623 1066 2836 1127 sancto,
2858 1066 2916 1116 et
2941 1063 3106 1118 credo
3118 1067 3264 1135 quod
3283 1084 3377 1121 vos
3405 1069 3545 1124 mihi

1948 1144 2197 1215 integras
2209 1163 2410 1202 omnes
2437 1147 2794 1220 illibatasque
2822 1151 3340 1210 constituat.Nolite
3356 1156 3546 1228 itaque

1948 1233 2148 1289 faciem
2212 1252 2397 1290 meam
2455 1254 2522 1291 ex
2571 1237 2679 1292 hoc
2724 1240 3091 1310 corporaliter
3133 1258 3403 1313 quaerere,
3445 1248 3545 1302 sed

1951 1328 2111 1391 gesta
2136 1329 2191 1378 et
2221 1331 2379 1381 actus
2408 1342 2508 1397 per
2537 1327 2798 1405 spiritum
2842 1331 3318 1401 contemplamini.
3363 1334 3432 1389 Et
3459 1335 3549 1390 his

1951 1413 2133 1479 dictis,
2167 1415 2416 1468 osculata
2444 1421 2530 1469 est
2557 1408 2865 1485 universas,
2893 1423 2952 1472 et
2996 1420 3196 1476 ﬂentes
3241 1422 3548 1479 fortissimo

1951 1502 2142 1556 animo
2163 1503 2574 1558 consolabatur.
2603 1505 2928 1561 Dicentibus
2959 1513 3150 1568 autem
3179 1511 3286 1565 sibi
3317 1513 3439 1566 vale
3465 1512 3550 1568 in-

1952 1591 2125 1646 vicem
2174 1591 2382 1647 Basilla
2421 1600 2476 1648 et
2533 1595 2803 1666 Eugenia,
2863 1597 3117 1652 oratione
3171 1599 3317 1654 facta
3372 1601 3549 1658 disce-

257 1695 332 1744 ut
371 1689 696 1756 memoravi,
718 1687 980 1743 omnibus
1009 1705 1068 1742 se
1099 1704 1242 1759 pene
1261 1687 1518 1742 noctibus
1538 1686 1871 1742 fruebantur
1886 1665 1931 1724 Β
1953 1680 2113 1735 dunt.

259 1779 324 1834 in
349 1777 590 1844 Christo,
609 1783 665 1832 et
684 1778 900 1832 alterno
924 1795 984 1832 se
1007 1777 1227 1849 eloquio
1257 1776 1670 1832 renovabant.0
1691 1793 1870 1848 quan-

235 1876 358 1923 tas
380 1883 482 1940 per
507 1868 815 1938 Eugeniam
845 1867 1089 1938 virgines
1119 1867 1376 1922 Salvator
1393 1866 1643 1920 invenit!
1680 1871 1865 1931 34'!

263 1963 516 2030 quantas
539 1957 707 2012 etiam
738 1973 839 2028 per
867 1957 1133 2011 Basillam
1164 1956 1421 2012 Christus
1451 1973 1684 2027 sponsas
1730 1955 1869 2010 obti-

261 2047 437 2102 nuit!
500 2053 723 2118 quantaa
770 2063 872 2118 per
921 2046 1215 2100 Claudiam
1258 2045 1586 2099 viduitatem
1615 2049 1876 2115 prompta

261 2137 558 2191 voluntate
586 2136 912 2190 servarunt!
947 2135 1144 2206 quanti
1169 2137 1406 2206 juvenes
1436 2151 1536 2206 per
1555 2134 1787 2188 Protum
1819 2138 1877 2187 et

265 2226 652 2299 Hyacinthum
673 2224 896 2280 Christo
917 2225 1156 2280 Domino
1186 2224 1541 2278 crediderunt
1568 2225 1580 2277 !

344 2316 476 2370 CAP.
504 2315 756 2370 XXII.—
777 2314 1075 2369 Valeriano
1106 2313 1297 2383 itaqu.n
1332 2319 1385 2365 et
1418 2313 1671 2367 Gallieno
1696 2312 1875 2383 impe-

263 2403 548 2480 rantibus,
572 2408 698 2458 orta
721 2403 922 2458 seditio
942 2403 1010 2456 de
1031 2403 1364 2457 Christianis
1395 2408 1497 2468 est,
1516 2417 1582 2456 eo
1603 2402 1750 2472 quod
1773 2401 1879 2472 Cy-

263 2495 507 2566 prianus
519 2492 917 2563 Carthaginem
931 2496 1287 2557 everteret,et
1307 2491 1598 2546 Cornelius
1616 2491 1874 2546 Romam.

263 2583 419 2638 Data
447 2587 534 2637 est
562 2599 694 2653 ergo
725 2581 1026 2636 auctoritas
1047 2581 1118 2636 ad
1135 2582 1440 2636 Paternum
1462 2581 1871 2652 proconsulem,

2026 1771 2162 1824 CAP.
2205 1772 2402 1828 XXIV.
2449 1799 2508 1814 ι·-
2541 1773 2680 1828 Ecce
2709 1775 2905 1829 eodem
2933 1775 3024 1831 die
3056 1777 3300 1848 perrexit
3342 1795 3456 1834 una
3485 1797 3553 1835 ex

1951 1859 2166 1915 ancillis
2185 1860 2255 1914 ad
2274 1860 2603 1931 Pompeium
2624 1879 2892 1934 sponsum
2910 1864 3148 1932 Basillaa,
3181 1883 3303 1938 quae
3322 1875 3378 1923 et
3391 1869 3550 1925 dixit:

1956 1948 2100 2012 Quia
2127 1955 2184 2002 te
2222 1949 2506 2004 dominam
2530 1955 2781 2005 nostram
2804 1951 3070 2008 Basillam
3089 1956 3348 2012 novimus
3361 1957 3432 2011 ab
3445 1959 3554 2013 im-

1957 2044 2214 2107 peratore
2243 2040 2536 2105 meruisse,
2561 2046 2750 2095 sextus
2785 2047 2840 2096 et
2881 2059 2948 2097 eo
2976 2045 3220 2116 amplius
3251 2051 3339 2101 est
3373 2063 3556 2104 annus

1958 2143 2126 2196 quam
2158 2133 2220 2180 tu
2252 2127 2311 2181 in
2339 2134 2535 2183 tenero
2564 2130 2746 2185 aetatis
2775 2147 2923 2187 anno
2953 2138 3018 2188 ut
3047 2139 3244 2204 postea
3274 2137 3555 2208 acciperes

1958 2215 2259 2279 distulisti;
2295 2217 2392 2271 sed
2447 2219 2759 2289 patruelem
2790 2221 2912 2291 ejus
2950 2222 3229 2278 Helenum
3266 2226 3406 2280 scies
3435 2243 3558 2283 esse

1959 2303 2362 2372 Christianum,
2395 2311 2452 2360 et
2468 2306 2614 2361 hanc
2631 2307 2710 2362 ita
2737 2307 2944 2364 factam
2969 2310 3440 2381 Christianam,ut
3451 2314 3557 2369 tibi

1958 2393 2186 2448 omnino
2215 2411 2326 2450 non
2356 2395 2550 2450 nubat.
2585 2397 2733 2452 Nam
2762 2402 2821 2452 et
2847 2398 2987 2453 duos
3011 2401 3296 2457 eunuchos
3324 2403 3559 2460 Protum

1960 2488 2017 2536 et
2036 2483 2413 2555 Hyacinthum
2435 2485 2716 2540 simulavit
2736 2502 2796 2541 se
2821 2486 2903 2540 illi
2929 2488 3140 2550 donum
3169 2491 3368 2546 oﬂ‘erre
3386 2493 3562 2565 Euge-

1958 2576 2071 2643 nia,
2095 2594 2234 2649 quos
2263 2578 2362 2632 illa
2382 2579 2547 2650 quasi
2578 2579 2838 2635 dominos
2875 2582 3096 2649 excolit,
3122 2589 3179 2638 et
3198 2585 3446 2655 quotidie
3467 2602 3561 2658 pe-

264 2678 338 2727 ut
382 2671 729 2743 Cyprianum
775 2671 1070 2725 occideret.
1109 2671 1399 2726 Cornelius
1439 2675 1628 2724 autem
1659 2669 1791 2740 quia
1839 2686 1873 2723 a
1955 2665 2053 2720 des
2074 2683 2269 2734 eorum
2286 2683 2351 2721 ac
2367 2668 2416 2722 si
2440 2668 2674 2724 deorum
2695 2669 3101 2727 immortalium
3120 2673 3565 2748 osculatur,quia

267 2761 468 2816 multis
498 2760 768 2816 Romanis
797 2761 970 2814 etiam
999 2759 1312 2814 illustribus
1341 2759 1648 2826 fovebatur,
1668 2765 1790 2812 erat
1812 2758 1869 2812 in
1962 2755 2067 2825 ipsi
2099 2760 2358 2810 auctores
2386 2763 2521 2811 sunt
2565 2757 2706 2812 artis
2757 2760 3006 2830 magicae,
3041 2769 3213 2832 quam
3253 2763 3563 2819 Christiani

266 2850 494 2905 abditis.
528 2851 684 2904 Tunc
704 2849 871 2904 beata
905 2849 1158 2920 Eugenia
1186 2848 1379 2903 videns
1427 2848 1714 2914 Basillam,
1749 2847 1831 2901 ait
1860 2855 1884 2902 :'
1963 2845 2340 2898 committunt.
2370 2847 2471 2900 His
2503 2846 2728 2914 auditis,
2762 2848 3064 2920 Pompeius
3088 2851 3282 2907 statim
3319 2854 3567 2908 cucurrit

266 2939 600 2995 Revelatum
631 2943 718 2993 est
740 2939 878 2993 mihi
917 2955 952 2992 a
981 2939 1220 2993 Domino
1251 2938 1399 3010 quod
1431 2955 1532 3010 pro
1561 2936 1882 3007 virginitate
1967 2933 2037 2987 ad
2054 2933 2330 2988 Helenum
2345 2935 2659 3005 patruelem
2672 2937 2822 3006 ejus;
2848 2937 2943 3008 qui
2965 2943 3024 2993 et
3038 2939 3283 2994 nutritor
3298 2943 3420 3012 ejus
3442 2948 3568 2998 erat

269 3046 516 3102 passura
544 3029 640 3084 sis.
668 3029 738 3084 Et
776 3027 980 3084 Basilla
1000 3028 1072 3082 ad
1102 3028 1414 3098 Eugeniam
1448 3027 1738 3098 respondit
1771 3045 1782 3080 ε
1809 3027 1878 3081 Et
1895 3018 1938 3081 C
1961 3026 2018 3076 et
2044 3027 2218 3089 tutor,
2240 3028 2297 3077 et
2312 3023 2449 3077 dicit
2465 3023 2517 3078 ei
2549 3042 2561 3078 :
2588 3023 2746 3079 Intra
2770 3025 2874 3080 hoc
2901 3027 3155 3083 triduum
3174 3031 3400 3101 nuptias
3415 3046 3570 3087 meas

265 3119 435 3185 mihi,
483 3118 684 3189 inquit,
741 3118 1005 3190 dignatus
1055 3123 1141 3172 est
1177 3117 1450 3172 Dominus
1494 3117 1884 3171 demonstrare

270 3208 427 3282 quod
482 3207 740 3280 martyrii
791 3224 1058 3262 coronam
1106 3206 1386 3278 duplicem
1438 3205 1662 3277 capias:
1712 3222 1885 3260 unam

271 3313 450 3370 quam
480 3297 629 3368 apud
657 3297 1053 3352 Alexandriam
1077 3313 1177 3368 pro
1194 3297 1363 3370 justis
1384 3294 1668 3350 laboribus
1697 3295 1886 3366 acqui-

273 3387 440 3454 sisti;
474 3391 532 3440 et
562 3387 752 3452 aliam,
790 3403 964 3456 quam
1018 3387 1076 3440 in
1137 3385 1409 3440 effusione
1461 3383 1545 3438 tui
1594 3383 1886 3456 sanguinis

275 3482 650 3531 consecutura
699 3493 777 3530 es.
838 3477 996 3531 Tunc
1053 3474 1218 3529 beata
1263 3474 1510 3544 Eugenia
1565 3473 1886 3545 expandens

277 3581 485 3620 manus
516 3581 667 3631 suas,
701 3565 839 3620 dixit
870 3583 881 3618 :
917 3564 1154 3619 Domine
1183 3565 1337 3628 Jesu,
1369 3563 1642 3618 Altissimi
1690 3562 1881 3629 Filius,

279 3654 378 3727 qui
427 3653 499 3708 ad
529 3654 770 3708 salutem
817 3660 1072 3709 nostram
1120 3652 1321 3708 venisti
1368 3669 1468 3724 per
1505 3651 1885 3722 virginitatem

281 3743 506 3808 matris,
553 3749 616 3797 tu
662 3759 764 3814 per
798 3741 1138 3812 virginitatis
1179 3741 1473 3814 praemium
1524 3757 1719 3795 omnes
1749 3757 1888 3812 quas

282 3831 428 3887 mihi
457 3831 748 3886 credidisti
779 3831 989 3903 perduc
1018 3831 1089 3886 ad
1117 3847 1356 3901 regnum
1385 3829 1577 3900 gloriae
1608 3834 1734 3885 tuae.

359 3922 494 3976 Car.
518 3921 722 3976 XXIII.
752 3951 818 3962 —
858 3919 1253 3976 Residentibus
1283 3925 1470 3975 autem
1502 3918 1708 3974 sanctis
1726 3918 1892 3990 virgi-

285 4009 456 4066 nibus
493 4009 720 4077 Christi,
755 4026 878 4082 quae
921 4015 1086 4065 erant
1125 4027 1256 4064 cum
1302 4009 1553 4079 Eugenia
1579 4014 1637 4062 et
1663 4007 1888 4074 Basilla,

285 4099 432 4156 dixit
467 4099 728 4154 omnibus
749 4098 916 4154 beata
943 4099 1194 4170 Eugenia
1227 4117 1239 4152 :
1274 4099 1410 4154 Ecce
1430 4096 1722 4152 vindemiae
1751 4102 1890 4151 tem-

286 4205 398 4262 pus
425 4193 532 4255 est,
574 4189 634 4242 in
669 4205 780 4260 quo
816 4188 1180 4243 succidantur
1211 4187 1375 4252 botri,
1412 4192 1469 4240 et
1495 4185 1730 4258 pedibus
1755 4201 1888 4239 con-

285 4277 606 4344 culcantur,
665 4277 762 4331 sed
812 4282 940 4349 post
977 4277 1095 4331 haec
1139 4275 1424 4347 regalibus
1478 4273 1740 4330 conviviis
1786 4291 1890 4344 ap-

1967 3109 2250 3166 celebrare
2278 3112 2551 3183 disposui,
2585 3129 2688 3184 pro
2718 3129 2829 3185 qua
2857 3131 2918 3168 re
2957 3115 3044 3170 fac
3070 3133 3162 3172 me
3189 3118 3378 3174 videre
3402 3135 3570 3193 spon-

1967 3217 2087 3256 sam
2119 3218 2322 3267 meam,
2357 3217 2528 3272 quam
2554 3201 2694 3256 mihi
2719 3203 2934 3259 domini
2976 3221 3170 3260 rerum
3217 3207 3568 3264 invictissimi

1967 3291 2248 3364 principes
2278 3291 2402 3345 ﬁeri
2426 3292 2725 3362 conjugem
2753 3300 3156 3365 praeceperunt.
3171 3296 3290 3364 Ille,
3307 3297 3394 3352 his
3414 3298 3571 3354 audi-

1969 3380 2061 3446 tis,
2077 3379 2304 3451 agnovit
2329 3379 2616 3450 proditum
2639 3379 2946 3451 negotium,
2964 3382 3047 3437 ait
3065 3383 3136 3438 ad
3156 3401 3286 3440 eum
3319 3403 3331 3439 ε
3356 3387 3572 3451 Quous-

1971 3487 2078 3541 que
2107 3469 2240 3524 anni
2270 3468 2580 3524 transirent
2607 3469 2857 3526 infantia;
2880 3472 3023 3542 ejus,
3059 3488 3247 3528 meam
3269 3475 3416 3531 circa
3443 3492 3570 3534 eam

1969 3559 2204 3614 tutelam
2232 3575 2333 3630 pro
2364 3557 2739 3629 germanitate
2767 3559 2942 3631 patris
2969 3562 3109 3632 ejus,
3129 3567 3186 3618 et
3212 3580 3314 3635 pro
3333 3565 3455 3638 ipso
3469 3582 3575 3622 nu-

1969 3649 2236 3703 trimento
2264 3648 2485 3702 exercui
2518 3666 2530 3716 ;
2565 3664 2715 3704 nunc
2734 3665 2865 3705 vero
2884 3651 3019 3722 quia
3037 3653 3207 3724 cut-pit
3229 3654 3318 3709 sui
3343 3671 3464 3711 esse
3482 3673 3572 3712 ar-

1969 3738 2141 3804 bitrii,
2164 3738 2224 3792 in
2250 3753 2354 3792 sua
2365 3737 2483 3792 vult
2504 3753 2625 3792 esse
2645 3743 2942 3810 potestate.
2962 3740 3122 3796 Unde
3137 3759 3185 3797 ει
3206 3742 3361 3800 illam
3383 3746 3571 3804 videre

1972 3827 2274 3893 desideras,
2308 3828 2431 3898 ejus
2467 3827 2579 3882 erit
2605 3827 2842 3897 arbitrii,
2875 3845 2989 3885 non
3008 3830 3120 3886 mei
3146 3833 3389 3906 imperii.

2045 3919 2176 3972 CAP.
2208 3917 2378 3971 XXV.
2411 3941 2474 3954 -—
2501 3917 2751 3972 Audiens
2779 3918 2900 3974 haec
2927 3920 3247 3993 Pompeius,
3279 3926 3573 3983 vehemen-

1975 4006 2086 4061 tius
2115 4005 2284 4076 cuepit
2311 4005 2539 4073 ardere;
2573 4011 2630 4060 et
2656 4023 2896 4078 pergens
2915 4009 2983 4064 ad
3004 4010 3223 4067 Basillae
3251 4014 3572 4084 domum,ut

1970 4095 2330 4151 nuntiaretur
2352 4094 2693 4164 janitoribus
2721 4097 3055 4168 imperabat.
3109 4101 3210 4156 Cui
3239 4102 3348 4158 ista
3377 4111 3510 4160 sunt
3537 4123 3572 4162 a

1971 4185 2178 4240 Basilla
2188 4183 2484 4238 mandata:
2505 4185 2744 4239 Causam
2774 4192 2832 4240 te
2859 4185 3086 4242 videndi
3105 4190 3328 4260 penitus
3355 4195 3569 4251 nullam

1971 4291 2062 4328 me
2086 4271 2295 4327 habere
2323 4288 2643 4343 cognoscas,
2684 4289 2867 4344 neque
2895 4275 3178 4344 audiendi,
3203 4296 3386 4351 neque
3415 4284 3567 4338 salu-

287 4374 604 4439 ponuntur.
639 4367 863 4440 Absque
891 4383 1086 4422 eorum
1136 4366 1410 4437 sanguine
1452 4365 1608 4420 nulla
1647 4354 1958 4436 potestasD
1978 4363 2154 4418 tandi.
2181 4361 2280 4416 His
2305 4359 2797 4428 auditis,turbatus
2811 4369 2896 4418 est
2917 4364 3322 4438 vehementius;
3339 4378 3395 4426 et
3414 4375 3568 4429 omni

285 4455 534 4528 imperii,
588 4457 744 4511 nulla
782 4457 1017 4512 illustris
1059 4455 1304 4527 dignitas
1333 4455 1631 4509 decoratur
1661 4474 1672 4508 :
1709 4459 1767 4508 et
1792 4469 1889 4507 vos

288 4545 556 4616 palmites
587 4545 717 4612 mei,
741 4551 798 4599 et
825 4562 1078 4601 meorum
1109 4545 1382 4600 viscerum
1401 4543 1568 4609 botri,
1601 4547 1778 4598 estote
1799 4558 1894 4613 pa-

289 4633 406 4688 rati
435 4634 496 4688 in
523 4633 782 4688 Domino.
816 4634 1123 4705 Virginitas
1154 4635 1303 4689 enim
1325 4640 1410 4689 est
1447 4634 1639 4705 primae
1665 4631 1889 4686 virtutis

285 4722 562 4777 indicium
584 4723 700 4776 Deo
729 4723 1269 4794 proximum,similis
1285 4721 1884 4794 angelis,parensvitee,

287 4812 478 4868 amica
531 4812 865 4879 sanctitatis,
900 4813 990 4868 via
1034 4813 1374 4875 securitatis,
1402 4812 1632 4866 domina
1671 4807 1884 4880 gaudii,

287 4900 406 4956 dux
426 4901 668 4967 virtutis,
682 4902 991 4957 fomentum
1015 4908 1072 4956 et
1090 4917 1294 4956 corona
1331 4899 1890 4967 fidei,adminiculum

288 4997 347 5044 et
376 4989 691 5045 subsidium
707 4990 1015 5046 charitatis.
1036 4991 1185 5046 Nihil
1209 4990 1288 5044 ita
1309 4989 1470 5044 nobis
1498 4987 1886 5053 laborandum,

287 5079 438 5133 nihil
464 5079 546 5133 ita
572 5086 659 5135 est
687 5080 1034 5146 enitendum,
1063 5079 1172 5135 nisi
1227 5096 1355 5134 cum
1383 5078 1707 5150 virginitate
1748 5076 1890 5131 viva-

288 5185 441 5235 mus,
476 5175 576 5224 aut
601 5170 749 5241 quod
779 5176 866 5224 est
890 5169 1207 5240 gloriosius,
1236 5186 1337 5241 pro
1366 5168 1688 5240 virginitate
1718 5165 1889 5221 etiam

288 5257 624 5313 moriamur.
641 5259 774 5324 Quae
797 5264 929 5314 sunt
951 5259 1119 5330 hujus
1147 5259 1342 5314 mundi
1375 5257 1761 5313 blandimenta
1792 5255 1891 5309 fal-

282 5347 595 5416 lacissima,
628 5354 686 5403 et
711 5365 838 5403 cum
866 5347 1072 5419 gaudio
1103 5348 1401 5420 temporali
1427 5347 1742 5413 veniunt,et
1763 5361 1891 5400 cum

279 5443 564 5510 perpetuo
591 5437 782 5493 dolore
809 5439 1105 5496 discedunt
1129 5459 1140 5494 :
1191 5438 1403 5494 faciunt
1430 5442 1887 5492 momentaneum

1970 4469 2111 4524 pene
2129 4455 2456 4506 senatorum
2477 4451 2662 4506 favore
2695 4468 2848 4520 usus,
2869 4457 3172 4525 prostravit
3182 4474 3242 4512 se
3255 4475 3446 4516 coram
3465 4462 3568 4519 im-

1972 4548 2250 4614 peratore,
2282 4540 2472 4595 dicens
2497 4559 2509 4595 :
2540 4539 2841 4596 Subvenite
2873 4543 3142 4600 Romanis
3161 4549 3568 4618 vestris,sacra-

1974 4632 2176 4686 tissimi
2207 4630 2505 4702 principes,
2521 4635 2579 4684 et
2600 4630 2733 4686 deos
2755 4648 2925 4687 novos
2943 4649 3082 4704 quos
3110 4635 3362 4708 Eugenia
3380 4657 3569 4698 secum

1970 4720 2202 4775 adduxit
2228 4719 2298 4774 ab
2348 4720 2588 4792 zEgypto
2615 4719 2861 4787 veniens,
2892 4720 2962 4775 ab
2984 4721 3090 4777 hac
3117 4725 3256 4779 urbe
3285 4735 3564 4800 separate.

1970 4809 2077 4863 Diu
2108 4815 2194 4863 est
2221 4809 2373 4864 enim
2401 4809 2548 4880 quod
2572 4808 2626 4862 hi
2650 4808 2745 4880 qui
2774 4809 3078 4865 Christiani
3098 4813 3364 4871 dicuntur
3382 4820 3566 4892 reipu-

1971 4897 2126 4954 blicae
2154 4905 2390 4952 nocent:
2425 4898 2523 4968 qui
2545 4897 2782 4971 irrident
2809 4899 2998 4970 legum
3028 4910 3348 4961 nostrarum
3375 4927 3562 4968 sacro-

1972 4994 2165 5042 sancta
2186 4987 2534 5054 caeremonia,
2565 4992 2623 5040 et
2646 4987 3055 5060 omnipotentes
3084 4991 3218 5048 deos
3237 5003 3478 5067 nostros,
3499 5018 3565 5058 ac

1972 5077 2020 5131 si
2066 5093 2208 5130 vana
2251 5075 2568 5141 simulacra,
2600 5075 2932 5146 despiciunt.
2965 5079 3104 5135 Jura
3127 5099 3349 5156 quoque
3387 5089 3564 5160 ipsius

1972 5172 2190 5220 naturae
2225 5170 2574 5236 pervertunt,
2631 5171 2897 5236 separant
2940 5170 3284 5241 conjugium,
3319 5179 3565 5245 gratiam

1972 5271 2303 5327 sponsarum
2325 5253 2432 5308 sibi
2451 5253 2762 5308 associant:
2793 5260 2850 5310 et
2874 5255 3067 5312 dicunt
3085 5259 3340 5332 iniquum
3365 5269 3565 5335 esse,si

1973 5360 2238 5418 sponsum
2257 5360 2423 5399 suum
2442 5359 2646 5414 sponsa
2658 5343 2910 5416 accipiat.
2945 5346 3090 5412 Quid
3109 5349 3394 5422 faciemus,
3429 5356 3563 5427 piis—

1973 5435 2100 5488 simi
2128 5434 2497 5505 imperatores
2516 5432 2540 5485 ?
2558 5433 2774 5489 Iuventi
2795 5439 2984 5502 348
3005 5445 3139 5494 sunt
3161 5440 3238 5494 dii
3261 5443 3357 5512 qui
3379 5445 3571 5498 homi-.

279 5529 491 5596 risum,
518 5533 584 5583 ut
601 5532 874 5586 aeternum
903 5531 1099 5587 ﬂetum
1127 5529 1424 5600 infligant;
1455 5525 1712 5584 tribuunt
1738 5525 1887 5596 fugi-
1968 5541 2065 5581 nes
2093 5521 2445 5596 prohibeant,
2479 5526 2534 5576 et
2548 5523 2751 5595 quibus
2777 5523 2888 5579 ista
2921 5525 3206 5595 videbunt,
3236 5529 3283 5583 si
3311 5532 3432 5586 nati
3451 5547 3566 5588 non

541 5631 811 5692 ΡΑτιιοι..
858 5630 1131 5691 LXXIII.

3254 5629 3335 5688 2O
