3876 6190
403 186 506 244 619

1415 179 1508 235 DE
1545 178 1734 234 VITIS
1774 171 2069 232 PATRUM
2107 171 2320 231 LIBER
2357 173 2646 234 PRIMUS.

3514 196 3601 258 620

399 313 610 371 fuerint
637 309 840 384 quibus
865 307 1049 362 valeat
1089 307 1402 378 imperari?
1429 307 1537 364 Ubi
1580 307 1862 380 reparatio
1892 306 1998 360 Ro-
2017 299 2222 373 Anihil
2246 301 2398 356 aliud
2426 303 2781 371 remanserit,
2819 304 2926 360 nisi
2954 305 3072 361 sola
3098 323 3208 376 ara,
3243 330 3353 385 quae
3380 317 3470 377 fuit
3494 333 3603 384 ante

400 417 694 457 manarum
737 398 937 452 virium
960 396 985 448 ?
1012 395 1108 450 ubi
1147 396 1385 451 Romani
1432 397 1708 452 exercitus
1753 394 2002 450 rediviva
2078 388 2312 458 januam
2342 391 2556 463 templi,
2583 393 2654 446 ad
2672 409 2840 463 quam
2865 393 3052 450 stabat
3078 396 3232 454 beata
3257 403 3607 476 Eugeniaﬂec

396 489 747 546 certamina?
774 488 883 541 Pro
914 484 1115 556 quibus
1143 484 1396 540 victrices
1417 486 1624 540 dextrae
1639 490 1834 539 vestrae
1863 484 1996 537 hos-

393 580 537 635 tium
573 576 814 633 cervices
854 573 1228 639 inclinabant,
1274 573 1320 628 si
1343 575 1464 645 jam
1492 590 1692 629 uxores
1725 571 1993 626 habendae

390 685 502 724 non
532 671 717 733 erunt,
749 665 797 720 si
825 680 1058 736 sponsas
1080 663 1415 730 amittimus,
1443 670 1502 718 et
1527 663 1811 718 tacemus?

460 757 592 812 Car.
615 755 813 811 XXVI.
831 783 890 795 -
925 755 1055 808 Haec
1076 759 1134 807 et
1145 753 1234 807 his
1254 753 1459 807 similia
1474 754 1609 807 dum
1630 765 1991 824 prosequere-

386 851 498 912 tur,
524 851 583 901 et
611 843 794 900 omnis
814 847 1041 898 senatus
1072 859 1139 896 ea
1159 842 1332 896 ﬂebili
1355 843 1586 913 querela
1613 842 1987 912 depromeret,

386 935 630 990 decrevit
672 933 961 990 Gallienus
996 933 1285 1002 Augustus
1319 930 1446 1001 (16),
1487 936 1551 985 ut
1578 936 1678 984 aut
1716 944 1985 1001 sponsum

383 1041 553 1080 suum
581 1023 789 1078 Basilla
815 1022 1110 1094 acciperet,
1144 1026 1243 1076 aut
1268 1020 1454 1090 gladio
1483 1020 1769 1083 interiret;
1800 1019 1982 1088 Euge-

383 1113 538 1169 niam
553 1128 683 1168 vero
694 1117 794 1167 aut
811 1111 1122 1166 sacriﬁcare
1151 1110 1384 1175 diis,aut
1397 1109 1700 1163 crudeliter
1727 1107 1979 1174 interire;

382 1209 439 1257 et
457 1203 614 1258 dedit
636 1201 922 1256 licentiam
945 1205 1012 1255 ut
1037 1199 1375 1271 quicumque
1400 1198 1781 1253 Christianum
1809 1213 1981 1268 penes

381 1309 440 1348 se
478 1290 847 1349 absconderet
893 1290 1211 1362 puniretur.
1264 1288 1606 1343 Convenitur
1659 1287 1887 1353 Basilla,
1917 1291 1983 1340 ut

381 1397 652 1453 sponsum
673 1378 1082 1451 recipiat.Dicit
1104 1394 1167 1432 se
1196 1377 1295 1431 illa
1314 1378 1526 1448 Regem
1554 1393 1752 1448 regum
1774 1375 1980 1430 habere

377 1486 665 1542 sponsum,
699 1469 795 1540 qui
830 1474 915 1523 est
960 1468 1217 1523 Christus
1242 1467 1418 1522 Filius
1449 1467 1570 1521 Dei.
1605 1468 1674 1521 Et
1700 1483 1828 1521 cum
1862 1467 1978 1519 haec

2080 476 2138 530 in
2163 479 2347 537 insula
2377 482 2659 553 Lycaonia
2705 488 2866 553 gesta
2903 489 3036 539 sunt
3065 503 3241 543 coram
3278 497 3501 554 omnibus
3528 506 3607 574 qui

2076 569 2455 662 sequebantur
2479 588 2718 642 agonem
2737 573 3018 643 Eugeniae.
3039 576 3127 629 Fit
3153 595 3429 662 concursus
3451 569 3612 662 populi

2075 655 2332 726 Romani,
2367 667 2423 715 et
2471 662 2627 716 varia
2667 663 3013 718 acclamatio.
3040 666 3148 718 Alii
3185 659 3365 725 dicunt
3389 655 3610 735 innocen-

2074 752 2210 816 tem,
2242 749 2336 803 alii
2365 768 2609 822 magam.
2639 752 2986 807 Nuntiantur
3024 753 3132 808 ista
3160 758 3415 827 praefecto,
3444 768 3613 835 praete-

2074 842 2195 892 ctus
2248 839 2576 912 imperatori
2607 841 2943 896 manifestat.
2980 843 3286 914 Imperator
3322 865 3434 904 eam
3471 855 3610 923 jubet

2072 927 2235 997 ligari
2282 946 2432 997 saxo,
2474 937 2531 985 et
2558 931 2893 1003 praecipitari
2924 931 2980 985 in
3003 932 3276 1003 Tiberim;
3327 939 3416 992 sed
3444 943 3613 998 statim

2067 1033 2262 1072 saxum
2292 1019 2612 1091 disruptum
2642 1026 2741 1075 est.
2781 1021 2954 1074 Beata
2999 1039 3128 1076 vero
3156 1024 3394 1095 Eugenia
3427 1029 3500 1084 ita
3537 1050 3611 1086 se-

2066 1105 2222 1174 dens,
2253 1124 2422 1180 super
2463 1109 2672 1162 ﬂuviali
2729 1125 2876 1180 aqua
2907 1109 3254 1179 efferebatur,
3300 1121 3362 1168 ut
3387 1120 3615 1176 omnibus

2065 1194 2398 1251 Christianis
2431 1204 2730 1269 appareret
2760 1199 2921 1252 illum
2943 1199 3112 1254 fuisse
3140 1217 3267 1256 cum
3304 1204 3533 1275 Eugenia
3566 1210 3615 1263 in

2064 1284 2314 1353 ﬂumine,
2338 1303 2408 1341 ne
2439 1286 2836 1343 absorberetur
2871 1288 2966 1359 qui
3003 1289 3186 1344 fuerat
3227 1309 3348 1346 cum
3393 1293 3541 1350 Petro
3567 1298 3617 1352 in

2061 1375 2224 1441 mari,
2257 1393 2328 1430 ne
2358 1383 2732 1448 mergeretur.

2133 1465 2262 1519 CAP.
2291 1466 2490 1525 XXIX.
2528 1498 2590 1509 —
2619 1469 2762 1523 Item
2793 1467 2921 1521 inde
2951 1467 3189 1534 sublata,
3219 1471 3276 1524 in
3303 1472 3620 1530 thermarum

375 1559 626 1627 dixisset,
655 1558 845 1630 gladio
876 1556 1188 1612 transfossa
1216 1563 1322 1612 est.
1356 1557 1518 1610 Tenti
1544 1557 1736 1611 statim
1770 1556 1974 1610 Protus
2060 1553 2486 1610 Severianarum
2527 1555 2844 1610 fornacibus
2869 1557 3118 1611 mittitur
3150 1578 3160 1611 :
3199 1575 3318 1629 quae
3352 1561 3427 1615 sic
3453 1565 3621 1619 statim

374 1653 432 1704 et
459 1647 829 1720 Hyacinthus,
860 1647 1166 1702 trahuntur
1195 1646 1265 1700 ad
1295 1646 1568 1716 templum
1598 1665 1612 1716 ;
1637 1645 1735 1699 sed
1767 1645 1978 1699 oratio-
1997 1635 2044 1695 B
2063 1643 2346 1698 exstinctae
2375 1651 2524 1711 sunt,
2559 1652 2622 1699 ut
2671 1646 3024 1700 thermarum
3054 1647 3208 1702 calor
3244 1649 3616 1721 refrigesceret,

371 1753 504 1793 nem
528 1737 640 1792 illis
667 1735 1017 1799 facientibus,
1039 1735 1405 1790 simulacrum
1432 1735 1460 1788 J
1466 1734 1580 1789 ovis
1600 1734 1670 1788 ad
1697 1734 1845 1805 quod
1872 1734 1971 1788 du-

369 1825 640 1882 cebantur
667 1825 1002 1891 sacriﬁcare,
1036 1823 1236 1878 cecidit
1263 1824 1334 1878 ad
1356 1823 1526 1894 pedes
1546 1840 1740 1878 eorum
1762 1843 1778 1893 ;
1809 1829 1867 1878 et
1891 1824 1971 1877 ita

370 1915 781 1970 comminutum
814 1917 917 1980 est,
948 1918 1015 1968 ut
1042 1912 1140 1968 ubi
1181 1913 1368 1978 fuerit,
1409 1928 1522 1967 non
1569 1918 1810 1984 pareret.
1845 1914 1968 1967 Non

365 2003 562 2058 virtuti
591 2003 809 2068 divinae,
836 2002 933 2057 sed
962 2001 1190 2072 magicae
1219 2002 1328 2056 arti
1352 2002 1457 2056 hoc
1476 2001 1778 2074 imputans,
1808 1999 1972 2071 jubet

365 2109 461 2148 eos
480 2091 747 2148 decollari
773 2091 1021 2147 Nicetius
1045 2090 1198 2146 urbis
1228 2091 1536 2162 praefectus.

433 2181 794 2238 CAP.XXVII.
824 2209 884 2221 -
908 2181 1016 2245 Qui
1041 2181 1212 2235 etiam
1241 2182 1566 2236 accersitam
1597 2181 1668 2235 ad
1698 2198 1757 2236 se
1783 2181 1966 2250 Euge-

358 2271 512 2327 niam
535 2271 705 2344 coepit
723 2271 791 2325 de
813 2270 1048 2341 magicis
1067 2269 1282 2324 artibus
1299 2269 1368 2324 ab
1392 2287 1459 2325 ea
1478 2270 1737 2341 ﬂagitare
1757 2285 1966 2324 sermo-

355 2378 514 2419 nem.
560 2362 634 2415 At
660 2360 758 2416 illa
785 2365 1110 2414 constanter
1141 2376 1204 2414 os
1255 2376 1422 2414 suum
1452 2359 1730 2430 aperiens,
1772 2359 1912 2413 dixit
1945 2379 1960 2413 :

356 2450 632 2506 Polliceor
643 2449 745 2504 tibi
769 2449 916 2521 quod
929 2466 1022 2503 ars
1040 2453 1234 2503 nostra
1248 2448 1634 2502 vehementior
1646 2448 1828 2518 magis
1845 2453 1947 2502 est:

355 2553 487 2593 nam
506 2538 777 2608 magister
795 2544 988 2592 noster
1001 2537 1170 2592 habet
1197 2537 1420 2592 Patrem
1453 2537 1572 2592 sine
1603 2537 1720 2592 ulla
1747 2543 1947 2604 matre,

351 2632 409 2680 et
435 2631 675 2681 matrem
705 2625 915 2697 absque
943 2632 1121 2697 patre.
1183 2626 1434 2697 Denique
1473 2627 1552 2680 sic
1583 2643 1710 2681 eum
1755 2627 1951 2697 genuit

349 2715 536 2781 Pater,
566 2726 630 2770 ut
643 2713 872 2769 omnino
893 2715 1161 2769 feminam
1177 2731 1467 2787 nunquam
1497 2717 1683 2782 sciret;
1717 2716 1796 2769 sic
1818 2732 1946 2769 eum

344 2809 544 2876 genuit
568 2810 767 2872 mater,
781 2809 847 2859 ut
865 2804 1178 2858 masculum
1205 2805 1433 2859 omnino
1461 2820 1574 2860 non
1606 2811 1794 2860 nosset
1817 2823 1828 2857 :
1857 2805 1948 2859 hic

343 2896 464 2967 ipse
487 2893 658 2950 habet
684 2909 915 2949 uxorem
943 2895 1238 2965 virginem.
1263 2912 1385 2965 qua;
1412 2894 1493 2948 illi
1524 2895 1774 2965 quotidie
1801 2895 1944 2948 ﬁlios

2053 1737 2110 1786 et
2133 1733 2322 1787 omnia
2339 1734 2596 1789 incendia
2624 1734 2907 1804 lignorum
2933 1736 3004 1789 ad
3034 1735 3274 1790 nihilum
3305 1739 3622 1799 devenirent.

2054 1821 2143 1874 Sic
2165 1822 2404 1893 denique
2432 1824 2599 1877 chaos
2620 1823 2892 1890 fecerunt,
2906 1829 2970 1878 ut
2996 1825 3236 1880 ulterius
3265 1828 3499 1883 exhiberi
3525 1847 3621 1886 non

2052 1917 2300 1980 possent.
2329 1911 2570 1966 Mittitur
2581 1919 2706 1984 post
2725 1913 2841 1967 haec
2869 1913 2927 1967 in
2940 1914 3257 1968 custodiam
3268 1916 3622 1987 tenebrarum,

2053 2004 2110 2052 et
2133 2017 2234 2070 per
2261 2001 2452 2054 decem
2484 2002 2603 2056 dies
2647 2002 2881 2072 jubetur
2910 2003 3127 2057 nullum
3158 2003 3344 2060 cibum
3373 2009 3619 2079 accipere,
3710 2059 3715 2064 .

2051 2093 2110 2141 et
2128 2089 2320 2144 lumen
2349 2092 2573 2160 penitus
2602 2108 2715 2145 non
2749 2092 2954 2146 videre.
2976 2091 3060 2147 Ibi
3085 2100 3280 2148 autem
3303 2102 3492 2152 tantus
3509 2113 3627 2168 quo-

2049 2176 2186 2231 tidie
2215 2177 2520 2234 abundavit
2541 2180 2820 2250 splendor,
2839 2183 2901 2234 rit
2930 2181 3064 2235 dum
3098 2183 3460 2252 egrederetur
3481 2185 3625 2240 beata

2048 2265 2320 2337 Eugenia,
2351 2269 2510 2339 quasi
2540 2269 2730 2324 lumen
2782 2270 3010 2341 aliquod
3063 2272 3339 2346 radiaret.
3372 2274 3626 2346 Apparuit

2046 2362 2235 2410 autem
2267 2357 2346 2410 illi
2383 2358 2653 2425 Salvator,
2690 2359 2874 2413 ferens
2917 2360 2976 2414 in
3023 2377 3204 2416 manu
3255 2379 3456 2432 panem
3497 2365 3625 2418 nivei

2039 2445 2297 2500 candoris
2311 2453 2366 2501 et
2396 2447 2684 2502 immensa:
2695 2449 2988 2503 suavitatis
3011 2456 3069 2503 et
3091 2451 3313 2520 gratiae,
3329 2457 3386 2505 et
3405 2453 3538 2506 dixit
3562 2453 3623 2506 ei:

2038 2535 2308 2604 Eugenia,
2325 2536 2513 2607 accipe
2532 2537 2716 2591 cibum
2735 2537 2805 2591 de
2828 2554 2997 2592 manu
3015 2556 3168 2608 mea;
3189 2558 3295 2610 ego
3317 2557 3439 2594 sum
3466 2541 3632 2596 Salva-

2030 2626 2127 2677 tor
2153 2630 2302 2691 tuus,
2329 2641 2496 2695 quem
2521 2631 2641 2680 tota
2661 2627 2867 2680 mentis
2896 2627 3193 2700 animique
3227 2630 3531 2684 intentione
3550 2629 3629 2683 di-

2030 2712 2232 2779 lexisti,
2263 2720 2320 2768 et
2337 2715 2542 2784 diligis.
2566 2715 2773 2770 Eodem
2790 2716 2878 2771 die
2899 2722 2955 2770 te
2970 2717 3029 2770 in
3054 2718 3216 2772 caelis
3234 2720 3518 2790 recipiam,
3534 2736 3631 2790 quo

2030 2818 2132 2872 ego
2176 2804 2437 2858 descendi
2460 2805 2532 2858 ad
2556 2810 2786 2859 terram.
2822 2806 2889 2860 Et
2928 2806 3048 2861 haec
3077 2807 3298 2874 dicens,
3348 2809 3620 2862 abscessit.

2028 2892 2156 2962 Ipso
2185 2898 2375 2947 autem
2399 2892 2488 2946 die
2512 2894 2729 2948 Natalis
2760 2894 2984 2948 Domini
3003 2896 3224 2952 missus
3237 2904 3326 2952 est
3343 2897 3627 2968 gladiator,

343 2987 516 3050 creat,
550 2982 722 3038 etiam
773 2981 1213 3037 innumerabiles
1242 2983 1294 3037 ei
1323 2983 1468 3037 ﬁlios
1497 2983 1662 3054 parit,
1689 2983 1999 3067 quotidiec
2026 2981 2121 3051 qui
2152 2998 2276 3035 eam
2305 2982 2364 3035 in
2392 2982 2646 3037 custodia
2667 2983 2905 3053 positam
2935 2986 3258 3056 percussit;
3285 2994 3344 3041 et
3365 2986 3628 3042 sublatum

341 3088 504 3128 suam
532 3088 761 3128 carnem
778 3073 900 3143 ejus
928 3071 1190 3127 carnibus
1220 3073 1529 3143 conjungit.
1575 3073 1777 3128 Oscula
1816 3075 1939 3144 ejus
2022 3076 2108 3125 est
2136 3087 2337 3142 corpus
2369 3070 2439 3126 ab
2469 3071 2730 3128 afﬁnibus
2760 3073 3123 3142 Christianis,
3157 3082 3218 3131 et
3254 3077 3502 3148 positum
3556 3082 3634 3131 est

340 3162 489 3221 circa
527 3178 654 3217 eam
702 3162 824 3218 sine
865 3161 1282 3216 intermissione
1323 3157 1626 3223 sociantur,
1655 3162 1714 3215 in
1745 3178 1938 3216 amore

338 3268 440 3308 suo
468 3250 706 3308 invicem
730 3252 960 3306 omnino
985 3251 1312 3322 perdurant,
1349 3256 1406 3305 et
1422 3255 1584 3305 tanta
1614 3251 1937 3322 integritate

336 3340 668 3407 subsistunt,
691 3346 756 3396 ut
783 3341 966 3395 omnis
991 3340 1304 3411 virginitas,
1325 3345 1381 3394 et
1402 3340 1582 3394 omnis
1608 3341 1937 3408 charitas,et

334 3429 517 3488 omnis
545 3429 842 3502 integritas
867 3446 934 3484 ex
963 3446 1159 3485 eorum
1187 3429 1449 3500 conjugio
1477 3429 1801 3488 dirimatur.

407 3520 874 3576 ΟΑΡ.ΧΧνῙῙΙ.-
903 3519 1155 3573 Audiens
1177 3519 1296 3574 haec
1323 3518 1594 3584 Nicetius,
1620 3519 1930 3590 obstupuit;

333 3614 392 3663 et
419 3623 491 3664 ne
519 3608 591 3663 ad
618 3608 1019 3680 imperatorem
1042 3607 1361 3678 perveniret
1376 3607 1524 3678 quod
1549 3623 1674 3661 eam
1697 3607 1936 3662 libenter

333 3697 575 3765 audiret,
602 3697 774 3768 jussit
803 3713 928 3752 eam
957 3696 1025 3750 ad
1056 3697 1331 3768 templum
1355 3696 1485 3751 duci
1514 3696 1735 3764 Dianae;
1771 3702 1828 3751 et
1855 3697 1936 3752 ita

2019 3176 2133 3214 non
2153 3160 2317 3231 longe
2343 3159 2413 3214 ab
2437 3160 2575 3215 urbe
2602 3161 2691 3215 via
2704 3162 2904 3216 Latina
2923 3163 2981 3217 in
2992 3165 3218 3234 praedio
3249 3167 3376 3236 ejus
3396 3167 3629 3238 proprio,

2019 3248 2116 3303 ubi
2146 3251 2454 3304 multorum
2503 3256 2825 3305 sanctorum
2864 3251 2987 3322 ipsa
3017 3254 3340 3325 sepelierat
3368 3254 3630 3310 membra.

2089 3339 2219 3393 CAP.
2244 3340 2412 3393 XXX.
2456 3368 2502 3378 —
2537 3339 2774 3394 Claudia
2792 3346 2983 3395 autem
3014 3349 3214 3398 mater
3244 3346 3392 3416 ejus,
3426 3361 3549 3399 cum
3569 3344 3629 3398 ad

2016 3429 2140 3498 ejus
2167 3427 2484 3499 sepulcrum
2515 3429 3034 3501 ﬂeret,apparu1tei
3066 3433 3339 3504 vigilanti
3369 3434 3431 3490 in
3459 3432 3634 3489 medio

2017 3517 2194 3572 noctis
2206 3517 2595 3582 silentio,auro
2624 3522 2778 3572 texta
2801 3518 3028 3590 cyclade
3045 3521 3285 3590 induta,
3306 3540 3438 3577 cum
3464 3523 3631 3576 multo

2017 3607 2221 3678 populo
2246 3607 2547 3677 virginum,
2578 3612 2635 3662 et
2661 3607 2802 3661 dixit
2829 3607 2880 3663 ei
2905 3627 2917 3662 :
2953 3609 3167 3665 Gaude
3199 3618 3262 3667 et
3290 3611 3636 3684 laetare,quia

2017 3701 2074 3750 et
2098 3711 2188 3750 me
2210 3697 2524 3751 introduxit
2553 3697 2811 3752 Christus
2839 3698 2896 3752 in
2925 3700 3392 3757 exsultationem
3422 3709 3637 3756 sancto-

331 3785 636 3857 spiculator
661 3785 986 3847 imminens,
1019 3785 1162 3840 dixit
1184 3785 1262 3840 ei:
1291 3785 1526 3840 Redime
1552 3786 1724 3840 vitam
1754 3792 1932 3854 tuam,
2017 3801 2167 3852 rum,
2187 3791 2244 3840 et
2265 3792 2485 3857 patrem
2515 3803 2704 3841 meum
2735 3787 2791 3842 in
2807 3789 3288 3859 patriarcharum
3322 3807 3637 3848 numerum.

328 3874 733 3946 patrimonium
748 3880 928 3940 tuum,
950 3874 1220 3944 Eugenia,
1241 3879 1298 3929 et
1315 3875 1566 3929 sacriﬁca
1580 3875 1697 3930 dem
1719 3876 1930 3931 Dianae.
2018 3875 2158 3929 Ecce
2189 3875 2278 3930 die
2309 3875 2602 3930 Dominico
2626 3881 2683 3930 et
2710 3882 2766 3931 te
2793 3878 3068 3950 suscipiet
3094 3880 3160 3934 in
3189 3884 3477 3952 gaudium
3508 3898 3642 3936 sem-

326 3964 482 4019 Tunc
508 3962 675 4018 beata
710 3963 959 4035 Eugenia
987 3963 1308 4034 expandens
1352 3980 1553 4020 manus
1582 3981 1731 4032 suas,
1765 3966 1931 4038 CII-pit
2015 3964 2322 4034 piternum.
2391 3965 2743 4020 Commenda
2795 3967 2925 4021 ﬁliis
2972 3969 3099 4024 tuis
3153 3970 3444 4027 fratribus
3510 3970 3642 4025 meis

326 4069 490 4108 orare
513 4069 578 4107 ac
603 4053 821 4108 dicere:
856 4053 1026 4119 Deus,
1060 4053 1156 4124 qui
1185 4053 1368 4109 cordis
1386 4053 1496 4108 mei
1509 4069 1715 4109 arcana
1727 4071 1928 4126 cogno-
2010 4054 2294 4109 custodire
2358 4053 2717 4124 signaculum
2768 4056 2965 4123 crucis,
3026 4064 3095 4113 et
3165 4062 3507 4130 efﬁciantur
3554 4077 3644 4116 no-

323 4142 450 4209 scis,
474 4141 572 4213 qui
600 4142 982 4214 virginitatem
1011 4157 1195 4197 meam
1223 4143 1502 4199 sinceram
1523 4143 1581 4198 in
1610 4148 1708 4199 tuo
1733 4161 1927 4200 amore
2012 4144 2115 4198 stri
2143 4144 2466 4214 participes.
2483 4144 2921 4216 Ecce,loquente
2950 4162 3042 4214 ea,
3078 4149 3248 4205 facta
3274 4158 3368 4206 est
3397 4151 3638 4215 claritas,

321 4231 577 4298 servasti,
607 4231 705 4304 qui
723 4249 813 4287 me
841 4232 982 4287 Filio
1010 4237 1108 4288 tuo
1131 4231 1370 4288 Domino
1399 4249 1525 4288 meo
1552 4234 1684 4289 Jesu
1702 4235 1925 4290 Christo
2012 4238 2204 4298 349
2228 4250 2398 4304 quam
2448 4233 2643 4288 oculus
2689 4234 2834 4289 ferre
2877 4253 2990 4290 non
3022 4246 3306 4309 poterat;
3363 4247 3424 4296 et
3467 4239 3645 4310 angeli

321 4321 534 4377 sociare
554 4321 822 4426 dignatus
849 4337 928 4391 es,
963 4321 1058 4392 qui
1089 4322 1362 4393 Spiritum
1389 4326 1646 4378 sanctum
1673 4329 1838 4378 tuum
1865 4323 1923 4378 in
1941 4367 1991 4426 D
2007 4326 2386 4426 transeuntes,
2417 4322 2693 4426 hymnum
2713 4323 2972 4379 dicebant
3001 4327 3134 4383 Deo
3155 4329 3642 4385 inenarrabilibus

321 4427 414 4467 me
445 4427 684 4482 regnare
710 4411 908 4478 fecisti,
936 4412 1128 4465 adesto
1153 4412 1291 4466 mihi
1319 4427 1468 4466 nunc
1493 4413 1552 4466 in
1580 4411 1989 4468 confessione”
2010 4411 2252 4467 vocibus.
2287 4412 2405 4466 Hoc
2461 4411 2642 4466 solum
2694 4412 3166 4485 intelligebatur,
3231 4420 3394 4492 quod
3443 4435 3646 4476 nomen

319 4501 565 4556 nominis
593 4502 769 4568 tui,ut
791 4499 1210 4556 confundantur
1229 4517 1426 4556 omnes
1444 4503 1540 4573 qui
1556 4503 1798 4557 adorant
1820 4504 1924 4558 hoc
2005 4502 2035 4556 J
2040 4517 2138 4556 esu
2170 4500 2379 4555 Christi
2406 4506 2463 4555 et
2488 4501 2730 4570 Spiritus
2759 4503 2936 4557 sancti
2966 4504 3030 4558 in
3055 4507 3218 4578 ipsis
3256 4509 3532 4566 laudibus
3559 4525 3637 4562 re-

318 4589 551 4657 idolum,
582 4594 641 4645 et
665 4590 762 4662 qui
781 4590 1098 4662 gloriantur
1122 4589 1181 4644 in
1211 4590 1525 4645 simulacris
1545 4591 1766 4646 suis.Et
1787 4592 1923 4647 dum
2005 4589 2302 4645 sonabant.
2329 4589 2527 4645 Gloria
2557 4595 2610 4646 et
2652 4591 2834 4645 honor
2861 4592 3049 4662 Patri,
3082 4601 3150 4650 et
3190 4597 3371 4666 Filio,
3395 4605 3456 4654 et
3485 4598 3650 4670 Spiri-

317 4685 524 4744 oraret,
555 4680 620 4735 ﬁt
647 4684 1000 4735 terraemotus
1023 4679 1082 4733 in
1108 4679 1306 4733 eodem
1345 4679 1503 4746 loco;
1537 4685 1594 4733 et
1622 4680 1701 4734 ita
1722 4681 1917 4752 templi
2001 4680 2086 4735 tui
2114 4685 2326 4747 sancto,
2379 4685 2437 4734 et
2487 4695 2655 4748 nunc,
2685 4685 2740 4734 et
2769 4697 3010 4752 semper,
3053 4691 3120 4739 et
3173 4687 3239 4741 in
3294 4689 3512 4745 saecula
3549 4703 3641 4742 sae-

316 4768 494 4839 ipsius
519 4767 887 4824 fundamenta
932 4783 1118 4822 mersa
1145 4772 1279 4823 sunt
1306 4784 1434 4822 cum
1483 4768 1604 4838 ipso
1656 4769 1825 4837 idolo,
1853 4776 1918 4826 ut
1997 4773 2272 4828 culorum.
2301 4771 2503 4825 Amen.

1574 4885 1959 4945 ROSWEYDI
1995 4888 2332 4944 NOTATIO.

381 4983 474 5108 μὲ1
487 4983 789 5065 ῌυῃεηίιελ
819 4983 1284 5068 Martyrologium.
1323 4983 1658 5066 Romanum.
1685 4982 1758 5041 25
1806 4985 1909 5040 De-
1990 4987 2254 5058 martyris
2276 4990 2332 5040 et
2355 4984 2655 5068 sociorum.
2673 4984 2802 5039 Haec
2830 4984 2937 5039 fuit
2967 4985 3088 5042 sub
3109 4989 3460 5048 Commodo
3483 4993 3653 5064 impe-

381 5071 434 5108 m
476 5071 556 5108 ns
596 5073 608 5108 :
636 5075 660 5106 ι
694 5055 885 5108 Romae
914 5072 972 5108 in
1004 5062 1325 5108 caemeterro
1353 5057 1662 5108 Aproniam
1699 5063 1905 5108 sancta;
1987 5065 2175 5108 ratore
2193 5059 2312 5108 ﬁlia
2327 5056 2561 5108 Tribuni
2591 5074 2652 5108 1n
2671 5055 2822 5108 Urbe
2844 5058 3302 5108 Roma.Missng
3335 5070 3534 5108 autem
3560 5080 3652 5108 nn-

313 5055 556 5136 gembris
596 5073 608 5109 :
633 5075 660 5136 μ
694 5055 885 5136 Romae
914 5055 974 5110 in
1004 5055 1325 5136 cmmeterig
1353 5055 1662 5136 {\‘proniani
1699 5063 1905 5136 sancta:
1987 5055 2175 5136 ratorfe
2193 5059 2312 5136 ﬁlia
2327 5056 2576 5136 Tribuni
2591 5057 2652 5110 in
2668 5055 2822 5136 _Urbe
2844 5058 3302 5136 Roma.Miss_us
3335 5055 3652 5136 autemjza-

313 5126 574 5203 Eugenim
595 5125 844 5203 virginis,
861 5143 983 5198 quia
1003 5133 1255 5203 tempore
1280 5125 1518 5181 Gallieni
1547 5127 1904 5203 imperatoris
1986 5135 2075 5185 ter
2101 5130 2172 5184 ab
2197 5129 2538 5203 imperatore
2562 5128 2621 5182 in
2634 5127 2915 5183 civitatem
2936 5130 3363 5203 Alexandriae,
3380 5143 3453 5191 ut
3471 5125 3652 5190 tribu-

308 5204 436 5282 ppst
463 5197 710 5282 plurima
726 5197 1402 5282 virtutuminsigniapqst
1416 5197 1902 5282 sacrosjirginu‘m
1987 5207 2153 5282 natus
2182 5197 2584 5282 magistratum
2603 5205 2844 5282 gereret,
2876 5217 3088 5282 secum
3121 5208 3294 5261 vexit
3326 5197 3573 5263 uxorem
3601 5213 3655 5260 et

308 5268 507 5349 choros
531 5268 754 5349 Christo
783 5275 1134 5349 aggregatos,
1164 5268 1512 5349 sub_Nicetio
1542 5269 1695 5349 urbis
1711 5268 1902 5349 praefe-
1987 5268 2399 5349 ﬁlios,qu9_rum
2423 5288 2535 5349 una
2557 5268 2663 5349 fuit
2684 5269 2849 5349 beata
2876 5271 3160 5349 Eugeni‘a
3184 5295 3196 5329 :
3229 5296 3368 5349 quae
3402 5296 3537 5333 cum
3568 5278 3654 5331 lit-

305 5347 395 5395 ct'o
425 5341 523 5397 diu
553 5339 882 5411 agonizans,
914 5339 1212 5394 novissime
1240 5340 1427 5410 gladio
1451 5339 1835 5411 jugulata‘est.
1875 5363 1896 5394 ι
1984 5350 2136 5398 teras
2176 5339 2483 5407 edisceret,
2518 5348 2574 5396 et
2603 5343 2660 5396 in
2707 5339 3019 5397 multorqu
3060 5339 3381 5406 librorum
3412 5351 3655 5406 lectione

303 5412 583 5492 Monplog.
617 5411 938 5492 Graecorum
977 5411 1070 5492 '24“
1092 5411 1378 5492 D_ecemb.,
1409 5412 1546 5492 Acta
1584 5415 1706 5492 ejus
1757 5431 1903 5492 com-
1993 5415 2602 5492 versaretur,_incidi_tin
2615 5415 3086 5492 epistolassancti
3100 5423 3377 5492 apostoli
3391 5423 3653 5487 Pauli,ex

302 5483 568 5555 pendiose
618 5487 876 5538 retexens
909 5499 921 5534 :
961 5501 984 5533 α
1027 5483 1326 5537 Certamen
1378 5489 1584 5537 sanctae
1641 5485 1900 5555 Eugeniae
1983 5487 2186 5558 quibus
2214 5486 2418 5543 Cbristi
2443 5486 2611 5540 ﬁdem
2635 5483 3068 5556 didicit.Itaque
3094 5483 3342 5560 patrios
3366 5483 3653 5552 tumultus
