3954 6190
279 329 390 390 ἃ25

1236 333 1403 390 VITA
1439 334 1740 394 SANCTE
1775 327 2226 392 EUPHRASLE,
2269 324 2613 384 VIRGINIS.

3456 332 3560 390 626

277 455 396 522 tiis,
421 458 725 516 mundanis
743 457 1178 531 cogitationibus
1195 457 1427 530 obligati
1447 477 1460 526 ;
1493 465 1552 516 et
1576 460 1638 516 in
1662 456 1882 516 fallacia
1901 457 1942 514 Α
1961 451 2225 514 mulieres
2251 454 2542 506 matronas
2556 452 3114 525 persuasitAugustaa
3128 462 3193 511 ut
3207 456 3331 513 sine
3355 455 3559 512 notitia

277 546 452 620 positi
473 549 873 620 temporalium
901 547 1247 615 divitiarum,
1272 549 1392 605 dies
1423 554 1645 606 nostros
1671 548 1883 605 frustra

275 637 686 704 consumimus,
717 638 858 694 nihil
877 636 1175 693 animabus
1205 637 1414 693 nostris
1444 638 1660 694 utiliter
1696 637 1882 710 acqui-

275 729 493 782 rentes.
522 727 772 783 Audiens
799 732 991 782 autem
1028 727 1145 781 haec
1174 726 1513 798 Euphraxia,
1554 726 1699 782 dixit
1725 727 1881 782 Anti-

275 830 431 885 gono
459 815 577 870 viro
605 833 734 872 suo:
754 816 825 872 Et
850 815 984 888 quid
1008 815 1192 886 jubes,
1220 815 1446 870 domine
1477 816 1576 884 mi,
1616 821 1678 871 ut
1708 815 1880 871 facia-

280 903 439 957 mus?
462 903 567 959 Cui
594 903 737 959 dixit
760 904 1110 975 Antigonus:
1143 903 1324 959 Unam
1365 904 1541 960 tiliam
1569 921 1670 977 per
1698 904 1880 959 Deum

276 992 705 1064 acquisivimus,
721 1010 844 1064 qua
858 993 1065 1050 sufﬁcit
1083 991 1330 1060 nobis,et
1352 1009 1709 1066 nequaquam
1729 994 1883 1048 ultra

277 1083 681 1139 conveniamus
709 1082 1023 1138 infelicitati
1053 1098 1118 1137 ac
1139 1082 1378 1138 miseriae
1408 1082 1614 1138 saeculi.
1630 1083 1881 1139 Audiens

275 1170 405 1226 haec
433 1171 771 1244 Euphraxia,
794 1187 1136 1242 consurgens
1165 1171 1416 1226 extendit
1441 1186 1643 1226 manus
1669 1170 1741 1226 ad
1769 1187 1881 1226 eua-

276 1259 424 1326 lum,
440 1266 498 1314 et
522 1259 895 1332 ingemiscens
918 1260 1060 1316 dixit
1085 1259 1204 1315 viro
1233 1276 1334 1316 suo
1363 1259 1672 1331 Antigono:
1697 1260 1879 1315 Bene-

278 1347 469 1405 dictus
506 1351 675 1415 Deus,
705 1350 802 1422 qui
830 1350 1064 1421 dignum
1095 1354 1153 1404 te
1182 1349 1312 1404 fecit
1334 1349 1538 1404 timore
1567 1365 1687 1416 suo,
1723 1354 1781 1404 et
1808 1348 1881 1403 ad

280 1437 668 1509 cognitionem
685 1439 937 1496 veritatis
965 1438 1215 1494 adduxit.
1234 1439 1389 1507 Vere,
1411 1438 1656 1506 domine,
1677 1438 1881 1510 saepius

275 1527 591 1599 supplicavi
619 1528 754 1594 Deo,
781 1533 844 1583 ut
873 1545 970 1584 cor
995 1534 1157 1584 tuum
1176 1527 1541 1595 illuminaret,
1560 1533 1616 1584 et
1633 1532 1882 1583 mentem

273 1621 437 1672 tuam
460 1633 560 1688 pro
582 1617 686 1672 hac
718 1633 888 1673 causa
916 1617 1129 1673 faceret
1155 1617 1487 1682 elucescere,
1521 1618 1620 1672 sed
1647 1617 1753 1672 hoc
1778 1615 1882 1672 tibi

274 1705 528 1777 pandere
540 1723 652 1764 non
663 1707 1014 1778 praesumpsi,
1036 1706 1309 1779 quiavero
1327 1707 1448 1779 ipse
1462 1705 1643 1762 fecisti
1670 1705 1880 1778 princi-

275 1795 458 1868 pium,
485 1795 622 1865 jube
653 1812 744 1850 me
770 1802 835 1851 ut
855 1796 1074 1867 loquar.
1091 1796 1195 1852 Cui
1223 1796 1366 1852 dixit
1382 1796 1724 1868 Antigonus:
1751 1795 1874 1864 Dic,
1896 1817 1944 1878 B

271 1899 442 1938 soror
459 1901 604 1950 mea,
621 1885 770 1956 quod
793 1885 890 1939 vis.
909 1884 1233 1957 Respondit:
1257 1883 1437 1951 Nosti,
1451 1885 1678 1941 domine
1695 1901 1875 1940 meus.

268 1973 408 2044 quia
432 1979 564 2029 ante
584 1975 791 2030 multas
815 1974 1208 2046 generationes
1235 1975 1540 2046 Apostolus
1552 1979 1880 2043 testatur,et

269 2061 432 2118 dixit:
455 2063 702 2136 Tempus
735 2063 902 2119 breve
932 2069 1044 2120 est:
1071 2064 1356 2136 reliquum
1405 2069 1508 2133 est,
1541 2069 1608 2120 ut
1645 2065 1742 2137 qui
1772 2065 1877 2120 ha-

267 2150 410 2207 bent
434 2169 656 2220 uxores,
677 2159 950 2226 tanquam
968 2170 1082 2210 non
1100 2152 1370 2209 habentes
1398 2153 1514 2210 sint
1545 2155 1596 2226 (Ι
1613 2153 1735 2210 σον.
1756 2153 1874 2224 vix).

267 2241 470 2298 Deﬁcit
502 2243 654 2300 enim
679 2244 852 2315 hujus
880 2245 1068 2300 saeculi
1090 2243 1388 2316 cupiditas.
1409 2243 1497 2300 Ad
1528 2259 1698 2315 quam
1726 2244 1877 2300 enim

276 2331 587 2388 utilitatem
640 2338 809 2388 erunt
861 2333 972 2389 ista
995 2333 1234 2405 pecunia
1262 2337 1320 2389 et
1348 2338 1510 2389 tanta
1532 2332 1880 2390 abundantia

266 2421 721 2492 possessionum?
731 2422 888 2479 Nihil
907 2439 1104 2479 eorum
1123 2428 1211 2479 est
1238 2423 1387 2495 quod
1399 2422 1690 2479 nobiscum
1715 2429 1876 2495 pote-

267 2509 346 2564 rit
374 2510 715 2569 descendere
742 2511 801 2567 in
829 2511 1289 2569 infernum.Cum
1307 2511 1454 2569 bono
1484 2528 1618 2585 ergo
1643 2514 1875 2571 consilio

265 2605 367 2654 tuo
416 2599 622 2656 festina
677 2601 857 2658 multa
909 2602 1045 2659 dare
1092 2602 1454 2676 pauperibus,
1484 2612 1549 2658 ut
1575 2619 1689 2658 non
1734 2603 1875 2660 illud

267 2689 572 2745 consilium
604 2691 753 2762 quod
783 2691 1041 2748 tractasti
1085 2691 1406 2747 inveniatur
1435 2691 1868 2748 infructuosum.

262 2779 522 2836 Audiens
556 2785 747 2837 autem
773 2781 1112 2852 Antigonus,
1141 2780 1475 2853 gloriﬁcavit
1489 2780 1690 2836 Deum.

337 2869 798 2926 CAp.III.—Cum
814 2869 992 2941 igitur
1019 2871 1256 2942 adeptus
1279 2875 1425 2926 esset
1435 2869 1711 2943 optimam
1738 2886 1872 2926 con-

261 2958 665 3026 versationem,
685 2965 743 3014 et
769 2961 948 3016 multa
974 2958 1314 3032 pauperibus
1331 2965 1621 3031 erogasset
1639 2959 1872 3031 Antigo-

1963 541 2234 614 principis
2248 540 2518 605 mitteret,
2534 546 2590 595 et
2603 541 2932 614 Euphraxia:
2947 561 3048 600 con
3047 545 3196 616 jugii
3213 545 3384 602 verba
3409 562 3556 602 nun-

1961 631 2151 686 tiaret.
2173 631 2306 695 Qum
2329 647 2459 685 cum
2479 629 2752 698 audisset,
2777 648 2967 688 amare
2995 635 3166 700 ﬂevit,
3181 640 3240 690 et
3259 635 3396 691 dixit
3432 653 3557 690 mu-

1963 720 2196 776 lieribus
2220 737 2345 791 quae
2363 719 2589 776 fuerant
2621 721 2942 776 destinatae:
2979 724 3073 778 Vae
3104 724 3261 780 vobis
3290 725 3348 780 in
3366 725 3556 780 futuro

1963 811 2187 877 saeculo,
2230 826 2353 881 quae
2376 809 2516 864 mihi
2537 809 2674 864 talia
2691 813 3061 882 persuadetis,
3101 820 3157 868 et
3175 815 3246 869 ad
3264 815 3400 871 talia
3429 831 3558 869 con-

1962 900 2186 954 curritis
2211 904 2409 954 contra
2435 899 2748 967 mulierem,
2785 917 2907 972 quae
2937 904 3246 959 secundum
3270 905 3448 961 Deum
3477 905 3558 958 vi-

1961 1004 2092 1045 vere
2118 988 2367 1044 festinat.
2400 988 2662 1044 Recedite
2693 1006 2727 1043 a
2778 1007 2888 1056 me,
2934 995 3199 1062 quoniam
3231 999 3559 1050 extraneum

1963 1078 2454 1150 congregationem
2481 1083 2724 1133 vestram
2756 1095 2907 1134 nunc
2931 1081 3144 1151 egistis.
3168 1083 3281 1137 Illae
3307 1100 3437 1139 vero
3467 1083 3560 1140 de-

1963 1167 2216 1224 formata;
2244 1167 2615 1234 discedentes,
2630 1168 3032 1226 nuntiaverunt
3041 1172 3306 1242 Augustae
3322 1187 3445 1242 qua:
3459 1189 3558 1244 ge-

1961 1263 2050 1313 sta
2076 1261 2228 1312 sunt.
2253 1258 2606 1328 Cognoscens
2632 1261 2825 1312 autem
2847 1259 3158 1330 imperator
3175 1261 3324 1333 quod
3352 1261 3559 1316 factum

1959 1345 2165 1411 fuerat,
2196 1344 2445 1416 graviter
2471 1345 2722 1401 invectus
2753 1353 2840 1400 est
2865 1347 2924 1401 in
2953 1350 3305 1420 Augustam;
3337 1355 3395 1404 et
3413 1350 3560 1404 indi-

1960 1440 2168 1505 gnatus
2197 1435 2463 1490 adversus
2498 1437 2831 1506 Augustam,
2863 1437 3004 1492 dixit
3036 1457 3048 1493 :
3082 1439 3248 1498 Vere.
3280 1441 3555 1510 Augusta,

1963 1529 2293 1580 extraneam
2337 1541 2458 1578 rem
2495 1524 2563 1578 ab
2609 1525 2712 1578 hac
2742 1526 3163 1582 conversatione
3189 1528 3386 1586 fecisti.
3432 1529 3562 1583 Haec

1963 1620 2097 1670 sunt
2123 1631 2294 1685 opera
2311 1613 2645 1669 Christianae
2665 1614 2933 1685 Augustae
2954 1616 3081 1672 ?Sic
3108 1617 3415 1688 promisisti
3443 1619 3558 1674 Deo

1961 1701 2053 1772 pie
2069 1702 2333 1773 regnare?
2343 1701 2423 1756 sic
2435 1718 2560 1757 reco
2567 1702 2748 1756 rdaris
2761 1704 3151 1776 Antigoni,qui
3163 1704 3322 1760 nobis
3336 1723 3395 1760 se
3402 1723 3452 1758 m
3459 1722 3562 1776 per

1961 1790 2116 1846 utilis
2143 1791 2492 1863 permansit?
2521 1791 2778 1847 Alienam
2817 1808 2938 1848 rem
2965 1800 3158 1850 nostro
3179 1795 3417 1866 imperio
3438 1795 3559 1865 egi-

1960 1879 2054 1946 sti,
2100 1879 2249 1952 quod
2278 1880 2575 1936 mulierem
2610 1881 2671 1935 in
2700 1881 2939 1954 puellari
2967 1887 3132 1938 aetate
3169 1885 3553 1950 constitutam,

1961 1986 2084 2041 quae
2122 1986 2265 2042 pene
2314 1972 2667 2026 solummodo
2696 1988 2810 2028 uno
2840 1989 2989 2028 anno
3021 1990 3148 2028 cum
3164 1973 3286 2028 ,viro
3316 1974 3470 2041 vixit,
3501 1981 3559 2029 et

1956 2075 2086 2116 mox
2135 2077 2202 2116 ex
2253 2061 2557 2118 constituto
2587 2067 2818 2135 prOpter
2841 2063 3064 2119 caeleste
3115 2081 3356 2135 regnum
3399 2081 3459 2121 se
3488 2065 3559 2120 ab

1959 2153 2216 2223 utrisque
2227 2159 2649 2225 separaverunt,
2665 2159 2728 2210 tu
2747 2171 2973 2212 rursum
3000 2156 3070 2212 ad
3088 2156 3342 2212 mundun
3366 2158 3552 2214 redire

1959 2241 2281 2314 compellis?
2312 2247 2368 2297 et
2395 2258 2579 2314 neque
2608 2242 2848 2298 timuisti
2877 2245 3076 2307 Deum.
3108 2245 3253 2300 hanc
3285 2245 3556 2318 iniquita-

1959 2336 2079 2386 tem
2106 2331 2297 2387 volens
2323 2331 2544 2386 facere?
2575 2333 2712 2397 Quis
2737 2333 3047 2389 satisfaciet
3074 2334 3556 2407 hominibus,quia

1957 2437 2073 2476 non
2100 2437 2204 2494 per
2229 2438 2320 2476 me
2347 2421 2556 2477 factum
2587 2428 2675 2477 est
2700 2423 2806 2478 hoc
2826 2422 2854 2476 ?
2900 2423 3258 2479 Indecentem
3288 2430 3345 2479 et
3366 2424 3555 2480 incon-

1959 2526 2162 2580 gruam
2191 2509 2372 2566 fecisti
2398 2527 2540 2579 rem,
2573 2513 2720 2583 quod
2748 2527 2852 2570 nec
2881 2513 3125 2584 Oportuii
3149 2518 3214 2569 ut
3240 2531 3429 2570 meum
3457 2531 3554 2570 au-

1956 2597 2105 2654 diret
2130 2599 2450 2672 imperium,
2478 2606 2712 2673 propter
2739 2601 3184 2658 sincerissimum
3211 2619 3401 2659 meum
3421 2603 3558 2659 ami-

1955 2704 2084 2744 cum
2112 2689 2355 2746 maxime
2381 2690 2748 2762 Antigonum.

2027 2777 2158 2832 Cap.
2180 2764 2248 2832 ν.
2267 2779 2588 2835 —Audiens
2608 2780 2724 2834 haec
2741 2781 3018 2851 Augusta,
3045 2787 3103 2836 et
3123 2782 3340 2840 vultum
3367 2781 3555 2838 nimiae

1958 2866 2300 2923 confusionis
2329 2873 2574 2936 mutans,
2599 2869 2746 2924 sicut
2772 2871 2917 2942 lapis
2940 2871 3058 2926 fere
3085 2888 3188 2944 per
3215 2871 3356 2929 duas
3386 2873 3554 2929 horas

1956 2955 2080 3011 sine
2104 2973 2232 3012 voce
2257 2957 2587 3028 permansit.
2615 2957 2686 3012 Et
2713 2959 2863 3014 facta
2877 2966 2965 3015 est
2986 2977 3192 3032 magna
3203 2963 3438 3018 tristitia
3469 2962 3551 3018 in-

259 3063 395 3112 nus,
428 3063 606 3104 unum
627 3050 976 3106 solummodo
987 3066 1199 3106 annum
1219 3049 1424 3116 vivens,
1441 3055 1741 3122 postquam
1755 3066 1871 3106 suae
1955 3050 2045 3102 ter
2072 3045 2470 3117 imperatorem
2496 3051 2554 3101 et
2564 3047 2900 3118 Augustam,
2916 3056 3147 3122 propter
3172 3051 3550 3122 Euphraxiam

260 3138 616 3194 renuntiavit
643 3139 824 3206 uxori,
859 3140 1032 3196 vitam
1060 3156 1222 3195 suam
1251 3139 1343 3212 pie
1372 3139 1698 3212 disponens,
1716 3145 1928 3206 com-c
1952 3135 2220 3207 Antigoni
2242 3136 2560 3208 conjugem.
2583 3137 2742 3192 Tunc
2761 3138 3080 3210 Euphraxia
3093 3156 3402 3211 agnoscens
3418 3141 3553 3212 quia

259 3226 421 3298 pleto
451 3243 602 3284 anno
632 3227 928 3284 defunctus
956 3233 1061 3295 est,
1084 3234 1142 3285 et
1164 3227 1422 3300 sepultus
1445 3227 1506 3284 in
1537 3244 1694 3300 pace.
1713 3229 1868 3284 Tunc
1951 3241 2157 3296 magna
2184 3224 2418 3281 tristitia
2443 3231 2673 3298 pr0pter
2719 3243 2846 3282 eam
2897 3227 3046 3284 inter
3068 3229 3464 3300 imperatorem
3491 3237 3550 3286 et

257 3315 575 3387 imperator
590 3317 802 3389 pariter
817 3319 1868 3389 etAugustaﬂeverunteum,tanquam
1947 3315 2262 3385 Augustam
2303 3314 2501 3371 fuisset
2541 3316 2756 3384 effecta,
2792 3316 2952 3372 vultu
3003 3318 3232 3373 omnino
3275 3318 3540 3387 demisso,

259 3420 328 3458 ex
359 3421 558 3461 eorum
577 3423 782 3477 genere
803 3407 1253 3473 descendentem,
1275 3407 1458 3462 virum
1472 3407 1694 3478 justum
1712 3412 1769 3462 et
1780 3423 1866 3463 re-
1946 3403 2125 3458 tristis
2156 3404 2303 3460 facta
2331 3410 2418 3461 est
2445 3421 2622 3478 usque
2647 3405 2719 3462 ad
2741 3411 3001 3475 mortem,
3027 3413 3081 3463 et
3110 3407 3180 3463 de
3202 3408 3430 3464 civitate
3455 3426 3547 3464 vo-

257 3493 548 3565 ligiosum.
581 3496 1084 3569 Compatiebantur
1104 3497 1255 3552 enim
1285 3502 1342 3551 et
1370 3495 1722 3568 Euphraxia,
1748 3511 1863 3552 non
1944 3492 2095 3549 lebat
2117 3493 2422 3550 discedere.
2453 3496 2610 3551 Tunc
2639 3497 2780 3551 ﬂens
2799 3496 3024 3564 acriter,
3042 3497 3183 3553 dixit
3211 3499 3544 3570 Euphraxia:

257 3583 445 3639 solum
477 3587 746 3657 tanquam
777 3586 1016 3658 propriae.
1059 3585 1506 3656 consanguinea,
1561 3585 1660 3641 sed
1690 3584 1861 3640 etiam
1942 3580 2070 3638 ﬁlia:
2099 3600 2212 3640 suae
2239 3603 2251 3639 :
2280 3585 2422 3639 Filia
2449 3601 2594 3652 mea,
2623 3584 2894 3642 habemus
2912 3586 2973 3642 in
2993 3587 3233 3659 Egypto
3260 3589 3543 3660 copiosam

259 3671 395 3743 quia
423 3678 548 3728 erat
559 3674 880 3744 juvencula.
906 3673 1134 3730 Duobus
1163 3691 1406 3746 namque
1420 3673 1583 3729 annis
1603 3679 1662 3729 et
1677 3673 1858 3730 tribus

255 3762 550 3818 mensibus
567 3762 839 3819 vixitcum
859 3764 977 3818 viro
993 3780 1096 3818 suo
1121 3783 1134 3831 ;
1181 3780 1314 3819 nam
1337 3781 1450 3820 uno
1471 3779 1618 3819 anno
1635 3781 1701 3819 ex
1721 3780 1856 3821 con-

255 3851 457 3906 stituto
486 3851 557 3906 ab
587 3852 860 3908 alterutro
902 3852 1272 3921 abstinentes,
1301 3853 1447 3908 sicut
1473 3852 1676 3908 fratres
1711 3853 1856 3909 vixe-

254 3945 408 3996 runt.
433 3941 615 4013 Igitur
629 3942 850 4014 sepulto
862 3942 1165 4013 Antigono,
1189 3941 1259 3997 ab
1288 3941 1630 4014 imperatore
1657 3948 1715 3998 et
1740 3943 1855 3999 Au-

249 4036 422 4100 gusta
448 4031 694 4088 multum
723 4031 1122 4087 consolabatur
1150 4035 1344 4098 εει
1383 4030 1720 4103 Euphraxia.
1752 4032 1857 4088 llla

249 4135 388 4175 vero
415 4137 647 4176 sumens
701 4121 986 4193 propriam
1014 4137 1175 4176 suam
1208 4121 1402 4187 ﬁliam,
1444 4119 1601 4175 dedit
1639 4137 1764 4176 eam
1793 4122 1852 4177 in

248 4225 458 4264 manus
477 4209 832 4281 imperatoris
862 4216 919 4264 et
940 4212 1238 4281 Auguste;
1260 4214 1316 4265 et
1343 4214 1626 4282 prostrata
1657 4210 1730 4264 ad
1759 4227 1852 4282 pe—

247 4296 351 4353 des
379 4313 595 4365 eorum,
619 4315 748 4354 cum
766 4299 1011 4354 clamore
1045 4303 1104 4354 et
1122 4315 1328 4370 magno
1345 4298 1560 4370 gemitu
1580 4297 1720 4354 dixit
1743 4317 1756 4354 :
1783 4300 1849 4356 In

247 4402 456 4442 manus
495 4387 597 4442 Dei
643 4395 702 4442 et
752 4393 968 4443 vestras
993 4388 1138 4444 hanc
1166 4388 1479 4460 orphanam
1510 4403 1659 4444 nunc
1689 4404 1848 4444 com-

1939 3687 2317 3746 magnamque
2345 3673 2752 3731 substantiam:
2781 3676 2928 3743 veni,
2953 3693 3149 3732 eamus
3170 3677 3396 3742 illuc,et
3415 3678 3544 3734 visi-

1937 3768 2124 3819 temus
2134 3763 2310 3836 patris
2321 3764 2404 3820 tui
2421 3764 2801 3837 possessiones
2816 3783 2827 3819 :
2845 3771 2903 3820 et
2912 3781 3039 3821 mea
3053 3766 3246 3822 omnia
3263 3771 3363 3822 tua
3381 3772 3530 3834 sunt,

1937 3853 2056 3909 ﬁlia
2082 3871 2227 3908 mea.
2259 3855 2414 3910 Tunc
2441 3871 2576 3926 ergo
2607 3871 2734 3910 cum
2759 3854 2874 3910 ﬁlia
2897 3872 3001 3911 sua
3029 3857 3348 3928 Euphraxia
3365 3857 3434 3912 de
3454 3873 3540 3913 re-

1937 3942 2035 4014 gia
2056 3942 2279 3999 civitate
2306 3943 2582 4012 discessit,
2602 3944 2853 4018 principe
2873 3946 3179 4013 nesciente,
3208 3951 3266 4002 et
3293 3947 3449 4002 venit
3475 3946 3536 4004 in

1935 4033 2244 4105 Egyptum
2268 4051 2283 4102 ;
2332 4033 2446 4089 illic
2475 4051 2697 4106 quoque
2728 4034 3075 4104 morabatur,
3107 4041 3164 4092 et
3190 4052 3293 4091 sua
3321 4037 3534 4109 praedia

1935 4121 2130 4177 crebro
2159 4122 2440 4178 visitabat.
2467 4125 2536 4179 Et
2561 4125 2810 4195 profecta
2828 4130 2916 4180 est
2942 4125 3002 4180 in
3030 4125 3361 4182 interiorem
3388 4126 3530 4182 The-

1933 4210 2157 4266 baidem
2200 4229 2330 4268 cum
2359 4212 2814 4284 procuratoribus
2852 4213 2970 4267 suis
3016 4220 3186 4286 atque
3231 4215 3523 4282 ministris,

1931 4299 2266 4357 habentibus
2290 4317 2483 4356 curam
2534 4317 2763 4356 suarum
2806 4317 3018 4358 rerum.
3057 4304 3191 4368 Quae
3212 4304 3385 4359 etiam
3414 4303 3529 4358 illic

1930 4406 2132 4448 vacans
2160 4391 2220 4446 in
2255 4390 2610 4458 sanctuariis,
2643 4396 2701 4445 et
2726 4390 2936 4447 multas
2961 4391 3270 4449 oblationes
3297 4391 3412 4446 illic
3449 4392 3528 4446 of-

245 4476 485 4534 mendo.
513 4476 843 4532 Memoriam
872 4493 1008 4548 ergo
1026 4477 1300 4533 habentes
1321 4477 1612 4549 Antigoni,
1630 4477 1726 4549 qui
1745 4477 1852 4534 fuit
1867 4473 1914 4534 D
1933 4479 2117 4536 ferens
2138 4497 2238 4552 per
2266 4480 2611 4536 monasteria
2635 4480 2885 4537 virorum
2933 4498 2999 4537 ac
3026 4481 3345 4549 mulierum,
3376 4481 3524 4538 mul-

247 4570 454 4632 vester,
481 4565 747 4638 suscipite
778 4581 904 4620 eam
932 4570 1103 4638 atque
1126 4565 1382 4632 tuemini,
1415 4571 1476 4622 et
1499 4572 1679 4623 estote
1707 4567 1761 4623 ei
1788 4568 1846 4623 in

246 4655 374 4710 loco
403 4655 580 4726 patris
594 4661 652 4711 et
663 4654 882 4711 matris.
905 4655 1071 4711 Multi
1098 4662 1288 4712 autem
1312 4656 1548 4712 ﬂumina
1565 4657 1844 4731 lacryma-

242 4760 378 4799 rum
406 4749 467 4798 et.
493 4761 652 4801 voces
699 4743 1010 4800 emiserunt
1035 4744 1405 4812 audientium,
1440 4745 1521 4801 ita
1567 4750 1632 4801 ut
1673 4746 1844 4802 etiam

238 4832 527 4907 principes
555 4833 834 4906 lugerent.

311 4923 451 4978 Car.
483 4923 578 4980 IV.
599 4951 665 4965 —
686 4924 822 4979 Post
840 4939 1082 4996 paucum
1100 4941 1229 4981 vero
1263 4929 1485 4997 tempus
1505 4941 1539 4979 a
1565 4924 1718 4981 luctu
1736 4924 1840 4980 ali-

234 5016 457 5085 quanto
478 5011 857 5085 quiescentem
875 5013 1160 5085 Antigoni,
1177 5015 1359 5070 suasit
1379 5013 1688 5086 imperator
1707 5014 1758 5070 ei
1777 5020 1842 5070 ut

229 5102 418 5158 tiliam
446 5118 610 5158 suam
641 5101 1019 5174 Euphraxiam
1047 5103 1270 5160 cuidam
1293 5103 1542 5160 senatori
1561 5103 1839 5161 ditissima

228 5191 403 5246 daret
451 5205 704 5247 uxorem.
737 5192 807 5247 Et
832 5192 1040 5249 factum
1069 5198 1156 5248 est
1189 5199 1253 5248 ut
1289 5193 1487 5248 arrhas
1520 5193 1841 5266 Euphraxia

231 5279 538 5351 acciperet.
563 5280 853 5353 Susceptis
881 5281 1294 5354 arrhis,puellze
1324 5287 1459 5338 aetas
1486 5282 1840 5354 exspectaba-

230 5369 498 5425 tur.Erat
526 5369 679 5425 enim
700 5369 869 5426 nimis
895 5370 1190 5439 infantula,
1221 5371 1445 5443 quando
1479 5373 1724 5444 suscepit
1751 5390 1838 5428 ar-

1928 4575 2016 4625 tas
2042 4570 2308 4642 pecunias
2335 4569 2622 4642 erogabat.

1999 4661 2130 4718 CAP.
2145 4660 2240 4716 VI.
2275 4691 2339 4700 —
2364 4661 2697 4716 Eratautem
2719 4660 3123 4717 monasterium
3136 4659 3439 4719 mulierum
3464 4664 3524 4722 in

1927 4767 2042 4806 una
2063 4749 2304 4817 civitate,
2321 4750 2531 4806 habens
2549 4751 2819 4807 architria
2839 4750 2914 4819 (3)
2929 4755 3158 4806 centum
3175 4752 3428 4824 triginta,
3451 4754 3522 4810 de

1925 4839 2128 4911 quibus
2151 4856 2388 4911 magnas
2418 4840 2772 4896 etmirabiles
2799 4840 3034 4895 virtutes
3051 4841 3305 4898 homines
3320 4843 3523 4914 praedi-

1923 4924 2144 4980 cabant.
2185 4927 2251 4981 In
2288 4925 2385 4980 illo
2413 4941 2656 4996 namque
2695 4924 3037 4980 monasterio
3065 4942 3231 4982 nemo
3253 4927 3521 4998 gustabat

1922 5015 2135 5083 vinum,
2166 5015 2327 5071 nulla
2351 5013 2577 5070 illarum
2620 5031 2851 5086 pomum
2875 5013 3064 5082 edere,
3101 5021 3200 5071 aut
3227 5032 3384 5085 uvas,
3416 5026 3518 5075 aut

1922 5104 2078 5172 ficus,
2109 5109 2209 5159 aut
2235 5101 2450 5175 aliquid
2475 5101 2801 5175 hujusmodi
2820 5101 3111 5170 bonorum,
3137 5120 3260 5176 quae
3287 5110 3518 5163 terrena

1920 5199 2228 5249 nascuntur
2238 5192 2515 5260 ubertate,
2527 5191 3086 5264 gustabat.Quaedam
3107 5198 3297 5250 autem
3315 5211 3513 5252 earum

1919 5282 2324 5338 abrenuntians
2369 5288 2594 5349 saecuto,
2641 5298 2826 5354 neque
2858 5283 3046 5339 oleum
3075 5283 3240 5340 edere
3268 5285 3509 5354 volebat,

1919 5372 2172 5444 quaedam
2195 5389 2390 5428 earum
2419 5388 2454 5426 a
2473 5388 2707 5444 vespera
2724 5389 2902 5444 usque
2932 5373 3003 5429 ad
3023 5374 3193 5429 aliam
3220 5390 3511 5448 vesperam

230 5458 390 5524 thas,
434 5459 596 5530 quasi
617 5475 897 5516 annorum
939 5460 1206 5533 quinque.
1235 5462 1368 5516 Post
1421 5461 1834 5534 aliquantulum
1910 5462 2192 5534 jejunium
2222 5460 2623 5534 protrahebat;
2655 5462 2779 5517 aliae
2807 5479 2939 5520 vero
2967 5469 3093 5535 post
3121 5463 3354 5520 biduum
3384 5463 3512 5518 ede-

228 5562 370 5605 vero
389 5551 614 5619 tempus
633 5548 898 5619 cogitavit
937 5548 1057 5622 ipse
1083 5553 1328 5616 senator,
1351 5555 1416 5605 ut
1427 5565 1658 5607 uxorem
1675 5553 1834 5610 Anti-

1917 5552 2068 5621 bant,
2097 5551 2219 5607 alia:
2269 5567 2399 5608 vero
2448 5557 2576 5622 post
2612 5551 2886 5609 triduum.
2916 5553 3086 5610 Nulla
3110 5569 3306 5608 earum
3338 5551 3510 5623 pedes

225 5635 371 5711 goni
399 5635 506 5697 sibi
530 5637 784 5698 crederet
806 5639 1058 5714 copulari
1080 5659 1099 5710 ;
1151 5643 1209 5697 et
1242 5655 1344 5715 per
1369 5656 1561 5718 preces
1597 5647 1696 5703 aut
1731 5660 1833 5719 per
1914 5660 2047 5704 suos
2075 5641 2365 5702 abluebat:
2401 5640 2706 5720 aliquanta
2731 5658 2864 5702 vero
2893 5641 3184 5703 audientes
3211 5641 3284 5700 de
3311 5640 3511 5698 balneo
