3892 6182
416 332 525 396 627

1436 333 1531 391 DE
1565 333 1755 394 VITIS
1791 335 2089 396 PATRUM
2122 336 2339 396 LIBER
2374 336 2664 397 PRIMUS.

3541 347 3632 409 ωε

420 466 597 539 loqui,
617 466 936 532 irridentes,
968 462 1351 519 confusionem
1363 468 1421 518 et
1434 479 1697 535 magnam
1725 463 2019 520 abomina-
2040 467 2091 528 Α
2102 465 2334 521 domum
2350 469 2527 531 tuam,
2550 479 2664 518 non
2681 466 2841 534 potes
2860 462 2955 518 hic
2973 452 3341 522 manere.Non
3358 468 3494 525 enim
3508 475 3635 543 quis-

421 556 636 612 tionem
683 572 743 610 se
793 554 990 610 audire
1018 552 1368 625 judicabant,
1400 570 1523 625 quae
1552 570 1735 625 neque
1762 555 2019 609 auditum

423 662 587 701 suum
601 646 706 700 hoc
716 644 911 700 audire
921 643 1667 716 patiebantur.Unaquaeque
1681 660 1810 698 vero
1823 660 2019 698 earum

425 738 667 788 stratum
696 734 752 788 in
784 738 938 788 terra
968 731 1229 798 habebat,
1254 731 1497 786 cilicium
1530 732 1827 803 parvulum
1848 733 2017 787 unius

425 821 597 877 cubiti
613 820 1385 891 latitudinis,etlongitudinis
1395 821 1569 875 trium
1584 826 1641 875 et
1655 822 1944 892 paululum
1960 821 2019 875 in

422 910 559 983 ipsis
588 911 993 983 requiescebat.
1037 911 1212 965 Erant
1248 915 1437 964 autem
1481 915 1537 964 et
1577 916 1757 965 vestes
1800 926 2015 977 earum,

422 1000 494 1054 de
521 999 698 1055 cilicio
719 1016 897 1071 usque
921 1000 1207 1065 deorsum,
1240 997 1654 1069 obstringentes
1682 1000 1888 1071 pedum
1932 1015 2021 1053 ex-

424 1089 1297 1159 tremitates.Quantumcumque
1316 1093 1916 1159 poterat,unaqquue
1944 1089 2022 1142 la-

423 1176 756 1233 borabat.Et
765 1193 894 1233 cum
913 1177 1161 1248 aliquam
1177 1193 1371 1231 earum
1387 1177 1689 1248 aliquando
1710 1178 2025 1248 contigerat

426 1266 725 1335 inﬁrmari,
752 1283 866 1322 non
893 1266 945 1322 ei
976 1267 1289 1321 fomentum
1319 1272 1419 1320 aut
1431 1266 1779 1337 adjutorium
1794 1266 2023 1337 aliquod

426 1355 716 1412 medicinae
764 1355 1155 1411 conferebatur
1197 1374 1210 1422 ;
1262 1355 1360 1409 sed
1390 1356 1437 1409 si
1484 1372 1654 1426 quam
1701 1355 2025 1425 contigisset

428 1445 710 1515 mgrotari,
740 1450 1011 1515 tanquam
1044 1442 1349 1498 maximam
1378 1442 1828 1498 benedictionem
1859 1444 2025 1498 aDeo

432 1532 759 1605 accipiebat,
780 1540 837 1587 et
847 1532 1125 1589 tolerabat
1142 1533 1495 1604 languorem,
1514 1532 1691 1587 donec
1709 1550 1833 1587 eam
1857 1532 2029 1587 medi-

430 1621 557 1677 cina
570 1621 851 1677 dominica
861 1621 1387 1694 praeveniretNulla
1399 1638 1592 1676 earum
1603 1623 1807 1692 januas
1821 1621 2024 1676 exibat.

2102 571 2273 626 quam
2302 569 2533 609 manere
2571 557 2758 623 potest
2777 552 2887 618 hic,
2921 553 3029 607 nisi
3052 569 3113 607 se
3131 555 3399 612 devoverit
3424 560 3633 619 Christo.

2102 644 2205 698 Cui
2216 643 2407 714 puella
2419 640 2844 713 respondit:Ubi
2857 647 2945 695 est
2959 642 3251 698 Christus?
3279 646 3377 700 Illa
3385 655 3639 715 gratanter

2100 732 2151 787 ei
2179 731 2515 786 dominicam
2543 730 2847 800 imaginem
2868 731 3285 788 demonstravit.
3314 735 3538 806 Pergens
3560 755 3641 793 au-

2101 826 2217 875 tem
2248 820 2581 892 Euphraxia,
2608 819 2859 873 osculata
2877 825 2964 873 est
2975 820 3304 875 dominicam
3324 824 3540 893 ﬁguram
3562 845 3574 891 ;
3596 834 3644 883 et

2104 910 2543 977 conversa,dixit
2567 908 3029 963 abbaﬁssaezVere
3045 916 3101 963 et
3117 926 3219 980 ego
3236 927 3321 965 me
3333 928 3488 966 voveo
3505 915 3644 969 Chri-

2102 1005 2190 1054 sto
2220 1016 2365 1063 meo,
2415 1005 2481 1053 ut
2508 998 2744 1054 ulterius
2771 1015 2900 1052 cum
2952 998 3180 1053 domina
3217 1016 3340 1054 mea
3364 1007 3531 1055 matre
3552 1019 3649 1059 non

2101 1090 2263 1143 vado.
2297 1088 2447 1143 Dixit
2474 1088 2525 1142 ei
2555 1087 2859 1141 abbatissa:
2881 1086 3159 1152 Filia,non
3174 1087 3341 1143 habes
3356 1089 3445 1143 ubi
3460 1091 3542 1144 hic
3553 1108 3651 1145 ma-

2104 1194 2258 1241 neas,
2294 1182 2351 1231 et
2376 1193 2487 1233 non
2510 1182 2669 1249 potes
2680 1176 2772 1229 hic
2787 1192 3038 1230 manere.
3067 1177 3259 1231 Puella
3286 1177 3438 1233 dixit:
3458 1177 3554 1233 Ubi
3573 1195 3653 1233 vos

2104 1266 2365 1331 manetis,
2399 1270 2457 1319 et
2484 1282 2587 1335 ego
2615 1281 2834 1319 maneo.
2872 1265 2941 1318 Et
2966 1281 3094 1319 cum
3118 1265 3238 1334 jam
3267 1280 3487 1336 vespera
3511 1272 3653 1333 esset,

2107 1361 2164 1409 et
2191 1356 2435 1409 multum
2463 1359 2647 1409 mater
2673 1355 2795 1423 ejus
2815 1353 3093 1423 coegisset
3114 1358 3282 1423 atque
3310 1353 3573 1408 abbatissa
3601 1361 3658 1409 ut

2108 1443 2440 1509 ambularet,
2450 1458 2807 1513 nequaquam
2819 1448 3129 1513 potuerunt
3138 1458 3262 1496 eam
3280 1442 3469 1496 tollere
3486 1443 3549 1496 de
3558 1458 3661 1497 mo-

2108 1533 2375 1589 nasterio.
2434 1534 2673 1588 Multum
2719 1548 2851 1601 ergo
2881 1530 3093 1586 crebris
3142 1530 3341 1585 diebus
3368 1535 3537 1587 mater
3560 1533 3664 1602 ejus

2111 1628 2281 1694 atque
2311 1621 2594 1676 abbatissa
2614 1622 2665 1675 ei
2695 1619 3148 1685 blandiebantur,
3181 1625 3240 1674 et
3265 1621 3667 1691 persuaderene-

432 1710 567 1766 Erat
597 1717 786 1766 autem
814 1710 1067 1782 janitrix,
1098 1727 1200 1783 per
1233 1726 1403 1781 quam
1434 1728 1704 1783 responsa
1723 1712 1914 1766 omnia
1935 1712 2029 1764 ﬁe—
2112 1712 2378 1783 quierunt
2398 1716 2463 1766 ut
2479 1710 2549 1765 de
2560 1709 2901 1764 monasterio
2931 1710 3246 1780 potuissent
3260 1725 3382 1764 eam
3401 1709 3663 1780 expellere.

430 1797 585 1867 bant,
609 1806 853 1867 matura;
883 1800 1184 1870 multaeque
1214 1799 1484 1855 sanitates
1511 1799 1588 1853 ibi
1617 1799 1847 1855 ﬁebant.

501 1887 635 1943 CAP.
670 1889 791 1944 VII.
838 1919 903 1930 —
936 1889 1153 1943 Harum
1183 1888 1415 1958 quidem
1447 1889 1767 1961 Euphraxia
1793 1889 2033 1961 diligens

431 1976 728 2032 consilium
755 1981 1080 2033 sanctarum
1108 1976 1431 2044 mulierum,
1461 1983 1691 2049 propter
1718 1978 2035 2032 mirabilem

433 2066 913 2123 conversationem
936 2082 1152 2134 earum,
1177 2066 1385 2141 saepius
1415 2068 1486 2122 ad
1504 2068 1720 2135 353i
1726 2084 1890 2138 psum
1921 2085 2038 2122 mo-

434 2155 746 2211 nasterium
772 2156 1059 2228 pergebat,
1086 2158 1511 2230 thymiamaque
1537 2156 1652 2212 illic
1681 2157 1951 2211 offerebat
1981 2162 2039 2211 et

436 2258 642 2299 cereos.
672 2245 796 2300 Una
815 2244 1041 2317 quidem
1068 2246 1289 2303 dierum
1311 2246 1551 2317 rogabat
1602 2245 1949 2301 abbatissam
1977 2252 2035 2301 et

434 2333 650 2407 priores
680 2335 1027 2402 monasterii,
1060 2336 1254 2391 dicens
1270 2337 1377 2391 eis:
1424 2336 1662 2391 Parvam
1700 2334 2039 2391 benedictio-

436 2439 569 2480 nem
598 2424 723 2479 volo
750 2423 962 2495 absque
977 2429 1194 2480 terrore
1222 2430 1406 2481 vestro
1427 2424 1693 2496 praebere,
1715 2425 2037 2480 reddituum

437 2512 563 2567 auri
591 2511 789 2583 viginti
818 2518 919 2567 aut
943 2513 1182 2585 triginta
1204 2513 1493 2580 librarum,
1522 2518 1588 2567 ut
1615 2514 1787 2568 oretis
1816 2531 1917 2585 pro
1929 2514 2039 2568 ista

438 2600 650 2655 famula
677 2606 881 2667 vestra,
908 2607 966 2656 et
983 2618 1087 2674 pro
1113 2602 1397 2673 Antigono
1426 2606 1585 2674 patre
1616 2604 1757 2673 ejus.
1809 2604 1913 2657 Cui
1944 2603 2038 2657 ab-

438 2688 650 2743 batissa
669 2690 961 2761 respondit
990 2708 1003 2744 :
1058 2690 1300 2747 Domina
1327 2707 1454 2746 mea
1505 2697 1783 2759 matrona,
1821 2692 2037 2747 ancillae

440 2781 553 2832 tua;
572 2794 684 2832 non
703 2783 875 2848 egent
900 2779 1230 2846 redditibus,
1255 2796 1437 2851 neque
1458 2780 1754 2852 pecuniam
1784 2782 2040 2853 concupi-

440 2870 622 2921 scunt.
676 2866 984 2938 Propterea
1036 2884 1282 2940 namque
1329 2869 1520 2924 omnia
1574 2870 1944 2941 reliquerunt,
1983 2876 2041 2924 et

442 2959 645 3009 cuncta
668 2954 987 3028 despiciunt
1012 2956 1072 3012 in
1100 2958 1203 3013 hoc
1228 2959 1449 3026 saeculo,
1502 2963 1567 3013 ut
1616 2960 1841 3013 aeternis
1882 2958 2041 3014 bonis

443 3042 554 3098 frui
584 3050 930 3112 mereantur,
963 3051 1021 3102 et
1041 3046 1184 3101 nihil
1206 3047 1495 3118 possidere
1524 3048 1736 3113 volunt,
1750 3064 1821 3103 ne
1836 3048 2041 3104 caelesti

2054 1786 2100 1846 Β
2114 1801 2428 1855 Novissime
2450 1816 2581 1854 vero
2597 1799 2740 1854 dixit
2750 1797 3031 1853 abbatissa
3044 1799 3262 1870 puellae:
3284 1798 3441 1865 Filia,
3458 1798 3501 1853 si
3510 1799 3580 1851 vis
3595 1798 3670 1851 hic

2115 1905 2465 1962 permanere,
2491 1889 2707 1942 litteras
2735 1885 2906 1943 habes
2933 1888 3147 1942 discere
3176 1893 3234 1942 et
3258 1887 3592 1951 Psalterium,
3626 1895 3673 1941 et

2116 1996 2296 2050 usque
2324 1978 2396 2032 ad
2423 1994 2713 2049 vesperam
2759 1975 2934 2032 habes
2981 1977 3266 2047 jejunium
3313 1977 3523 2041 ducere,
3553 1975 3674 2029 sicut

2116 2068 2391 2123 universae
2417 2083 2658 2122 sorores.
2692 2066 2889 2121 Puella
2916 2065 3060 2119 dixit
3087 2066 3171 2119 ei:
3200 2066 3316 2136 Ego
3338 2071 3396 2119 et
3406 2064 3672 2135 jejunium,

2119 2165 2177 2213 et
2202 2156 2394 2212 omnia
2420 2156 2591 2222 disco,
2640 2155 2991 2210 solummodo
3031 2154 3306 2210 dimittite
3335 2170 3424 2209 me
3449 2154 3534 2208 hic
3557 2168 3677 2207 esse.

2119 2247 2272 2302 Dixit
2295 2262 2427 2317 ergo
2457 2244 2743 2301 abbatissa
2770 2244 2940 2299 matri
2969 2245 3093 2315 ejus
3126 2261 3139 2297 :
3182 2244 3420 2299 Domina
3444 2258 3561 2296 mea
3582 2258 3678 2295 ma-

2118 2341 2306 2402 trona,
2339 2334 2561 2391 dimitte
2579 2335 2726 2389 hanc
2752 2334 2872 2401 hic;
2902 2332 3064 2387 video
3090 2333 3246 2388 enim
3268 2332 3396 2404 quia
3415 2329 3678 2403 gratiaDei

2120 2426 2305 2481 illuxit
2334 2424 2394 2479 in
2423 2440 2491 2479 ea
2520 2442 2533 2492 ;
2566 2429 2624 2477 et
2646 2422 2876 2494 justitia
2898 2422 3099 2493 patris,
3136 2426 3197 2477 et
3223 2422 3483 2477 honestas
3500 2426 3605 2485 tua,
3633 2424 3679 2471 et

2118 2514 2402 2569 orationes
2433 2518 2804 2584 utrorumque
2829 2516 3077 2567 vestrum
3105 2516 3384 2567 aeternam
3400 2511 3563 2565 vitam
3579 2523 3683 2580 pro-

2118 2604 2309 2658 videre
2338 2603 2391 2658 ei
2420 2606 2750 2658 noscuntur.

2190 2694 2323 2749 CAP.
2358 2693 2453 2747 IX.
2477 2721 2543 2732 —
2574 2692 2823 2763 Surgens
2861 2691 3039 2762 igitur
3084 2690 3429 2763 Euphraxia,
3479 2694 3533 2744 et
3556 2703 3685 2741 assu-

2119 2798 2279 2837 mens
2306 2782 2482 2836 ﬁliam
2509 2797 2689 2847 suam,
2723 2780 3151 2835 addominicam
3165 2797 3292 2835 eam
3304 2779 3592 2849 imaginem
3609 2775 3686 2829 ad-

2120 2871 2317 2939 duxit;
2347 2875 2407 2926 et
2432 2871 2738 2927 extendens
2765 2886 2965 2925 manus
2995 2870 3068 2924 ad
3092 2871 3326 2936 coelum,
3353 2885 3478 2923 cum
3513 2879 3687 2936 magno

2121 2963 2364 3016 clamore
2384 2966 2441 3014 et
2460 2960 2597 3014 ﬁetu
2623 2959 3126 3039 clamavit,dlicens:
3158 2960 3401 3014 Domine
3416 2959 3443 3013 Ι
3448 2973 3541 3011 esu
3557 2953 3692 3009 Chri-

2123 3056 2227 3116 ste,
2260 3050 2404 3105 habe
2432 3065 2629 3104 curam
2651 3049 2816 3104 istius
2843 3049 3159 3116 infantulae,
3177 3048 3317 3119 quia
3332 3053 3390 3103 te
3415 3041 3693 3115 concupivit

372 3183 390 3201 ,
450 3148 629 3204 regno
657 3133 966 3206 priventur.
1002 3136 1113 3192 Sed
1140 3152 1211 3191 ne
1231 3141 1288 3192 te
1315 3136 1663 3203 contristem,
1678 3142 1779 3192 aut
1791 3138 1913 3192 sine
1929 3138 2043 3193 fru-
2059 3146 2101 3207 Ο
2124 3145 2181 3194 et
2206 3138 2311 3193 tibi
2338 3155 2398 3194 se
2418 3138 2850 3194 commendavit.
2873 3139 2943 3192 Et
2961 3153 3258 3204 conversa,
3288 3138 3430 3194 dixit
3450 3136 3516 3190 ad
3544 3134 3695 3188 ﬁliam

446 3227 540 3278 ctu
568 3223 871 3291 dimittam,
928 3242 1171 3297 paucum
1223 3226 1410 3281 oleum
1439 3227 1514 3281 ad
1541 3227 1801 3282 candelas
1831 3233 1887 3281 et
1910 3228 2041 3299 thy-

446 3311 656 3368 miama
684 3313 745 3368 in
791 3314 1102 3370 oratorium
1132 3316 1340 3382 confer,
1386 3321 1444 3370 et
1471 3315 1577 3371 hoc
1619 3316 1725 3373 erit
1754 3316 1916 3371 nobis
1942 3334 2044 3389 pro

449 3402 708 3459 mercede
730 3403 985 3475 justitia.
1019 3404 1090 3460 Et
1116 3405 1203 3460 his
1231 3405 1453 3473 oblatis,
1476 3405 1711 3477 rogabat
1726 3407 2046 3477 Euphraxia

449 3491 813 3561 abbatissam,
843 3498 909 3548 ut
926 3509 1123 3548 omnes
1145 3511 1364 3550 serores
1385 3500 1612 3550 orarent
1634 3512 1736 3567 pro
1763 3496 2044 3567 Antigono

450 3586 510 3636 et
538 3581 656 3636 ﬁlia
685 3582 808 3653 ejus
837 3582 1176 3654 Euphraxia.

521 3670 654 3726 CAP.
680 3670 824 3726 VIII.
843 3698 913 3713 -
932 3671 1060 3727 Una
1084 3689 1217 3727 vero
1246 3673 1466 3728 dierum
1488 3673 1818 3744 Euphraxia:
1846 3673 2047 3728 infanti

453 3757 736 3814 abbatissa
763 3758 921 3826 dixit,
959 3761 1263 3816 tentando:
1295 3761 1537 3817 Domina
1560 3778 1688 3817 mea
1707 3763 2043 3834 Euphraxia,

452 3846 643 3918 diligis
656 3848 1063 3903 monasterium
1083 3856 1339 3905 nostrum
1353 3855 1413 3905 et
1424 3867 1619 3906 omnes
1647 3868 1868 3907 sorores
1889 3851 1914 3906 ?
1946 3853 2050 3908 Illa

453 3936 762 4008 respondit:
783 3936 1419 4011 Etiam,domina,diligo
1428 3957 1542 3996 vos.
1561 3941 1716 3996 Dixit
1734 3942 1787 3996 ei
1801 3940 2048 3999 abbatis-

456 4040 523 4079 sa
551 4040 777 4081 rursum
804 4041 931 4081 cum
952 4028 1079 4099 joco
1108 4046 1120 4081 :
1156 4028 1217 4084 Si
1244 4045 1347 4084 nos
1374 4030 1583 4102 diligis,
1617 4037 1737 4087 esto
1758 4031 2051 4087 nobiscum

457 4112 519 4170 in
540 4118 734 4170 nostro
753 4116 1058 4173 schemate.
1084 4117 1189 4173 Cui
1207 4117 1488 4174 infantula
1505 4119 1646 4175 dixit
1664 4137 1676 4173 :
1693 4121 1837 4175 Vere
1865 4121 1913 4175 si
1938 4137 2050 4175 non

456 4204 891 4260 contristaretur
922 4212 1107 4261 mater
1124 4223 1270 4272 mea,
1294 4209 1532 4263 ulterius
1559 4225 1674 4265 non
1701 4210 1959 4281 egrediar
1982 4211 2052 4266 de

454 4293 579 4350 loco
597 4293 727 4350 isto.
766 4295 873 4350 Cui
909 4294 1194 4351 abbatissa
1204 4297 1374 4354 dixit:
1400 4298 1555 4353 Inter
1581 4315 1683 4354 nos
1704 4305 1762 4354 et
1786 4316 2052 4371 sponsum

457 4399 627 4455 quem
655 4384 782 4455 plus
810 4400 969 4439 amas
999 4385 1025 4438 Ἰ
1069 4385 1264 4441 Puella
1279 4386 1421 4442 dixit
1452 4405 1463 4441 :
1498 4388 1695 4460 Neque
1714 4389 1875 4444 illum
1902 4389 2050 4455 novi,

2124 3244 2315 3284 suam:
2350 3226 2686 3299 Euphraxia,
2730 3227 2847 3282 ﬁlia
2873 3243 3019 3293 mea,
3048 3227 3210 3282 Deus
3238 3227 3339 3298 qui
3356 3223 3595 3281 fundavit
3612 3221 3696 3275 im-

2125 3317 2360 3372 mobiles
2387 3321 2627 3383 montes,
2660 3321 2719 3371 et
2739 3322 2797 3371 te
2824 3332 3046 3388 quoque
3074 3316 3143 3371 in
3170 3333 3275 3371 suo
3306 3316 3506 3371 timore
3531 3310 3699 3366 conﬁr-

2126 3411 2261 3461 met.
2288 3408 2357 3461 Et
2377 3422 2505 3461 cum
2533 3406 2652 3460 haec
2675 3405 2923 3471 dixisset,
2956 3405 3018 3459 in
3042 3405 3322 3460 manibus
3349 3421 3471 3459 eam
3497 3398 3699 3456 tradidit

2128 3496 2448 3562 abbatissae;
2497 3501 2555 3550 et
2578 3495 2810 3561 deﬂens,
2871 3501 3190 3566 pectusque
3249 3511 3417 3550 suum
3467 3491 3699 3550 tundens,

2127 3586 2210 3641 ita
2233 3586 2464 3641 recessit
2491 3601 2526 3640 a
2549 3585 2910 3651 monasterio,
2938 3590 3003 3639 ut
3024 3586 3217 3640 omnis
3230 3581 3581 3655 congregatio
3594 3592 3700 3632 cum

2128 3691 2197 3730 ea
2223 3676 2468 3747 ploraret
2483 3717 2497 3731 .

2202 3764 2331 3818 CAP.
2364 3765 2431 3818 X.
2462 3795 2527 3808 —
2552 3763 2681 3818 Alia
2722 3780 2852 3818 vero
2883 3764 2973 3818 die
3013 3764 3317 3820 abbatissa
3366 3777 3585 3818 sumens
3610 3758 3704 3811 Eu-

2130 3851 2442 3923 phraxiam,
2488 3852 2799 3907 introduxit
2825 3869 2953 3907 eam
2983 3853 3042 3907 in
3073 3854 3474 3917 secretarium,
3506 3856 3561 3904 et
3581 3848 3707 3902 facta

2133 3942 2387 3996 oratione
2417 3958 2588 4013 super
2632 3957 2778 4004 eam,
2808 3942 2995 3996 induit
3014 3958 3142 3997 eam
3169 3943 3509 3998 indumento
3536 3950 3705 3991 mona-

2132 4030 2310 4094 chali;
2371 4036 2428 4085 et
2458 4030 2763 4086 extendens
2790 4047 2992 4086 manus
3018 4032 3092 4086 ad
3118 4032 3355 4098 coelum,
3387 4046 3489 4103 pro
3516 4044 3580 4082 ea
3602 4038 3710 4093 sup-

2133 4120 2378 4191 plicavit,
2405 4119 2630 4174 dicens:
2665 4121 2782 4174 Rex
2811 4121 3170 4187 saeculorum,
3219 4122 3321 4193 qui
3343 4121 3402 4175 in
3432 4137 3499 4173 ea
3523 4110 3710 4185 coepisti

2133 4225 2275 4280 opus
2301 4208 2529 4275 bonum,
2564 4214 2625 4264 tu
2654 4210 2858 4280 perﬁce
2879 4210 2985 4265 hoc
3013 4210 3073 4264 in
3102 4227 3249 4281 pace
3274 4229 3288 4277 ;
3317 4210 3392 4263 da
3412 4214 3477 4263 ut
3491 4202 3714 4261 ambulet

2133 4298 2440 4353 secundum
2467 4314 2673 4352 nomen
2689 4303 2870 4365 tuum,
2893 4305 2949 4353 et
2959 4299 3236 4354 ﬁduciam
3262 4298 3517 4355 inveniat
3533 4296 3589 4349 in
3609 4306 3717 4347 con-

2134 4393 2330 4458 spectu
2358 4391 2456 4441 tuo
2485 4404 2708 4458 semper
2734 4388 2846 4442 ista
2874 4388 3175 4443 infantula.
3207 4390 3375 4444 Tunc
3402 4393 3463 4442 et
3489 4382 3718 4455 Euphra-

458 4487 643 4544 neque
662 4472 757 4528 ille
783 4490 908 4542 me;
949 4489 1046 4528 vos
1075 4478 1267 4530 autem
1294 4476 1441 4544 novi,
1478 4481 1535 4531 et
1557 4494 1655 4532 vos
1683 4494 1831 4536 amo.
1875 4479 2055 4533 Dicite
2073 4469 2226 4530 Dxia
2255 4482 2440 4530 mater
2459 4477 2583 4547 ejus
2604 4493 2791 4545 orans,
2824 4477 2999 4531 dixit:
3051 4478 3203 4533 Filia
3238 4495 3394 4543 mea,
3439 4491 3591 4531 amas
3634 4471 3721 4524 hoc

458 4562 636 4617 mihi:
664 4563 979 4618 Vosautem
995 4580 1163 4635 quem
1183 4564 1435 4636 diligitis,
1462 4581 1554 4621 me
1583 4582 1655 4621 an
1680 4566 1841 4622 illum
1869 4568 1893 4621 ?
1939 4568 2055 4623 Illa:
2136 4566 2419 4619 schemate
2439 4565 2785 4620 vestiri?Cui
2805 4566 3288 4637 Euphraxiadixit
3308 4586 3320 4620 :
3337 4564 3722 4638 Utique,mater

455 4665 588 4706 vero
627 4650 901 4707 dixerunt
935 4670 947 4705 :
980 4652 1097 4707 Nos
1123 4657 1181 4707 te
1209 4653 1515 4725 diligimus,
1549 4659 1607 4710 et
1634 4655 1921 4711 Christum
1950 4673 2054 4711 no-
2137 4670 2281 4722 mea,
2316 4655 2449 4726 quia
2468 4654 2612 4709 sicut
2631 4656 2832 4725 agnovi
2862 4655 2931 4709 ab
2961 4655 3278 4723 abbatissa,
3315 4664 3375 4711 et
3394 4654 3625 4710 dominre
3646 4664 3725 4703 so-

430 4741 1010 4798 ‘strum.Puellavcro
1027 4743 1345 4815 respondit:
1374 4744 1488 4815 Ego
1510 4760 1643 4800 vero
1662 4749 1721 4799 et
1734 4761 1829 4800 vos
1857 4745 2050 4817 diligo,
2136 4760 2293 4799 rores
2322 4743 2605 4809 dixerunt,
2630 4745 2736 4799 hoc
2764 4744 2993 4799 schema
3016 4761 3118 4816 pro
3151 4746 3352 4800 arrhis
3394 4743 3598 4816 praebet
3622 4737 3726 4793 dili-

458 4833 518 4882 et
529 4829 817 4885 Christum
828 4835 1099 4886 vestrum.
1123 4831 1365 4887 Sedebat
1378 4848 1509 4887 vero
1527 4833 1847 4905 Euphraxia
1868 4840 2055 4889 mater
2133 4832 2393 4904 gentibus
2413 4850 2484 4888 se.
2501 4833 2775 4887 Dominus
2795 4835 2822 4888 ,Ι
2829 4850 2956 4889 esus
2982 4834 3278 4890 Christus.
3318 4836 3427 4891 Cui
3457 4839 3630 4888 mater
3642 4842 3731 4882 sua

459 4917 603 4987 ejus,
639 4923 696 4973 et
709 4920 1008 4976 fluminum
1029 4922 1411 4995 lacrymarum
1422 4924 1545 4993 ejus
1555 4939 1669 4977 non
1687 4927 1812 4977 erat
1831 4924 2050 4978 modus.
2137 4922 2280 4977 dixit
2309 4941 2321 4977 :
2355 4922 2460 4977 Cui
2490 4923 2829 4993 desponsata
2849 4940 2929 4988 es,
2958 4923 3078 4994 ipse
3090 4924 3276 4979 faciat
3294 4931 3356 4979 te
3379 4924 3624 4978 thalamo
3642 4930 3728 4971 suo

457 5004 726 5061 Libenter
745 5009 895 5063 enim
908 5010 1172 5066 audiebat
1188 5011 1361 5067 verba
1374 5013 1573 5084 puellae
1588 5011 1885 5077 abbatissa,
1923 5013 2058 5085 quia
2136 5012 2386 5082 dignam.
2410 5012 2480 5067 Et
2503 5013 2607 5067 hoc
2636 5012 2845 5078 dicens,
2880 5017 2936 5066 et
2978 5029 3148 5067 orans
3176 5030 3288 5085 pro
3315 5014 3439 5069 ﬁlia
3464 5028 3580 5076 sua,
3607 5007 3734 5062 vale-

457 5107 588 5148 cum
602 5101 752 5150 esset
773 5101 940 5151 aetate
958 5098 1398 5167 infantula,talia
1418 5100 1768 5172 loquebatur.
1790 5102 2054 5158 Nondum
2136 5100 2280 5156 dixit
2325 5100 2619 5156 abbatissae
2644 5108 2700 5156 et
2719 5101 3023 5168 sororibus,
3058 5108 3117 5156 et
3147 5104 3425 5159 osculata
3469 5108 3555 5156 est
3580 5098 3732 5153 ﬁliam

456 5179 610 5236 enim
629 5188 846 5255 septem
884 5201 1062 5242 annos
1084 5187 1431 5258 impleverat,
1453 5190 1589 5244 dum
1609 5207 1737 5247 cum
1772 5189 2056 5246 abbatissa

457 5270 787 5343 loqueretur
830 5273 1221 5344 hujuscemodi
1252 5276 1438 5332 verba.
1478 5279 1635 5334 Tunc
1681 5280 2053 5351 ingemiscens

460 5365 663 5428 mater,
685 5366 743 5416 et
771 5378 964 5416 amare
989 5364 1223 5433 deﬂens,
1248 5366 1319 5421 ad
1341 5367 1513 5422 ﬁliam
1532 5384 1694 5424 suam
1711 5368 1884 5425 dixit:
1913 5369 2055 5424 Filia

455 5451 750 5519 mea,veni,
779 5467 1081 5524 pergamus
1122 5456 1193 5509 ad
1229 5456 1479 5525 domum,
1508 5459 1642 5529 quia
1672 5459 1793 5529 jam
1817 5476 2049 5531 vespam

2136 5206 2317 5245 suam.
2346 5191 2416 5246 Et
2434 5207 2678 5262 egressa,
2708 5192 2871 5261 juxta
2893 5208 3108 5246 morem
3161 5191 3474 5261 circuibat,
3508 5186 3738 5263 prabens

2135 5279 2479 5351 pauperibus
2510 5281 2659 5351 quod
2688 5280 3034 5350 indigebant.

2207 5369 2338 5424 er.
2363 5371 2522 5425 XL—
2540 5370 2755 5441 Ubique
2774 5376 2963 5425 autem
2988 5370 3411 5443 divulgabatur
3433 5363 3741 5444 Euphraxia:

2134 5458 2346 5529 optima
2373 5459 2739 5527 conversatio,
2757 5466 3029 5530 quantum
3057 5462 3293 5517 confert
3315 5469 3376 5517 et
3406 5455 3743 5517 monasteriis

452 5544 559 5596 est.
591 5539 696 5597 Cui
734 5541 924 5613 puella
949 5541 1087 5597 dixit
1120 5560 1133 5595 :
1167 5544 1282 5615 Ego
1316 5545 1407 5599 hic
1435 5563 1637 5602 maneo
1660 5564 1790 5603 cum
1815 5548 2047 5605 domina
2128 5547 2604 5603 etvenerabilibus
2624 5548 2779 5613 locis,
2797 5549 2877 5603 ita
2905 5555 2970 5605 ut
2990 5547 3744 5621 imperator354audiret,

450 5627 754 5686 abbatissa.
935 5630 1223 5691 abbatissa
1249 5633 1480 5708 puellae:
1507 5636 1682 5705 Vade,
1712 5637 1959 5706 domina,
1984 5638 2045 5694 in
2127 5641 2185 5693 et
2204 5637 2386 5698 omnis
2407 5642 2638 5699 senatus
2660 5654 2786 5698 eam
2812 5639 2980 5696 nimis
3012 5646 3312 5709 salarent,
3349 5646 3528 5712 atque
3553 5636 3729 5710 gloriﬁ
