3954 6190
285 335 430 395 ~629
1268 347 1436 402 VITA
1475 347 1781 404 SANCTJE
1820 346 2268 414 EUPHRASIAE,
2307 343 2652 400 VIRGlNlS.
3489 331 3597 395 630

312 471 516 521 carent
541 467 738 522 Deum.
774 469 1093 526 Audiebant
1118 473 1267 528 enim
1289 474 1436 545 quod
1468 491 1569 528 nec
1590 475 1800 546 piscem
1817 491 1918 548 gu-
1928 474 1986 536 A
2001 473 2207 547 palatio
2237 486 2527 543 nunquam
2548 485 2582 523 a
2612 473 2668 523 te
2689 465 3061 522 dividebatur.
3103 467 3319 522 Horum
3339 479 3473 537 ergo
3501 479 3596 519 re-

315 558 518 621 staret,
545 574 648 613 nec
666 557 858 614 vinum
885 559 1132 629 biberet;
1166 563 1263 617 sed
1285 568 1410 634 post
1438 568 1597 619 tanta
1620 565 1768 619 dona
1799 582 1920 637 quae
2003 562 2381 619 cordationem
2395 557 3006 625 babens,substantiam
3021 556 3166 611 hanc
3180 554 3322 612 bene
3335 553 3590 626 dispone.

313 645 597 700 universis
627 648 945 704 conferebat
971 655 1026 704 et
1051 652 1311 721 gloriam,
1337 669 1372 706 a
1398 669 1631 725 vespera
1659 671 1836 726 usque
1850 656 1920 709 ad
2004 653 2214 709 Omnes
2230 649 2563 706 constitutos
2592 647 2695 703 sub
2706 648 2847 718 jugo
2865 645 3147 744 servitutis
3163 643 3520 744 manumitte,
3536 647 3594 744 et

314 749 610 806 vesperam
627 737 909 807 jejunium
922 738 1177 807 faciebat,
1200 741 1504 814 aliquando
1524 760 1750 798 sumens
1767 744 1922 816 legu-
2003 743 2084 797 eis
2113 741 2365 812 legitima
2392 737 2653 793 concede.
2671 735 2879 791 Manda
2897 734 3177 790 actoribus
3198 733 3376 806 patris
3396 733 3508 787 mei
3530 737 3596 787 ut

314 838 473 888 men,
504 825 807 896 aliquando
837 828 1008 883 olera.
2003 848 2167 886 omne
2197 829 2450 884 debitum
2480 827 2769 881 dimittant
2787 824 3066 894 agricolis,
3089 824 3237 894 quod
3262 839 3295 890 a
3314 821 3594 894 diepatris

394 913 524 968 CAP.
551 915 672 970 XII.
697 942 754 955 σ-
783 917 916 972 Post
945 935 1151 990 paucos
1181 926 1374 975 autem
1414 923 1532 977 dies
1563 939 1797 978 evocans
1828 923 1921 978 ab-

313 999 530 1056 batissa
545 1009 788 1058 matrem
799 1007 1016 1076 puellae,
1039 1008 1178 1062 dixit
1198 1009 1249 1063 ei
1272 1017 1509 1065 secrete:
1538 1012 1796 1079 Domina,
1821 1012 1919 1068 ali-

315 1106 492 1161 quam
534 1109 654 1146 rem
695 1094 817 1148 volo
855 1095 957 1148 tibi
1001 1096 1205 1160 dicere,
1239 1115 1351 1154 non
1380 1104 1436 1154 te
1469 1101 1782 1156 conturbet.
1815 1102 1918 1156 Cui

313 1181 610 1252 respondit
635 1200 646 1234 ε
668 1183 909 1237 Domina
929 1202 1073 1252 mea,
1100 1188 1247 1258 quod
1263 1188 1429 1258 jubes
1451 1189 1557 1244 dic.
1577 1189 1731 1245 Dixit
1752 1190 1918 1245 abba-

312 1267 493 1323 tissa:
525 1270 651 1324 Vidi
684 1272 834 1327 enim
858 1273 916 1327 in
939 1275 1151 1329 somnis
1181 1278 1528 1348 Antigonum
1553 1277 1734 1333 virum
1749 1285 1915 1335 tuum

313 1357 378 1412 in
405 1375 612 1430 magna
638 1361 820 1430 gloria
849 1363 1237 1432 constitutum,
1279 1373 1336 1421 et
1365 1368 1583 1438 rogavit
1613 1369 1916 1425 Dominum

312 1447 345 1501 J
351 1463 510 1503 esum
531 1450 818 1505 Christum
847 1458 910 1506 ut
931 1455 1237 1525 egrediaris
1257 1456 1326 1510 de
1356 1473 1587 1529 corpore
1615 1463 1733 1526 tuo,
1768 1465 1825 1514 et
1849 1460 1916 1515 de

2001 921 2112 975 mei
2143 937 2320 992 usque
2350 918 2422 973 ad
2449 918 2595 971 hanc
2616 916 2764 970 diem
2794 913 3122 979 reddebant,
3153 917 3218 966 ut
3246 913 3366 968 sine
3385 910 3592 967 sollici-

1999 1010 2195 1064 tudine
2207 1024 2460 1064 mearum
2470 1011 2824 1061 terrenarum
2835 1019 3026 1059 rerum
3037 1003 3364 1066 consistens,
3372 1000 3594 1057 Christo

2001 1099 2121 1154 sine
2143 1098 2390 1171 quolibet
2417 1095 2623 1151 servire
2660 1095 2876 1149 valeam
2905 1092 3308 1164 inpedimento,
3353 1090 3441 1146 cui
3469 1090 3595 1146 ani-
3703 1111 3706 1114 ·

2000 1206 2153 1244 mam
2182 1205 2366 1243 meam
2394 1185 2811 1242 commendasse
2841 1199 3163 1255 cognoscar.
3184 1181 3354 1236 Orate
3375 1196 3475 1252 pro
3492 1195 3595 1235 an-

2002 1278 2130 1333 cilla
2163 1283 2364 1342 vestra,
2397 1282 2460 1331 tu
2475 1276 2813 1344 etAugusta,
2839 1279 2904 1328 ut
2931 1276 3217 1327 mereatur
3236 1269 3463 1325 Christo
3483 1284 3596 1322 ser-

1997 1368 2133 1434 vire,
2159 1373 2326 1438 prout
2341 1366 2606 1437 dignatur
2618 1363 2878 1418 ancillam
2895 1378 3080 1417 suam.
3100 1380 3123 1411 ι
3143 1357 3357 1414 Deinde
3367 1357 3596 1430 signans

1999 1457 2315 1528 epistolam,
2351 1453 2639 1510 veredario
2681 1451 2854 1507 dedit.
2908 1449 3016 1516 Qui
3048 1453 3354 1515 revertens,
3395 1446 3598 1503 obtulit

312 1541 519 1591 caetero
549 1538 623 1591 sis
639 1555 767 1594 cum
796 1540 909 1606 illo,
930 1547 988 1595 et
1008 1542 1216 1598 fruaris
1229 1545 1326 1599 illa
1351 1546 1548 1616 gloria,
1576 1563 1748 1618 quam
1763 1548 1920 1618 Anti-
1996 1544 2322 1618 imperatori
2334 1544 2691 1615 relegandam
2703 1540 3205 1614 epistolam.Quam
3216 1537 3436 1595 solvens
3448 1543 3505 1592 et
3517 1553 3600 1590 re-

309 1640 498 1693 gonus
529 1627 735 1680 meruit
749 1629 832 1682 vir
859 1634 1010 1687 tuus.
1036 1633 1286 1688 Audiens
1310 1640 1503 1690 autem
1533 1636 1670 1703 haec,
1695 1653 1918 1691 reversa
1998 1635 2260 1705 legensin
2273 1639 2487 1690 secreto
2499 1629 3420 1702 cumAugusta.multaslacrymas
3431 1626 3597 1683 ambo

313 1717 405 1766 est
430 1713 490 1767 in
508 1715 739 1771 domum
752 1735 911 1772 suam
933 1725 1211 1788 matrona,
1238 1728 1302 1777 ut
1323 1724 1588 1794 religiosa
1600 1725 1840 1794 femina;
1866 1731 1923 1780 et
2004 1723 2342 1791 effuderunt,
2375 1723 2544 1779 nimis
2568 1726 2794 1776 orantes
2823 1735 2926 1792 pro
2952 1718 3288 1790 Euphraxia.
3314 1721 3473 1775 Mane
3501 1733 3598 1772 au-

312 1819 430 1857 non
451 1805 630 1858 solum
655 1823 766 1861 non
787 1814 872 1862 est
891 1809 1136 1876 turbata,
1165 1813 1263 1866 sed
1290 1813 1484 1868 laetitia
1504 1830 1712 1886 magna
1728 1815 1922 1887 gavisa
1942 1799 2118 1870 Btem
2148 1814 2313 1881 facto,
2345 1827 2654 1868 convocans
2672 1809 2979 1882 imperator
3007 1825 3230 1863 omnem
3257 1811 3519 1864 senatum
3541 1811 3598 1862 et

313 1898 422 1950 est.
455 1893 666 1949 Orabat
686 1897 834 1952 enim
857 1905 918 1952 ut
939 1898 1008 1952 ab
1025 1899 1275 1954 humana
1296 1902 1413 1957 vita
1436 1903 1828 1973 discederet,et
1849 1906 1919 1961 de

311 1987 516 2036 caetero
563 1992 710 2039 esset
752 2002 880 2041 cum
925 1988 1167 2056 Christo,
1223 1995 1279 2046 et
1325 2007 1453 2046 mox
1495 2009 1699 2047 vocans
1745 1993 1918 2048 ﬁliam

312 2088 498 2140 suam,
515 2073 656 2128 dixit
675 2075 745 2129 ad
767 2093 894 2130 eam
918 2094 928 2128 :
953 2077 1096 2133 Filia
1112 2095 1257 2146 mea,
1274 2081 1418 2136 sicut
1439 2081 1579 2136 mihi
1599 2083 1812 2137 dictum
1832 2089 1919 2138 est

311 2177 349 2215 a
377 2161 607 2217 domina
628 2179 756 2218 mea
781 2165 1082 2234 abbatissa,
1135 2170 1353 2224 vocavit
1394 2188 1485 2226 me
1535 2172 1814 2240 Christus,
1862 2178 1919 2228 et

312 2253 910 2325 appropinquaverunt
953 2257 1072 2312 dies
1117 2257 1301 2314 obitus
1334 2261 1465 2314 mei.
1508 2263 1648 2316 Ecce
1691 2279 1918 2319 omnem

309 2339 688 2398 substantiam
716 2362 898 2400 meam
929 2351 984 2402 et
1009 2348 1187 2419 patris
1201 2349 1284 2404 tui
1300 2350 1428 2405 dedi
1448 2351 1508 2406 in
1524 2368 1725 2407 manus
1741 2358 1868 2408 tuas
1899 2370 1911 2406 :

310 2430 578 2504 dispensa
595 2450 719 2487 eam
741 2435 851 2506 pie,
867 2441 930 2490 ut
954 2436 1236 2492 caelestem
1257 2439 1436 2510 possis
1455 2439 1662 2496 habere
1679 2440 1917 2497 haeredi-

310 2525 511 2575 tatem.
545 2522 794 2603 Audiens
821 2524 939 2579 haec
967 2527 1286 2598 Euphraxia
1316 2545 1350 2583 a
1371 2533 1550 2584 matre
1589 2546 1711 2596 sua,
1746 2531 1918 2603 coepit

310 2609 682 2681 ingemiscere
704 2619 761 2667 et
777 2614 929 2682 ﬂere,
948 2615 1165 2671 dicens:
1184 2617 1278 2672 Vae
1301 2619 1602 2691 mihi,quia
1613 2620 1915 2692 peregrina

317 2715 446 2754 sum
477 2706 533 2755 et
570 2703 840 2773 orphana.
873 2704 1020 2760 Dicit
1056 2707 1107 2760 ei
1151 2713 1334 2761 mater
1374 2725 1510 2762 sua:
1559 2709 1703 2764 Filia
1739 2709 1913 2766 habes

311 2789 601 2845 Christum
623 2809 723 2863 pro
746 2798 907 2864 patre
929 2799 986 2850 et
1009 2812 1232 2866 sponso,
1259 2797 1383 2852 ideo
1407 2814 1509 2853 nec
1531 2800 1832 2871 peregrina
1853 2816 1912 2856 es

312 2895 416 2935 nec
437 2881 716 2951 orphana:
746 2883 921 2939 habes
940 2888 997 2939 et
1008 2885 1295 2940 dominam
1317 2887 1658 2942 abbatissam
1679 2905 1782 2960 pro
1802 2906 1915 2945 ma-

309 2969 416 3024 tris
443 2969 643 3026 ofﬁcio.
677 2971 838 3039 Vide,
863 2973 997 3040 filia,
1021 2973 1224 3030 festina
1238 2977 1386 3047 quod
1404 2977 1716 3048 promisisti
1740 2979 1916 3034 adim-

309 3059 484 3130 plere.
517 3060 696 3143 Deum
740 3063 896 3130 time,
939 3070 996 3118 et
1043 3080 1237 3118 omnes
1276 3082 1496 3120 sorores
1524 3067 1759 3136 honora,
1795 3085 1914 3124 ser-

2001 1907 2222 1976 patrem
2241 1902 2458 1976 pariter
2479 1899 2813 1973 Euphraxiae
2842 1897 3053 1970 sponsi,
3073 1897 3244 1968 jussit
3263 1911 3454 1952 coram
3482 1895 3598 1968 epi-

2001 1993 2205 2048 stolam
2236 1993 2442 2063 legere.
2463 1991 2552 2046 Illi
2583 2006 2712 2044 vero
2736 1988 3032 2044 audientes
3053 1987 3368 2059 epistolam,
3400 2002 3596 2042 omnes

2001 2087 2132 2138 sunt
2162 2081 2424 2154 lacrymis
2449 2079 2671 2153 repleti,
2708 2083 2764 2134 et
2782 2078 2936 2133 velut
2963 2094 3028 2133 ex
3053 2093 3166 2134 uno
3183 2093 3280 2132 ore
3304 2075 3593 2132 dixerunt:

2000 2173 2164 2239 Vere,
2197 2170 2422 2227 domine
2452 2171 2778 2242 imperator,
2815 2168 2934 2223 filia
2973 2172 3058 2223 est
3093 2166 3363 2238 Antigoni
3395 2171 3454 2223 et
3481 2166 3595 2223 Eu-

1998 2261 2244 2336 phraxiae
2273 2276 2456 2333 genus
2484 2265 2667 2326 tuum,
2698 2263 2756 2313 et
2784 2274 2851 2312 ex
2889 2257 3164 2329 sanguine
3206 2257 3328 2327 ejus
3352 2261 3439 2312 est
3474 2256 3594 2312 haec

1998 2352 2205 2424 puella.
2248 2350 2394 2404 Vere
2434 2348 2828 2420 religiosorum
2867 2351 3168 2419 parentum
3212 2345 3477 2417 religiosa
3511 2349 3600 2400 est

1998 2441 2131 2508 ﬁlia,
2166 2443 2372 2496 sanctae
2417 2437 2622 2493 radicis
2654 2441 2882 2492 sanctus
2929 2441 3015 2492 est
3054 2451 3289 2502 ramus;
3318 2439 3376 2490 et
3399 2450 3596 2491 omnes

1999 2531 2228 2602 quidem
2240 2545 2310 2586 ex
2334 2529 2579 2601 quadam
2600 2525 2898 2584 concordia
2914 2525 3372 2598 glorificaverunt
3390 2525 3594 2592 Deum,

1997 2625 2054 2676 et
2077 2637 2178 2692 pro
2209 2620 2396 2692 puella
2417 2619 2632 2692 pariter
2651 2621 2972 2684 oraverunt,
2997 2620 3056 2671 et
3070 2631 3430 2688 nequaquam
3454 2614 3598 2671 ulte-

1995 2709 2114 2766 rius
2144 2714 2370 2764 senator
2391 2709 2486 2764 ille
2505 2708 2658 2763 visus
2683 2712 2769 2762 est
2791 2707 3166 2780 importunus.

2069 2783 2216 2856 CAP.
2227 2799 2441 2854 XIV.—
2457 2799 2774 2870 Imperator
2788 2813 2920 2868 ergo
2935 2801 3136 2852 cuncta
3154 2795 3455 2868 disponens
3480 2793 3591 2867 pie,

1997 2893 2055 2944 et
2082 2905 2172 2943 res
2211 2887 2412 2961 puellae
2458 2886 2602 2942 bene
2647 2886 3012 2953 distribuens,
3048 2890 3104 2939 et
3145 2885 3266 2957 ipse
3296 2883 3594 2940 defunctus

1997 2983 2100 3044 est,
2136 2983 2193 3032 et
2221 2994 2349 3032 cum
2370 2977 2487 3031 suis
2511 2975 2764 3047 patribus
2802 2975 3056 3047 sepultus
3087 2978 3173 3029 est
3208 2974 3265 3029 in
3297 2989 3451 3047 pace.
3479 2972 3592 3028 Eu-

1995 3067 2367 3140 phraxiavero
2378 3064 2866 3136 magniﬁcabatur,
2885 3069 2941 3120 et
2952 3063 3259 3118 secundum
3274 3062 3454 3118 Deum
3465 3078 3594 3117 con-
3633 3063 3638 3067 ’

306 3147 466 3203 viens
492 3149 571 3204 eis
600 3166 728 3204 cum
758 3151 912 3206 omni
940 3153 1280 3209 humilitate.
1323 3156 1628 3228 Nunquam
1655 3156 1716 3212 in
1743 3157 1909 3213 corde
1932 3166 1975 3226 ο
1995 3155 2342 3223 versabatur,
2377 3155 2665 3210 abstinens
2697 3153 2848 3208 ultra
2883 3169 3207 3209 mensuram
3243 3167 3422 3208 suam.
3457 3149 3593 3206 Erat

308 3242 408 3292 tuo
440 3239 677 3310 cogites:
703 3241 773 3295 de
801 3243 1078 3312 sanguine
1105 3245 1261 3316 regio
1290 3262 1412 3300 sum
1438 3263 1571 3313 ;nec
1597 3247 1781 3302 dicas:
1806 3247 1911 3303 De-
1997 3247 2148 3302 enim
2177 3262 2457 3301 annorum
2478 3243 2859 3311 duodecim,et
2876 3242 2948 3298 ad
2977 3241 3284 3297 certamina
3300 3257 3360 3296 se
3372 3239 3593 3298 fortiter

307 3325 445 3382 bent
475 3328 615 3383 mihi
654 3329 881 3386 servire.
914 3333 1136 3404 Pauper
1167 3340 1285 3388 esto
1315 3335 1372 3388 in
1394 3341 1565 3402 terra,
1601 3342 1665 3391 ut
1686 3353 1744 3391 ιη
1769 3337 1907 3392 caelo
1990 3335 2300 3391 exercebat.
2349 3335 2418 3389 Et
2454 3335 2702 3407 primum
2733 3333 2960 3404 quidem
2984 3348 3018 3386 a
3045 3347 3279 3403 vespera
3307 3345 3487 3403 usque
3517 3331 3589 3386 ad

309 3416 527 3471 diteris.
547 3418 685 3473 Ecce
709 3419 899 3475 omnia
915 3420 1018 3474 sub
1040 3422 1299 3478 manibus
1319 3423 1430 3478 tuis
1454 3423 1648 3478 habes.
1682 3424 1906 3480 Posses-
1987 3441 2280 3497 vesperam
2308 3423 2654 3490 comedebat,
2702 3421 2904 3477 deinde
2933 3425 3062 3493 post
3095 3419 3348 3488 biduum,
3392 3424 3590 3492 postea

303 3505 492 3561 siones
521 3511 579 3562 et
597 3509 863 3580 pecunias
887 3509 945 3563 in
965 3512 1371 3567 monasterium
1391 3512 1598 3580 confer,
1621 3529 1721 3584 pro
1744 3520 1905 3586 patre
1987 3520 2116 3587 post
2141 3515 2419 3571 triduum.
2441 3513 2611 3569 Nulla
2633 3512 2744 3568 alia
2757 3510 3128 3584 praeterillam
3153 3509 3403 3565 triclinia
3425 3525 3588 3566 mun-

303 3599 403 3650 tuo
432 3602 492 3650 et
519 3613 619 3668 pro
660 3615 768 3664 me,
802 3604 867 3654 ut
893 3600 1244 3656 inveniamus
1278 3601 1723 3658 misericordiam
1753 3604 1903 3675 apud
1987 3603 2157 3659 dabat
2210 3609 2267 3659 et
2317 3602 2575 3658 cubicula
2595 3618 2854 3657 sororum
2883 3599 3171 3656 sternebat
3205 3617 3218 3653 :
3262 3615 3468 3672 aquam
3513 3601 3586 3655 ad

302 3685 506 3752 Deum,
531 3693 588 3741 et
613 3686 915 3743 liberemur
944 3689 1014 3744 ab
1043 3695 1250 3746 aeterno
1278 3692 1572 3763 supplicio.
1606 3693 1736 3746 Haec
1763 3710 1904 3765 pree-
1986 3697 2180 3760 τιεῆ
2208 3693 2507 3765 coquinam
2540 3691 2665 3764 ipsa
2689 3690 2966 3764 portabat.
2992 3690 3122 3745 Haec
3145 3694 3334 3745 autem
3353 3705 3585 3746 consue-

299 3775 517 3846 cipiens
545 3777 674 3831 filia:
701 3794 832 3844 suze,
866 3779 1038 3833 tertia
1055 3780 1145 3834 die
1169 3779 1431 3836 defuncta
1460 3787 1564 3850 est,
1594 3787 1651 3837 et
1673 3782 1901 3854 sepelie-

298 3870 437 3920 runt
465 3882 592 3920 eam
619 3868 679 3920 in
709 3868 1049 3924 monasterio
1074 3869 1134 3924 in
1156 3876 1541 3926 monumento.

374 3955 507 4010 CAP.
540 3956 689 4011 XIII.
711 3987 776 3996 —
792 3957 1040 4013 Audiens
1055 3959 1364 4030 imperator
1375 3960 1506 4031 quia
1526 3965 1750 4016 mortua
1763 3961 1901 4016 fuis-

297 4049 389 4099 set
427 4045 751 4116 Euphraxia
775 4063 915 4100 uxor
963 4048 1250 4119 Antigoni,
1288 4065 1552 4104 revocans
1583 4056 1901 4106 senatorem

296 4133 392 4189 cui
421 4133 760 4205 desponsata
788 4136 974 4192 fuerat
1001 4137 1118 4191 hlia
1135 4139 1276 4208 ejus,
1295 4138 1562 4194 indicavit
1588 4140 1658 4207 ei,
1686 4141 1893 4195 dicens:

295 4223 446 4287 Quia
460 4225 648 4295 puella
670 4241 938 4280 conversa
967 4231 1053 4282 est
1077 4227 1135 4281 in
1153 4228 1516 4283 monasterio.
1534 4229 1636 4283 Ille
1657 4247 1785 4284 vero
1804 4247 1898 4284 ro-

291 4314 455 4385 gavit
469 4313 866 4385 imperatorem
880 4321 944 4370 ut
955 4332 1056 4387 per
1064 4317 1382 4373 veredarios
1393 4318 1663 4373 scriberet
1675 4307 1892 4391 puellae,

291 4403 465 4474 eique
487 4404 816 4476 praeciperet
843 4411 908 4460 ut
937 4405 1008 4459 ad
1030 4405 1312 4462 civitatem
1327 4408 1562 4475 veniret,
1589 4414 1644 4463 et
1672 4408 1896 4480 nuptias

1983 3783 2121 3839 tudo
2149 3787 2270 3837 erat
2299 3783 2359 3838 in
2381 3782 2762 3849 monasterio;
2795 3781 2843 3834 si
2873 3779 3098 3851 quando
3141 3780 3455 3852 contigerat
3476 3779 3582 3836 ali-

1985 3889 2152 3945 quam
2183 3889 2434 3928 sororem
2462 3871 2672 3929 tentari
2702 3887 2736 3924 a
2756 3868 2976 3926 diabolo
3001 3886 3104 3942 per
3147 3886 3428 3938 somnum,
3452 3887 3582 3926 mox

1985 3961 2278 4018 abbatissae
2326 3962 2627 4034 pandebat.
2659 3960 2763 4016 Illa
2788 3977 2917 4016 vero
2945 3976 3074 4015 cum
3111 3959 3375 4033 lacrymis
3399 3959 3581 4017 Deum

1982 4052 2304 4123 postulabat
2328 4058 2392 4107 ut
2419 4051 2674 4107 diabolus
2703 4049 2772 4105 ab
2803 4067 2868 4106 ea
2901 4049 3207 4104 recederet.
3233 4049 3580 4124 jubebatque

1981 4146 2047 4196 ut
2064 4141 2279 4212 lapides
2301 4146 2570 4213 portaret,
2590 4145 2648 4194 et
2667 4138 3013 4194 substratum
3033 4138 3136 4193 sub
3176 4156 3311 4210 sago
3330 4140 3576 4196 cinerem

1982 4246 2150 4302 super
2170 4230 2411 4285 cilicium
2442 4234 2756 4302 spargeret,
2797 4233 2855 4281 et
2880 4227 2956 4281 ita
2984 4227 3260 4282 dormiret
3286 4245 3464 4301 usque
3504 4231 3576 4285 ad

1979 4318 2261 4374 decimum
2292 4320 2462 4374 diem.
2481 4320 2608 4375 Una
2633 4333 2762 4371 vero
2782 4315 3003 4371 dierum
3024 4317 3147 4388 ipsa
3162 4333 3197 4370 a
3211 4317 3433 4372 diabolo
3449 4323 3572 4373 ten-

1979 4413 2098 4463 tata
2125 4414 2226 4476 est,
2247 4414 2303 4462 et
2325 4407 2684 4480 superposuit
2713 4406 2916 4462 stratui
2945 4421 3046 4461 suo
3076 4405 3342 4461 cinerem.
3359 4407 3569 4463 Videas

289 4491 626 4548 celebraret.
651 4493 972 4566 Suscipiens
986 4501 1176 4550 autem
1199 4496 1518 4568 Euphraxia
1536 4497 1890 4568 imperatoris
1909 4491 1960 4551 D
1978 4502 2170 4553 autem
2193 4497 2476 4554 abbatissa
2503 4497 2753 4552 cinerem
2770 4495 2874 4552 sub
2888 4499 3072 4552 stratu
3087 4495 3573 4569 Euphraxiae,risit

287 4581 613 4654 epistolam,
647 4599 818 4637 manu
835 4584 1059 4655 propria
1081 4585 1374 4656 epistolam
1396 4587 1566 4641 aliam
1587 4587 1890 4659 rescripsit,

291 4671 383 4727 sic
403 4671 737 4726 habentem:
783 4674 1072 4728 «Domine
1119 4674 1444 4745 imperator,
1485 4677 1760 4732 suadesne
1799 4694 1894 4732 an-

285 4761 438 4816 cillae
471 4766 580 4816 tuae
602 4768 939 4834 utrespuam
963 4763 1270 4832 Christum,
1301 4765 1582 4821 ethomini
1606 4767 1890 4839 corrupti-

287 4849 395 4905 bili
423 4855 481 4919 et
505 4851 786 4906 vermibus
823 4854 1203 4908 consumendo
1236 4855 1565 4926 conjungar,
1595 4857 1691 4928 qui
1719 4856 1888 4912 hodie

287 4944 404 5005 est,
422 4943 478 4994 et
489 4957 610 4995 cras
638 4958 751 4996 non
769 4942 878 4997 est?
892 4942 1057 4998 Absit
1082 4942 1151 4997 ab
1171 4944 1373 4999 ancilla
1391 4950 1492 4999 tua
1517 4951 1582 5000 ut
1609 4946 1754 5001 hanc
1783 4946 1892 5000 ini-

286 5028 571 5101 quitatem
601 5030 1514 5105 faciam.Quapropter,imperator
1528 5036 1891 5102 domine,non

285 5119 535 5175 ulterius
567 5136 658 5174 vos
690 5120 772 5173 vir
799 5121 893 5175 ille
922 5121 1140 5192 fatiget,
1177 5139 1280 5193 ego
1313 5124 1464 5178 enim
1505 5124 1727 5180 Christo
1759 5141 1887 5180 con-

287 5208 469 5275 sensi,
506 5214 562 5263 et
590 5209 933 5280 impossibile
964 5217 1049 5265 est
1072 5227 1202 5266 eum
1241 5229 1330 5267 me
1360 5229 1596 5284 negare;
1633 5213 1731 5268 sed
1757 5231 1891 5285 sup-

285 5296 440 5371 plico
473 5299 735 5369 potestati
759 5305 956 5355 vestrae
983 5306 1046 5356 ut
1069 5301 1399 5356 memoriam
1424 5308 1723 5374 parentum
1743 5320 1892 5358 meo-

287 5404 425 5442 rum
448 5387 717 5444 habeatis.
755 5391 966 5444 Idcirco
991 5391 1122 5446 tolle
1146 5408 1369 5446 onmem
1409 5391 1802 5460 substantiam,
1837 5399 1894 5448 et

284 5477 558 5548 dispensa
572 5479 910 5550 pauperibus
924 5480 1090 5536 simul
1105 5486 1162 5536 et
1181 5481 1530 5553 orphanis,et
1541 5482 1612 5536 da
1627 5483 1889 5538 universa

287 5567 565 5623 ecclesiis.
617 5568 755 5624 Novi
802 5569 952 5624 enim
1007 5571 1140 5642 quia
1176 5570 1559 5628 recordaberis
1588 5578 1888 5643 parentum

287 5672 575 5730 meorum,
607 5658 847 5720 maxime
886 5659 1064 5736 patris
1093 5660 1224 5720 mei.
1257 5661 1461 5722 Audivi
1493 5661 1644 5720 enim
1675 5661 1808 5737 quia
1831 5661 1890 5722 in

1979 4593 2036 4644 et
2054 4589 2134 4644 ait
2152 4590 2223 4644 ad
2251 4604 2421 4643 unam
2442 4603 2694 4643 sororem
2719 4587 2998 4642 seniorem
3023 4604 3034 4640 :
3068 4586 3215 4641 Vere
3243 4587 3359 4642 haec
3377 4587 3567 4659 puella

1975 4679 2185 4734 tentari
2215 4679 2399 4750 coepit,
2435 4682 2492 4733 et
2520 4694 2688 4733 orans
2731 4675 3034 4741 abbatissa,
3065 4675 3242 4731 dixit:
3266 4675 3436 4744 Deus,
3474 4678 3570 4750 qui

1975 4768 2175 4822 creasti
2221 4784 2346 4822 eam
2394 4765 2702 4822 secundum
2740 4771 2903 4821 tuam
2938 4765 3306 4832 voluntatem,
3346 4769 3410 4820 tu
3439 4783 3567 4822 eam

1974 4857 2033 4912 in
2068 4863 2166 4913 tuo
2200 4857 2405 4912 timore
2430 4857 2699 4911 conferta.
2735 4856 2805 4912 Et
2841 4870 3044 4910 vocans
3097 4870 3221 4908 eam
3263 4853 3568 4924 abbatissa,

1975 4947 2114 5001 dixit
2134 4947 2204 5001 ad
2234 4963 2386 5000 eam:
2420 4946 2605 5010 Quare
2622 4961 2736 4999 non
2755 4943 3017 5000 indicasti
3037 4941 3175 4998 mihi
3195 4945 3568 5004 tentationem

1975 5035 2335 5090 diabolicam?
2372 5036 2477 5090 Illa
2513 5051 2644 5089 vero
2688 5034 2893 5089 cadens
2923 5033 2995 5088 ad
3038 5033 3210 5105 pedes
3251 5033 3566 5105 abbatissae,

1937 5169 1955 5180 .
1974 5125 2115 5180 dixit
2137 5144 2147 5179 :
2173 5126 2404 5197 Ignosce
2433 5124 2589 5192 mihi,
2611 5124 2839 5178 domina
2866 5139 3010 5190 mea,
3035 5123 3169 5195 quia
3187 5125 3420 5182 confusa
3440 5145 3569 5184 sum

1973 5215 2222 5270 indicare
2247 5214 2350 5268 tibi
2374 5215 2518 5268 hanc
2538 5228 2785 5269 causam.
2827 5212 2980 5268 Dixit
3000 5213 3071 5268 ad
3092 5229 3218 5268 eam
3239 5213 3523 5272 abbatissa
3547 5235 3560 5271 :

1975 5305 2116 5359 Filia
2133 5286 2287 5369 mea,
2322 5321 2448 5359 ecce
2481 5319 2733 5374 pugnare
2761 5302 3014 5375 coepisti;
3059 5302 3297 5360 viriliter
3351 5322 3474 5379 age,
3506 5311 3572 5363 ut
3635 5348 3638 5352 .

1974 5394 2162 5449 vincas
2182 5399 2239 5448 et
2266 5393 2567 5448 coroneris.

2047 5484 2175 5538 CAP.
2209 5484 2326 5537 XV.
2342 5513 2403 5524 —
2426 5484 2562 5538 Post
2588 5481 2796 5555 paucos
2823 5500 2954 5539 vero
2992 5483 3110 5538 dies
3135 5483 3321 5540 denuo
3349 5488 3565 5540 tentata

1973 5577 2076 5640 est,
2114 5577 2171 5627 et
2197 5573 2446 5628 narravit
2480 5573 2663 5640 alicui
2706 5573 2906 5643 sorori,
2947 5573 3174 5630 nomine
3215 5573 3395 5640 Julia,
3443 5588 3567 5643 qua:

1973 5663 2216 5723 multum
2237 5661 2506 5738 diligebat
2525 5663 2934 5749 Euphraxiam,
2957 5679 3083 5739 quae
3104 5660 3280 5724 etiam
3307 5662 3368 5724 in
3393 5667 3569 5722 certa-
