3892 6182
366 288 467 346 631

1371 286 1470 343 DE
1504 287 1694 347 VITIS
1729 286 2029 348 PATRUM
2063 285 2280 343 LIBER
2313 281 2606 340 PRIMUS.

3546 281 3652 342 632

368 417 619 474 minibus
646 433 774 474 eam
801 413 1111 473 exercebat.
1139 413 1401 486 Dixitque
1427 414 1480 469 ei
1508 415 1686 472 Julia:
1731 417 1971 473 Domina
1980 414 2035 482 Α
2049 409 2622 482 cantem,hujusmodi
2635 407 3008 464 tentationem
3024 405 3500 480 eiimmisit,quod
3519 424 3652 480 qua-

373 523 503 568 mea
527 505 863 578 Euphraxia,
878 521 992 560 non
1020 503 1328 559 abscondas
1357 503 1462 559 hoc
1489 504 1786 561 abbatissa:
1819 525 1831 574 ;
1869 506 1968 561 sed

373 595 520 650 refer
549 596 671 658 hoc.
705 599 768 649 ut
798 598 921 648 oret
948 610 1049 666 pro
1074 597 1150 650 te.
1179 593 1388 650 Omnes
1427 593 1578 648 enim
1605 599 1895 651 tentamur
1933 612 1968 649 a

371 683 624 750 diabolo;
658 682 758 738 sed
786 699 1078 756 speremus
1104 683 1163 736 in
1192 681 1401 737 Christi
1420 683 1668 750 nomine,
1693 685 1826 756 quia
1845 684 1969 738 vin-

369 771 548 826 cimus
578 789 729 827 eum.
751 771 899 842 Ergo
917 788 1077 826 soror
1092 787 1221 826 mea
1250 787 1363 826 non
1389 772 1646 837 moreris,
1669 773 1766 828 sed
1784 773 1970 827 indica

371 860 665 916 abbatissa
691 876 938 928 causam,
971 866 1029 915 et
1046 860 1160 915 noli
1190 860 1476 915 confundi.
1498 861 1746 916 Audiens
1777 867 1968 917 autem

368 950 487 1005 hac
506 950 844 1022 Euphraxia,
871 949 1087 1020 gratias
1116 949 1232 1020 egit
1251 949 1433 1015 Julia,
1460 954 1517 1004 et
1541 949 1680 1006 dixit
1707 951 1778 1005 ad
1800 967 1924 1006 eam
1950 968 1962 1004 :

369 1039 612 1111 Adjuvet
640 1045 698 1094 te
711 1040 880 1107 Deus,
905 1055 1082 1104 soror,
1107 1039 1241 1110 quia
1253 1039 1540 1094 adificasti
1565 1057 1674 1106 me,
1708 1045 1764 1095 et
1782 1057 1967 1096 meam

371 1129 620 1184 animam
644 1128 992 1184 confortasti.
1024 1128 1168 1183 Vere
1196 1128 1497 1199 ingredior,
1530 1134 1587 1184 et
1608 1146 1836 1185 causam
1865 1130 1968 1184 do-

371 1218 539 1274 mina
560 1217 854 1273 abbatissa
875 1217 1197 1290 pronuntio.
1219 1217 1479 1289 Dixitque
1491 1217 1638 1273 Julia
1665 1239 1676 1273 :
1701 1219 1880 1274 Etiam
1892 1219 1969 1274 sic

371 1306 458 1360 fac
478 1312 544 1361 ut
569 1311 692 1361 oret
718 1323 820 1378 pro
849 1311 925 1372 te,
950 1310 1008 1360 et
1037 1305 1268 1376 adjiciat
1291 1305 1394 1360 tibi
1419 1306 1838 1362 abstinentiam.
1869 1309 1972 1363 Illa

372 1412 504 1450 vero
515 1395 854 1466 ingrediens,
871 1393 1136 1449 indicavit
1145 1393 1439 1450 abbatissa
1454 1411 1682 1450 causam
1692 1397 1970 1469 .Dixitque

377 1484 430 1540 ei
459 1483 743 1540 abbatissa
772 1501 784 1537 :
834 1484 963 1538 Non
987 1483 1369 1555 pertimescas,
1395 1483 1529 1552 ﬁlia,
1555 1501 1719 1540 omne
1760 1485 1971 1541 bellum

379 1572 606 1639 diaboli,
640 1589 750 1645 quo
779 1578 976 1628 contra
1002 1589 1104 1627 nos
1122 1572 1342 1628 nititur.
1375 1574 1542 1628 Certa
1562 1573 1736 1645 igitur
1754 1575 1975 1630 fortiter

2051 503 2098 557 si
2113 503 2206 558 ille
2217 506 2443 557 senator
2453 499 2542 554 cui
2555 499 2739 553 fuerat
2749 496 3511 569 desponsata,superveniens
3522 514 3650 553 cum

2049 591 2255 648 auxilio
2269 590 2468 657 multo,
2488 587 2842 642 abstraheret
2869 603 2993 641 eam
3015 585 3085 640 de
3112 586 3477 652 monasterio,
3512 592 3569 641 et
3588 603 3655 642 ea

2051 680 2272 736 sublata
2300 678 2502 732 abiret.
2521 677 2655 743 Qua
2673 692 2799 732 cum
2817 675 3103 746 jaceretin
3133 673 3304 730 cubili
3321 675 3658 741 suo,violen-

2051 775 2138 824 ter
2163 767 2563 841 proclamabat.
2603 764 2902 821 Abbatissa
2924 781 3052 818 vero
3080 769 3139 818 ct
3165 765 3289 819 alia
3310 780 3532 819 sorores
3553 782 3649 818 ex-

2051 851 2716 930 pergefacta,audierunt
2729 855 2852 925 ejus
2873 852 3151 907 violentia
3172 869 3385 908 vocem.
3419 853 3488 907 Et
3510 853 3655 908 exci-

2050 952 2239 1002 tantes
2269 962 2414 1011 eam,
2443 945 2707 999 dixerunt
2742 961 2754 997 :
2785 942 2945 998 Unde
2975 946 3061 997 est
3083 941 3188 996 tibi
3228 941 3349 996 hac
3377 942 3656 1008 anxietas,

2051 1037 2194 1092 ﬁlia?
2223 1035 2326 1091 Illa
2352 1051 2480 1088 vero
2502 1038 2731 1104 repente
2759 1032 3043 1086 somnium
3060 1030 3332 1086 recitavit.
3353 1029 3661 1086 Abbatissa

2051 1141 2182 1180 vero
2211 1124 2461 1178 excitans
2487 1137 2731 1188 sorores,
2760 1119 2918 1175 stetit
2940 1119 2999 1174 in
3029 1119 3302 1174 oratione.
3336 1119 3470 1173 Post
3495 1135 3662 1174 com-

2052 1213 2266 1285 pletum
2299 1227 2429 1264 vero
2460 1209 2840 1264 ministerium
2866 1224 3044 1279 usque
3065 1207 3135 1263 ad
3165 1207 3365 1264 horam
3399 1210 3657 1275 tertiam,

2053 1309 2249 1357 tenens
2279 1300 2539 1355 Codicem
2588 1297 2926 1370 Euphraxia,
2976 1296 3162 1352 stabat
3188 1299 3378 1369 legens
3407 1299 3662 1354 sedenti-

2053 1391 2178 1459 bus,
2207 1394 2264 1445 et
2289 1395 2484 1462 postea
2513 1392 2668 1443 stans
2695 1387 2766 1442 ad
2799 1387 2995 1442 horam
3025 1387 3253 1442 tertiam
3309 1388 3367 1442 in
3396 1387 3664 1443 ministe-

2054 1481 2158 1535 rio.
2191 1480 2325 1534 Post
2349 1477 2780 1550 completionem
2808 1491 2939 1532 vero
2976 1476 3312 1541 tertia,mox
3334 1477 3668 1549 Euphraxia

2057 1567 2342 1624 sororibus
2359 1566 2674 1622 necessaria
2685 1564 3539 1638 parabat,munditiam356in
3559 1567 3670 1621 tri-

378 1661 654 1718 immobili
684 1661 891 1728 animo,
925 1667 984 1717 et
1024 1678 1137 1717 non
1177 1661 1502 1733 pravalebit
1549 1663 1846 1719 adversum
1891 1672 1969 1720 te.
1993 1659 2223 1753 Bclinio
2245 1657 2538 1722 faciens,et
2553 1657 2726 1711 lectos
2745 1655 3667 1728 sternens,aquamimplens,etad

380 1752 620 1808 Multum
635 1751 787 1806 enim
802 1750 872 1805 ab
885 1767 950 1806 eo
970 1751 1241 1806 tentanda
1259 1768 1352 1818 es;
1378 1752 1477 1806 sed
1496 1757 1738 1820 certa,ut
1764 1754 1972 1820 vincas,
1995 1743 2038 1753 ”
2060 1747 2357 1820 coquinam
2387 1751 2618 1818 portans
2641 1764 2653 1812 ;
2687 1744 2842 1816 ligna
2870 1743 3151 1815 frangens,
3187 1749 3242 1798 et
3256 1745 3545 1815 legumina
3565 1762 3669 1798 co-

380 1840 717 1896 utvictorias
737 1839 1156 1911 ettriumphum
1174 1840 1413 1912 accipias
1433 1858 1466 1895 a
1485 1858 1688 1913 sponso
1702 1847 1798 1897 tuo
1813 1844 1978 1898 Chri-

381 1936 490 1997 sto,
525 1935 586 1984 et
611 1935 887 2000 quantum
915 1934 1074 1999 potes
1101 1929 1282 2001 adjice
1317 1928 1671 1985 abstinentia
1698 1936 1828 1987 tua.
1871 1933 1978 1998 Qui

384 2018 536 2072 enim
578 2017 857 2090 pracipue
887 2017 1154 2083 decertat,
1197 2017 1480 2091 pracipua
1503 2019 1649 2074 dona
1686 2021 1974 2095 percipiet.

384 2107 518 2162 Post
536 2106 951 2178 aliquantulum
969 2123 1099 2161 vero
1117 2107 1389 2179 temporis
1409 2109 1654 2180 spatium
1671 2110 1982 2183 interroga-

386 2195 467 2250 vit
485 2211 608 2251 eam
629 2194 930 2262 abbatissa,
959 2195 1150 2252 dicens
1171 2214 1182 2250 :
1203 2197 1338 2252 Post
1357 2202 1494 2269 quot
1510 2198 1628 2254 dies
1664 2201 1977 2269 comedisti,

389 2284 548 2340 ﬁlia?
572 2285 767 2340 Puella
781 2284 951 2340 dixit:
976 2285 1113 2340 Post
1139 2289 1254 2341 tres
1265 2285 1404 2354 dies,
1425 2286 1656 2344 domina
1668 2306 1813 2344 mea.
1830 2291 1985 2346 Dixit

388 2374 440 2429 ei
465 2373 783 2429 abbatissa:
816 2373 1010 2444 Adjice
1035 2375 1229 2441 jadhuc
1269 2392 1447 2431 unum
1494 2376 1662 2432 diem.
1705 2379 1809 2433 Illa
1853 2397 1983 2436 vero

383 2463 698 2536 jussionem
745 2464 868 2535 ejus
896 2480 1025 2518 cum
1053 2463 1248 2518 latitia
1277 2481 1484 2536 magna
1504 2466 1831 2539 suscipiens,
1865 2469 1984 2526 dis-

391 2553 576 2610 cessit.

462 2644 601 2698 CAP.
631 2641 1111 2714 XVI.—Cumque
1131 2641 1278 2697 facta
1299 2648 1448 2699 esset
1465 2660 1742 2700 annorum
1757 2646 1974 2718 viginti,

392 2738 556 2788 atate
585 2730 1005 2786 confortabatur
1035 2737 1092 2786 et
1104 2730 1459 2803 pravalebat.
1487 2733 1621 2788 Erat
1641 2735 1792 2789 enim
1819 2736 1989 2791 nimis

391 2821 660 2894 speciosa,
695 2826 966 2892 tanquam
996 2837 1128 2875 vera
1149 2825 1426 2888 matrona,
1459 2828 1517 2877 et
1533 2825 1809 2895 sanguine
1836 2825 1989 2896 regio

395 2916 709 2985 procreata.
736 2911 932 2966 Denuo
946 2915 1137 2966 autem
1157 2915 1394 2978 tentata,
1415 2912 1678 2969 indicavit
1693 2914 1989 2971 abbatissa

2061 1855 2238 1912 quens
2262 1857 2276 1908 ;
2330 1836 2570 1891 farinam
2604 1833 3077 1904 confermentans,
3099 1839 3158 1889 et
3177 1850 3421 1906 coquens
3450 1849 3670 1906 panem

2060 1929 2119 1984 in
2148 1926 2385 1982 clibano.
2408 1926 2477 1980 Et
2488 1924 2623 1980 dum
2646 1924 2764 1980 hac
2790 1923 2982 1979 omnia
3000 1923 3226 1988 faceret,
3251 1924 3425 1978 necin
3437 1928 3672 1978 noctur-

2059 2036 2135 2074 na
2161 2015 2476 2091 psalmodia
2502 2015 2717 2082 deerat,
2735 2030 2838 2069 nec
2865 2013 2926 2068 in
2943 2013 3131 2080 tertia,
3150 2029 3253 2067 nec
3282 2013 3341 2068 in
3366 2019 3542 2078 sexta,
3561 2029 3671 2068 nec

2064 2109 2125 2164 in
2149 2123 2315 2176 nona,
2344 2121 2447 2162 nec
2466 2104 2524 2160 in
2553 2119 2805 2177 vespera.
2860 2103 3007 2158 Nam
3033 2108 3334 2175 postquam
3364 2103 3675 2174 complevit

2063 2196 2410 2270 vespertinas
2459 2194 2762 2261 orationes,
2787 2209 2888 2266 per
2925 2209 2986 2248 se
3016 2191 3398 2247 ministerium
3425 2191 3676 2248 faciebat

2065 2286 2377 2343 inferendo.
2412 2285 2557 2340 Cum
2587 2299 2702 2356 qua
2729 2281 2900 2338 etiam
2921 2287 2980 2338 et
3006 2280 3299 2337 laborabat
3324 2281 3492 2349 Julia,
3528 2281 3674 2338 satis

2066 2377 2218 2433 enim
2245 2374 2515 2447 diligebat
2542 2372 2944 2446 Euphraxiam.

2138 2468 2269 2522 CAP.
2287 2464 2710 2521 XIX.—Denuo
2729 2461 3008 2535 siquidem
3025 2459 3278 2517 diabolus
3288 2478 3390 2534 per
3405 2479 3678 2517 somnum

2065 2557 2428 2612 vehementer
2448 2571 2574 2609 eam
2602 2551 2910 2620 tentans,ei
2924 2555 3208 2607 certamen
3228 2551 3462 2607 immisit
3485 2553 3679 2607 maxi-

2070 2645 2389 2711 mum.Qua
2428 2660 2556 2699 mox
2592 2640 2891 2698 anxietatis
2923 2658 3038 2696 sua
3059 2645 3344 2697 certamen
3373 2641 3680 2696 abbatissa

2073 2735 2324 2792 confessa
2343 2739 2445 2789 est.
2477 2734 2586 2788 Pro
2604 2748 2716 2804 qua
2741 2731 2878 2787 dum
2893 2735 3084 2786 oraret
3115 2729 3570 2798 abbatissa,dixit
3589 2732 3642 2786 ei
3663 2750 3674 2785 :

2072 2825 2216 2880 Filia
2236 2841 2366 2880 mea
2394 2821 2964 2895 Euphraxia,tempus
2983 2821 3306 2878 certaminis
3328 2819 3588 2876 est.Vide
3609 2838 3682 2875 ne

2073 2914 2292 2972 molliat
2324 2912 2579 2968 diabolus
2613 2917 2861 2967 mentem
2888 2916 3070 2976 tuam,
3103 2915 3160 2966 et
3188 2910 3388 2983 perdas
3416 2908 3683 2965 laborem

394 3018 642 3058 causam.
657 2999 918 3072 Dixitque
932 2999 984 3055 ei
1003 2999 1439 3056 abbatissazNoli
1456 3001 1818 3071 timere,tilia,
1842 3005 1992 3062 Deus
2011 3017 2056 3081 ο
2073 3009 2256 3059 tuum.
2284 3003 2482 3058 Adhuc
2501 3001 2652 3057 enim
2685 3017 2857 3073 parvo
2886 3005 3140 3072 tempore
3166 3000 3440 3055 dimicans
3460 3004 3681 3067 tecum,

395 3098 582 3147 tecum
598 3094 702 3148 est.
733 3091 864 3146 Erat
880 3094 1069 3144 autem
1091 3089 1149 3144 in
1178 3090 1310 3144 aula
1325 3093 1652 3147 monasterii
1666 3109 1896 3150 acervus
1915 3095 1992 3150 la-

394 3180 825 3255 pidum.Volens
846 3184 1036 3235 autem
1055 3177 1338 3234 abbatissa
1350 3185 1571 3236 tentare
1589 3182 1986 3254 Euphraxiam,

396 3277 454 3327 et
463 3271 536 3326 ad
550 3269 746 3326 Matris
760 3284 1062 3342 provocare
1075 3267 1619 3337 obedientiam,dixit
1631 3271 1678 3327 ei
1691 3272 1868 3339 :Veni,
1877 3273 1994 3328 ﬁlia

395 3379 542 3430 mea,
567 3361 704 3416 istos
721 3358 935 3432 lapides
956 3362 1282 3431 transporta
1311 3359 1526 3427 hinc,et
1544 3377 1690 3433 pone
1720 3379 1815 3418 eos
1831 3363 1994 3434 juxta

395 3451 677 3508 clibanum
686 3447 1025 3520 .Euphraxia
1036 3465 1166 3504 vero
1181 3464 1309 3503 mox
1329 3449 1565 3504 accessit
1585 3450 1800 3523 lapides
1813 3457 1995 3508 trans-

395 3547 652 3614 portare:
678 3542 842 3594 erant
869 3542 1062 3592 autem
1086 3541 1144 3592 et
1167 3537 1411 3609 grandes
1441 3539 1656 3610 lapides
1697 3539 1847 3595 inter
1874 3558 1989 3609 eos,

399 3647 540 3704 quos
560 3630 684 3686 dua
693 3643 914 3684 sorores
933 3625 1020 3680 vix
1039 3631 1301 3698 poterant
1317 3626 1663 3699 agitare.llla
1683 3645 1812 3685 vero
1827 3646 1997 3703 super

400 3721 667 3777 humeros
695 3733 828 3772 suos
859 3714 1169 3788 arripiebat
1196 3732 1310 3782 eos,
1340 3716 1495 3771 nullo
1536 3717 1817 3788 adjutorio
1851 3713 1994 3791 opus

403 3811 638 3869 habens.
671 3807 806 3862 Erat
833 3809 1026 3860 autem
1042 3804 1266 3876 juvenis
1287 3809 1344 3860 et
1371 3805 1530 3861 valde
1550 3806 1727 3873 fortis,
1744 3823 1846 3862 nec
1861 3807 1999 3863 dixit

406 3900 728 3960 abbatissa:
747 3896 990 3967 Adjuvet
1006 3910 1094 3948 me
1113 3893 1226 3948 alia
1237 3895 1536 3950 soror.Nec
1553 3895 1710 3954 dixit:
1743 3896 1998 3954 Grandes

405 3996 543 4051 sunt
567 3988 802 4063 lapides,
825 4001 936 4041 non
959 3983 1370 4057 pravaleo.Nec
1389 3984 1553 4040 dixit:
1573 3986 1777 4058 Jejuna
1795 4004 1921 4042 sum
1943 3994 2002 4050 et

407 4079 625 4146 deﬁcio,
659 4080 717 4133 et
734 4091 874 4148 opus
897 4073 1003 4128 hoc
1020 4071 1235 4144 grande
1256 4078 1340 4129 est
1360 4074 1486 4141 ;sed
1509 4090 1636 4130 cum
1657 4075 1998 4147 fiduciajus-

403 4172 623 4234 sionem
643 4181 745 4241 per
763 4159 1139 4221 obedientiam
1159 4161 1506 4234 adimplevit.

480 4265 612 4319 CAP.
635 4258 813 4316 XVII.
825 4286 889 4300 --
903 4254 1031 4310 Alia
1046 4269 1176 4308 vero
1193 4253 1282 4309 die
1293 4253 1436 4310 dixit
1451 4252 1736 4310 abbatissa
1748 4255 1818 4312 ad
1838 4273 1961 4312 eam
1983 4276 1994 4313 :

406 4356 534 4411 Non
544 4355 630 4408 est
643 4350 864 4422 justum
877 4349 944 4401 ut
958 4343 1172 4416 lapides
1186 4342 1278 4398 isti
1286 4345 1451 4415 juxta
1461 4343 1689 4400 furnum
1704 4345 1819 4400 sint
1831 4347 2001 4418 positi

2074 3093 2209 3149 dum
2240 3092 2411 3149 fuerit
2429 3096 2778 3164 superatusa
2807 3096 3118 3158 te,rursum
3134 3089 3382 3161 effugiet.
3416 3089 3686 3144 Dicebat-

2075 3201 2183 3256 que
2195 3183 2247 3238 ei
2262 3182 2430 3238 simul
2448 3181 2600 3238 Julia
2621 3199 2633 3234 :
2666 3180 2906 3237 Domino
2942 3184 3000 3235 et
3019 3196 3178 3235 soror
3192 3195 3337 3245 mea,
3371 3179 3420 3234 si
3444 3179 3622 3234 modo
3635 3180 3687 3234 ei

2075 3289 2188 3329 non
2218 3288 2598 3345 repugnamus
2619 3277 2676 3327 et
2695 3270 3054 3337 vincimus,in
3064 3274 3350 3325 senectute
3365 3269 3536 3340 quale
3568 3269 3688 3324 bel-

2075 3364 2196 3420 lum
2216 3379 2346 3419 cum
2357 3379 2422 3418 eo
2433 3361 2849 3417 faciemus?Cui
2861 3358 3151 3432 respondit
3166 3358 3509 3432 Euphraxia:
3527 3359 3690 3413 Vivit

2077 3452 2535 3521 Dominus,soror
2551 3451 2837 3523 Julia,qua
2857 3449 2905 3506 si
2922 3449 3060 3504 mihi
3081 3448 3412 3522 praceperit
3428 3447 3687 3502 abbatis-

2076 3561 2159 3613 sa,
2185 3560 2299 3599 non
2317 3541 2554 3615 gustabo
2569 3541 2628 3596 in
2649 3546 2770 3597 tota
2790 3540 3103 3612 septimana
3121 3525 3313 3612 panes,
3344 3538 3525 3593 donec
3548 3555 3688 3593 eum

2077 3632 2318 3690 Domino
2370 3633 2672 3702 adjuvante
2709 3631 2951 3686 vincam.
2985 3629 3090 3685 Cui
3134 3628 3284 3684 Julia
3327 3627 3491 3682 dixit:
3529 3629 3592 3683 Si
3625 3633 3690 3682 tu

2078 3724 2184 3779 hoc
2213 3727 2372 3796 potes
2398 3721 2634 3794 implere
2661 3719 2722 3776 in
2745 3724 2917 3787 terra,
2931 3717 3286 3776 beataerisin
3316 3717 3564 3773 coelo.In
3576 3717 3692 3772 isto

2080 3829 2325 3885 namque
2347 3810 2688 3867 monasterio
2705 3810 2864 3866 nulla
2879 3808 3060 3882 potuit
3078 3808 3198 3864 sine
3210 3807 3332 3863 cibo
3353 3813 3537 3863 totam
3562 3825 3693 3879 sep-

2079 3903 2355 3958 timanam
2384 3917 2734 3973 permanere,
2757 3899 2866 3955 nisi
2900 3899 3130 3955 domina
3148 3903 3341 3954 nostra
3368 3897 3691 3952 abbatissa.

2079 3994 2237 4049 Tunc
2282 3993 2537 4064 ingressa
2590 3990 2936 4063 Euphraxia,
2976 3989 3256 4045 nuntiavit
3303 3986 3695 4043 tentationem

2081 4081 2291 4138 diaboli
2313 4097 2415 4154 per
2443 4097 2704 4137 somnum
2725 4079 3038 4147 abbatissa,
3059 4094 3296 4150 eamque
3308 4077 3533 4150 rogavit
3548 4083 3620 4132 ut
3641 4076 3698 4132 ei

2082 4170 2410 4244 praciperet
2428 4176 2706 4242 quatenus
2732 4174 2912 4226 totam
2950 4167 3363 4224 hebdomadam
3413 4166 3540 4222 sine
3562 4166 3698 4222 cibo

2085 4261 2427 4334 persisteret.
2463 4259 2565 4315 Cui
2593 4258 2876 4314 abbatissa
2905 4257 3046 4314 dixit
3077 4275 3087 4310 :
3123 4258 3231 4312 Fac
3261 4256 3539 4329 quidquid
3584 4255 3698 4311 tibi

2082 4351 2289 4406 videris
2341 4349 2503 4405 facile
2542 4366 2683 4418 esse,
2730 4349 2848 4404 filia
2896 4365 3041 4404 mea.
3068 4347 3218 4403 Deus
3256 4347 3354 4420 qui
3382 4346 3609 4401 creavit
3636 4351 3699 4400 te

410 4443 510 4500 sed
527 4444 756 4514 reporta
777 4452 872 4493 eos
905 4435 965 4489 in
984 4434 1167 4490 locum
1191 4449 1375 4488 suum.
1401 4433 1506 4489 Illa
1526 4450 1654 4489 vero
1669 4433 1857 4490 denuo
1873 4424 2068 4492 con-D
2085 4442 2378 4498 conﬁrmet
2405 4444 2480 4506 te,
2508 4445 2566 4495 et
2593 4444 2790 4494 contra
2817 4437 3102 4494 diabolum
3146 4437 3319 4493 donet
3361 4435 3469 4491 tibi
3506 4436 3701 4491 victo-

409 4525 966 4601 fidenterjussionem
983 4521 1276 4578 abbatissa
1294 4538 1407 4578 sua
1420 4523 1790 4595 complevit.H
1795 4542 1858 4579 oc
1869 4542 2001 4598 ergo

407 4640 550 4697 opus
568 4617 767 4692 viginti
786 4615 907 4672 dies
927 4613 1098 4686 jussit
1117 4628 1240 4666 eam
1258 4611 1868 4685 facere,utpatientiam
1881 4617 1930 4687 ej
1940 4634 2002 4672 us

408 4708 818 4784 comprobaret.
854 4705 1064 4761 Omnes
1091 4701 1282 4774 itaque
1312 4718 1532 4757 sorores
1562 4702 1822 4759 videbant
1851 4707 2001 4776 quod

407 4803 598 4868 ﬁebat,
630 4805 688 4855 et
729 4796 927 4870 puella
968 4793 1348 4850 obedientiam
1390 4792 1832 4850 admirabantur.
1864 4797 2001 4853 Alia

410 4904 634 4963 quoque
654 4901 875 4941 sorores
898 4880 1247 4948 deridebant,
1273 4879 1394 4936 alia
1415 4881 1799 4938 acclamabant
1821 4900 1832 4936 :
1859 4884 2005 4940 Viri~

408 4980 541 5036 liter
566 4971 1300 5048 age,Euphraxia.Triginta
1318 4987 1448 5026 vero
1470 4971 1590 5026 dies
1611 4971 1830 5044 impleti
1847 4979 1996 5030 sunt.

409 5069 608 5127 Denuo
636 5064 811 5120 divini
837 5062 1022 5134 operis
1043 5059 1416 5118 celebratione
1446 5060 1609 5130 facta,
1643 5060 1732 5117 die
1759 5064 2004 5135 quadam

411 5161 681 5232 pergente
705 5151 1022 5224 Euphraxia
1040 5157 1105 5207 ut
1132 5150 1346 5222 lapides
1374 5155 1644 5223 portaret,
1676 5151 1815 5207 dixit
1833 5152 1885 5208 ei
1912 5153 2007 5208 ab-

410 5246 620 5303 batissa
643 5262 656 5300 :
690 5241 942 5308 Dimitte,
970 5239 1214 5307 ﬁlia,hoc
1230 5240 1627 5308 ministerium,
1654 5243 1852 5298 ettolle
1876 5244 2005 5298 fari-

411 5353 546 5396 nam
575 5340 632 5392 et
662 5346 987 5403 consperge,
1009 5335 1068 5385 et
1092 5346 1270 5402 coque
1291 5347 1466 5402 panes
1484 5331 1543 5386 in
1561 5332 1746 5399 furno,
1761 5338 1826 5389 ut
1848 5333 2003 5389 inve-

411 5425 588 5485 niaris
613 5423 685 5480 ad
713 5435 1006 5493 vesperum
1023 5419 1084 5476 in
1109 5419 1425 5477 ministerio
1444 5437 1721 5478 sororum.
1756 5423 1858 5478 Illa
1872 5440 2002 5478 vero

413 5534 543 5575 cum
569 5527 777 5585 magna
805 5509 1001 5567 latitia
1030 5513 1087 5564 et
1108 5507 1317 5581 gaudio
1330 5510 1495 5582 jussa
1522 5512 1842 5584 complevit-

485 5606 622 5665 CAP.
653 5599 939 5676 XVIII.;-
962 5599 1178 5659 Rursus
1194 5597 1449 5658 diabolus
1469 5600 1758 5662 inveniens
1772 5620 1897 5664 eam
1907 5619 2004 5661 va-

2084 4531 2244 4586 riam.
2291 4529 2472 4602 Coepit
2525 4528 2700 4600 igitur
2725 4528 3042 4602 Euphraxia
3063 4532 3243 4582 totam
3299 4525 3701 4598 septimanam

2079 4621 2361 4692 jejunare,
2385 4623 2442 4674 et
2461 4635 2643 4690 neque
2662 4618 2936 4690 psallendi
2957 4617 3202 4672 ofﬁcium
3223 4615 3547 4687 dereliquit,
3589 4633 3704 4670 nec

2083 4723 2337 4762 sororum
2351 4703 2832 4770 ministerium,ita
2846 4709 2910 4759 ut
2920 4719 3115 4758 omnes
3128 4701 3487 4757 tolerantiam
3503 4701 3704 4773 ipsius

2083 4797 2446 4862 mirarentur,
2468 4800 2524 4849 et
2543 4793 3020 4866 pulchritudinem
3041 4793 3210 4848 simul
3239 4797 3296 4847 et
3315 4793 3701 4864 juventutem

2085 4886 2284 4942 atatis.
2299 4884 2570 4941 Dicebant
2589 4890 2779 4939 autem
2804 4881 3061 4955 quadam
3083 4882 3151 4937 de
3175 4882 3408 4954 collegio
3431 4900 3650 4940 earum
3686 4903 3700 4938 :

2085 4976 2370 5037 Habemus
2391 4973 2557 5029 hodie
2575 4989 2807 5040 annum,
2826 4971 3201 5026 custodientes
3215 4973 3292 5026 Eu
3300 4972 3706 5044 phraxiam,et

2086 5066 2372 5123 sedentem
2384 5081 2508 5118 eam
2520 5079 2632 5118 non
2646 5062 2733 5117 vid
2743 5062 3097 5134 imus,neque
3109 5078 3210 5134 per
3221 5061 3368 5116 diem
3384 5078 3580 5136 neque
3594 5081 3710 5137 per

2085 5161 2328 5221 noctem,
2362 5153 2470 5210 nisi
2500 5152 2679 5208 solum
2697 5152 2920 5224 quando
2940 5150 3326 5224 requiescebat
3343 5151 3401 5206 in
3422 5152 3554 5208 loco
3589 5171 3706 5210 suo

2085 5245 2322 5301 nocte.N
2326 5258 2575 5315 unquam
2597 5241 2746 5296 enim
2758 5241 3012 5310 sedit,vel
3026 5241 3252 5312 quando
3273 5241 3444 5296 etiam
3468 5259 3594 5314 pan
3604 5261 3706 5300 em

2083 5334 2344 5391 comedit.
2362 5333 2570 5388 Omnes
2589 5347 2724 5404 ergo
2738 5347 2958 5388 sorores
2972 5330 3280 5402 diligebant
3296 5330 3706 5402 Euphraxiam

2084 5425 2216 5498 quia
2253 5440 2313 5478 se
2350 5423 2431 5477 ita
2485 5421 2778 5477 humiliter
2833 5420 3144 5485 exercebat,
3187 5426 3245 5476 et
3299 5436 3426 5476 cum
3487 5424 3708 5481 studio

2084 5512 2418 5570 famulatum
2438 5510 2722 5567 sororibus
2749 5509 3068 5578 exhibebat,
3098 5510 3233 5566 dum
3263 5509 3551 5584 pracipua
3586 5514 3711 5570 uti-

2087 5619 2196 5680 que
2232 5601 2608 5680 de_sanguine
2633 5599 2911 5676 imperiali
2930 5597 3312 5659 descenderet.
3345 5600 3455 5657 Pro
3481 5615 3617 5674 qua
3642 5621 3713 5664 re
