3954 6190
304 235 421 296 633

1255 248 1427 306 VITA
1461 249 1769 310 ΒΑΝπῶ
1805 254 2256 328 ΕΠΡΗΒΑΞΙᾸΞ,
2298 259 2644 320 VIRGINIS.

3479 271 3585 332 684

299 359 525 470 intente
540 362 710 419 nimis
736 381 839 437 pro
867 382 936 425 ea
959 373 1203 437 orantes,
1228 372 1503 445 rogabant
1518 375 1824 445 Dominum
1846 386 1911 439 ut
1926 383 1979 449 Δ
1993 400 2099 440 nus
2122 384 2264 456 ejus,
2299 390 2358 441 et
2379 401 2558 459 usque
2578 387 2653 443 ad
2678 389 2800 460 ejus
2827 392 3153 461 calcaneum
3181 395 3372 463 traxit,
3391 401 3450 452 et
3461 413 3583 470 per-

294 451 638 508 salvaretur.

378 540 517 595 CAP.
548 543 668 598 XX.
702 574 769 584 —
799 545 930 601 Fuit
961 553 1154 605 autem
1182 551 1353 619 ,inter'
1374 572 1466 630 eas
1494 559 1773 629 quaedam,
1806 580 1905 619 no-

294 628 457 684 mine
486 630 788 695 Germana,
838 652 1009 707 quam
1057 639 1321 697 dicebant
1352 628 1420 700 ex
1465 628 1670 703 ancilla
1695 656 1898 707 ortam.

292 897 419 964 Dic,
443 899 783 972 Euphraxia,
802 919 928 959 ecce
949 911 1011 961 tu
1032 910 1205 963 semel
1225 910 1285 966 in
1321 915 1638 985 septimana
1653 920 1901 975 comedis

293 988 612 1044 secundum
643 992 898 1063 regulam
926 994 1239 1066 abbatissae,
1265 1005 1321 1055 et
1340 1018 1443 1058 nos
1458 1004 1561 1060 hoc
1580 1022 1694 1062 non
1710 1023 1905 1080 possu-

291 1091 431 1167 mus
456 1078 783 1152 adimplere.
834 1083 893 1137 Si
943 1091 1145 1142 coactae
1181 1089 1453 1149 fuerimus
1495 1094 1567 1149 ab
1599 1078 1899 1167 abbatissa,

1985 475 2140 530 venit
2164 492 2340 548 usque
2371 474 2441 531 ad
2470 475 2688 532 tibiam.
2707 478 2841 543 Quae
2870 497 2998 536 cum
3018 482 3249 538 vidisset
3267 484 3584 542 crudelissi-

1987 580 2145 620 mum
2172 566 2374 621 vulnus
2398 566 2577 634 valde,
2613 572 2670 622 et
2699 569 3033 640 sanguinem
3057 573 3420 629 vehementer
3439 576 3580 631 etfu-

1986 670 2134 720 sum,
2177 655 2476 726 projiciens
2519 656 2761 712 securim
2808 659 3129 729 angustiata
3177 667 3234 717 et
3281 663 3341 717 in
3368 668 3579 719 terram

1881 773 1903 783 -
1984 749 2269 814 prostrata
2286 750 2389 799 est.
2424 746 2573 800 Julia
2596 763 2722 801 vero
2756 748 3023 817 cucurrit,
3042 755 3099 804 et
3134 751 3403 820 clamans,
3429 770 3582 808 soro-

1854 831 1895 886 i:
1986 831 2138 888 ribus
2157 834 2436 889 nuntiavit
2452 835 2584 906 quia
2601 836 2920 908 Euphraxia
2938 839 3216 910 accipiens
3232 843 3491 910 securim,
3509 844 3580 899 de

1985 924 2167 978 securi
2192 928 2416 979 mortua
2445 930 2547 979 est.
2581 926 2835 998 Cumque
2865 944 3137 984 concursu
3160 930 3370 985 clamor
3398 932 3578 988 factus

1985 1010 2182 1067 fuisset
2196 1013 2603 1079 universarum,
2617 1015 3056 1070 circumstabant
3069 1033 3193 1071 eam
3210 1034 3399 1089 paucae
3414 1020 3581 1076 simul

1987 1106 2045 1155 et
2060 1101 2287 1156 flebant.
2307 1103 2461 1157 Tunc
2482 1104 2752 1159 accedens
2769 1104 3069 1172 abbatissa,
3087 1123 3292 1178 aquam
3310 1108 3368 1163 in
3380 1109 3579 1165 faciem

294 1166 437 1238 quid
466 1167 775 1268 faciemus?
805 1172 909 1227 Cui
937 1174 1262 1247 Euphraxia
1288 1184 1579 1253 respondit
1619 1204 1629 1239 :
1662 1166 1903 1245 Domina
1969 1192 2107 1268 _ejus
2124 1191 2280 1246 misit
2301 1192 2369 1262 (4)
2389 1211 2402 1260 ;
2419 1198 2476 1246 et
2490 1194 2825 1265 consignans
2846 1211 2970 1249 eam
2997 1166 3166 1267 atque
3178 1198 3573 1268 complectens,

290 1270 450 1355 mea,
484 1256 715 1314 domina
753 1266 948 1316 nostra
976 1264 1262 1323 abbatissa
1298 1270 1438 1327 dixit
1458 1279 1523 1328 ut
1551 1291 1903 1352 unaquaeque
1954 1256 2063 1334 mit
2081 1280 2160 1335 ei:
2186 1256 2325 1336 Filia
2356 1256 2486 1336 mea
2513 1256 2850 1352 Euphraxia,
2878 1300 2978 1338 cur
3002 1256 3324 1355 angustiata
3351 1287 3446 1340 es?
3475 1256 3581 1343 Re;

294 1343 448 1400 sicut
480 1348 692 1418 poterit
721 1348 991 1409 decertet.
1041 1356 1169 1411 Non
1199 1358 1352 1414 enim
1395 1362 1516 1419 sine
1568 1343 1899 1427 necessitate

291 1433 438 1532 mihi
462 1435 569 1491 hoc
587 1438 790 1509 jugum
818 1441 1271 1514 imposuit.Dixit
1290 1449 1340 1503 ei
1363 1451 1674 1510 Germana:
1709 1458 1897 1532 Impo-

288 1523 435 1578 strix
454 1530 512 1580 et
533 1527 688 1584 omni
717 1529 1026 1588 calliditate
1051 1534 1238 1605 plena,
1262 1539 1388 1609 quis
1405 1544 1620 1599 nesciat
1637 1547 1770 1619 quia
1792 1523 1896 1606 sub

288 1611 524 1683 ingenio
554 1614 658 1671 hoc
675 1618 816 1688 agis,
844 1625 909 1674 ut
936 1628 1065 1692 post
1092 1627 1485 1696 pausationem
1512 1611 1809 1694 abbatissae
1833 1646 1895 1694 tu

1982 1386 2110 1425 crea
2135 1376 2212 1438 te,
2238 1376 2295 1425 et
2313 1372 2543 1442 loquere
2579 1372 2884 1427 sororibus.
2926 1374 3030 1428 Illa
3062 1390 3193 1428 vero
3219 1375 3571 1446 respiciente,

1980 1458 2262 1515 abbatissa
2290 1461 2460 1514 dixit:
2487 1460 2721 1515 Domine
2731 1462 2760 1518 J
2766 1478 2864 1516 esu
2895 1462 3134 1531 Christe,
3156 1479 3296 1519 sana
3314 1465 3576 1520 ancillam

1978 1554 2157 1617 tuam,
2192 1550 2458 1621 quoniam
2510 1556 2740 1622 propter
2781 1556 2838 1604 te
2877 1550 3058 1606 multa
3086 1551 3316 1623 patitur.
3349 1554 3421 1608 Et
3448 1570 3575 1608 cum

1978 1640 2210 1712 ligasset
2237 1641 2436 1713 pedem
2468 1642 2590 1712 ejus
2622 1640 2691 1696 de
2719 1658 2904 1713 panno
2932 1640 3168 1710 cilicino,
3194 1644 3397 1698 levavit
3426 1660 3570 1699 eam:

288 1700 346 1756 ei
364 1703 677 1760 succedas?
701 1704 880 1764 Credo
896 1710 960 1795 in
982 1712 1224 1782 Christo,
1252 1717 1382 1789 quia
1410 1724 1466 1775 te
1495 1737 1785 1796 nunquam
1809 1728 1896 1783 di-
1916 1744 1964 1805 Β
1981 1700 2053 1786 et
2059 1731 2201 1785 dans
2231 1700 2282 1785 ei
2322 1747 2572 1797 manum,
2615 1730 2854 1785 ducebat
2882 1748 3007 1785 eam
3036 1732 3106 1786 ad
3133 1733 3562 1788 monasterium.

285 1791 565 1861 gnabitur
590 1794 661 1851 ad
691 1790 989 1855 abbatissa:
1019 1802 1207 1859 venire
1240 1806 1447 1865 locum.
1487 1790 1740 1870 Audiens
1777 1817 1896 1873 haec

290 1881 635 1954 Euphraxia,
674 1890 980 1958 prostravit
1012 1908 1073 1946 se
1099 1894 1169 1948 ad
1196 1896 1367 1966 pedes
1395 1900 1536 1971 ejus,
1570 1908 1628 1959 et
1654 1904 1795 1962 dixit
1820 1906 1893 1963 ad

286 1986 420 2025 eam
448 1991 460 2026 :
494 1973 727 2044 Ignosce
763 1977 923 2047 mihi,
959 1980 1187 2039 domina
1210 2000 1355 2054 mea,
1388 1993 1447 2044 et
1494 2006 1594 2046 ora
1633 2010 1736 2065 pro
1765 2013 1883 2056 me.

288 2060 651 2155 Cognoscens
692 2071 887 2122 autem
919 2069 1202 2129 abbatissa
1234 2077 1382 2146 quod
1428 2078 1615 2136 fuerat
1633 2060 1887 2155 ‘factum,

288 2149 639 2208 Germanam
669 2171 861 2213 coram
888 2161 1143 2218 omnibus
1158 2166 1391 2236 vocavit,
1414 2169 1666 2243 dixitque
1679 2174 1729 2229 ei
1754 2149 1893 2232 :An;

286 2240 433 2331 eilla
450 2257 713 2315 nequam,
746 2253 804 2302 et
829 2265 866 2303 a
909 2249 1025 2305 Deo
1071 2258 1355 2325 extranea,
1389 2259 1525 2331 quid
1552 2240 1656 2317 tibi
1699 2267 1891 2323 nocuit

288 2327 633 2428 Duphraxia,
659 2334 791 2406 quia
812 2337 1089 2396 festinasti
1100 2345 1352 2402 studium
1381 2327 1504 2420 ejus
1529 2351 1891 2428 obrumpere?

283 2417 491 2475 Aliena
515 2438 576 2476 cs
597 2439 633 2477 a
649 2441 909 2483 sororum
927 2431 1179 2501 concilio,
1193 2417 1496 2508 indignaes
1509 2457 1544 2495 a
1556 2417 1888 2517 ministerio,

284 2512 345 2608 et
364 2510 605 2581 collegio
626 2530 881 2571 sororum
910 2524 1195 2578 extranea.
1229 2524 1333 2580 Cui
1348 2528 1590 2586 multum
1611 2510 1893 2608 supplica;

284 2595 388 2652 bat
420 2599 757 2672 Euphraxia,
792 2612 1071 2678 quatenus
1102 2611 1181 2666 illi
1210 2615 1430 2671 veniam
1458 2595 1797 2694 largiretur;
1833 2633 1891 2682 et

1977 1821 2080 1875 Illa
2104 1836 2232 1874 vere
2256 1819 2558 1892 respiciens
2590 1819 2746 1890 ligna
2784 1820 3053 1891 projecta,
3078 1819 3217 1874 dixit
3244 1820 3530 1877 sororibus
3557 1840 3570 1877 :

1975 1910 2126 1965 Vivit
2143 1910 2415 1965 Dominus
2430 1926 2609 1977 meus,
2633 1910 2742 1964 nisi
2751 1910 3025 1980 collegero
3037 1909 3208 1980 ligna,
3235 1915 3292 1967 et
3309 1911 3574 1983 soptima-

1975 2017 2108 2055 nam
2126 2016 2313 2054 meam
2332 2000 2680 2070 complevero
2703 2000 2796 2069 (5),
2816 2015 2929 2053 non
2946 1998 3265 2053 ascendam.
3298 1999 3401 2055 Cui
3422 1999 3571 2055 Julia

1975 2089 2151 2145 dixit:
2186 2088 2332 2155 Noli,
2366 2087 2598 2143 domina
2625 2104 2804 2155 soror,
2837 2104 2950 2143 non
2979 2088 3157 2156 vales;
3193 2088 3432 2157 dimitte,
3467 2105 3571 2160 ego

1974 2180 2234 2251 colligam
2254 2195 2338 2244 ea,
2360 2183 2424 2234 tu
2435 2178 2692 2244 ascende,
2718 2177 3005 2250 requiesce
3026 2181 3257 2249 propter
3292 2177 3568 2234 dolorem.

1973 2271 2078 2326 Illa
2103 2286 2232 2323 vero
2270 2284 2385 2323 non
2410 2267 2708 2339 acquievit,
2743 2266 2841 2322 sed
2867 2267 3153 2339 complens
3199 2283 3402 2322 manus
3430 2284 3565 2323 suas

1974 2359 2157 2430 lignis,
2183 2358 2262 2413 sic
2280 2356 2550 2414 ascendit.
2569 2357 2673 2412 Cui
2686 2360 2878 2411 tamen
2896 2356 3152 2411 diabolus
3174 2372 3286 2411 non
3296 2357 3567 2428 pepercit.

1973 2451 2120 2506 Nam
2132 2465 2257 2504 cum
2270 2446 2611 2502 ascendisset
2620 2446 2934 2518 superiores
2940 2446 3151 2517 gradus
3162 2446 3572 2513 scalae,calcans

1970 2539 2359 2596 summitatem
2389 2536 2590 2591 tunicae
2628 2552 2760 2602 suae,
2798 2552 2968 2608 super
2991 2535 3178 2607 ipsum
3205 2536 3426 2608 lignum
3452 2537 3573 2592 ruit

1971 2629 2119 2703 quod
2143 2626 2422 2701 portabat,
2447 2631 2504 2680 et
2527 2626 2699 2681 ﬁxum
2723 2630 2811 2680 est
2838 2625 3055 2697 lignum
3092 2624 3152 2680 in
3168 2630 3397 2697 aspectu
3422 2626 3566 2697 ejus,

285 2702 408 2786 non
434 2704 559 2744 eam
581 2691 754 2758 ﬂexit,
773 2695 950 2751 donec
971 2698 1342 2772 implerentur
1359 2706 1480 2762 dies
1502 2709 1754 2781 triginta.
1777 2691 1895 2771 Tri-
1975 2691 2057 2774 ita
2072 2691 2374 2774 utso‘rores
2385 2716 2677 2771 crederent
2694 2714 2828 2786 quia
2847 2691 3066 2786 lignum
3086 2716 3209 2787 ejus
3229 2691 3570 2787 oculum'pe-

283 2776 508 2846 gesimo
528 2797 659 2835 vero
687 2783 776 2838 die
806 2785 997 2842 videns
1028 2789 1347 2862 Euphraxia
1374 2796 1507 2868 quia
1532 2776 1614 2854 nil
1643 2806 1893 2873 rogando
1975 2810 2274 2863 netrasset.
2309 2806 2465 2861 Tunc
2491 2776 2811 2860 exclamans
2855 2776 3023 2871 Julia,
3051 2776 3134 2859 ait
3169 2804 3240 2859 ad
3268 2820 3421 2860 eam:
3455 2776 3570 2860 Do-

286 2868 610 2937 proticeret,
639 2888 930 2931 assumens
945 2895 1133 2935 secum
1156 2883 1366 2938 Juliam
1392 2890 1450 2941 et
1469 2888 1718 2946 seniores
1739 2893 1894 2949 femi-
1976 2897 2133 2951 mina
2151 2913 2296 2963 mea,
2331 2895 2433 2950 tibi
2471 2895 2586 2949 dixi
2613 2894 2745 2967 quia
2776 2911 2888 2953 non
2917 2899 3077 2967 potes
3113 2895 3484 2967 requiescere,
3515 2901 3572 2950 et

188 2980 195 2987 -
286 2970 393 3009 nas
414 2961 764 3031 monasterii,
797 2964 1133 3036 deposcebat
1147 2977 1212 3027 ut
1234 2981 1502 3045 rogarent
1528 2978 1892 3054 abbatissam,
1976 3003 2090 3041 non
2110 3004 2201 3041 me
2221 2961 2559 3041 audisti.Cui
2585 2961 2725 3039 dixit
2735 2961 3056 3055 Euphr—axia
3077 2961 3283 3040 :Caute
3303 2984 3571 3040 subtrahe

288 3050 574 3148 quatenus
629 3050 680 3105 ei
732 3056 1209 3121 reconciliaretur.
1268 3062 1390 3127 Quo
1424 3065 1590 3135 facto,
1644 3050 1890 3130 evocavit
1911 3068 1953 3129 C
1975 3092 2010 3130 a
2036 3093 2125 3130 me
2153 3076 2391 3148 lignum,
2416 3075 2609 3129 oculus
2623 3090 2781 3128 meus
2801 3090 2972 3128 sanus
2993 3078 3097 3128 est.
3121 3073 3315 3129 Traxit
3342 3090 3477 3144 ergo
3499 3072 3570 3128 ab

289 3144 419 3185 eam
457 3131 743 3191 abbatissa
770 3155 959 3196 coram
983 3143 1257 3213 omnibus,
1303 3148 1555 3223 dixitque
1584 3153 1637 3209 ei
1660 3173 1675 3210 :
1695 3156 1895 3213 Nonne
1977 3182 2044 3220 ea
2071 3131 2309 3235 lignum,
2344 3169 2402 3218 et
2429 3162 2721 3234 sanguinis
2741 3161 2890 3218 facta
2911 3168 2998 3218 est
3028 3163 3224 3218 effusio
3242 3163 3568 3218 vehemens.

288 3218 343 3272 di
342 3220 619 3324 judicasti
637 3224 697 3280 in
725 3229 892 3284 corde
921 3235 1018 3286 tuo
1047 3238 1112 3290 ut
1139 3236 1391 3293 studium
1404 3218 1604 3312 puellae
1621 3243 1792 3316 hujus
1801 3246 1894 3301 ab-
2288 3218 2414 3308 vero
2435 3218 2689 3307 deferens
2706 3252 2976 3319 oleum,et
2995 3252 3141 3306 facta
3162 3251 3571 3324 oratione,sup—

288 3309 597 3380 scinderes,
629 3330 732 3371 nec
759 3319 1022 3390 cogitasti
1038 3323 1171 3395 quia
1199 3325 1334 3382 dum
1362 3336 1511 3386 esset
1529 3338 1810 3405 matrona,
1836 3343 1894 3392 et
1974 3342 2164 3415 posuit
2182 3343 2234 3397 ei
2255 3359 2509 3413 manum;
2530 3358 2868 3413 rursumque
2885 3341 3105 3396 dixitad
3123 3358 3246 3396 eam
3273 3359 3285 3395 :
3310 3341 3467 3397 Vade
3495 3341 3568 3396 ad

289 3413 356 3452 ex
382 3399 662 3473 imperiali
688 3422 898 3476 genere
926 3411 1249 3484 constituta,
1281 3416 1604 3477 humiliaVit
1630 3399 1894 3498 semetip-
1973 3399 2215 3488 stratum
2233 3399 2788 3503 tuum,requiesce,et
2806 3447 2908 3503 ego
2927 3429 3263 3487 dominabus
3286 3429 3572 3487 sororibus

288 3503 433 3552 Sam.
474 3495 537 3592 et.
557 3500 793 3566 propter
818 3496 996 3553 Deum
1035 3503 1262 3559 servivit
1288 3505 1428 3562 tibi?
1456 3509 1728 3568 Omnibus
1758 3495 1891 3587 ergo
1972 3521 2350 3578 ministerium
2378 3495 2538 3577 tuum
2570 3495 3191 3592 injurigofEuphraxia
3219 3537 3350 3575 vero
3380 3519 3525 3575 dixit
3551 3537 3562 3573 :

290 3578 626 3649 rogantibus
654 3600 757 3655 pro
787 3586 1070 3645 Germana
1098 3593 1320 3664 placata
1346 3601 1452 3653 est.
1972 3612 2125 3667 Vivit
2142 3612 2417 3667 Dominus
2434 3624 2616 3678 meus,
2634 3610 2767 3682 quia
2785 3627 2899 3666 non
2916 3610 3225 3683 requiesco,
3242 3610 3421 3665 donec
3449 3609 3572 3665 offi-

361 3667 493 3723 CAP.
512 3670 671 3771 ⁸ΧΧΙ.
705 3705 771 3715 -
802 3676 959 3733 Tunc
985 3680 1240 3739 diabolus
1276 3692 1473 3744 contra
1515 3690 1893 3763 Euphraxiam
1973 3700 2121 3756 cium
2149 3718 2339 3757 meum
2364 3667 2731 3773 complevero.
2758 3667 3018 3756 Multum‘
3033 3700 3183 3755 enim
3213 3667 3571 3772 rogabatura

288 3758 604 3863 certamina
632 3778 745 3820 non
775 3770 1013 3825 cessavit
1040 3774 1611 3837 committere.Nimis
1627 3784 1779 3840 enim
1807 3784 1889 3841 fu-
1969 3789 2253 3847 sororibus
2271 3795 2338 3847 ut
2366 3790 2744 3862 requiesceret
2759 3794 2991 3863 propter
3007 3790 3205 3862 plagas
3234 3806 3374 3861 quas
3392 3787 3567 3843 habe-

284 3846 451 3953 febat
480 3856 677 3953 contra
695 3870 841 3953 eam,
864 3863 923 3913 et
944 3859 1054 3916 cito
1091 3864 1323 3934 perduci
1350 3867 1572 3925 volebat
1599 3872 1671 3927 ad
1690 3873 1882 3930 ﬁnem.
1969 3878 2085 3947 bat,
2113 3885 2171 3934 et
2196 3897 2364 3953 passa
2384 3846 2498 3935 ndn
2528 3884 2648 3949 est;
2681 3846 2780 3935 sed
2808 3846 2889 3936 sic
2930 3846 3199 3947 ulc‘era’ta,
3232 3846 3301 3935 ex
3326 3883 3568 3950 utraque

284 3934 414 4042 IJJna
462 3938 692 4010 quidem
740 3943 979 4017 dierum,
1024 3967 1153 4006 cum
1178 3953 1250 4008 ad
1279 3953 1653 4016 hauriendam
1679 3979 1886 4035 aquam
1969 3969 2142 4040 plaga
2166 3934 2442 4041 sanguine
2469 3973 2853 4042 procurrente,
2878 3968 3066 4025 stabat
3081 3969 3459 4025 ministerium
3486 3968 3566 4024 fa-

282 4023 747 4131 descendissetad
761 4040 1016 4107 puteum,
1033 4041 1340 4114 arripiebat
1353 4062 1475 4101 eam
1492 4023 1751 4106 diabolus
1758 4069 1886 4108 cum
1969 4023 2121 4112 ciens
2151 4023 2562 4123 sordiibusfet
2592 4074 2775 4130 neque
2802 4058 2862 4113 in
2883 4074 3055 4131 Opere
3080 4059 3183 4114 Dei
3217 4059 3428 4126 deerat,
3461 4075 3565 4114 nec

284 4113 512 4188 lagena,
560 4124 617 4174 et
661 4121 868 4194 dejecit
893 4143 1020 4182 eam
1050 4113 1314 4188 deorsum
1340 4134 1400 4190 in
1428 4143 1683 4209 puteum,
1714 4142 1797 4197 ita
1821 4149 1889 4198 ut
1965 4146 2027 4201 in
2064 4146 2174 4202 alio
2200 4113 2530 4203 ministerio.

285 4210 960 4308 nausearetjiuphraxia,
1000 4223 1059 4273 et
1102 4224 1421 4292 perveniret
1459 4234 1628 4300 caput
1655 4231 1777 4301 ejus
1813 4233 1886 4289 ad
2040 4236 2381 4292 Cxp.XXIlI.
2415 4264 2469 4280 -
2489 4237 2704 4292 Rursus
2720 4234 3035 4308 itaquealia
3049 4237 3335 4304 vice,cum
3364 4253 3561 4293 ascen-

283 4293 546 4399 fundum.
583 4298 816 4399 lilevata
837 4322 970 4362 vero
990 4309 1060 4365 de
1081 4327 1248 4385 aqua.
1282 4319 1339 4369 et
1364 4293 1563 4372 tenen-s
1588 4293 1781 4377 funem
1814 4323 1886 4378 si—
1905 4391 1946 4399 _
1967 4324 2128 4379 deret
2155 4341 2284 4380 cum
2314 4322 2463 4380 Julia
2484 4324 2544 4380 in
2581 4293 2851 4382 solarium
2885 4325 3120 4383 tertium
3160 4293 3252 4399 (ii),
3286 4326 3563 4398 arripiens

282 4386 533 4487 tulaa,ita
550 4390 810 4487 clamavit
829 4396 899 4452 de
912 4404 1113 4470 puteo:
1140 4404 1381 4473 Christe,
1405 4408 1609 4479 adjuva
1621 4427 1733 4467 me.
1763 4412 1887 4478 Qua
1905 4391 1953 4453 D
1967 4428 2092 4469 eam
2121 4412 2396 4482 diabolus,
2430 4414 2798 4487 praecipitavit
2847 4432 2973 4473 eam
3012 4386 3295 4473 deorsum.
3337 4386 3423 4473 Et.
3435 4433 3563 4472 cum

279 4491 421 4531 voce
437 4475 605 4548 facta,
620 4483 907 4554 cognitum
927 4494 1018 4543 est
1029 4491 1163 4561 quia
1181 4475 1501 4565 Euphraxia
1516 4499 1887 4557 corruissetin
1967 4502 2508 4573 exclamassetJulia,
2528 4512 2926 4563 concurrentes
2964 4522 3185 4564 sorores
3205 4505 3568 4563 crediderunt

278 4570 616 4638 puteum,et
652 4583 1049 4634 concurrentes
1077 4597 1297 4638 sorores
1325 4600 1453 4640 cum
1481 4585 1766 4646 abbatissa
1793 4590 1888 4646 ab-
1966 4609 2027 4647 se
2078 4593 2458 4666 Euphraxiam
2510 4599 2797 4652 mortuam
2825 4597 3097 4653 invenire.
3136 4598 3273 4662 Quae
3301 4614 3557 4670 surgens,

205 4652 217 4663 '
278 4659 615 4715 straxerunt
643 4677 768 4717 eam
808 4665 879 4721 de
912 4673 1103 4739 puteo.
1130 4669 1265 4737 Quae
1313 4690 1548 4747 surgens
1576 4678 1793 4748 exinde,
1829 4686 1886 4737 et
1966 4684 2211 4739 occurrit
2231 4684 2331 4739 eis.
2359 4684 2538 4750 Quam
2563 4687 2951 4760 suscipientes,
2975 4686 3409 4743 introduxerunt
3436 4703 3564 4743 eam

279 4747 649 4821 semetipsum
672 4753 1029 4827 consignans,
1057 4759 1293 4817 subrisit
1321 4769 1379 4818 et
1407 4766 1515 4821 ait:
1546 4767 1697 4823 Vivit
1724 4770 1884 4827 Chri-
1965 4772 2035 4827 ad
2054 4747 2415 4843 abbatissam;
2438 4747 2916 4850 interrogawtque
2937 4747 3062 4832 eam
3074 4777 3124 4832 si
3143 4777 3203 4832 in
3220 4777 3409 4850 aliquo
3427 4777 3563 4834 fuis-

278 4840 409 4939 st‘u's
435 4852 614 4939 meus,
647 4843 781 4915 quia
806 4861 919 4901 non
943 4864 1034 4903 me
1059 4849 1252 4919 vincis,
1275 4852 1513 4925 diabole,
1544 4873 1727 4930 neque
1746 4861 1881 4916 cedo
1964 4866 2051 4916 set
2079 4864 2228 4919 laesa.
2256 4863 2361 4919 Cui
2391 4840 2708 4938 Euphraxia
2737 4840 3061 4939 respondit:
3095 4866 3244 4922 Vivit
3260 4840 3557 4936 Dominus,

277 4922 410 4978 tibi.
443 4926 632 5000 Usque
660 4947 812 4988 nunc
840 4935 1067 5006 quidem
1098 4955 1268 4995 unam
1301 4922 1561 5014 lagenam
1590 4922 1884 5018 portabam
1966 4951 2195 5007 domina
2234 4970 2381 5023 mea,
2415 4922 2548 5027 quia
2592 4972 2695 5011 nec
2728 4956 3008 5028 quomodo
3050 4956 3225 5012 cecidi
3268 4957 3417 5025 novi,
3458 4974 3562 5014 nec

275 5018 666 5119 cum‘aquain
705 5023 1030 5096 coquinum;
1062 5027 1133 5082 ab
1162 5029 1330 5085 hodie
1353 5037 1540 5100 35"
1566 5050 1697 5090 vero
1740 5037 1883 5094 dua-
1966 5042 2245 5112 quomodo
2274 5018 2511 5099 surrexi.
2549 5018 2798 5101 Audiens
2827 5044 3112 5102 abbatissa
3138 5046 3274 5119 quia
3301 5048 3372 5103 de
3399 5018 3563 5106 tanta

277 5102 403 5210 bu:
417 5103 647 5210 lagfgi:
660 5115 1139 5210 aquamportabo.
1170 5118 1240 5174 Et
1268 5118 1349 5175 ita
1376 5120 1527 5177 fecit.
1965 5102 2262 5187 altitudine
2309 5148 2575 5190 corruens
2641 5134 2782 5189 nihil
2830 5140 2978 5193 esset
3028 5102 3179 5205 laesa:
3223 5102 3559 5210 gloriﬁcavit

360 5194 668 5300 ςΑΡΧΧΠ.
694 5231 758 5241 -
779 5199 990 5300 Videns
1010 5206 1201 5280 itaque
1231 5208 1486 5268 diabolus
1507 5214 1639 5285 quia
1661 5231 1788 5271 eam
1817 5215 1880 5273 in
1963 5220 2162 5289 Deum,
2194 5222 2419 5280 dicens:
2462 5223 2637 5293 Vade,
2690 5224 2808 5280 ﬁlia
2850 5226 2923 5283 ad
2953 5242 3093 5300 opus
3136 5194 3322 5296 tuum,
3355 5233 3415 5283 et
3450 5194 3559 5284 erit

276 5288 455 5358 puteo
483 5303 684 5344 necare
703 5306 817 5349 non
836 5294 1029 5363 valuit,
1057 5314 1284 5357 rursum
1313 5301 1425 5357 alia
1450 5302 1569 5359 vice
1599 5320 1731 5360 cum
1758 5305 1882 5362 des-
1960 5309 2235 5366 Dominus
2264 5317 2470 5368 tecum.

274 5375 733 5452 cendissetligna
748 5380 1015 5455 incidere,
1033 5402 1273 5463 cumque
1288 5392 1410 5463 jam
1448 5410 1631 5467 pauca
1648 5394 1879 5453 incidis-
2034 5400 2170 5456 CAP.
2191 5402 2389 5459 XXIV.
2417 5430 2483 5443 —
2508 5404 2722 5463 Rursus
2756 5422 2891 5480 ergo
2926 5406 3191 5466 inimicus
3211 5408 3401 5464 volens
3428 5420 3555 5460 eam

275 5468 392 5532 set,
429 5466 610 5566 astitit
626 5468 883 5571 diabolus
906 5474 1207 5571 observans
1226 5496 1374 5537 eam.
1407 5466 1478 5540 Et
1488 5484 1623 5541 dum
1638 5485 1879 5545 levasset
1963 5489 2236 5560 occidere,
2263 5490 2344 5547 sic
2355 5492 2733 5551 adoriebatur.
2751 5466 2897 5555 Cdm-
2915 5497 3239 5571 Euphraxia
3258 5495 3425 5552 ollam
3445 5493 3555 5549 fer-

276 5554 528 5614 secnrim
547 5562 614 5618 ut
624 5556 845 5634 lignum
862 5562 1152 5640 incideret,
1176 5568 1460 5646 colligavit
1482 5572 1738 5635 diabolus
1761 5593 1879 5636 ma-
1958 5582 2181 5638 ventem
2198 5554 2436 5654 teneret,
2458 5582 2518 5642 in
2546 5602 2659 5661 qua
2692 5585 2815 5649 olus
2835 5554 3134 5662 coquebat,
3165 5554 3229 5647 ut
3248 5578 3559 5641 eﬂunderet
