3892 6182
436 319 543 382 635

1469 310 1563 367 DE
1596 309 1786 366 VITIS
1824 305 2121 364 PATRUM
2154 307 2370 366 LIBER
2404 309 2694 368 PRIMUS.

3557 329 3642 390 636

440 445 749 501 coctionem
771 444 983 499 olerum
1009 443 1070 498 in
1101 441 1346 508 vasculo,
1369 436 1572 494 ablatis
1594 434 1830 510 pedibus
1859 451 1894 489 a
1917 434 2034 489 dia-
2050 433 2249 496 Aeum
2275 435 2335 492 in
2363 439 2594 492 terram.
2627 435 2944 496 Infantulus
2978 445 3168 498 autem
3207 459 3327 500 mox
3368 463 3642 525 exsurgens,

437 533 586 601 bolo,
612 539 925 588 retrorsum
947 532 1172 598 cadens,
1201 530 1323 585 ollae
1362 527 1513 584 illius
1532 526 1840 582 coctionem
1867 525 1926 580 in
1950 525 2036 580 fa-

439 625 583 679 ciem
603 639 764 677 suam
791 621 954 676 fudit.
981 621 1050 676 Et
1077 621 1212 674 dum
1232 634 1426 674 omnes
1445 631 1666 672 sorores
1687 616 1744 670 in
1767 613 1878 672 hoc
1893 613 2037 670 facto

442 717 890 784 expavescerent,
923 709 1184 765 exsiliens
1226 707 1564 780 Euphraxia,
1602 705 1848 770 subrisit,
1875 710 1932 758 et
1959 704 2040 760 ait

443 802 514 856 ad
543 817 638 855 eas
670 819 681 854 :
717 801 793 856 Ut
819 799 955 872 quid
998 798 1239 853 turbata:
1269 797 1442 853 estis?
1478 795 1779 852 Abbatissa
1803 811 1934 849 vero
1965 793 2040 848 vi-

441 890 580 945 dens
610 889 743 961 quia
771 906 883 944 non
919 888 1120 943 fuisset
1143 888 1294 952 laesa,
1317 886 1563 958 respexit
1577 885 1635 939 in
1657 885 1844 951 ollam,
1875 889 1932 940 et
1957 885 2038 938 vi-

441 979 526 1035 dit
553 979 686 1050 quia
711 979 858 1050 quod
889 981 1242 1033 remanserat
1254 981 1402 1031 esset
1419 976 1655 1030 fervens.
1681 975 1750 1030 Et
1777 991 2042 1029 conversa

2117 525 2366 580 cucurrit
2387 526 2456 580 ad
2466 525 2721 597 januam,
2742 543 3000 598 quarens
3019 535 3251 588 matrem
3262 551 3426 592 suam.
3442 539 3647 600 Currens

2119 619 2309 670 autem
2330 615 2578 684 ostiaria,
2600 617 2882 673 nuntiavit
2900 617 3196 676 abbatissa:
3208 625 3348 694 quod
3361 626 3546 685 factum
3560 639 3646 690 est.

2121 703 2254 768 Quae
2277 721 2406 760 cum
2430 715 2682 762 vocasset
2701 712 2941 763 matrem
2952 708 3197 775 infantis,
3219 712 3348 768 dicit
3365 715 3440 770 ei:
3467 717 3553 773 Dic
3568 721 3649 776 mi-

2119 793 2198 861 hi,
2230 793 2434 866 inquit,
2467 811 2644 862 soror,
2674 801 2895 852 tentare
2907 814 3008 854 nos
3034 799 3563 876 venistifRespondit
3575 825 3653 866 au-

2119 887 2236 938 tem
2265 890 2448 939 mater
2471 884 2721 956 infantis,
2749 886 2939 943 dicens
2961 906 2973 942 :
2994 888 3102 943 Per
3128 889 3414 948 Dominum
3438 901 3652 954 nostrum

2122 973 2152 1026 J
2157 989 2315 1027 esum
2344 973 2651 1041 Christum,
2683 976 2914 1032 domina
2945 993 3090 1044 mea,
3115 979 3245 1049 quia
3262 997 3430 1054 neque
3448 984 3658 1042 ambula-

443 1068 585 1122 dixit
598 1067 917 1140 Euphraxia
935 1085 946 1120 :
964 1067 1129 1134 Vere,
1151 1065 1383 1120 domina
1402 1082 1546 1132 mea,
1575 1064 1709 1136 quia
1725 1065 1878 1119 velut
1896 1080 2044 1135 aqua
2123 1061 2412 1134 vit,neque
2431 1064 2652 1119 locutus
2672 1069 2759 1120 est
2777 1066 2869 1122 hic
2897 1066 3081 1122 infans
3096 1084 3269 1140 usque
3298 1069 3354 1124 in
3373 1078 3657 1141 praesentem

443 1157 649 1228 frigida
673 1157 828 1212 venit
855 1156 914 1211 in
952 1155 1152 1210 faciem
1193 1171 1399 1209 meam.
1449 1153 1745 1208 Admirata
1790 1158 1875 1207 est
1911 1168 2042 1208 vero

445 1246 750 1313 abbatissa,
794 1251 851 1300 et
895 1246 1122 1301 intuens
1148 1245 1208 1299 in
1257 1260 1381 1298 eam
1416 1243 1592 1298 dixit:
1619 1242 1776 1309 Filia,
1808 1243 1957 1297 Deus
1984 1248 2064 1387 ιθ

445 1335 744 1387 custodiat.
774 1340 830 1387 et
857 1333 961 1387 tibi
989 1334 1110 1387 sine
1137 1333 1552 1387 intermissione
1579 1333 1822 1387 tolerare
1853 1333 1910 1386 in
1939 1349 2006 1387 su

444 1335 744 1401 custodiat,
774 1340 830 1389 et
857 1333 961 1390 tibi
989 1334 1110 1389 sine
1137 1333 1552 1388 intermissione
1579 1333 1822 1388 tolerare
1853 1333 1910 1386 in
1939 1349 2006 1388 su

443 1425 648 1481 timore
680 1425 967 1480 concedat.
1019 1424 1088 1478 Et
1115 1422 1369 1495 ingressa
1397 1422 1680 1478 abbatissa
1708 1421 2038 1490 oratorium,

444 1515 771 1570 convocavit
793 1514 1008 1586 priores
1035 1513 1284 1568 seniores
1316 1511 1664 1584 (7),dixitque
1697 1511 1807 1566 eis:
1853 1512 2044 1567 Nostis

449 1605 583 1676 quia
603 1604 922 1676 Euphraxia
945 1602 1258 1675 promeruit
1273 1602 1519 1672 gratiam
1531 1601 1668 1656 Dei?
1694 1601 2043 1671 Cognovistis

443 1693 598 1750 enim
618 1693 752 1766 quia
765 1710 868 1748 nec
883 1692 1230 1765 praecipitata
1248 1691 1578 1746 contristata
1606 1695 1708 1756 est,
1753 1706 1936 1762 neque
1955 1690 2045 1744 ni-

2123 1150 2342 1206 horam.
2363 1152 2473 1207 Sed
2488 1169 2618 1209 cum
2641 1155 2980 1227 suscepisset
2991 1173 3117 1211 eum
3138 1156 3253 1212 hec
3272 1157 3483 1214 domina
3511 1178 3658 1230 soror,

2125 1257 2253 1294 mox
2279 1239 2500 1297 locutus
2520 1247 2622 1299 est.
2645 1244 2748 1299 Illa
2766 1261 2894 1300 vero
2925 1245 3224 1317 projiciens
3253 1263 3376 1302 eum
3395 1247 3449 1302 in
3461 1252 3657 1316 terram,

2123 1331 2280 1384 stetit
2299 1330 2698 1403 obstupefacta;
2722 1333 3032 1393 infantulus
3062 1351 3190 1390 vero
3207 1352 3450 1408 surgens,
3461 1338 3594 1394 venit
3607 1339 3664 1394 ad

2123 1436 2214 1474 me
2233 1420 2493 1476 ancillam
2509 1425 2688 1476 tuam.
2711 1423 2860 1477 Dicit
2879 1423 2930 1477 ei
2951 1421 3233 1478 abbatissa
3253 1442 3264 1478 :
3306 1424 3436 1480 Ecce
3453 1441 3570 1498 ergo
3588 1427 3666 1484 ha-

2124 1508 2222 1564 bes
2251 1526 2378 1564 eum
2409 1527 2630 1578 sanum,
2661 1511 2795 1566 tolle
2837 1527 2988 1579 eum,
3047 1517 3104 1567 et
3132 1511 3268 1568 vade
3296 1513 3354 1568 in
3383 1530 3522 1586 pace.
3556 1515 3666 1577 Quae

2125 1611 2418 1652 assumens
2448 1597 2625 1652 filium
2657 1615 2841 1667 suum,
2873 1598 3160 1672 pergebat,
3180 1599 3483 1671 glorificans
3499 1603 3665 1658 Deum.

2199 1687 2333 1741 CAP.
2353 1681 2577 1744 XXVII.
2601 1718 2669 1729 —
2695 1689 2942 1744 Rursum
2957 1705 3090 1760 ergo
3102 1687 3378 1745 abbatissa
3393 1690 3520 1745 dixit
3531 1691 3592 1745 ad
3603 1708 3670 1746 se~

447 1751 678 1838 mietate
706 1751 940 1838 fervoris
968 1751 1165 1838 exusta
1200 1785 1303 1836 est.
1334 1781 1410 1835 At
1433 1781 1541 1834 illae
1565 1751 1864 1834 dixerunt:
1901 1779 2044 1834 Vere
2064 1751 2112 1814 Β
2126 1775 2312 1831 niores
2329 1793 2548 1832 sorores
2571 1795 2582 1831 :
2605 1777 2750 1843 Quid
2762 1777 2917 1834 vobis
2928 1780 2997 1834 de
3015 1751 3330 1852 Euphraxia
3342 1780 3574 1835 videtur?
3588 1781 3670 1836 Cui

447 1872 649 1927 ancilla
667 1871 769 1926 Dei
785 1875 871 1926 est
892 1869 1291 1942 Euphraxia,et
1317 1885 1508 1924 curam
1531 1871 1580 1940 ej
1590 1885 1654 1922 us
1669 1867 1837 1923 habet
1851 1868 2044 1922 Domi-

2125 1866 2552 1938 respondentes,
2576 1868 2838 1924 dixerunt
2872 1887 2883 1923 :
2909 1869 3053 1924 Vere
3071 1869 3276 1924 ancilla
3293 1868 3390 1924 Dei
3409 1875 3504 1924 est.
3530 1869 3672 1924 Voca-

447 1977 555 2017 nus
584 1979 598 2028 ;
647 1973 785 2016 nam
807 1960 868 2016 in
895 1960 992 2030 huj
1003 1959 1223 2015 usmodi
1259 1957 1664 2014 tentationibus
1694 1957 1934 2013 liberata
1960 1963 2048 2012 est
2127 1955 2318 2028 vitque
2347 1972 2491 2022 eam,
2525 1961 2584 2012 et
2609 1957 2755 2013 dixit
2782 1959 2834 2013 ei
2859 1975 2870 2012 :
2914 1959 3058 2014 Filia
3077 1975 3206 2014 mea
3227 1959 3546 2032 Euphraxia,
3573 1959 3674 2014 volo

447 2066 484 2105 a
504 2049 762 2106 Domino.

2127 2049 2193 2099 ut
2219 2045 2351 2100 huic
2374 2045 2612 2117 patienti
2635 2047 2728 2116 (8),
2765 2064 2889 2119 quae
2917 2048 2976 2104 in
3001 2047 3342 2104 monasterio
3370 2053 3466 2115 est,
3485 2065 3675 2120 perma-

523 2140 653 2195 er.
671 2139 840 2194 XXV.
864 2167 930 2180 —
957 2137 1153 2194 Omnis
1169 2138 1360 2210 itaque
1371 2137 1748 2210 civitasatque
1763 2136 2072 2209 provincia
2129 2149 2236 2189 nus
2259 2125 2394 2190 tuas
2431 2134 2618 2191 cibum
2649 2137 2870 2204 offeras,
2899 2137 2946 2192 si
2971 2153 3086 2192 non
3116 2137 3282 2193 times
3311 2154 3449 2192 eam.
3472 2137 3565 2192 Cui
3585 2137 3675 2192 Eu-

449 2228 910 2284 consuetudinem
933 2226 1172 2283 habebat
1192 2233 1255 2284 ut
1269 2227 1512 2284 infantes
1524 2227 1671 2282 male
1689 2226 1958 2282 habentes
1987 2226 2046 2281 in

449 2318 588 2373 illud
609 2318 952 2374 deducerent
969 2317 1394 2382 monasterium,
1404 2317 1474 2372 ad
1495 2317 1726 2371 ancillas
1747 2315 1849 2372 Dei
1872 2315 2046 2370 mira-

449 2408 575 2463 cula
594 2407 950 2475 facientes,et
972 2406 1313 2478 suscipiebat
1327 2423 1422 2462 eos
1452 2406 1756 2472 abbatissa,
1783 2410 1840 2460 et
1857 2403 2046 2474 ingre-

2127 2223 2363 2296 phraxia
2387 2225 2703 2296 respondit:
2746 2227 2873 2282 Non
2895 2227 3088 2294 timeo,
3123 2227 3352 2282 domina
3376 2243 3508 2292 mea,
3549 2225 3677 2298 quid-

2129 2313 2264 2386 quid
2280 2313 2420 2368 mihi
2439 2315 2712 2388 praecipis.
2729 2317 2968 2372 Sumens
2977 2333 3114 2388 ergo
3127 2315 3436 2389 Euphraxia
3451 2314 3678 2388 quiddam

2128 2403 2434 2471 vasculum,
2471 2405 2627 2460 misit
2649 2405 2709 2460 in
2733 2405 2870 2461 illud
2896 2407 3164 2478 legumen
3188 2411 3246 2461 et
3263 2406 3506 2477 fragmen
3527 2403 3678 2476 panis,

448 2497 751 2552 diebantur
773 2497 832 2552 in
861 2497 1191 2564 oratorium;
1216 2501 1273 2550 et
1293 2495 1686 2567 supplicabant
1710 2511 1812 2566 pro
1842 2495 1924 2548 eis
1941 2495 2050 2549 Do-
2129 2497 2187 2547 et
2207 2492 2411 2548 obtulit
2427 2493 2500 2550 ei.
2524 2494 2628 2550 Illa
2653 2511 2783 2550 vero
2813 2499 3044 2568 repente
3068 2494 3336 2551 dentibus
3359 2493 3602 2562 stridens,
3633 2495 3680 2546 et

453 2586 698 2651 minum,
731 2591 789 2640 et
815 2602 945 2640 mox
991 2585 1062 2640 ab
1091 2584 1244 2640 omni
1271 2585 1542 2655 languore
1588 2583 1937 2639 sanabantur
1955 2583 2044 2638 in-

449 2674 652 2741 fantes,
683 2678 739 2729 et
767 2673 1217 2746 recipiebanteos
1239 2679 1449 2728 matres
1459 2674 1685 2746 proprie
1715 2689 1900 2741 sanos,
1922 2689 2047 2746 pro-

449 2762 764 2818 ficiscentes
813 2767 981 2836 atque
1025 2763 1406 2834 glorificantes
1441 2765 1640 2819 Deum.
1695 2764 1830 2818 Erat
1857 2768 2047 2818 autem

452 2853 708 2924 quaedam
739 2852 798 2908 in
824 2853 1167 2909 monasterio
1203 2853 1407 2909 mulier
1433 2869 1833 2925 energumena,
1865 2851 1936 2906 ab
1966 2851 2048 2906 in-

451 2942 630 2998 fantia
658 2943 907 3015 obligata
932 2946 990 3000 in
1007 2945 1370 3013 monasterio,
1407 2949 1684 3017 quatenus
1714 2945 2041 3012 salvaretur,

2131 2582 2289 2638 valde
2317 2583 2580 2651 fremens,
2611 2584 2743 2639 fecit
2769 2585 3042 2657 impetum
3060 2601 3236 2658 super
3265 2601 3388 2640 eam
3413 2589 3494 2640 :et
3519 2597 3680 2656 appre-

2127 2671 2381 2728 hendens
2427 2673 2568 2729 illud
2613 2675 2921 2742 vasculum,
2962 2674 3191 2732 volebat
3216 2673 3564 2746 confringere.
3590 2671 3681 2728 Eu-

2127 2761 2365 2834 phraxia
2391 2779 2520 2817 vero
2547 2764 2974 2836 apprehendens
2995 2781 3234 2821 manum
3263 2765 3403 2835 ejus,
3427 2762 3580 2818 dixit:
3603 2759 3684 2814 Vi.

2128 2850 2208 2906 vit
2233 2851 2508 2906 Dominus
2523 2853 2692 2920 Deus,
2719 2853 2768 2908 si
2786 2859 2843 2908 te
2862 2870 3108 2926 posuero
3127 2855 3189 2910 in
3207 2859 3432 2920 terram,
3455 2850 3577 2907 tollo
3599 2847 3686 2903 vir-

2127 2956 2260 3010 gam
2288 2941 2530 2997 dominae
2558 2941 2871 3010 abbatissae,
2901 2949 2959 2998 et
2977 2943 3056 2998 sic
3073 2948 3138 3000 te
3155 2941 3462 3014 flagellabo,
3492 2945 3552 2996 ut
3573 2953 3688 2994 nun-

452 3049 575 3106 quaa
593 3032 836 3088 habebat
856 3034 1119 3106 spiritum
1141 3035 1496 3090 immundum
1509 3034 1840 3102 daemonem,
1854 3033 2046 3105 ligatis
2129 3047 2296 3103 quam
2323 3048 2628 3104 praesumas
2644 3033 2749 3088 hoc
2769 3050 2956 3104 agere.
2977 3033 3198 3090 Videns
3209 3038 3396 3088 autem
3427 3029 3548 3104 quia
3569 3043 3686 3101 pra-

449 3122 730 3190 manibus,
757 3129 814 3178 et
833 3141 1092 3196 spumam
1119 3125 1346 3192 faciens,
1381 3129 1439 3180 et
1473 3124 1736 3180 dentibus
1769 3124 1887 3179 suis
1917 3123 2048 3179 stri-
2065 3108 2112 3172 ο
2130 3121 2398 3176 valuisset
2407 3121 2662 3194 patienti,
2677 3123 2910 3194 quievit.
2931 3123 3248 3196 Postquam
3262 3129 3447 3178 autem
3469 3116 3686 3180 cessavit»

451 3212 609 3279 dens,
639 3214 993 3286 multumque
1026 3215 1295 3282 clamans,
1334 3214 1417 3270 ita
1443 3219 1509 3270 ut
1535 3230 1730 3269 omnes
1757 3214 2050 3270 audientes

458 3317 584 3358 eam
603 3302 806 3358 timore
832 3304 1216 3362 conciderent.
1246 3305 1316 3360 Et
1341 3320 1471 3359 cum
1517 3304 1843 3376 frequenter
1877 3303 2049 3359 abba-

449 3392 589 3448 tissa
605 3409 732 3448 cum
751 3393 1066 3448 senioribus
1075 3393 1360 3449 sororibus
1384 3409 1485 3466 pro
1497 3395 1678 3450 salute
1707 3399 1897 3462 358
1927 3394 2050 3464 ejus

455 3486 689 3550 orasset,
723 3483 860 3538 nihil
893 3483 1243 3556 promeruit:
1279 3489 1626 3556 quapropter
1662 3500 1764 3538 nec
1791 3483 2052 3538 valebant

451 3588 512 3627 se
541 3571 613 3626 ad
642 3588 766 3626 eam
786 3574 1045 3644 jungere,
1081 3578 1147 3628 ut
1174 3573 1225 3628 ei
1253 3574 1339 3628 vel
1384 3572 1570 3629 cibum
1599 3573 1882 3629 offerrent.
1917 3575 2052 3629 Erat

451 3665 642 3716 autem
671 3661 906 3732 ligatum
933 3662 1216 3734 quoddam
1240 3663 1528 3718 vasculum
1559 3662 1619 3717 in
1653 3663 1806 3730 fune,
1839 3669 1897 3717 et
1931 3663 2051 3734 ipso

450 3751 674 3805 vasculo
703 3751 989 3821 legumina
1014 3752 1099 3806 vel
1125 3752 1300 3824 panes
1331 3751 1648 3820 mittebant,
1681 3757 1739 3807 et
1779 3751 2055 3824 appende-

451 3837 620 3895 batur
646 3839 831 3910 ipsum
851 3841 1158 3908 vasculum,
1177 3847 1234 3896 et
1265 3842 1341 3896 sic
1372 3842 1424 3896 ei
1447 3841 1516 3896 de
1544 3843 1709 3914 longe
1729 3843 2050 3915 porrigeba-

453 3931 568 3996 tur,
601 3933 659 3984 et
686 3929 766 3982 ita
811 3928 1150 3985 vescebatur.
1184 3931 1532 4003 Frequenter
1559 3936 1750 3987 autem
1779 3931 2049 4003 abjiciens

453 4017 642 4090 ipsum
669 4018 976 4086 vasculum,
1009 4035 1139 4074 cum
1165 4019 1324 4093 virga
1363 4019 1721 4092 jaculabatur
1760 4021 1820 4076 in
1848 4021 2050 4078 faciem

455 4107 738 4162 offerentis
767 4107 872 4162 sibi
901 4107 1106 4165 cibum.

527 4197 654 4252 CAP.
669 4199 863 4254 XXVI.
879 4227 949 4246 -
967 4198 1094 4255 Una
1116 4215 1246 4256 vero
1269 4199 1489 4256 dierum
1526 4200 1737 4256 factum
1766 4205 1854 4257 est
1867 4206 1934 4257 ut
1960 4201 2049 4258 in-

453 4290 632 4342 traret
659 4287 908 4356 ostiaria,
931 4293 988 4344 et
1005 4289 1219 4345 diceret
1251 4289 1545 4346 abbatissae
1569 4309 1580 4344 :
1628 4292 1871 4348 Domina
1899 4309 2049 4362 mea,

452 4377 660 4432 mulier
678 4379 935 4450 quaedam
950 4378 1294 4435 infantulum
1312 4379 1627 4448 adduxit,et
1643 4386 1799 4437 stans
1815 4381 1950 4438 foris
1979 4383 2053 4439 ad

2131 3211 2306 3283 coepit
2352 3212 2670 3284 Euphraxia
2711 3211 2975 3280 blandiri,
3008 3218 3068 3270 et
3086 3213 3277 3269 dicere
3310 3230 3323 3266 :
3349 3210 3500 3276 Sede,
3536 3220 3684 3268 soror,

2132 3301 2363 3356 comede
2375 3307 2434 3356 et
2448 3301 2594 3369 bibe,
2611 3306 2668 3358 et
2688 3303 2804 3358 noli
2823 3302 3046 3358 turbari
3059 3349 3072 3361 .
3109 3303 3328 3375 Illaque
3348 3299 3506 3368 sedit,
3532 3310 3689 3353 come-

2133 3390 2235 3457 dit,
2259 3397 2316 3446 et
2331 3390 2493 3458 bibit,
2525 3396 2582 3446 et
2610 3391 2903 3464 requievit.
2927 3392 3013 3448 Ab
3035 3392 3136 3448 illa
3155 3392 3298 3448 hora
3314 3392 3431 3462 jam
3462 3387 3538 3444 illi
3563 3384 3690 3441 cibus

2131 3497 2259 3535 cum
2289 3480 2446 3552 virga
2470 3480 2730 3536 dabatur.
2766 3481 2976 3537 Omnes
3019 3486 3218 3538 autem
3237 3496 3455 3538 sorores
3478 3475 3692 3532 videntes

2132 3571 2282 3642 quod
2300 3569 2510 3626 fecerat
2521 3571 2857 3642 Euphraxia,
2865 3570 3106 3628 orabant
3118 3589 3224 3644 pro
3242 3588 3311 3626 ea
3328 3570 3398 3626 ad
3407 3567 3689 3626 Dominum.

2133 3660 2277 3716 Cum
2312 3678 2446 3717 vero
2499 3661 2760 3734 coepisset
2807 3661 3018 3718 moveri
3054 3667 3115 3717 et
3140 3659 3446 3734 indignari,
3474 3653 3696 3712 dicebant

2133 3751 2205 3806 ad
2234 3767 2358 3807 eam
2387 3768 2606 3807 sorores
2631 3770 2642 3805 :
2681 3750 2914 3816 Quiesce
2932 3767 3116 3820 soror,
3149 3756 3210 3808 et
3235 3751 3354 3807 noli
3384 3743 3656 3818 malignari
3679 3760 3690 3807 ἰ

2133 3857 2267 3896 nam
2305 3841 2353 3896 si
2381 3842 2598 3898 venerit
2615 3841 2846 3897 domina
2869 3841 3216 3914 Euphraxia,
3247 3835 3546 3913 flagellabit
3567 3835 3696 3903 te;et

2131 3937 2362 4003 repente
2391 3931 2730 4004 quiescebat.

2204 4022 2339 4076 CAP.
2362 4022 2618 4078 XXVIII.
2642 4051 2700 4063 —
2728 4021 2973 4077 Rursum
2986 4027 3187 4078 autem
3213 4021 3497 4078 Germana
3521 4011 3700 4073 invidia

2131 4111 2512 4179 mordebatur,
2535 4116 2592 4166 et
2607 4127 2703 4166 cor
2721 4113 2844 4182 ejus
2861 4111 3157 4180 urebatur,
3174 4111 3506 4182 dicebatque
3523 4101 3699 4162 sorori-

2131 4200 2264 4258 bus:
2297 4201 2419 4256 Nisi
2464 4200 2662 4256 fuisset
2684 4201 3022 4274 Euphraxia,
3055 4218 3176 4257 non
3205 4198 3583 4258 inveniebatur
3609 4190 3701 4249 alia

2133 4309 2256 4366 quae
2270 4292 2456 4348 cibum
2475 4291 2527 4347 ei
2537 4292 2766 4348 offerret
2789 4291 2813 4345 ’ἶ
2831 4291 3027 4346 tollam
3040 4290 3222 4360 cibos,
3247 4295 3308 4347 et
3335 4306 3438 4363 ego
3458 4285 3698 4343 ministro.

2135 4382 2376 4438 Sumens
2415 4400 2548 4454 ergo
2581 4381 2733 4438 cibos
2759 4382 2902 4454 ejus,
2949 4381 3195 4437 accessit
3222 4380 3296 4436 ad
3325 4379 3633 4454 patientem,
3656 4374 3702 4425 et

449 4469 706 4540 januam,
725 4469 1022 4524 deflet.Est
1041 4473 1231 4524 autem
1261 4467 1745 4542 infantulusquasi
1765 4469 2109 4534 annorumD
2127 4472 2263 4528 dicit
2281 4472 2334 4528 ei
2363 4491 2374 4526 :
2408 4473 2613 4544 Accipe
2641 4471 2813 4539 cibos,
2861 4487 3039 4538 soror,
3072 4476 3134 4526 et
3187 4469 3441 4526 comede.
3472 4467 3566 4524 Illa
3598 4476 3703 4516 vero

454 4557 676 4613 circiter
707 4564 848 4625 octo,
881 4559 1244 4631 paralyticus,
1291 4561 1494 4616 surdus
1519 4566 1573 4615 et
1600 4567 1810 4619 mutus.
1842 4563 2054 4623 Videns

457 4652 648 4703 autem
678 4647 978 4715 abbatissa,
997 4647 1200 4720 spiritu
1220 4647 1326 4704 sibi
1348 4651 1787 4724 revelante,quia
1808 4654 2052 4724 gratiam

456 4737 862 4809 promeruisset
882 4755 916 4792 a
929 4737 1169 4794 Domino
1181 4742 1375 4794 contra
1407 4740 1688 4796 daemones
1707 4741 2045 4814 Euphraxia,

459 4825 598 4880 dixit
620 4827 901 4883 ostiaria}:
941 4828 1092 4884 Voca
1141 4827 1282 4883 mihi
1313 4829 1711 4901 Euphraxiam.
1753 4833 1887 4897 Quae
1921 4850 2052 4890 cum

457 4915 702 4970 venisset
732 4923 864 4973 ante
915 4917 1278 4984 abbatissam,
1310 4919 1453 4974 dixit
1481 4919 1568 4974 ei:
1601 4920 1774 4988 Vade,
1834 4921 2052 4996 suscipe

459 5003 731 5060 infantem
747 5022 778 5060 a
799 5013 980 5062 matre
991 5023 1112 5075 sua,
1148 5013 1206 5063 et
1223 5007 1378 5064 defer
1394 5009 1522 5065 huc.
1537 5009 1641 5065 Illa
1659 5027 1789 5066 vero
1803 5028 2048 5083 egressa,

459 5096 518 5148 et
544 5093 737 5149 videns
762 5093 1098 5152 infantulum
1123 5098 1494 5172 paralyticum
1513 5103 1570 5154 et
1587 5103 2054 5171 trementem,mi-

461 5188 649 5240 serata
677 5187 764 5238 est
791 5202 960 5256 super
979 5202 1108 5241 eum
1137 5206 1150 5254 ;
1185 5193 1243 5244 et
1272 5188 1644 5260 ingemiscens
1673 5191 1947 5260 dolenter,
1981 5193 2054 5248 si-

461 5274 657 5347 gnavit
689 5273 983 5343 infantem,
1002 5280 1060 5330 et
1085 5275 1224 5332 dixit
1243 5278 1295 5333 ei
1325 5297 1336 5332 :
1371 5279 1480 5345 Qui
1513 5284 1569 5336 te
1595 5281 1821 5349 creavit,
1845 5281 1964 5354 ipse
1994 5287 2051 5338 te

464 5368 640 5428 sanet,
651 5363 749 5418 fili.
783 5364 851 5418 Et
869 5379 1097 5421 sumens
1115 5382 1264 5434 eum,
1295 5368 1565 5441 pergebat
1592 5371 1663 5426 ad
1695 5370 2052 5428 abbatissam.

462 5453 653 5510 Infans
694 5469 823 5509 vero
852 5453 988 5508 dum
1034 5460 1358 5526 portaretur
1382 5459 1451 5514 ab
1481 5459 1798 5532 Euphraxia
1826 5467 2058 5518 sanatus

464 5548 632 5611 est,et
645 5543 906 5600 clamavit
930 5544 1100 5600 matri
1118 5560 1250 5601 suae.
1282 5545 1490 5605 Videas
1520 5556 1711 5607 autem
1740 5552 2060 5625 Euphraxia

466 5635 602 5708 quia
629 5634 938 5695 infantulus
975 5634 1237 5712 coepisset
1279 5636 1451 5712 loqui,
1483 5641 1786 5715 perterrita
1822 5643 2061 5719 projecit

2135 4563 2400 4618 continuo
2428 4561 2687 4617 exsiliens
2717 4561 2778 4617 in
2818 4577 2963 4629 eam,
2995 4565 3184 4616 vestes
3206 4562 3334 4632 ejus
3358 4554 3634 4619 conscidit;
3657 4553 3706 4605 et

2135 4657 2430 4708 conterens
2463 4669 2606 4718 eam,
2627 4651 2866 4724 projecit
2877 4651 2936 4706 in
2965 4655 3186 4706 terram
3211 4669 3225 4718 ;
3251 4655 3311 4706 et
3333 4649 3548 4704 irruens
3565 4654 3708 4714 super

2133 4741 2308 4811 illam,
2329 4742 2495 4816 ccepit
2506 4741 2845 4798 manducare
2877 4757 3073 4797 carnes
3091 4741 3244 4812 ejus.
3274 4739 3529 4796 Clamore
3547 4736 3707 4788 autem

2133 4832 2298 4900 facto,
2315 4837 2372 4887 et
2389 4832 2545 4887 nulla
2562 4835 2937 4904 praesumente
2951 4829 3002 4885 ei
3022 4829 3710 4902 apprOpinquare,cumnS

2133 4921 2282 4978 Julia
2310 4922 2382 4976 ad
2425 4920 2743 4993 coquinam,
2776 4919 2916 4975 dixit
2946 4919 3290 4991 Euphraxiae
3326 4937 3339 4973 :
3374 4915 3607 4978 Festina,
3633 4908 3710 4962 do-

2134 5011 2306 5080 mina,
2315 5011 2447 5084 quia
2457 5011 2740 5066 Germana
2752 5025 2786 5064 a
2796 5009 3043 5082 patiente
3058 5007 3387 5064 dilacerata
3394 5005 3712 5062 est.CurrenS

2135 5106 2326 5157 autem
2357 5100 2692 5172 Euphraxia,
2714 5103 2915 5155 tenens
2934 5113 3142 5153 manus
3162 5097 3438 5171 patientis
3452 5100 3508 5150 et
3520 5094 3708 5165 guttur,

2133 5191 2339 5264 eripuit
2364 5190 2435 5246 ab
2454 5207 2521 5246 ea
2540 5190 2881 5246 Germanam
2899 5192 3265 5244 cruentatam
3283 5193 3342 5244 et
3364 5186 3710 5244 dilaceratam.

2132 5280 2236 5337 Cui
2263 5281 2403 5336 dixit
2451 5280 2799 5353 Euphraxia:
2831 5279 2982 5334 Bene
3009 5277 3222 5347 fecisti,
3269 5277 3406 5350 quia
3435 5275 3512 5331 sic
3540 5266 3715 5328 contri-

2137 5371 2265 5428 visti
2293 5387 2545 5426 sororem
2569 5371 2594 5424 ?
2625 5370 2729 5426 Illa
2761 5385 2891 5424 vero
2920 5366 3111 5424 stabat
3139 5384 3412 5440 spumam
3433 5363 3642 5427 faciens,
3668 5360 3716 5411 et

2138 5460 2400 5518 dentibus
2419 5460 2688 5516 stridens.
2713 5458 2864 5515 Dixit
2879 5458 2932 5515 ei
2959 5457 3293 5529 Euphraxia
3317 5476 3330 5512 :
3371 5456 3456 5512 Ab
3483 5455 3579 5508 hac
3596 5451 3715 5504 hora

2139 5551 2188 5609 si
2207 5551 2459 5624 maligna
2481 5550 2653 5610 fueris
2682 5567 2817 5622 erga
2843 5563 3088 5616 sorores,
3112 5563 3234 5605 non
3257 5545 3363 5604 tibi
3387 5544 3539 5612 cedo,
3559 5551 3714 5611 neque

2141 5642 2432 5718 misereor;
2448 5641 2547 5702 sed
2557 5641 2772 5716 virgam
2791 5637 3029 5699 dominae
3041 5653 3193 5699 meae
3202 5637 3499 5699 abbatissae
3526 5629 3712 5692 tollam,
