3954 6190
281 298 396 357 637
1232 292 1402 349 VITA
1434 290 1745 350 SANCTE
1781 285 2241 362 EUPHRASL/E,
2284 290 2629 351 VIRGINIS.
3464 296 3570 358 638

276 430 340 480 et
368 442 497 480 cum
526 441 595 479 ea
621 430 676 478 te
707 422 829 477 sine
857 418 1244 475 misericordia
1272 419 1587 493 ﬂagellabo.
1618 419 1722 475 Illa
1748 433 1879 473 vero
1896 415 2071 476 Anus
2092 418 2252 474 Jesus
2275 420 2548 475 Christus.
2573 421 2803 476 Daemon
2822 422 2987 478 dixit:
3013 425 3140 479 Non
3161 440 3387 496 possum
3420 425 3570 481 exire

277 515 507 581 sedens,
530 517 760 584 repente
789 509 1048 566 cessavit.
1968 506 2038 560 ab
2072 524 2156 575 ea,
2190 510 2323 580 quid
2355 527 2444 565 me
2473 512 2867 583 persequeris?
2895 512 2989 567 ubi
3030 512 3208 569 habeo
3239 514 3514 585 proficisci
3538 516 3563 569 ?

359 604 487 658 CAP.
516 599 714 656 XXIX.
742 601 990 654 --Mane
1012 604 1199 653 autem
1229 599 1394 665 facto,
1420 598 1696 670 completo
1726 613 1884 651 sacro
1968 596 2289 667 Euphraxia
2315 599 2457 653 dixit
2488 617 2499 651 :
2535 601 2599 655 In
2641 600 2903 655 tenebras
2934 603 3254 669 exteriores,
3286 603 3344 658 in
3375 603 3568 675 ignem

278 691 490 757 officio,
515 695 572 745 et
590 688 1008 761 egredientibus
1031 689 1112 743 eis
1139 688 1209 742 ab
1239 688 1507 754 oratorio,
1529 687 1765 741 visitans
1783 686 1888 740 Eu—
1968 691 2260 754 aeternum,
2294 688 2350 742 in
2379 688 2597 743 inﬁnita
2628 694 2927 755 tormenta,
2963 699 3159 763 parata
3194 693 3295 747 tibi
3325 699 3380 748 et
3419 694 3567 765 patri

278 781 523 852 phraxia
564 778 892 850 patientem.
924 776 1136 832 invenit
1163 793 1288 830 eam
1317 776 1630 847 disruptam
1673 780 1886 828 vestem
1967 781 2065 829 tuo
2091 777 2330 844 Satanae,
2358 783 2416 831 et
2444 778 2773 833 facientibus
2803 781 3147 836 voluntatem
3179 782 3324 853 ejus.
3357 784 3567 839 Omnes

280 887 450 942 suam
480 870 540 923 in
567 874 780 922 terram
810 866 1131 938 projecisse,
1160 872 1217 919 et
1236 866 1523 920 sedentem
1546 881 1717 935 super
1737 879 1880 929 eam,
1968 864 2157 936 itaque
2187 883 2406 922 sorores
2436 868 2663 923 stabant
2709 869 3069 939 respicientes
3107 871 3164 925 in
3193 890 3336 939 eam,
3367 880 3423 928 et
3451 891 3564 929 non

280 965 347 1013 et
365 958 718 1028 colligentem
740 961 1048 1021 stercus,et
1063 954 1556 1008 comedentem.At
1571 950 1889 1023 Euphraxia
1969 955 2383 1025 praesumebant
2429 958 2656 1029 propius
2714 959 3185 1029 appropinquare.
3242 962 3563 1033 Euphraxia

279 1053 356 1102 ut
380 1046 537 1107 vidit.
563 1046 732 1109 ﬂevit,
758 1050 815 1099 et
841 1062 964 1116 quae
995 1044 1143 1098 facta
1179 1043 1404 1098 fuerant
1430 1041 1722 1096 abbatissae
1750 1057 1889 1095 nun-
1968 1059 2100 1098 vero
2121 1044 2258 1099 dure
2279 1045 2529 1100 certabat
2546 1063 2673 1101 cum
2695 1048 2946 1101 daemone
2967 1049 3283 1104 resistente.
3307 1052 3376 1105 Et
3392 1053 3566 1125 respi-

282 1136 469 1191 tiavit.
504 1134 908 1189 Convenientes
943 1149 1075 1188 vero
1122 1149 1360 1197 sorores,
1400 1131 1735 1186 invenerunt
1763 1145 1887 1183 eam
1971 1133 2123 1187 ciens
2147 1134 2205 1187 in
2224 1135 2445 1201 coelum,
2468 1135 2607 1190 dixit
2631 1152 2645 1190 :
2668 1137 2905 1191 Domine
2922 1138 3053 1192 Jesu
3076 1138 3312 1204 Christe,
3341 1141 3454 1194 noli
3476 1160 3565 1196 me

281 1226 526 1290 nudam,
571 1230 625 1279 et
670 1223 1025 1295 colligentem
1063 1223 1344 1293 phlegma,
1382 1226 1438 1275 et
1481 1221 1887 1277 comedentem.
1972 1222 2032 1277 in
2060 1222 2167 1276 hac
2194 1224 2333 1277 hora
2358 1225 2642 1289 confundi,
2665 1231 2729 1279 ut
2758 1243 2873 1281 non
2902 1227 3086 1281 vincat
3112 1246 3201 1281 me
3230 1229 3319 1283 hic
3348 1230 3566 1286 daemon

284 1315 446 1370 Dixit
471 1321 661 1368 autem
696 1312 979 1367 abbatissa
1006 1316 1072 1366 ut
1098 1310 1332 1366 daretur
1359 1311 1409 1365 ei
1440 1310 1552 1364 alia
1581 1311 1793 1377 tunica,
1827 1316 1892 1365 ut
1973 1311 2314 1367 immundus.
2333 1314 2402 1368 Et
2421 1314 2686 1369 continuo
2707 1316 2924 1370 dmmon
2949 1334 3237 1388 spumans,
3254 1323 3311 1373 et
3334 1319 3571 1374 stridore

282 1405 611 1459 vestiretur.
654 1404 892 1457 Sumens
939 1402 1129 1473 itaque
1168 1399 1486 1471 Euphraxia
1523 1400 1793 1469 tunicam,
1837 1406 1894 1454 et
1974 1401 2136 1468 facto,
2173 1402 2421 1457 clamans
2453 1420 2580 1459 voce
2611 1421 2834 1475 magna,
2865 1422 3121 1477 egressus
3145 1413 3286 1462 esta
3313 1408 3567 1478 muliere,

286 1493 650 1566 parapsidem
666 1508 793 1546 cum
813 1491 1114 1562 legumine,
1135 1496 1191 1544 et
1208 1490 1465 1562 fragmen
1486 1489 1667 1561 panis,
1691 1489 1895 1544 obtulit
1975 1496 2033 1545 et
2044 1490 2114 1544 ab
2127 1507 2193 1545 ea
2212 1492 2350 1545 hora
2369 1498 2567 1546 sanata
2588 1494 3084 1550 est.Cucurrerunt
3100 1501 3289 1551 autem
3321 1514 3561 1565 sorores,

287 1583 363 1650 ei,
383 1588 445 1638 et
458 1582 599 1638 dixit
623 1599 635 1634 :
660 1582 879 1653 Accipe,
902 1596 1079 1647 soror,
1097 1585 1155 1633 et
1171 1579 1311 1634 vesti
1323 1584 1515 1647 359
1526 1586 1600 1646 te,
1630 1586 1689 1635 et
1703 1585 1888 1651 gusta,
1972 1580 2352 1650 glorificantes
2369 1581 2428 1635 in
2457 1583 2561 1636 hoc
2581 1583 2780 1649 Deum,
2801 1599 3039 1654 magnus
3059 1585 3211 1639 enim
3239 1586 3413 1641 timor
3431 1587 3571 1642 obti-

287 1689 470 1745 quare
489 1673 567 1726 sic
585 1676 642 1726 te
654 1670 957 1742 deturpas?
978 1670 1113 1734 Quae
1131 1686 1379 1736 sumens,
1396 1670 1640 1724 comedit
1662 1674 1720 1723 et
1732 1669 1886 1723 bibit.
1908 1734 1950 1745 _
1974 1675 2175 1724 nuerat
2219 1686 2432 1724 omnes.
2476 1672 2796 1742 Euphraxia
2822 1689 2952 1727 vero
2994 1674 3126 1728 tulit
3165 1675 3478 1743 mulierem,
3513 1683 3570 1732 et

285 1734 361 1818 ﬁt
388 1762 629 1816 induens
657 1777 801 1826 eam,
823 1734 1188 1813 -ministravit
1216 1759 1286 1812 ei.
1332 1734 1652 1830 Euphraxia
1690 1775 1821 1813 vero
1855 1776 1890 1813 a
1908 1734 1953 1794 Β
1970 1758 2149 1813 abluit
2176 1776 2300 1813 eam
2321 1776 2484 1831 aqua,
2511 1734 2580 1814 et.
2594 1761 2781 1815 induit
2822 1778 2947 1815 eam
2965 1763 3318 1827 vestimento,
3337 1771 3393 1819 et
3412 1734 3571 1821 duxit

280 1851 550 1923 lacrymis
577 1866 691 1904 non
720 1848 975 1915 cessavit,
1005 1865 1186 1919 usque
1218 1848 1289 1901 ad
1337 1862 1631 1919 vesperam
1678 1865 1780 1920 pro
1823 1865 1890 1902 ea
1972 1847 2041 1901 ab
2055 1848 3569 1920 abbatissam:quaeunacumsororibusintroduxerunt

274 1959 538 2013 gemens.
560 1941 681 2006 Quo
710 1957 841 1995 cum
864 1939 1227 2012 pervenisset,
1253 1956 1383 1993 mox
1407 1938 1759 2011 supplicabat
1784 1939 1889 1993 Do-
1971 1954 2097 1991 eam
2128 1939 2187 1992 in
2216 1939 2642 2007 monasterium,
2676 1945 2732 1993 et
2751 1941 2989 2010 gloriam
3026 1942 3303 1997 dederunt
3322 1943 3438 1998 Deo
3464 1962 3566 2016 pro

277 2032 439 2086 nﬁno
454 2047 580 2085 cum
599 2029 952 2102 lacrymis,ut
967 2029 1066 2082 illa
1081 2029 1299 2099 patiens
1311 2028 1888 2082 sanaretur.Diluculo
1969 2026 2116 2082 facto
2154 2028 2444 2082 miraculo.

275 2137 415 2175 vero
454 2119 736 2174 abbatissa
783 2135 985 2173 vocans
1034 2118 1429 2189 Euphraxiam,
1471 2117 1612 2172 dixit
1639 2118 1691 2172 ei
1728 2136 1740 2172 :
1775 2119 1891 2172 Cur
2042 2117 2359 2173 CAP.XXX.
2382 2149 2446 2159 —
2468 2117 2554 2173 Ab
2580 2117 2680 2173 illa
2709 2135 2837 2173 vero
2852 2120 2993 2173 hora
3016 2119 3334 2176 humiliavit
3364 2139 3422 2177 se
3453 2140 3570 2178 am-

278 2228 375 2265 me
396 2209 612 2275 celasti,
636 2225 829 2281 preces
851 2208 1091 2262 offerens
1119 2208 1234 2263 Deo
1259 2224 1360 2278 pro
1392 2208 1494 2261 hac
1510 2207 1806 2278 patiente?
1830 2207 1888 2262 Si
1970 2205 2117 2277 plius
2147 2207 2483 2278 Euphraxia,
2508 2213 2565 2263 et
2584 2208 2705 2263 sine
2733 2225 2930 2263 somno
2968 2214 3090 2264 tota
3114 2217 3280 2265 nocte
3300 2211 3567 2283 persiste-

279 2298 704 2354 manifestasses
732 2297 889 2363 mihi,
924 2302 980 2351 et
1010 2313 1113 2368 ego
1143 2297 1264 2351 sine
1291 2297 1461 2352 dubio
1490 2296 1759 2353 venirem.
1784 2298 1887 2352 Cui
1968 2294 2069 2349 bat
2097 2314 2108 2349 :
2142 2312 2370 2352 omnem
2397 2314 2527 2352 vero
2556 2298 2971 2353 hebdomadam
2995 2299 3311 2370 jejunabat,
3335 2306 3399 2355 ut
3427 2288 3561 2356 eon-

279 2388 1037 2461 Euphraxiadixitzlgnosce
1058 2387 1479 2453 mihi,domina,
1493 2386 1606 2441 vidi
1632 2403 1757 2440 eam
1773 2392 1891 2441 tur-
1971 2392 2245 2452 sueverat,
2299 2386 2419 2441 sine
2476 2387 2694 2442 defectu
2741 2387 2949 2443 faciens
3006 2389 3221 2443 cunctis
3276 2390 3562 2446 sororibus

279 2480 440 2551 piter
458 2478 698 2550 positam
719 2478 1094 2544 etinﬁrmam,
1112 2483 1170 2530 et
1188 2477 1341 2530 dolui
1365 2492 1535 2547 super
1556 2477 1890 2531 eam.Abba-
1971 2475 2369 2543 ministerium,
2409 2481 2466 2531 et
2494 2493 2622 2531 cum
2652 2477 2806 2533 omni
2855 2477 3041 2532 studio
3078 2483 3247 2550 atque
3285 2479 3481 2535 laetitia
3508 2479 3567 2535 in

280 2569 429 2623 tissa
447 2584 578 2622 vero
597 2567 737 2621 dixit
762 2585 773 2619 :
800 2566 989 2620 Habeo
1016 2565 1121 2620 tibi
1142 2565 1355 2637 aliquid
1378 2565 1650 2632 conﬁteri,
1680 2571 1738 2620 et
1764 2566 1889 2620 vide
1971 2566 2403 2621 mansuetudine
2445 2572 2613 2638 atque
2648 2566 2965 2622 humilitate
2994 2566 3251 2639 degebat.
3289 2569 3416 2623 Una
3439 2584 3568 2624 vero

280 2675 359 2713 ne
389 2658 629 2712 Satanas
657 2661 838 2710 tentet
864 2660 941 2722 te,
976 2659 1033 2709 et
1061 2655 1230 2710 elatio
1257 2655 1361 2709 tibi
1396 2660 1718 2726 generetur.
1754 2656 1890 2710 Ecce
1971 2655 2507 2718 dierumabbatissa
2542 2656 2683 2710 vidit
2709 2655 3001 2723 visionem,
3034 2662 3093 2712 et
3122 2656 3458 2712 conturbata
3484 2662 3571 2713 est

281 2747 391 2801 tibi
424 2746 681 2800 Christus
708 2749 1044 2818 potestatem
1084 2745 1232 2798 circa
1262 2762 1356 2799 eos
1385 2745 1557 2811 dedit,
1603 2750 1669 2800 ut
1697 2746 1889 2816 ejicias
1970 2746 2347 2799 vehementer.
2383 2746 2602 2816 Rogare
2644 2751 2835 2801 autem
2873 2752 3166 2818 coeperunt
3200 2763 3325 2801 eam
3374 2764 3569 2803 omnes

285 2854 410 2892 eos.
450 2835 700 2890 Audiens
729 2836 846 2890 haec
874 2834 1209 2906 Euphraxia,
1244 2834 1398 2889 misit
1435 2835 1680 2889 cinerem
1721 2851 1890 2907 super
1971 2852 2208 2901 sorores,
2243 2836 2623 2907 supplicantes
2653 2841 2710 2890 et
2740 2836 2989 2891 dicentes
3026 2854 3037 2889 :
3073 2837 3354 2892 Conﬁtere
3383 2836 3565 2905 nobis,

285 2933 461 2999 caput
489 2942 686 2991 suum;
711 2930 769 2979 et
796 2930 1155 2996 prosternens
1186 2926 1549 2996 semetipsam
1572 2925 1631 2979 in
1651 2930 1885 2991 terram,
1972 2925 2201 2981 domina
2229 2925 2532 2992 abbatissa,
2552 2942 2651 2980 cur
2670 2925 2748 2979 sic
2765 2925 3106 2996 ingemiscis,
3125 2930 3182 2980 et
3203 2932 3426 2980 nostras
3452 2927 3571 2982 ani-

287 3015 554 3071 clamavit
581 3015 771 3069 dicens
802 3032 814 3067 :
850 3015 986 3078 Quae
1008 3031 1131 3068 sum
1157 3030 1259 3085 ego
1276 3013 1467 3068 infelix
1492 3019 1549 3068 et
1574 3015 1887 3083 immunda,
1911 3055 1954 3116 C
1972 3034 2095 3071 mas
2123 3016 2291 3070 simul
2319 3015 2540 3085 afﬂigis.
2573 3016 2643 3068 Et
2665 3015 2805 3068 dixit
2835 3033 2845 3068 :
2880 3016 3006 3069 Non
3037 3031 3127 3070 me
3156 3014 3369 3086 cogatis
3391 3032 3570 3086 usque

286 3111 354 3160 ut
380 3105 695 3159 daemonem
724 3109 944 3159 tantum
975 3105 1267 3176 expellam,
1303 3120 1471 3175 quem
1518 3109 1743 3160 orantes
1791 3122 1893 3176 per
1915 3103 1954 3116 ν
1973 3107 2030 3161 in
2060 3106 2385 3160 crastinum.
2416 3105 2689 3159 Dixerunt
2724 3103 2777 3159 ei
2803 3105 3053 3159 seniores
3078 3120 3337 3160 sorores:
3369 3105 3566 3172 Crede,

287 3200 516 3250 tantum
561 3199 785 3265 tempus
821 3210 932 3247 non
978 3194 1242 3265 potuistis
1284 3193 1593 3266 expellere?
1640 3194 1786 3249 Dicit
1841 3196 1892 3250 ei
1975 3196 2220 3262 domina,
2238 3195 2385 3266 quod
2402 3194 2449 3249 si
2474 3211 2586 3249 non
2607 3193 3029 3248 annuntiaveris
3053 3193 3234 3260 nobis,
3257 3193 3571 3249 tribulatio-

289 3284 578 3338 abbatissa
611 3302 621 3335 :
648 3283 789 3337 Filia
819 3300 961 3349 mea,
986 3289 1041 3337 te
1073 3282 1388 3338 sustinebat
1409 3284 1515 3338 hoc
1535 3288 1779 3356 tempus,
1807 3301 1894 3339 co-
1975 3302 2103 3340 nem
2132 3301 2395 3355 magnam
2445 3283 2740 3338 animabus
2776 3282 2983 3337 nostris
3011 3282 3242 3353 ingeris.
3275 3281 3575 3338 Abbatissa

290 3375 453 3446 piosa
480 3377 567 3427 est
594 3378 694 3428 tua
727 3389 943 3427 merces
972 3372 1028 3427 in
1074 3374 1230 3427 cwlo.
1266 3374 1528 3443 Ingressa
1555 3378 1746 3428 autem
1779 3375 1891 3429 Eu-
1976 3375 2150 3429 dixit:
2185 3376 2299 3445 Ego
2317 3374 2543 3446 quidem
2575 3374 2722 3445 quod
2741 3374 2994 3428 futurum
3019 3379 3122 3439 est,
3146 3390 3324 3445 usque
3340 3372 3399 3427 in
3421 3373 3570 3428 diem

287 3463 528 3537 phraxia
541 3462 963 3529 monasterium,
978 3462 1216 3535 projecit
1226 3462 1588 3534 semetipsam
1607 3468 1738 3518 ante
1755 3465 1894 3519 alta-
1975 3465 2282 3519 crastinum
2301 3463 2485 3518 dicere
2508 3480 2621 3518 non
2637 3462 2918 3530 volebam;
2950 3463 3048 3517 sed
3069 3462 3201 3534 quia
3230 3461 3428 3533 cogitis
3460 3479 3569 3529 me,

288 3571 372 3622 rc,
397 3553 719 3625 supplicans
738 3553 875 3619 Deo,
895 3557 957 3607 ut
972 3553 1230 3625 precibus
1256 3554 1381 3623 ejus
1402 3559 1717 3620 sanaretur,
1747 3559 1804 3608 et
1823 3555 1892 3610 de
1974 3572 2125 3611 nunc
2151 3554 2341 3609 audite
2374 3571 2389 3606 :
2422 3554 2739 3626 Euphraxia
2767 3570 2870 3607 nos
2894 3552 3121 3617 deserit,
3139 3568 3262 3607 cras
3290 3551 3441 3607 enim
3469 3552 3575 3606 hac

292 3644 515 3699 excelso
554 3643 786 3697 daretur
812 3643 1102 3697 auxilium.
1140 3644 1207 3697 Et
1245 3660 1480 3715 surgens
1509 3661 1544 3698 a
1572 3644 1894 3716 pavimento
1976 3646 2092 3700 vita
2143 3645 2494 3717 privabitur;
2553 3644 2710 3698 nulla
2747 3658 2877 3697 vero
2920 3641 3131 3696 indicet
3168 3642 3219 3695 ei
3257 3658 3329 3695 ne
3372 3640 3576 3696 contri-

292 3749 486 3797 orans,
503 3731 859 3787 rursumibat
880 3732 949 3786 ad
970 3732 1297 3803 patientem,
1307 3734 1561 3804 jussione
1578 3734 1892 3802 abbatissae,
1978 3739 2177 3790 stetur.
2211 3735 2312 3789 His
2341 3734 2532 3805 itaque
2554 3732 2739 3799 dictis,
2771 3747 3009 3802 magnus
3035 3730 3279 3802 ejulatus
3304 3747 3406 3802 per
3434 3730 3577 3785 mul-

292 3829 353 3879 et
381 3839 578 3877 omnes
619 3838 838 3876 sorores
868 3822 1249 3893 sequebantur
1277 3839 1422 3891 eam,
1456 3828 1522 3877 ut
1548 3825 1898 3879 mirarentur
1976 3829 2066 3880 tas
2096 3826 2263 3879 horas
2290 3825 2471 3878 factus
2514 3828 2620 3878 est.
2648 3823 2775 3878 Una
2800 3826 2992 3876 autem
3031 3836 3289 3875 sororum
3323 3836 3450 3889 cum
3481 3836 3578 3873 co-

293 3930 423 3985 qua:
453 3911 705 3965 facienda
736 3916 914 3966 erant.
939 3912 1024 3966 Ad
1047 3929 1216 3983 quam
1247 3914 1535 3981 accedens,
1563 3914 1644 3968 ait
1675 3934 1686 3968 :
1725 3914 1899 3968 Sanet
1976 3914 2279 3986 gnovisset,
2313 3930 2543 3968 currens
2565 3913 2636 3967 ad
2664 3912 2914 3979 furnum,
2948 3910 3161 3967 invenit
3198 3908 3577 3982 Euphraxiam

286 4009 352 4057 te
373 4001 647 4057 Dominus
677 4017 835 4055 meus
864 4002 1024 4056 Jesus
1056 4002 1331 4069 Christus,
1368 4002 1465 4074 qui
1490 4008 1547 4057 te
1577 4004 1804 4057 creavit.
1830 4005 1898 4057 Et
1977 4021 2154 4076 panes
2183 4008 2536 4075 coquentem,
2567 4003 2656 4057 cui
2691 4002 2832 4058 Iulia
2883 4001 3079 4055 aderat
3115 4000 3424 4055 secundum
3451 4016 3579 4053 con-

292 4110 427 4147 mox
454 4092 683 4162 signum
713 4090 890 4146 crucis
917 4090 1049 4145 fecit
1074 4091 1134 4146 in
1162 4093 1346 4146 fronte
1384 4094 1526 4163 ejus.
1554 4093 1680 4148 Mox
1709 4098 1899 4148 autem
1981 4093 2356 4148 suetudinem.
2388 4092 2541 4146 Dixit
2582 4108 2714 4162 ergo
2770 4092 2868 4162 illa
2926 4105 3086 4145 soror
3133 4105 3255 4160 quae
3300 4092 3530 4143 venerat
3559 4106 3571 4140 :

293 4182 562 4236 clamavit
588 4198 774 4235 coram
798 4181 1060 4235 omnibus
1085 4199 1097 4234 :
1124 4182 1238 4236 Oh!
1272 4182 1553 4253 quomodo
1573 4182 1642 4237 ab
1662 4182 1769 4237 ista
1797 4183 1901 4238 im-
1983 4186 2288 4255 Cognosce,
2326 4181 2552 4236 domina
2580 4179 2920 4250 Euphraxia,
2955 4179 3091 4249 quia
3133 4178 3287 4231 intus
3333 4193 3578 4248 magnus

294 4271 541 4345 postrice
571 4276 628 4325 et
673 4270 867 4325 fallace
914 4287 1071 4337 exeo,
1107 4270 1369 4326 habitans
1406 4271 1467 4327 in
1509 4289 1577 4326 ea
1626 4273 1898 4344 plurimos
1981 4274 2163 4328 luctus
2192 4277 2278 4326 est
2295 4272 2444 4343 apud
2468 4268 2806 4324 abbatissam
2827 4272 3058 4340 prOpter
3078 4271 3152 4331 te,
3181 4272 3238 4321 et
3257 4266 3406 4337 apud
3427 4282 3580 4320 soro-
3682 4294 3697 4313 ς

295 4378 503 4428 annos,
527 4365 585 4415 et
601 4360 787 4415 nullus
808 4376 897 4415 me
922 4360 1197 4431 expellere
1217 4362 1419 4432 potuit,
1437 4368 1494 4416 et
1512 4362 1630 4417 hinc
1657 4362 1899 4417 immun-
1918 4416 1966 4432 ﬁ
1979 4380 2088 4418 res.
2105 4362 2411 4417 Audientes
2433 4365 2623 4415 autem
2642 4360 2760 4414 haec
2778 4356 2930 4418 Julia
2947 4361 3004 4412 et
3025 4356 3361 4428 Euphraxia,
3392 4360 3581 4426 stupe-

291 4416 374 4506 da
408 4416 579 4520 atque
608 4450 892 4505 luxuriosa
919 4416 1156 4503 conatur
1188 4416 1453 4521 p‘ersequi
1490 4416 1629 4505 me?
2160 4456 2309 4519 sunt,
2326 4457 2383 4505 et
2406 4450 2616 4505 diutius
2639 4416 2943 4505 steterunt.
2974 4416 3244 4501 Post.me
3272 4416 3463 4499 autem
3483 4416 3578 4499 ju-

294 4539 539 4613 phraxia
566 4539 702 4615 dicit
733 4555 746 4591 :
771 4541 897 4593 Non
929 4556 1031 4610 ego
1065 4543 1122 4592 te
1151 4555 1477 4611 persequor,
1510 4542 1607 4596 sed
1643 4542 1899 4597 Christus
1978 4544 2057 4597 lia
2084 4542 2255 4597 dixit:
2281 4541 2528 4596 Putasne
2555 4540 2753 4594 auditu
2782 4537 2995 4593 audivit
3022 4536 3328 4605 abbatissa,
3355 4534 3487 4606 quia
3510 4550 3576 4589 ex

295 4628 558 4685 omnium
572 4628 901 4683 Deus.Dixit
921 4629 970 4683 ei
985 4629 1202 4683 daemon
1226 4646 1236 4681 :
1256 4630 1382 4684 Non
1405 4647 1557 4697 exeo,
1580 4630 1896 4699 immunda,
1980 4633 2246 4687 missione
2274 4631 2425 4685 illius
2456 4629 2551 4702 qui
2588 4628 2889 4701 aliquando
2930 4642 3168 4698 sponsus
3206 4625 3393 4680 fuerat
3419 4629 3571 4693 tuus,

292 4736 418 4775 non
463 4718 612 4773 enim
660 4718 922 4789 accepisti
967 4723 1305 4790 potestatem
1335 4720 1593 4791 ejiciendi
1643 4740 1751 4777 me.
1786 4724 1901 4778 Eu-
1978 4722 2530 4794 jussitimperatorte
2551 4719 2753 4774 adduci
2781 4735 2848 4773 ex
2875 4714 3577 4788 monasterio,etpr0pter-

294 4808 539 4884 phraxia
558 4808 732 4863 dixit:
762 4810 879 4880 Ego
899 4809 1194 4863 immunda
1217 4826 1360 4876 sum,
1385 4816 1441 4864 et
1462 4812 1615 4865 omni
1646 4813 1902 4883 maligni-
1986 4829 2053 4867 ea
2094 4812 2513 4866 lamentantur?
2556 4810 2660 4865 Cui
2696 4805 3016 4879 Euphraxia
3051 4805 3342 4876 respondit
3374 4822 3386 4859 :
3425 4806 3579 4861 Vivit

294 4904 422 4955 tate
476 4899 660 4970 plena,
701 4903 766 4952 ut
805 4905 869 4953 tu
911 4915 1134 4970 quoque
1179 4900 1441 4968 testaris;
1491 4907 1899 4971 verumtamen,
1985 4903 2260 4958 Dominus
2290 4918 2448 4957 meus
2471 4895 3140 4969 360Jesus,‘Christus,
3162 4895 3295 4966 quia
3315 4895 3362 4949 si
3391 4896 3582 4950 omnia

294 4989 539 5062 jubente
566 4988 825 5053 Domino,
848 4988 1115 5059 egredere
1135 4988 1203 5043 ab
1222 5005 1306 5043 ea.
1331 4991 1477 5045 Nam
1494 4992 1540 5045 si
1556 5008 1717 5047 sumo
1737 4992 1903 5049 bacu—
1984 4994 2348 5049 ﬁmdamenta
2375 4997 2539 5046 terrm
2572 4992 2922 5054 moveantur,
2939 5002 3049 5040 non
3071 4985 3212 5040 mihi
3239 4986 3578 5058 persuadere

296 5079 423 5133 lum
463 5076 778 5144 abbatissae,
826 5077 1120 5149 ﬂagellabo
1159 5085 1234 5134 te.
1279 5080 1553 5135 Caeterum
1606 5082 1901 5137 resistente
1982 5083 2379 5157 praevalebunt,
2411 5084 2477 5135 ut
2496 5077 2781 5133 Christum
2797 5075 3100 5131 Dominum
3123 5092 3313 5131 meum
3342 5075 3580 5131 derelin-

295 5168 576 5233 dazmone,
600 5173 658 5221 et
688 5167 837 5222 exire
858 5168 1102 5235 nolente,
1128 5186 1354 5225 sumens
1390 5171 1708 5243 Euphraxia
1736 5172 1902 5229 abba-
1986 5174 2592 5247 quam.Verumtamen
2605 5167 2833 5222 domina
2851 5166 3308 5234 meaJulia,dum
3330 5181 3580 5238 coquun-

296 5259 457 5313 tissa:
486 5256 765 5323 baculum,
798 5258 939 5311 dixit
966 5257 1015 5312 ei
1052 5277 1064 5313 :
1093 5258 1211 5326 Exi,
1240 5266 1339 5314 aut
1378 5265 1527 5315 certe
1563 5267 1799 5335 torqueo
1826 5268 1899 5318 te.
1984 5270 2080 5320 tur
2106 5279 2298 5337 panes,
2329 5261 2487 5328 vade,
2517 5258 2643 5312 vide
2675 5258 2838 5313 ﬂetus
2869 5258 3027 5325 istos,
3060 5256 3189 5311 vide
3231 5256 3367 5329 quid
3393 5254 3575 5310 conti-

298 5346 616 5419 Respondit
630 5346 681 5401 ei
708 5365 719 5400 :
747 5347 1036 5411 Quomodo
1057 5348 1126 5402 ab
1149 5366 1216 5403 ea
1235 5351 1426 5421 egredi
1449 5355 1661 5423 potero,
1688 5369 1816 5409 cum
1834 5353 1903 5408 ab
1985 5354 2150 5426 gerit,
2183 5369 2255 5407 ne
2284 5351 2472 5405 anima
2490 5365 2617 5404 mea
2643 5346 3024 5421 perturbetur.
3050 5347 3154 5403 Illa
3183 5364 3314 5403 vero
3344 5357 3580 5417 pergens

301 5453 377 5494 ea
396 5436 656 5491 recedere
679 5452 789 5491 non
808 5438 1050 5509 possim?
1064 5440 1190 5493 Mox
1207 5439 1384 5511 igitur
1398 5441 1717 5513 Euphraxia
1737 5443 1906 5516 coepit
1990 5449 2047 5499 et
2074 5448 2229 5498 stans
2256 5440 2388 5496 foris
2418 5445 2549 5495 ante
2564 5439 2788 5510 januas,
2809 5437 3022 5493 audivit
3039 5436 3322 5491 somnium
3343 5428 3581 5485 abbatis-

301 5526 540 5582 czedere.
565 5525 636 5581 Et
662 5542 790 5581 cum
816 5528 985 5583 tertio
1006 5530 1397 5600 percussisset,
1426 5531 1597 5587 dixit:
1629 5513 1906 5605 Egredere
1989 5550 2110 5590 sam
2142 5533 2246 5588 hoc
2276 5531 2441 5586 modo
2469 5529 2833 5586 referentem:
2860 5527 3007 5592 Vidi,
3032 5525 3236 5597 inquit,
3260 5517 3418 5605 quasi
3441 5516 3583 5569 ἀιιοδ
3690 5513 3694 5517 ’

307 5633 347 5673 a
372 5616 641 5689 ﬁgmento
652 5616 775 5685 Dei,
790 5618 1021 5690 spiritus
1036 5618 1345 5679 immunde.
1361 5623 1620 5698 Increpat
1641 5604 1697 5682 te
1717 5624 1907 5682 Domi-
1988 5623 2281 5700 cujusdam
2301 5619 2603 5680 schematis
2622 5620 2770 5677 viros
2792 5620 2903 5677 huc
2928 5614 3312 5681 advenientes,
3326 5604 3422 5680 qui
3441 5615 3586 5673 (ἰαθε-
