3954 6190
419 289 524 348 639

1418 302 1513 360 DE
1550 304 1739 363 VITIS
1775 308 2326 382 PATRWV-VLIBER
2361 315 2652 376 PRIMUS.

3582 318 3692 379 640

413 415 618 473 rebant
643 418 1018 520 Euphraxiam
1034 422 1252 520 tollere,
1275 424 1650 503 dixeruntque
1669 434 1808 490 mihi
1834 455 1846 490 :
1866 437 2014 492 Diri-
2028 441 2080 502 Α
2099 445 2190 496 cat
2214 446 2271 497 te
2301 442 2601 500 abbatissa.
2634 443 2736 500 Illa
2756 460 2888 502 vero
2915 460 3147 518 egressa
3167 447 3504 519 est,plorans
3517 451 3690 520 atque

411 522 484 576 ge
511 523 653 573 eam,
677 525 814 580 opus
845 508 1034 566 habet.
1063 511 1310 570 Rursum
1335 533 1469 590 ergo
1495 525 1552 575 et
1582 521 1678 577 alii
1700 525 2008 594 venientes,

412 594 674 650 dixerunt
685 596 820 652 mihi
844 599 1183 659 :Assumens
1206 608 1395 661 tecum
1416 609 1816 682 Euphraxiam,
1834 615 2014 672 deduc

413 699 538 736 eam
560 688 690 774 ante
704 685 1024 743 Dominum.
1048 689 1230 756 Quam
1246 710 1373 750 mox
1388 712 1700 768 assumens,
1720 705 2013 774 properavi

407 787 535 826 cum
566 771 666 828 eis.
701 775 770 830 Et
791 793 919 831 cum
948 779 1295 838 venisse'nus
1324 787 1394 840 ad
1430 771 1739 858 quamdam
1765 771 2023 864 portam,

408 861 569 931 cujus
586 863 824 933 gloriam
845 885 1112 927 enarrare
1129 889 1242 928 non
1260 876 1433 943 valeo,
1456 886 1654 950 sponte
1676 861 1836 937 nobis
1856 861 2015 955 aper-

407 954 467 1004 ta
484 957 586 1006 est.
602 953 672 1008 Et
692 955 958 1026 ingressae
979 976 1192 1030 sumus,
1216 968 1273 1018 et
1287 964 1526 1022 vidimus
1542 967 1618 1023 ibi
1637 953 2013 1028 inenarrabile

411 1041 683 1110 palatium
703 1047 946 1116 coeleste,
965 1049 1026 1104 in
1046 1067 1156 1122 quo
1179 1058 1236 1108 et
1259 1055 1464 1111 solium
1487 1059 1740 1130 nuptiale
1759 1077 1873 1116 non
1899 1079 2015 1117 ma-

411 1144 490 1184 nu
509 1130 738 1188 factum.
773 1137 888 1208 Ego
910 1139 1137 1211 quidem
1163 1141 1402 1199 interius
1431 1149 1882 1221 appropinquare
1901 1169 2013 1207 non

408 1221 586 1289 potui.
615 1223 990 1295 Euphraxiam
1006 1246 1136 1285 vero
1158 1239 1526 1304 assumentes,
1559 1237 1888 1295 obtulerunt
1910 1242 2016 1296 Do-

412 1307 564 1400 mino
598 1329 610 1364 :
645 1319 700 1367 et
728 1316 1044 1386 procidens,
1067 1320 1319 1377 osculata
1347 1329 1432 1378 est
1458 1327 1627 1396 pedes
1659 1329 1780 1400 ejus
1808 1330 2013 1384 imma-

411 1399 646 1456 culatos.
664 1402 792 1459 Vidi
820 1405 898 1462 ibi
921 1407 1068 1464 dena
1086 1409 1266 1466 millia
1288 1414 1637 1484 angelorum,
1659 1433 1723 1471 ac
1756 1419 2015 1475 multitu-

411 1486 601 1544 dinem
619 1498 941 1550 sanctorum
957 1496 1456 1571 innumerabilem;
1483 1510 1541 1560 et
1561 1522 1757 1562 omnes
1785 1507 2013 1564 stabant

413 1578 803 1651 respicientes;
835 1589 893 1639 et
908 1587 1038 1654 vidi,
1056 1594 1113 1643 et
1133 1605 1257 1646 ecce
1279 1598 1461 1647 mater
1475 1595 1699 1650 Domini
1718 1612 2011 1653 assumens

2096 532 2428 589 conturbata
2459 549 2472 589 :
2521 540 2577 589 et
2605 533 2876 605 ingressa,
2909 535 3092 591 astitit
3115 534 3430 604 abbatissa,
3461 537 3677 592 deﬂens

2095 626 2264 693 atque
2293 639 2554 692 maerens,
2578 630 2635 679 et
2650 623 2956 694 gemitibus
2983 624 3152 680 nimis
3171 625 3398 681 afﬂicta.
3431 624 3689 680 Abbatis-

2094 728 2156 767 sa
2178 729 2307 769 vero
2338 715 2639 786 respiciens
2659 731 2804 782 eam,
2833 715 2997 770 dixit:
3020 715 3166 781 Quid
3185 715 3376 782 habes,
3413 715 3691 787 ﬁlia,quia

2095 802 2174 856 sic
2199 803 2519 875 ingemiscis
2538 805 2561 857 ?
2578 805 2900 876 Euphraxia
2919 804 3085 861 dixit:
3110 806 3322 876 Plango
3373 821 3486 872 me,
3517 804 3695 859 domi-

2095 908 2170 946 na
2198 910 2344 958 mea,
2376 894 2510 965 quia
2529 893 2738 949 scivisti
2763 911 2854 949 me
2883 894 3237 962 morituram,
3269 900 3326 948 et
3343 911 3459 950 non
3486 893 3695 950 indica-

2094 981 2167 1036 sti
2184 982 2340 1049 mihi,
2359 987 2424 1038 ut
2439 985 2764 1055 plangerem
2787 988 3017 1056 peccata
3034 1001 3178 1050 mea,
3200 984 3334 1039 dum
3350 983 3458 1038 sim
3478 983 3551 1038 ab
3581 1000 3696 1038 om-

2094 1071 2259 1126 nibus
2279 1073 2524 1144 peccatis
2547 1073 2928 1144 coinquinata.
2963 1074 3065 1128 His
3087 1074 3269 1140 dictis,
3301 1090 3362 1128 se
3389 1073 3697 1145 prostravit

2093 1159 2152 1214 in
2170 1162 2575 1232 pavimentum,
2608 1168 2666 1217 et
2680 1164 2865 1217 tenuit
2890 1164 3059 1234 pedes
3078 1162 3389 1229 abbatissa,
3405 1179 3508 1234 per
3523 1178 3693 1234 quam

2096 1265 2260 1304 omne
2288 1252 2585 1306 consilium
2615 1253 2740 1323 ejus
2763 1253 3027 1307 alacriter
3052 1259 3138 1307 est
3173 1252 3525 1324 perductum.
3562 1252 3696 1306 Cla-

2097 1339 2381 1410 mavitque
2399 1340 2716 1412 Euphraxia
2734 1347 2791 1396 et
2814 1342 2980 1396 dixit:
3003 1341 3268 1396 Miserere
3287 1341 3419 1407 mei,
3439 1340 3691 1405 domina,

2097 1433 2154 1483 et
2173 1429 2473 1500 deprecare
2501 1430 2825 1497 Dominum,
2861 1435 2926 1484 ut
2952 1430 3092 1484 mihi
3114 1429 3381 1485 concedat
3407 1430 3496 1484 vel
3513 1446 3695 1484 unum

2093 1519 2465 1589 annum,quia
2477 1519 2599 1573 sine
2626 1505 2958 1591 paenitentia
2986 1536 3131 1586 sum,
3164 1524 3221 1574 et
3236 1517 3422 1573 nescio
3454 1535 3583 1589 quae
3609 1535 3698 1572 me

2092 1606 2337 1662 tenebrae
2362 1608 2703 1680 cooperient.
2738 1608 2890 1662 Dixit
2918 1608 2968 1663 ei
2984 1607 3295 1663 abbatissa:
3329 1608 3484 1662 Vivit
3510 1607 3702 1662 Domi-

413 1665 818 1769 Duphraxiam,_
841 1675 1074 1732 adduxit
1095 1695 1221 1734 eam
1252 1680 1324 1735 ad
1350 1683 1658 1739 thalamum
1676 1687 2006 1758 nuptialem,
2029 1768 2048 1769 ί
2093 1712 2216 1762 nuS,
2255 1697 2387 1767 quia
2415 1665 2627 1753 ccblesti
2668 1702 2868 1753 senatu
2904 1698 3134 1769 dignam
3172 1703 3227 1752 te
3270 1697 3404 1752 fecit
3436 1714 3538 1752 rex
3559 1701 3691 1752 tuus

409 1759 468 1859 in
497 1773 606 1859 quo
635 1759 1136 1859 decoris-coronam
1157 1769 1408 1840 parabat,
1436 1778 1493 1827 et
1512 1774 1699 1828 audivi
1727 1793 1916 1831 vocem
1939 1768 2072 1832 adB
2097 1759 2373 1842 Christ-us.
2412 1788 2482 1842 Et
2511 1787 2680 1859 cmpit
2707 1759 2998 1843 omnibusv
3009 1787 3267 1854 recitare,
3304 1786 3510 1858 quibus
3540 1785 3704 1840 bonis

410 1843 788 1917 Euphraxiam
816 1853 1094 1911 dicentem
1122 1875 1133 1910 :
1159 1859 1297 1913 Ecce
1327 1877 1540 1916 merces
1569 1868 1686 1918 tua.
1713 1865 1874 1920 Nunc
1901 1867 2011 1921 ita-

411 1949 520 2004 que
557 1953 747 2009 perge,
781 1948 909 2012 post
935 1944 1128 2001 decem
1161 1946 1281 2002 dies
1310 1950 1557 2020 veniens,
1588 1953 1776 2009 fruere
1822 1955 1907 2010 his
1952 1956 2012 2011 in

413 2026 632 2080 saeculis
659 2027 915 2086 inﬁnitis.
944 2033 1014 2088 Et
1050 2035 1175 2091 ideo
1207 2038 1341 2108 quia
1368 2039 1534 2095 hodie
1565 2059 1717 2097 nona
1743 2044 1864 2099 dies
1902 2050 2007 2113 est,

411 2127 478 2166 ex
497 2130 616 2204 Aquo
647 2116 918 2176 visionem
955 2123 1084 2191 vidi,
1117 2142 1239 2180 cras
1279 2129 1555 2185 morietur
1591 2132 1931 2204 Euphraxia.

481 2201 611 2256 CAP.
643 2206 839 2263 XXXI.
861 2212 1110 2268 Audiens
1131 2215 1247 2271 haec
1273 2217 1424 2273 Julia
1443 2201 1776 2278 recitantem
1797 2229 2013 2280 secrete

413 2289 770 2380 abbatissam,
799 2301 1042 2356 tundens
1080 2310 1274 2376 pectus
1306 2324 1472 2364 suum
1495 2315 1552 2365 et
1577 2311 1798 2380 faciem,
1821 2329 2014 2370 amare

413 2378 625 2436 deflens
653 2385 812 2441 venit
867 2390 938 2445 ad
976 2392 1286 2463 clibanum;
1339 2403 1397 2452 et
1443 2415 1572 2454 cum
1609 2378 1840 2457 vidisset
1887 2421 2011 2460 eam

415 2469 1003 2564 gentem’Euphraxia,
1037 2481 1178 2538 dixit
1214 2485 1286 2540 ad
1320 2485 1474 2542 illam
1506 2506 1516 2541 :
1552 2489 1799 2562 Conjuro
1828 2498 1885 2548 te
1911 2511 2014 2564 per

411 2556 617 2614 Filium
645 2563 766 2631 Dei,
800 2583 961 2621 soror
977 2571 1146 2638 Julia,
1174 2571 1359 2628 indica
1387 2576 1526 2632 mihi
1549 2556 1686 2650 quid
1703 2556 1932 2647 audisti,
1957 2587 2016 2638 et

415 2663 598 2741 quare
617 2652 859 2725 plangis.
883 2657 1035 2714 Dixit
1059 2660 1110 2715 ei
1138 2661 1324 2718 Julia:
1351 2665 1582 2738 Plango,
1608 2669 1837 2726 domina
1863 2689 2009 2741 mea,

416 2735 547 2807 quia
585 2738 749 2797 hodie
779 2747 1168 2818 separabimur
1210 2769 1245 2805 a
1273 2757 1357 2822 te;
1391 2735 1536 2811 sicut
1574 2758 1725 2814 enim
1763 2762 1951 2818 audivi
1979 2781 2014 2818 a

413 2825 642 2921 domina
667 2848 795 2887 mea
825 2834 1125 2906 abbatissa,
1159 2858 1282 2896 cras
1304 2860 1371 2898 ex
1399 2845 1504 2901 hoc
1522 2864 1754 2921 corpore
1785 2853 2012 2908 exhala-

413 2913 518 3011 bis.
546 2919 704 3011 Quod
736 2922 871 2979 dum
911 2926 1229 3000 Euphraxia
1254 2934 1522 3001 audisset,
1557 2913 1880 3010 angustiata
1905 2950 2007 3011 est,

410 3009 467 3060 et
490 3009 868 3103 pusillanimis
892 3014 1056 3085 facta,
1093 3021 1312 3078 cecidit.
1353 3024 1596 3082 Sedebat
1632 3009 1822 3086 autem
1846 3009 2012 3103 juxta

2093 1875 2264 1930 habet
2290 1875 2400 1931 frui
2431 1877 2771 1950 Euphraxia.
2806 1878 2876 1932 Et
2904 1876 3141 1948 rogabat
3183 1893 3328 1942 eam,
3352 1882 3418 1932 ut
3437 1893 3542 1948 pro
3577 1876 3702 1948 ipsa

2092 1965 2398 2020 Dominum
2429 1966 2789 2038 supplicaret,
2822 1970 3100 2038 quatenus
3124 1967 3246 2037 ejus
3273 1964 3563 2037 particeps
3581 1981 3706 2019 esse

2093 2060 2424 2110 mereretur.
2472 2055 2683 2111 Orabat
2734 2055 2884 2111 enim
2922 2059 2990 2112 ut
3015 2072 3144 2110 cum
3175 2073 3242 2110 ea
3269 2060 3709 2110 conversaretur

2093 2142 2153 2197 in
2182 2143 2403 2199 Christo
2429 2163 2442 2211 ;
2469 2150 2526 2199 et
2545 2144 2680 2216 ipsis
2709 2143 2871 2199 donis
2892 2143 3094 2215 quibus
3117 2144 3242 2215 ipsa
3280 2147 3405 2198 erat
3425 2142 3698 2209 fruitura,

2099 2237 2157 2286 et
2182 2231 2308 2304 ipsa
2331 2233 2631 2288 frueretur.

2170 2321 2930 2394 CAP.XXXII.—Euphraxia
2952 2338 3084 2377 vero
3108 2321 3301 2393 jacens
3329 2319 3402 2376 ad
3416 2320 3598 2392 pedes
3615 2319 3708 2374 ab-

2097 2408 2338 2478 batissae,
2375 2412 2543 2483 coepit
2561 2417 2755 2467 tenere
2785 2411 2962 2482 frigus
2985 2416 3042 2466 et
3057 2411 3322 2482 rigorem;
3341 2415 3476 2482 post
3493 2410 3701 2481 paulu-

2096 2499 2214 2554 lum
2233 2517 2362 2555 vero
2381 2501 2680 2556 vehemens
2695 2518 2819 2556 eam
2831 2500 3002 2556 febris
3021 2499 3562 2555 invasit.Abbatissa
3573 2515 3704 2554 vero

2095 2589 2384 2646 sororibus
2396 2589 2476 2644 ait
2500 2608 2511 2643 :
2547 2590 2764 2645 Sumite
2779 2607 2923 2656 eam,
2955 2594 3013 2644 et
3029 2589 3418 2660 ingrediamur
3437 2587 3501 2643 in
3521 2592 3709 2642 orato-

2098 2678 2267 2747 rium,
2302 2679 2435 2751 quia
2451 2681 2571 2751 jam
2615 2679 3028 2751 appropinquat
3044 2679 3186 2734 hora
3203 2679 3346 2750 ejus.
3377 2677 3710 2733 Posuerunt

2096 2785 2230 2839 ergo
2262 2786 2388 2824 eam
2417 2770 2477 2826 in
2502 2769 2830 2836 oratorium,
2875 2774 2932 2824 et
2951 2767 3321 2824 observabant
3348 2784 3479 2823 eam
3524 2782 3710 2838 usque

2095 2858 2165 2912 ad
2178 2859 2739 2930 vesperam.Vespere
2760 2861 2950 2914 autem
2960 2858 3264 2926 facto,cum
3279 2857 3423 2911 hora
3436 2854 3707 2911 sumendi

2093 2947 2279 3002 cibum
2293 2949 2414 3019 jam
2443 2948 2783 3016 advenisset,
2806 2947 3072 3020 praecepit
3087 2951 3267 3014 σοι
3305 2946 3389 3001 eis
3413 2944 3710 3001 abbatissa

2092 3041 2157 3093 ut
2183 3037 2962 3109 egrederentur,solummodo
2977 3037 3184 3093 Juliam
3216 3053 3409 3092 secum
3442 3036 3702 3091 retinens

411 3110 536 3151 eam
553 3099 700 3199 Julia
716 3103 875 3158 ﬂens.
902 3106 1005 3199 cui
1023 3109 1342 3180 Euphraxia
1360 3115 1500 3169 dixit
1521 3134 1532 3168 :
1562 3118 1749 3187 Soror,
1773 3099 2009 3179 davmihi
2028 3131 2071 3192 α
2095 3142 2166 3182 ne
2185 3099 2375 3198 aliqua
2403 3129 2543 3182 hora
2557 3099 2938 3199 relinquerent
2959 3127 3336 3199 Euphraxiam
3360 3144 3373 3192 ;
3400 3131 3463 3180 et
3489 3124 3706 3180 clausis

410 3201 642 3288 marium
668 3195 845 3288 illflfl.
874 3200 931 3250 et
960 3197 1084 3253 leva
1111 3217 1220 3268 me,
1255 3208 1312 3258 et
1330 3203 1437 3260 duc
1461 3222 1552 3262 me
1580 3207 1675 3262 ubi
1706 3209 1858 3281 ligna
1877 3218 2012 3268 sunt
2086 3195 2483 3288 januis,usque
2507 3233 2673 3272 mane
2687 3195 2919 3272 fuerunt
2941 3195 3071 3272 cum
3099 3232 3182 3271 ea.
3208 3214 3359 3271 Julia
3377 3231 3512 3270 vero
3530 3230 3696 3285 roga-

409 3281 610 3378 Ροδξίθτ
639 3285 695 3334 εί
721 3281 798 3336 ibi
824 3301 914 3340 me
944 3303 1114 3378 Pone;
1149 3295 1205 3344 et
1239 3292 1370 3347 tolle
1397 3311 1571 3365 panes
1602 3296 1671 3352 de
1695 3298 1931 3368 clibano,
1953 3308 2010 3357 et
2087 3281 2188 3360 bat
2201 3281 2801 3378 Euphraxiam,dicens
2825 3324 2836 3359 :
2865 3306 3104 3362 Domina
3116 3305 3196 3359 mi
3219 3321 3398 3368 soror,
3423 3320 3543 3359 non
3568 3281 3702 3358 obli-

408 3371 573 3467 porta
680 3377 1106 3469 monasterium.
1135 3379 1289 3436 Fecit
1303 3383 1455 3438 Julia
1481 3386 1614 3454 hac,
1637 3393 1691 3443 et
1713 3387 2007 3447 abbatissae
2089 3371 2318 3449 visceris
2337 3395 2447 3450 mei
2468 3413 2478 3448 :
2507 3371 2792 3450 memento
2811 3395 2961 3467 quod
2983 3393 3436 3466 inseparabiliter
3451 3393 3560 3448 tibi
3574 3409 3702 3448 con-

410 3468 521 3509 non
549 3459 1012 3556 indicavitgcum
1033 3483 1167 3539 ergo
1193 3470 1410 3541 laceret
1431 3474 1748 3547 Euphraxia
1767 3479 1828 3534 in
1857 3481 2007 3552 pavi-
2081 3484 2282 3555 juncta
2311 3500 2433 3539 sum
2453 3501 2677 3556 semper
2693 3459 2864 3556 super
2884 3459 3131 3550 terram;
3163 3483 3418 3556 supplica
3438 3483 3566 3538 Deo
3601 3499 3702 3554 pm

409 3551 599 3601 mento
618 3550 889 3648 clamavit
920 3573 932 3608 :
968 3557 1098 3624 Cur,
1141 3559 1400 3628 Domine,
1431 3564 1788 3624 abominatus
1827 3550 1886 3625 es
1915 3587 2006 3626 me
2083 3550 2268 3641 ine,ut
2280 3589 2369 3629 me
2384 3590 2496 3629 non
2511 3580 2733 3645 separet
2747 3591 2781 3628 a
2800 3574 3165 3629 te.Memento
3182 3571 3315 3644 quia
3327 3588 3433 3643 ego
3449 3569 3558 3627 tibi
3569 3577 3705 3644 pro-

410 3646 768 3735 peregrinam
795 3647 856 3735 et
877 3646 1191 3716 orphanam
1211 3650 1235 3702 7
1255 3651 1369 3706 Cur
1393 3653 1694 3725 despexisti
1725 3675 1814 3713 me
1834 3660 2006 3718 ?Ecce
2090 3662 2202 3717 vidi
2233 3661 2380 3718 bona
2425 3663 2756 3718 certamina.
2804 3663 3118 3735 Deprecare
3145 3661 3475 3729 Dominum,
3506 3667 3574 3716 ut
3606 3677 3696 3715 me

409 3727 631 3821 ίθῙξῚΡυδ
671 3732 895 3800 quando
935 3735 1207 3791 debebam
1239 3755 1367 3795 cum
1396 3741 1618 3798 diabolo
1649 3763 1920 3818 pugnare,
1952 3756 2011 3807 et
2091 3750 2344 3807 absolvat
2359 3751 2428 3808 ab
2443 3753 2549 3808 hac
2567 3751 2786 3808 sarcina
2800 3727 3077 3819 carnis,ut
3091 3727 3518 3806 mereartecum
3535 3747 3696 3805 abire

410 3826 602 3912 anima
635 3833 762 3912 mea
778 3836 829 3912 _a
875 3837 965 3912 me
995 3827 1292 3897 expetitur.
1327 3830 1644 3889 Misericors
1681 3841 1802 3892 esto
1829 3837 1887 3892 in
1917 3856 2008 3897 me
2090 3854 2222 3894 cum
2245 3839 2639 3896 ﬁducia.Mane
2655 3857 2784 3896 vero
2800 3838 3464 3907 facto,abbatissavidens
3481 3840 3696 3912 quiain

410 3901 612 3956 ancilla
630 3909 746 3972 tua,
777 3908 1013 3967 Domine
1042 3915 1070 3969 J
1076 3931 1175 3970 esu
1203 3915 1440 3984 Christe,
1471 3921 1694 3978 dimitte
1723 3927 1806 3981 vel
1830 3943 2006 3984 unum
2087 3928 2394 3984 novissima
2412 3930 2785 4003 respiratione
2807 3935 2956 3986 esset
2979 3929 3308 4002 Euphraxia
3345 3934 3413 3985 ut
3439 3945 3698 3986 morere-

411 4003 642 4092 imnum,
667 4003 955 4092 quatenus
998 4003 1239 4092 defleam
1269 4015 1498 4079 peccata
1528 4027 1674 4080 mea,
1708 4016 1841 4086 quia
1884 4019 2006 4075 sine
2087 4021 2200 4084 tur,
2228 4019 2515 4074 mandavit
2532 4019 2818 4075 sororibus
2841 4036 2943 4092 per
2962 4019 3191 4086 Juliam,
3207 4018 3397 4074 dicens
3427 4037 3439 4071 :
3469 4019 3696 4087 Venite,

408 4081 739 4148 poenitentia
759 4104 904 4158 sum,
921 4097 977 4146 et
1004 4091 1073 4147 ab
1097 4095 1250 4150 omni
1273 4098 1606 4169 poenitentia
1632 4081 1862 4160 nudata.
1878 4107 2004 4164 Non

409 4174 495 4223 est
523 4169 578 4225 in
601 4189 690 4229 me
710 4193 850 4248 opus
870 4181 1066 4237 salutis
1088 4201 1099 4237 :
1122 4200 1254 4240 nam
1273 4203 1438 4242 nemo
1457 4187 1517 4244 in
1546 4190 1763 4248 inferno
1783 4198 2010 4253 conﬁte-

408 4257 561 4315 bitur
589 4263 711 4320 tibi.
741 4267 867 4323 Non
898 4275 986 4326 est
1002 4274 1337 4344 poenitentia
1364 4277 1424 4333 in
1443 4281 1717 4352 sepulcro,
1751 4300 1863 4340 non
1884 4303 2009 4358 pos-

549 4360 678 4448 post
697 4362 936 4415 mortem
958 4361 1219 4436 lacrymis
1242 4369 1572 4440 praevalere;
1601 4387 1714 4428 non
1736 4374 1884 4429 enim
1906 4375 2003 4448 qui

2088 4105 2217 4162 ﬁliae
2237 4109 2693 4175 meae,valefacite
2709 4108 2797 4176 ei,-
2818 4108 3081 4181 quiajam
3096 4107 3321 4164 defecit.
3353 4108 3577 4173 Quibus
3604 4125 3699 4165 ve-

2089 4195 2396 4265 nientibus,
2427 4199 2814 4254 valedixerunt
2828 4197 2900 4266 ei,
2933 4198 3134 4254 ﬂentes
3151 4197 3545 4270 dicentesque:
3587 4198 3698 4254 le-

2089 4291 2281 4341 mento
2301 4287 2498 4355 nostri,
2516 4287 2744 4342 domina
2762 4303 2922 4343 soror
2937 4285 3274 4359 Euphraxia,
3291 4302 3504 4342 nomen
3527 4287 3700 4344 bene-

2085 4373 2295 4430 dictum
2312 4393 2346 4430 a
2361 4376 2496 4444 Deo,
2529 4377 2626 4449 qui
2649 4382 2706 4432 te
2718 4377 2932 4432 dilexit.
2947 4377 3084 4432 Post
3105 4375 3297 4432 omnia
3314 4379 3512 4432 autem
3538 4377 3696 4434 venit

405 4437 465 4538 in
493 4440 712 4538 inferno
741 4453 875 4504 sunt
898 4450 1212 4510 laudabunt
1236 4437 1313 4524 te,
1338 4437 1594 4524 Domine.
1627 4463 1725 4518 sed
1754 4437 2060 4521 γίνεηῖθεῦ
2079 4463 2180 4518 illa
2206 4481 2331 4536 qua:
2349 4464 2444 4521 diu
2462 4437 2629 4538 passa
2655 4482 2691 4521 a
2706 4465 2960 4522 daemone
2973 4465 3235 4534 fuerat,et
3257 4481 3360 4537 per
3387 4481 3522 4522 eam
3537 4467 3696 4522 salva

405 4528 717 4590 laudabunt
741 4553 947 4595 nomen
969 4547 1227 4599 sanctum
1247 4549 1428 4602 tuum.
1454 4549 1614 4605 Dona
1639 4552 1778 4606 mihi
1804 4554 1888 4608 vel
1908 4555 2003 4610 ad-

405 4616 515 4711 huc
534 4638 708 4678 unum
730 4643 961 4697 annum,
983 4636 1048 4686 ut
1067 4632 1457 4703 paenitentiam
1478 4654 1661 4708 agam,
1689 4642 1823 4711 quia
1836 4643 2000 4699 deso-

403 4707 519 4764 lata
545 4729 670 4768 sum
702 4715 847 4772 sicut
873 4719 1011 4775 ficus
1040 4720 1161 4777 sine
1189 4723 1257 4778 ad
1259 4723 1492 4795 jutorio.
1510 4707 1651 4783 Cum
1674 4707 1807 4802 ergo
1826 4732 2001 4790 deﬂe-

402 4805 506 4866 ret,
524 4804 758 4861 audiens
773 4810 1030 4879 quaedam
1048 4814 1596 4882 sororum,indicavit
1613 4818 1907 4878 abbatissae
1919 4828 2001 4878 at-

302 4916 307 4920 -
407 4894 835 4982 quesororibus,
853 4898 984 4970 quia
1013 4901 1335 4974 Euphraxia
1347 4911 1631 4976 prostrata
1649 4908 1709 4963 in
1731 4911 2002 4982 reposito-

405 4977 489 5070 rio
517 4979 819 5070 lignorum,
849 4987 930 5044 ita
958 4991 1245 5048 clamaret.
1291 4993 1554 5068 Dixitque
1589 4997 1738 5052 Julia
1772 4977 1814 5052 τ’
1832 5001 1996 5070 Vere,

404 5068 651 5139 domina,
671 5075 883 5131 audivit
896 5079 1029 5150 quia
1043 5082 1311 5152 moritur;
1326 5101 1427 5156 pro
1430 5068 1996 5156 pterealamentatur.

400 5158 555 5214 Dixit
582 5178 714 5233 ergo
732 5163 1016 5224 abbatissa
1038 5171 1323 5229 sororibus
1346 5190 1361 5225 :
1384 5174 1521 5240 Quis
1546 5178 1903 5236 annuntiavit
1919 5181 1991 5249 ei,

398 5254 456 5303 ct
484 5251 729 5342 animam
754 5254 875 5325 ejus
897 5257 1280 5328 afflixit7Quis
1302 5263 1570 5321 indicavit
1591 5267 1660 5335 ei,
1676 5273 1733 5323 et
1753 5285 1848 5324 cor
1873 5271 1995 5342 ejus

400 5340 660 5396 attrivit?
687 5344 886 5400 Nonne
921 5363 1019 5403 vos
1069 5353 1280 5422 rogavi,
1313 5370 1383 5408 ne
1411 5355 1673 5412 diceretis
1713 5358 1785 5424 ei,
1818 5340 1996 5417 donec

400 5431 521 5500 ejus
538 5431 677 5486 hora
704 5432 1080 5493 veniret?Cur
1107 5439 1212 5495 hoc
1242 5442 1449 5498 fecistis
1472 5451 1529 5500 et
1559 5446 1835 5504 afllixistis
1876 5449 1995 5506 ani-

343 5519 346 5522 ’
401 5537 552 5577 mam
572 5523 848 5596 ejus?1te,
872 5530 930 5582 et
957 5527 1218 5586 adducite
1247 5547 1373 5588 eam
1399 5534 1559 5591 mihi.
1585 5536 1699 5592 Illae
1719 5554 1846 5593 vero
1869 5555 1998 5612 per-

399 5619 619 5685 gentes,
650 5614 913 5676 dixerunt
948 5617 1001 5676 ei
1033 5636 1046 5677 :
1079 5617 1244 5690 Veni,
1274 5620 1503 5682 domina
1530 5625 1867 5700 Euphraxia,
1898 5643 1996 5687 vo-

2081 4553 2227 4608 facta
2257 4560 2345 4610 est
2369 4574 2380 4610 :
2417 4562 2474 4611 et
2499 4557 2698 4627 lugens
2712 4556 2860 4612 sicut
2884 4560 2942 4611 et
2971 4554 3562 4632 omnes,osculabatur
3573 4573 3690 4612 nia-

2082 4659 2189 4698 nus
2217 4645 2584 4715 ejus,dicens:
2618 4647 2744 4700 Istae
2755 4661 2958 4700 manus
2969 4649 3244 4718 quantum
3268 4644 3409 4700 mihi
3439 4644 3691 4717 indignae

2083 4741 2140 4790 et
2162 4734 2459 4807 peccatrici
2487 4734 2980 4790 ministraverunt!
3012 4751 3114 4807 per
3139 4735 3320 4790 Deum
3337 4739 3394 4789 et
3411 4750 3519 4806 per
3550 4735 3692 4791 istas

2081 4841 2283 4880 manus
2335 4823 2672 4879 daemonium
2693 4824 2987 4896 expulsum
3013 4830 3102 4879 est
3120 4840 3155 4878 a
3174 4841 3289 4880 me.
3311 4824 3384 4878 Et
3417 4840 3555 4878 cum
3586 4825 3694 4880 Eu-

2080 4912 2320 4983 phraxia
2371 4913 2713 4984 respondere
2737 4929 2849 4967 non
2864 4917 3072 4984 posset,
3106 4911 3250 4966 dixit
3270 4911 3322 4966 ei
3349 4911 3646 4968 abbatissa
3669 4931 3684 4968 :

2081 5001 2222 5057 Filia
2236 5018 2504 5070 mea,non
2515 5001 2800 5057 misereris
2817 5003 2904 5057 vel
2924 5002 3095 5073 hujus
3113 5000 3349 5056 sororis?
3362 5001 3555 5066 Quare
3575 5018 3691 5058 non

2079 5091 2326 5163 loqueris
2344 5091 2416 5159 ei,
2441 5107 2563 5164 quae
2583 5097 2813 5164 propter
2829 5097 2885 5146 te
2906 5091 2988 5148 ita
3007 5090 3340 5146 tribulatur?
3361 5090 3692 5163 Euphraxia

2080 5198 2210 5237 vero
2225 5181 2514 5254 respondit
2529 5182 2600 5236 ad
2611 5198 2756 5236 eam:
2773 5197 2947 5253 quare
2962 5196 3053 5235 me
3063 5179 3481 5251 luges,domina
3499 5181 3689 5236 soror?

2077 5269 2310 5325 Dimitte
2331 5287 2422 5325 me
2451 5271 2822 5342 requiescere,
2855 5269 2987 5341 quia
3014 5269 3212 5324 deﬁcio
3243 5288 3256 5336 ;
3289 5276 3688 5326 verumtamen

2075 5365 2139 5415 tu
2167 5359 2404 5416 benedic
2431 5361 2634 5427 Deum,
2667 5365 2724 5415 et
2750 5360 2868 5432 ipse
2897 5364 2954 5414 te
2992 5357 3362 5414 conservabit.
3393 5365 3454 5414 et
3487 5359 3638 5416 dixit
3668 5379 3681 5414 :

2079 5450 2194 5504 Ora
2210 5466 2312 5522 pro
2349 5467 2459 5517 me,
2509 5450 2644 5524 quia
2670 5464 2942 5520 magnum
2970 5452 3255 5504 certamen
3284 5451 3372 5501 est
3398 5445 3461 5502 in
3489 5448 3686 5504 anima

2079 5555 2210 5595 mea
2236 5538 2296 5594 in
2340 5539 2446 5595 hac
2472 5541 2632 5596 hora.
2675 5539 2818 5595 Cum
2862 5553 2995 5611 ergo
3036 5540 3254 5594 orasset
3279 5535 3594 5604 abbatissa,
3627 5547 3686 5594 et

2082 5645 2277 5689 omnes
2303 5629 2725 5706 respondissent
2741 5629 2942 5699 Amen,
2977 5626 3225 5688 reddidit
3237 5623 3518 5692 animam.
3541 5627 3685 5686 Erat
