3954 6190
223 183 334 244 6H

1187 187 1355 244 VITA
1395 180 1701 242 SANCTIE
1737 176 2185 249 EUPHRASIIE,
2227 177 2572 236 VIRGINIS.

3399 187 3505 247 64‘2

217 317 414 368 autem
446 325 724 367 annorum
741 310 978 383 triginta
1005 328 1018 364 :
1055 311 1507 385 sepelieruntque
1527 326 1652 366 eam
1668 309 1728 364 in
1741 311 1830 363 tu-
1849 308 2045 378 Aergo
2074 321 2247 361 unam
2275 321 2551 372 sororum,
2586 307 2815 365 nomine
2842 308 3241 384 Theogeniam,
3276 331 3398 386 quae
3425 317 3506 371 eis

217 401 397 468 mulo,
421 399 520 456 ubi
547 405 606 456 et
627 400 872 472 genitrix
898 401 1021 472 ejus
1051 401 1371 473 Euphraxia
1398 399 1783 474 requiescebat
1807 416 1820 465 ;

216 493 279 544 et
296 490 754 562 gloriﬁcaverunt
771 490 971 557 Deum,
1002 490 1134 563 quia
1151 491 1596 563 promeruissent
1617 489 1824 544 habere

217 595 476 635 sororem
504 580 654 652 apud
681 580 881 634 Deum.

295 715 428 769 Cu.
461 714 713 768 XXXIII.
739 743 805 753 —
823 712 971 768 Julia
994 729 1127 768 vero
1157 714 1429 785 magistra
1455 716 1595 786 ejus,
1646 714 1825 770 tribus

217 802 425 858 diebus
445 803 606 867 ﬂens,
638 801 708 857 ab
729 804 853 873 ejus
873 803 1092 858 tumulo
1119 819 1233 858 non
1252 805 1514 872 recessit;
1548 805 1665 859 haec
1675 803 1826 859 enim

218 893 496 947 docuerat
521 908 644 946 eam
666 892 886 946 litteras
916 897 974 946 et
994 892 1326 964 psalterium
1357 899 1413 948 et
1441 894 1684 948 multum
1701 909 1826 948 eam

217 979 513 1052 diligebat,
549 996 676 1035 cum
700 981 824 1051 ejus
855 984 1003 1035 esset
1029 980 1321 1052 discipula,
1342 988 1511 1054 atque
1531 999 1596 1036 ex
1620 998 1826 1053 genere

217 1069 600 1142 imperatoris.
634 1069 850 1134 Quarta
872 1085 1002 1124 vero
1022 1069 1113 1124 die
1134 1070 1264 1125 laeta
1287 1069 1435 1126 facta
1455 1071 1622 1139 Julia,
1648 1087 1828 1126 acces-

215 1159 301 1214 sit
322 1159 391 1213 ad
424 1157 786 1226 abbatissam,
819 1165 878 1213 et
905 1158 1045 1213 dixit
1061 1159 1140 1213 ei:
1171 1159 1414 1213 Domina
1433 1176 1576 1227 mea,
1614 1176 1826 1232 orapro

221 1265 338 1315 me,
369 1248 504 1319 quia
526 1248 744 1303 vocavit
767 1263 858 1302 me
888 1247 1163 1315 Christus,
1196 1247 1575 1304 intercedente
1604 1266 1706 1322 pro
1736 1265 1826 1304 me

217 1336 394 1392 beata
412 1336 751 1409 Euphraxia.
769 1337 841 1391 Et
859 1336 976 1392 haec
993 1337 1204 1402 dicens,
1226 1338 1476 1392 osculata
1495 1344 1580 1394 est
1597 1343 1826 1394 cunctas

216 1442 468 1481 sorores.
502 1425 712 1490 Quinta
739 1430 930 1480 autem
959 1425 1050 1480 die
1075 1431 1204 1497 post
1230 1425 1443 1482 obitum
1476 1426 1823 1498 Euphraxiae.

217 1515 490 1570 defuncta
518 1520 604 1570 est
629 1521 687 1570 et
709 1515 983 1586 magistra
1009 1515 1132 1586 ejus
1150 1515 1319 1577 Julia.
1354 1520 1411 1570 et
1427 1517 1647 1588 sepulta
1667 1522 1752 1572 est
1768 1517 1827 1572 in

215 1604 483 1676 sepulcro
511 1603 607 1660 ubi
636 1603 819 1676 posita
846 1607 970 1658 erat
997 1603 1162 1659 beata
1187 1604 1525 1676 Euphraxia.

1907 401 2187 466 praeesset.
2221 396 2402 460 Quam
2445 412 2679 452 evocans
2719 398 3002 455 abbatissa
3031 402 3102 457 ad
3150 420 3228 469 se,
3266 404 3405 459 dixit
3435 406 3505 460 ad

1908 501 2070 539 eam:
2101 485 2237 540 Ecce
2263 486 2650 541 testimonium
2675 486 2884 544 bonum
2927 492 3078 561 quod
3117 509 3338 547 sorores
3378 511 3504 548 om-

1907 590 2008 628 nes
2037 574 2106 628 de
2133 579 2189 628 te
2217 575 2512 640 dederunt,
2547 581 2604 630 et
2631 584 3012 646 posueruntte
3037 580 3106 635 ad
3127 581 3506 654 principatum

1909 668 1966 717 et
1990 664 2351 734 praesulatum
2366 664 2687 719 traditionis
2712 666 2910 722 divinae
2930 668 3069 739 legis
3081 676 3138 724 et
3166 688 3506 743 consequen-

1907 752 1988 805 tia
2015 757 2226 806 nostra.
2263 753 2508 824 Conjuro
2536 759 2593 808 te
2622 772 2723 827 per
2750 756 3146 814 intemeratam
3173 761 3507 817 Trinitatem

1910 847 1968 896 et
1985 841 2540 910 consubstantialem,
2564 859 2634 899 ne
2650 844 2814 900 istius
2831 848 3028 902 mundi
3049 865 3268 919 quaeras
3288 851 3510 907 divitias

1909 936 2009 986 aut
2021 931 2452 1002 possessionem,
2472 949 2655 1004 neque
2678 950 2913 1006 occupes
2933 953 3153 992 sorores
3164 940 3234 994 ad
3251 945 3508 996 terrenas

1909 1019 2311 1075 sollicitudines
2340 1040 2351 1075 :
2385 1021 2482 1076 sed
2512 1023 2694 1094 magis
2722 1029 2786 1078 ut
2815 1031 3237 1082 contemnentes
3281 1034 3505 1102 tempo-

1907 1109 2050 1164 ralia
2077 1109 2240 1176 bona,
2266 1116 2537 1182 perpetua
2555 1119 2883 1168 mereantur
2898 1115 3166 1188 accipere.
3193 1119 3262 1172 Et
3283 1135 3508 1174 rursum

1908 1198 2194 1254 sororibus
2220 1199 2398 1255 dixit:
2442 1201 2734 1264 Quomodo
2751 1202 2994 1273 perfecte
3032 1206 3210 1260 nostis
3239 1207 3414 1261 vitam
3453 1212 3513 1261 et

1907 1289 2389 1343 conversationem
2414 1289 2763 1360 Euphraxiae,
2783 1297 2960 1347 estote
2978 1293 3265 1350 imitantes
3282 1313 3425 1364 eam,
3449 1301 3514 1350 ut

1907 1376 2208 1448 participes
2238 1379 2359 1447 ejus
2390 1377 2732 1434 efficiamini.
2763 1381 2832 1435 Et
2859 1398 2986 1436 cum
3015 1383 3287 1440 dixissent
3315 1402 3512 1440 omnes

1907 1468 2107 1532 Amen,
2141 1466 2454 1521 valedicens
2485 1468 2582 1534 eis,
2615 1468 2848 1524 intravit
2873 1472 3220 1542 oratorium;
3253 1480 3311 1528 et
3355 1475 3512 1530 clau-

1910 1555 2048 1611 dens
2069 1557 2294 1626 januas,
2326 1557 2590 1628 praecepit
2616 1562 2682 1612 ut
2706 1575 2885 1631 usque
2917 1561 2986 1614 ad
3017 1561 3325 1618 diluculum
3355 1563 3514 1618 nulla

1847 1627 1890 1691 Β
1909 1643 2134 1698 illarum
2149 1644 2405 1699 intraret.
2429 1645 2593 1700 Mane
2614 1652 2804 1701 autem
2825 1648 2971 1704 facto
2991 1649 3277 1721 ingressae,
3294 1651 3515 1706 invene-

293 1739 437 1798 CAP.
474 1737 722 1795 XXXIV.
749 1766 818 1780 —
849 1737 984 1792 Post
1010 1737 1246 1808 triginta
1271 1754 1402 1792 vero
1441 1738 1558 1793 dies
1589 1753 1824 1793 evocans
1906 1739 2042 1789 runt
2065 1751 2190 1788 eam
2209 1733 2626 1790 obdormissein
2641 1736 2908 1805 Domino;
2939 1743 2997 1792 et
3016 1740 3291 1811 hymnum
3323 1740 3509 1796 dicen-

215 1827 510 1883 abbatissa
547 1826 874 1881 monasterii
921 1826 1160 1898 priores,
1203 1826 1344 1881 dixit
1380 1827 1450 1882 ad
1487 1843 1616 1882 eas:
1673 1827 1827 1881 Filiae

216 1933 381 1983 meae,
415 1915 602 1986 eligite
629 1915 787 1970 vobis
815 1919 1074 1982 matrem,
1103 1921 1159 1970 et
1197 1915 1520 1972 constituite
1543 1916 1602 1971 in
1644 1916 1829 1971 locum

219 2023 436 2072 meum,
466 2022 590 2078 quae
623 2004 781 2060 vobis
806 2020 1046 2076 praeesse
1077 2004 1270 2076 possit.
1301 2005 1415 2061 Illae
1431 2022 1561 2060 vero
1597 2020 1832 2076 respon-

220 2096 468 2151 derunt:
504 2092 761 2161 Domina,
793 2110 894 2165 pro
923 2108 1036 2165 qua
1062 2109 1232 2148 causa
1254 2094 1360 2150 hoc
1387 2094 1526 2151 dicis
1562 2094 1834 2150 denuntia

219 2184 390 2240 nobis
415 2204 428 2253 ;
458 2199 750 2256 nunquam
771 2183 919 2237 enim
953 2182 1268 2239 famulabus
1304 2184 1420 2240 tuis
1469 2184 1574 2240 hoc
1620 2183 1829 2239 dixisti.

221 2275 382 2330 Dixit
405 2273 487 2328 eis
517 2272 833 2328 abbatissa:
864 2271 1094 2327 Vocavit
1124 2289 1215 2328 me
1234 2273 1527 2330 Dominus.
1547 2273 1833 2345 Supplica-

221 2364 302 2419 vit
330 2363 488 2419 enim
511 2379 612 2435 pro
629 2378 720 2417 me
739 2361 970 2417 domina
983 2362 1320 2434 Euphraxia,
1347 2369 1404 2418 et
1419 2362 1661 2418 multum
1679 2363 1832 2419 labo-

223 2453 376 2509 ravit
401 2453 462 2507 in
482 2451 599 2507 suis
629 2450 905 2524 precibus,
939 2455 1217 2523 quatenus
1246 2467 1351 2522 ego
1376 2452 1662 2507 caelestem
1701 2453 1832 2509 tha-

137 2557 140 2560 ’
222 2541 446 2597 lamum
475 2556 846 2613 promererer.
879 2540 1026 2595 Nam
1055 2545 1113 2595 et
1132 2540 1282 2595 Julia
1309 2557 1411 2612 per
1437 2546 1690 2596 sanctam
1719 2542 1832 2597 Eu-

223 2629 528 2703 phraxiam
554 2629 834 2702 particeps
865 2630 989 2701 ejus
1014 2629 1211 2684 effecta
1237 2635 1341 2698 est,
1381 2635 1439 2685 et
1466 2631 1720 2702 ingressa
1748 2637 1834 2686 est

224 2721 285 2775 in
325 2719 469 2775 illud
511 2718 786 2791 palatium
813 2734 927 2774 non
956 2718 1340 2775 manufactum
1365 2739 1378 2787 ;
1411 2726 1468 2775 et
1498 2736 1600 2792 ego
1629 2720 1833 2775 festino

223 2808 406 2880 digna
433 2809 576 2876 ﬁeri,
609 2814 666 2865 et
689 2824 817 2864 cum
837 2808 920 2864 eis
942 2809 1125 2864 locum
1145 2807 1372 2864 habere.
1405 2810 1714 2865 Audientes
1743 2827 1834 2864 so-

226 2912 393 2953 rores
420 2897 489 2952 de
517 2897 837 2970 Euphraxia
864 2902 922 2953 et
947 2897 1115 2964 Julia,
1149 2897 1283 2968 quia
1322 2899 1382 2952 in
1419 2897 1666 2954 maxima
1689 2904 1838 2954 esset

1908 1829 1994 1878 tes
2009 1822 2267 1890 Domino,
2300 1829 2674 1894 reposuerunt
2720 1842 2845 1880 eam
2862 1826 2920 1881 in
2945 1829 3201 1898 sepulcro
3232 1829 3328 1883 ubi
3343 1829 3507 1884 beata

1914 1912 2231 1984 Euphraxia
2261 1913 2486 1968 condita
2510 1918 2650 1968 erat.
2681 1913 2767 1969 Ab
2793 1915 2892 1970 illa
2926 1921 3118 1972 autem
3166 1918 3256 1972 die
3300 1935 3514 1990 nequa-

1915 2018 2084 2074 quam
2113 2003 2170 2056 in
2196 2002 2291 2057 illo
2321 2003 2539 2058 tumulo
2578 2003 2688 2058 alia
2718 2004 3061 2076 sepelierunt
3085 2023 3340 2079 corpora.

1986 2091 2116 2148 CAP.
2149 2091 2368 2149 XXXV.
2398 2122 2461 2132 —
2481 2092 2659 2146 Multa
2683 2108 2814 2147 vero
2844 2094 3011 2166 signa
3038 2101 3095 2150 et
3121 2097 3393 2152 sanitates
3413 2100 3515 2154 ﬁe-

1914 2179 2052 2235 bant
2079 2181 2135 2235 in
2167 2185 2477 2235 memorato
2497 2181 2775 2254 sepulcro,
2805 2191 2863 2238 et
2880 2184 3094 2256 expulsi
3114 2185 3396 2242 daemones
3408 2189 3518 2242 cla-

1915 2268 2148 2324 mabant
2168 2289 2183 2324 :
2214 2269 2358 2334 Quia
2381 2275 2509 2341 post
2524 2277 2763 2326 mortem
2783 2274 3049 2344 praevalet
3061 2281 3259 2331 contra
3290 2293 3392 2332 nos
3412 2276 3519 2331 Eu-

1913 2359 2164 2431 phraxia,
2201 2363 2257 2414 et
2285 2358 2644 2431 persequitur
2671 2361 2818 2415 nos?
2863 2362 2995 2418 Hec
3023 2370 3110 2420 est
3155 2381 3351 2420 revera
3389 2365 3522 2421 Vita

1915 2447 2245 2521 Euphraxiae
2278 2454 2568 2517 matronae,
2597 2465 2723 2520 quae
2751 2451 2964 2508 caelesti
2995 2454 3217 2509 senatui
3245 2454 3518 2510 interesse

1913 2538 2244 2610 promeruit.
2279 2537 2631 2594 Festinemus
2678 2538 2854 2611 igitur
2890 2547 2948 2596 et
2989 2558 3112 2609 nos,
3156 2549 3274 2598 tam
3315 2544 3518 2613 fratres

1916 2645 2084 2699 quam
2107 2643 2346 2698 sorores,
2371 2627 2694 2698 hujusmodi
2719 2631 3198 2687 conversationem
3212 2632 3438 2704 habere,
3463 2640 3521 2690 et

1917 2717 2119 2773 sectari
2129 2717 2530 2784 humilitatem,
2554 2716 2951 2787 obedientiam,
2974 2719 3245 2790 laborem,
3263 2739 3522 2779 mansue~

1916 2806 2191 2873 tudinem,
2224 2806 2738 2877 longanimitatem,
2774 2813 2840 2863 ut
2869 2814 2926 2862 et
2952 2825 3054 2865 nos
3083 2811 3167 2867 ita
3191 2812 3518 2883 angelorum

1917 2896 2399 2953 conversationem
2427 2910 2765 2963 mereamur,
2798 2903 2856 2951 et
2891 2915 3021 2954 cum
3053 2901 3262 2972 gaudio
3312 2917 3519 2973 magno

228 2988 436 3059 gloria,
468 2986 810 3058 gaudebant,
847 2992 905 3044 et
931 2985 1170 3042 orabant
1201 2988 1432 3059 pariter,
1482 2992 1548 3043 ut
1595 2993 1652 3044 et
1705 2989 1897 3060 ipsiec
1919 2985 2176 3041 fruamur
2203 2985 2490 3041 Salvatore
2515 2983 2754 3039 Domino
2770 2990 2967 3041 nostro
2987 2987 3018 3042 J
3022 3004 3121 3044 esu
3143 2989 3386 3045 Christo.
3411 2990 3518 3045 Cui

224 3083 590 3134 mererentur
611 3077 681 3132 ad
701 3076 862 3132 illum
889 3075 1202 3132 thalamum
1223 3077 1505 3133 accedere.
1529 3077 1836 3149 Elegerunt

1918 3082 2004 3132 est
2029 3076 2211 3132 honor
2238 3079 2295 3129 et
2321 3073 2504 3145 gloria
2523 3073 2581 3128 in
2619 3074 2823 3130 saecula
2840 3077 3190 3134 saeculorum.
3221 3079 3424 3136 Amen.

457 3229 464 3236 -
1449 3194 1872 3257 ROSWEYDI
1916 3193 2285 3256 NOTATIO.
3205 3271 3214 3282 ε

306 3305 536 3384 φῇ]
543 3301 604 3372 1)
627 3299 995 3384 ξυρρῇναξίᾳ]
1011 3299 1475 3384 Martyrologium
1494 3300 1831 3384 Romanum,

1925 3301 2041 3384 bus,
2064 3299 2170 3384 ubi
2199 3299 2314 3353 hac
2346 3297 2537 3384 Graue
2564 3299 2702 3384 citat
2720 3315 2742 3384 ,ε
2773 3299 2930 3384 Λέγςι
2955 3299 2985 3368 ἢ
3017 3299 3239 3384 διάξρνος
3265 3309 3343 3384 ξιξ
3364 3323 3521 3384 μορα-

234 3372 308 3430 13
323 3370 554 3431 Martii:
581 3370 613 3424 “ι
647 3373 714 3427 In
732 3370 1040 3444 Thebaide
1052 3370 1336 3444 depositio;
1355 3377 1561 3444 sanctae
1580 3372 1835 3444 Euphra-

231 3447 334 3502 εἰη
354 3444 612 3518 virginis.
645 3462 670 3496 ι
695 3443 1080 3518 Usuardusde
1096 3443 1298 3518 eadem
1325 3443 1430 3518 hac
1450 3442 1559 3497 die.
1586 3442 1836 3518 Me‘ncﬂo-

228 3519 395 3590 ginm
424 3513 746 3590 Graecorum
763 3513 843 3590 Δ25
871 3514 1038 3590 Julii:
1095 3514 1305 3590 Eodem
1353 3514 1443 3569 die
1472 3520 1706 3590 “sanetae
1732 3516 1841 3572 Eu-

272 3589 462 3654 raxiae,
502 3586 634 3658 ﬁliae,
645 3585 913 3658 Antigoni
932 3585 1227 3658 cujusdam
1240 3585 1507 3641 senatorii
1528 3586 1758 3651 ordinis,
1784 3592 1842 3642 et

278 3660 530 3734 upraxiac
553 3657 657 3713 sub
680 3656 992 3734 Theodosio
1015 3656 1152 3728 imp.
1183 3658 1344 3728 cujus
1365 3662 1488 3734 erat
1510 3659 1842 3734 con_sa_n_gui-

233 3728 344 3788 nea
367 3751 380 3786 :
402 3737 627 3786 mortuo
651 3735 842 3785 autem
862 3728 1162 3800 Antigono,
1177 3734 1361 3783 mater
1374 3728 1842 3800 EupraxiaTlieo-

231 3805 398 3860 dosio
425 3803 582 3857 illam
600 3799 1035 3863 commendavit,
1062 3799 1159 3871 qui
1187 3799 1703 3855 senatorioicuidam
1723 3801 1840 3856 viro

231 3874 558 3949 despondit.
579 3872 685 3949 Illa
701 3887 832 3949 vero
850 3871 1141 3949 discedens
1166 3887 1295 3949 cum
1310 3876 1490 3949 matre
1502 3871 1572 3949 in
1599 3871 1841 3949 Thebai-

232 3941 368 4002 dem
397 3943 627 4026 Αἰξὶνρῷ
667 3943 943 4026 profecta,
966 3942 1038 3997 ad
1065 3943 1467 4026 monasterium
1498 3941 1752 4014 ingressa
1780 3944 1840 3998 in

233 4035 349 4102 quo
365 4016 538 4102 erant
548 4016 800 4102 virgines
824 4019 1129 4102 centumet
1156 4018 1415 4096 quatuor,
1435 4029 1634 4102 parem
1666 4031 1840 4086 ange-

233 4085 304 4145 lis
327 4090 507 4144 vitam
532 4085 818 4153 ducentes,
847 4085 1110 4140 aemulata
1121 4101 1315 4140 earum
1346 4085 1630 4153 virtutem,
1663 4102 1698 4139 a
1717 4101 1840 4141 mo-

233 4160 494 4218 nasterio
521 4159 643 4231 ipso
672 4157 959 4231 discedere
996 4172 1161 4229 passa
1190 4173 1304 4231 non
1321 4161 1456 4231 _est:
1499 4163 1622 4211 erat
1650 4161 1843 4231 autem

232 4240 376 4290 tunc
400 4227 564 4302 virgo
588 4228 867 4302 sexdecim
893 4227 1071 4283 annos
1098 4233 1251 4302 nata.
1268 4227 1466 4302 _Mater
1512 4244 1643 4282 vero
1689 4228 1844 4302 illinc

232 4297 555 4368 discedens,
589 4301 836 4356 Orientis
863 4299 1208 4355 monasteria
1233 4297 1509 4371 obeundo,
1542 4299 1841 4371 possessio-

235 4393 340 4433 nes
370 4375 582 4430 multzis
610 4377 668 4427 et
685 4371 958 4427 beneﬁcia
983 4369 1366 4441 indigentibus
1410 4369 1666 4425 contulit.
1711 4371 1846 4426 Post

237 4448 360 4504 haec
379 4461 512 4501 cum
539 4445 599 4499 in
625 4442 886 4499 morbum
900 4442 1205 4508 incidisset,
1238 4458 1461 4496 reversa
1487 4448 1572 4496 est
1597 4442 1666 4496 ad
1688 4459 1845 4497 man-

237 4520 462 4596 sionem
483 4517 544 4571 in
569 4516 886 4596 quaﬁliam
916 4513 1256 4596 reliquerat;
1286 4529 1525 4596 cumque
1545 4529 1742 4596 omnes
1769 4514 1847 4568 fa-

238 4591 487 4646 cultates
503 4584 634 4644 suas
649 4586 779 4642 ﬁlis:
803 4584 1191 4650 commisisset,
1216 4584 1494 4656 requievit
1507 4584 1566 4639 in
1585 4585 1845 4640 Domino.

1920 3362 2039 3444 σίῳξ
2064 3371 2266 3441 Ὕπαγε
2289 3371 2432 3440 κυρία
2463 3389 2556 3460 εισι)
2587 3369 2650 3458 si‘;
2677 3369 2762 3425 τὸν
2796 3362 2930 3460 οἶκίόγ
2961 3362 3067 3436 σου,
3111 3370 3184 3425 ὅτι
3225 3362 3280 3426 o6
3314 3362 3524 3429 ’δύνοῖσαι

1930 3438 1994 3460 τα
2255 3449 2277 3460 δ
2493 3444 2518 3460 δ
2718 3444 2772 3460 δ’
3077 3437 3138 3460 τῇ
3403 3454 3424 3460 μ

1921 3437 2019 3517 ᾦδε
2058 3437 2360 3517 παραμεϊγειι
2387 3461 2398 3473 ·
2432 3437 2544 3494 οὖδὲ
2582 3441 2676 3517 Ῑᾲρ
2716 3443 3026 3517 δύνατᾳίᾼτις
3065 3437 3165 3517 ᾧὸε
3203 3454 3520 3517 παραμεῖναι,

1923 3512 2004 3587 ἐᾲν
2044 3513 2110 3587 pg};
2133 3511 2813 3587 'cuvtg'zgnmi_n§_szojrqi.
2853 3513 3010 3587 Λέγει
3040 3512 3160 3587 αὐτῇ
3185 3513 3243 3587 ea
3268 3511 3521 3587 ἑιοράσιον,

1922 3581 2188 3659 Ποῦ-ἑστιν
2214 3582 2241 3635 ὁ
2268 3581 2486 3652 Χριστός
2506 3581 2533 3648 ς’
2561 3581 2874 3659 Ἡδιάκὸνος
2897 3581 3276 3659 ἐτέέδειξείαῦτῇ
3303 3581 3386 3639 τὸν
3415 3589 3525 3659 δεσ-

1922 3654 2121 3730 τςεσῖικόν
2173 3661 2509 3730 χοιροικτῆραὶ-
2537 3656 2618 3708 καὶ
2673 3664 2942 3730 στραφεῖσα
2988 3657 3118 3728 λέγει
3144 3654 3518 3730 Ατῇξδιακρνῳ,

1934 3722 2331 3812 Ἀληοῶςῖιξγὼ
2357 3722 2432 3797 τῷ
2461 3725 2668 3816 Χριστῷ
2699 3722 3160 3816 σὺνεέάσσοξιαιίξαὶ
3189 3722 3346 3782 όῦκέτι
3376 3722 3527 3816 ainé'p-

2321 3803 2347 3816 ..
2967 3800 2986 3816 ς
3232 3803 3259 3815 η.
3356 3801 3372 3816 .
3418 3800 3462 3816 τη

1923 3818 2082 3872 χομᾳι
2126 3794 2248 3872 μετᾷ
2267 3794 2387 3872 -ῖῆς-
2406 3794 2575 3868 nupta;
2596 3794 2714 3872 Δμξοιι
2742 3819 2754 3831 ο
2787 3799 2868 3852 καὶ
2897 3794 3042 3872 πᾶλιν
3073 3794 3326 3852 ἀναστᾶσα
3353 3801 3383 3867 ἡ
3418 3794 3526 3855 Εὖ-

1923 3863 2135 3942 ἇξρὰξζα,’
2173 3870 2251 3921 καὶ
2293 3863 2516 3942 λαβοῦσα
2561 3863 2649 3936 τῆν
2700 3871 2961 3942 Θυγατέρα-
2985 3871 3176 3937 ἑαυτῆς,
3222 3863 3528 3942 πᾳρέστησεν

1925 3919 1990 4015 si;
2016 3938 2101 3993 τὸν
2124 3936 2418 4015 βεστςοτυεὸν
2447 3919 2742 4015 χαρριδξτῆρα
2768 3919 2790 3973 ⁸·
2824 3919 2902 4015 διλαῖ
2937 3919 3192 4015 ξκτείνοίσα
3231 3919 3318 4004 τάξ
3352 3919 3526 4015 χεξρας

1925 3964 1990 4002 εις
2016 3964 2101 3993 τον
2130 3964 2418 3992 οεσποτικυν
2447 3964 2742 4012 γαρακτηρα
2779 3964 2790 3973 ’
2824 3964 2902 3993 και
2941 3964 3192 3993 εκτεινασα
3231 3964 3318 4004 τας
3352 3964 3434 4015 γ-ει
3471 3964 3526 4006 ας

1925 4009 2071 4078 αὐτῆς
2101 4009 2164 4073 εἷς
2191 4007 2276 4100 τρν
2308 3997 2514 4100 οὖὶρανόχ
2546 4008 2717 4079 ἐϐόησε
2748 4011 2872 4100 μετὰ
2909 4011 3177 4082 κλαυθμοῦ,
3197 4013 3378 4097 ε’Κύριε
3411 3964 3526 4100 ν’ῗη-

1988 4087 2014 4100 -ο
2051 4082 2099 4100 ν
2533 4084 2546 4100 Ι
2867 4086 2896 4100 αν
3023 4083 3070 4100 δι
3341 4083 3352 4100 1
3483 4084 3494 4100 1

1924 4087 2014 4136 σοῦ’
2050 4080 2255 4152 Χριστὲ,
2299 4079 2376 4133 soi
2420 4081 2621 4151 μελήσει
2660 4079 2770 4152 περὶ
2809 4086 2896 4134 τοῦ
2931 4079 3148 4152 πᾳιδίου,
3192 4079 3266 4136 ὅτι
3307 4079 3359 4136 σὲ
3405 4079 3525 4138 ἐπό-

1918 4151 2206 4222 ’Θησενχκαὶ
2243 4152 2321 4223 col
2361 4154 2598 4223 παρέθετο
2639 4151 2834 4218 ἑαυλτήν.
2874 4168 2902 4203 α
2929 4151 3256 4207 Diaconissa
3279 4169 3411 4208 vero
3454 4155 3526 4210 ad

1963 4224 2171 4279 uellam
2197 4241 2208 4277 :
2244 4221 2586 4294 Abi,inquit,
2611 4223 3040 4295 domumtuam,
3073 4223 3210 4295 quia
3231 4240 3344 4278 non
3364 4230 3523 4295 potes

1965 4295 2016 4351 ic
2043 4309 2417 4367 permanere,
2447 4293 2810 4367 nequeenim
2840 4293 2898 4347 in
2926 4293 3033 4367 hoc
3088 4293 3380 4366 cuiquam_
3401 4295 3533 4353 licet

1925 4363 2281 4431 commorari,
2314 4365 2421 4419 nisi
2451 4363 2578 4419 cum
2622 4363 2844 4419 Christo
2886 4363 3281 4436 conjungatur.
3331 4367 3530 4422 Puella

1927 4444 2118 4493 autem
2143 4457 2153 4490 :
2192 4436 2284 4491 ubi
2313 4442 2415 4503 est,
2439 4435 2640 4507 inquit,
2674 4435 2930 4491 Christus
2949 4435 2974 4489 7
2993 4435 3077 4492 ’At
3094 4435 3191 4491 illa
3220 4438 3466 4494 ostendit
3477 4440 3530 4494 ei

1927 4508 2155 4565 Domini
2181 4507 2635 4580 imaginem.iCui
2675 4507 2866 4580 puella
2894 4523 3197 4564 conversa:
3232 4509 3394 4576 Vere,
3438 4510 3528 4565 in-

1931 4581 2070 4652 quit,
2102 4597 2205 4651 ego
2236 4579 2362 4634 cum
2398 4579 2621 4652 Christo
2671 4579 3002 4652 eqnjungor,
3055 4595 3240 4652 neque
3287 4581 3530 4652 amplius

241 4659 702 4738 Eupraxiajerq
715 4674 842 4738 cum
866 4656 1016 4712 bona
1044 4656 1234 4738 omnia
1244 4651 1584 4738 pauperibus
1613 4660 1670 4738 et
1680 4657 1849 4738 eccle-
1863 4667 1913 4727 D
1930 4651 2058 4738 cum
2080 4653 2356 4738 heranmiea
2382 4651 2685 4706 discedam.
2719 4651 2789 4706 Et
2805 4667 3029 4738 rursum
3045 4651 3404 4738 iconsur‘gens
3416 4653 3531 4736 Eu-

239 4727 349 4788 siis
372 4731 479 4787 Dei
524 4728 919 4793 distribuisset,
968 4727 1291 4783 monasticae
1327 4727 1453 4782 vitae
1491 4727 1848 4782 exercitatio-

240 4821 380 4861 nem
404 4801 630 4874 egregie
659 4801 933 4874 amplexa,
962 4804 1201 4874 tantum
1216 4799 1275 4853 in
1295 4797 1499 4853 virtute
1517 4799 1770 4874 profecit,
1795 4805 1853 4854 et

242 4869 614 4932 necessitates
641 4869 891 4943 corporis
913 4869 1034 4943 subj
1043 4870 1250 4943 ugavit,
1273 4875 1340 4943 ut
1357 4870 1855 4943 perquadraginta

243 4948 502 5020 quinque
529 4944 648 5020 dies
677 4941 980 5020 immobilis
1009 4941 1249 5020 steterit,
1271 4941 1506 5020 intentis
1551 4942 1623 5020 ad
1648 4942 1853 5020 caelum

242 5012 532 5074 manibus.
555 5016 753 5088 Itaque
774 5019 1008 5088 propter
1018 5013 1377 5088 excellentem
1402 5013 1666 5088 virtutem
1690 5012 1853 5088 beata

242 5089 528 5162 Eupraxia
562 5084 958 5162 miraculorum
985 5085 1229 5162 gratiam
1247 5084 1491 5162 accepit,
1518 5101 1629 5155 qua
1643 5085 1851 5162 m‘ultos

243 5180 280 5217 a
308 5154 485 5215 v'amis
509 5157 874 5227 languoribus
890 5154 1162 5222 liberavit,
1205 5161 1263 5211 et
1287 5154 1411 5227 ipsa
1431 5154 1656 5211 beatum
1682 5156 1851 5211 ﬁnem

241 5238 528 5298 assecuta,
557 5228 628 5286 ad
656 5229 957 5285 Dominum
995 5228 1270 5284 translata
1299 5232 1400 5282 est.
1434 5246 1462 5280 η

319 5302 650 5375 Euphrasiae
661 5317 765 5375 res
784 5307 978 5375 gestas
996 5299 1208 5354 habent
1228 5297 1734 5375 omncseditiones,
1760 5316 1854 5375 ex-

244 5368 432 5448 cepta-
445 5374 630 5448 prima
658 5368 918 5427 Vitarum
948 5373 1200 5448 Patrum,
1229 5368 1535 5448 exquibus
1559 5374 1622 5448 e_t_
1633 5387 1736 5424 ms.
1759 5371 1858 5448 Co.

244 5441 379 5504 dice
402 5441 600 5524 Surius
619 5449 836 5524 mutato
848 5444 1004 5524 nstle
1020 5442 1316 5524 descripsit
1325 5447 1461 5524 tom.
1483 5441 1554 5496 II.
1581 5441 1695 5524 Ego
1710 5447 1857 5496 vete-

245 5535 382 5574 rem
409 5517 629 5590 stylumi
657 5515 897 5590 retinui,
914 5513 1002 5571 'ex
1064 5513 1222 5570 voto’
1247 5513 1556 5590 multorum
1604 5513 1857 5590 vivorum

245 5584 570 5647 doctorum.
602 5589 846 5645 Joannes
865 5587 1244 5644 Damascenus
1286 5601 1354 5642 ex
1381 5587 1503 5657 ejus
1513 5584 1686 5653 Actis,
1708 5585 1859 5657 utle-

245 5663 459 5734 gitime
479 5660 718 5732 scriptis,
743 5659 886 5731 petit
901 5658 1294 5717 auctoritatem
1310 5655 1452 5718 orat.
1475 5656 1589 5714 3de
1604 5655 1860 5728 imagini-

1932 4723 2502 4806 phraxia,_ﬁliamque
2537 4739 2698 4806 suam
2739 4721 3185 4806 apprehendens:
3199 4794 3213 4806 ἱ
3236 4721 3532 4806 dominicis

1933 4793 2164 4876 imagini
2190 4795 2373 4866 ipsam
2405 4793 2669 4876 admovit,
2697 4793 3069 4876 manibusque
3092 4793 3414 4876 sublatisin
3433 4812 3539 4852 cce.

1935 4864 2289 4936 lum'magna
2315 4883 2447 4938 voce
2489 4864 2749 4920 clamavit
2771 4884 2797 4938 εγ
2827 4864 3063 4920 Domine
3105 4867 3238 4922 Jesu
3283 4867 3526 4938 Christe,

1936 4938 2124 5020 puella
2150 4937 2251 5020 tibi
2281 4937 2580 5020 eritcura‘,
2601 4937 2838 5020 quando
2878 4943 2938 4991 te
2986 4939 3320 5010 concupivit,
3362 4937 3536 5020 seque

1934 5007 2116 5081 ipsam
2146 5007 2498 5094 dicavit‘tib‘i.
2538 5007 2732 5094 inQua;
2775 5007 3533 5094 llamascgenuicompendio

1935 5078 2209 5152 excerpsit
2237 5097 2304 5134 ex
2326 5080 2494 5152 AActis
2521 5078 2750 5152 Graecis
2794 5080 3104 5152 Eupraxiae,
3159 5098 3299 5152 quae,
3328 5078 3387 5138 in
3432 5085 3542 5140 hac

1937 5153 2061 5207 Vita
2088 5149 2286 5224 Latina
2313 5149 2690 5224 fusiushabes
2719 5149 2954 5224 narrata
2979 5168 3101 5224 cap.
3135 5149 3253 5209 8_et
3282 5151 3334 5211 9.

2009 5223 2226 5298 Claruit
2252 5221 2916 5298 temporibus‘Theodosii
2943 5221 3106 5296 imp.,
3146 5225 3230 5280 uti
3267 5231 3425 5298 patet
3469 5241 3536 5283 ex

1935 5297 2066 5368 ipsa,
2081 5294 2225 5368 Vita
2260 5299 2318 5368 et
2345 5293 2677 5368 Menologio.

2006 5366 2132 5422 Alia
2159 5365 2228 5418 ab
2258 5365 2393 5438 ista
2418 5371 2502 5420 est
2534 5365 2845 5436 Euphrasia
2892 5367 3354 5435 Nicomediensis,
3411 5383 3534 5438 quge

1937 5440 2083 5494 mira
2110 5442 2230 5492 arte
2259 5436 2426 5492 elusit
2453 5437 2768 5562 procaciam
2799 5438 3140 5494 lascivientis
3178 5436 3444 5510 juvenisf
3467 5437 3538 5491 de

1939 5526 2052 5562 oua
2080 5509 2429 5562 Nicenhorus
2477 5508 2551 5562 ib.
2615 5523 2715 5562 vn.
2749 5526 2871 5562 can.
2915 5510 2995 5562 18.
3041 5510 3256 5562 Menam
3284 5507 3538 5562 Euphra-

1939 5526 2052 5594 qua
2080 5509 2429 5591 Nicephorus
2454 5507 2551 5562 lib.
2615 5523 2715 5577 vn,
2749 5526 2871 5582 cap.
2914 5510 2995 5567 18.
3041 5507 3256 5565 Mentha
3284 5507 3540 5590 Euphra:

1939 5599 2082 5654 siam
2105 5580 2594 5654 Nicomediensem
2611 5586 2923 5654 martyrem
2947 5587 3205 5652 tempore
3218 5580 3543 5638 Mammium

1939 5653 2076 5728 imp.
2098 5651 2311 5711 habent
2337 5651 2403 5709 19
2432 5651 2699 5710 Januarii.
