3892 6182
423 207 530 264 643

1452 211 1547 267 DE
1570 213 1759 270 VITIS
1797 215 2092 272 PATRUM
2129 215 2344 273 LIBER
2379 212 2668 270 PRIMUS.

3546 222 3634 282 ϐα

502 333 572 416 (2)
604 335 1034 416 Sanqaarz'is.]_
1043 337 1149 402 Ita,
1174 336 1418 416 Aopinor,
1451 344 1865 416 vocatesaveta,
1907 359 2029 416 mo-
2047 346 2092 404 A
2111 348 2249 398 runt
2275 341 2638 416 apudvarios
2653 339 2956 416 scriptores
2980 337 3372 396 hebdomadarit'
3391 359 3480 400 seu
3503 349 3633 416 septi-

433 411 698 462 nastcria.
733 408 823 463 Sic
850 425 970 478 cap.
1003 409 1070 462 5:
1109 427 1134 458 ι
1167 408 1301 471 Qua
1347 409 1517 464 etiam
1567 412 1682 466 illic
1707 408 1926 468 vacans
1969 414 2027 468 in

430 479 779 532 sanctuariis.
828 498 850 529 ι

497 549 554 618 (3
560 555 578 615 )
604 550 934 622 Architrliaj
958 551 1045 622 An
1063 551 1327 622 intelligit
1342 553 1606 608 cellulas?
1625 554 1690 608 In
1709 555 1838 610 Vita
1851 555 2028 610 sancti

427 619 658 691 Antonii
687 637 807 691 cap.
835 619 922 684 53,
957 621 1128 676 habes
1156 619 1572 690 arc'hz'sterium,
1606 625 1675 679 de
1694 625 1962 682 interiore
1975 633 2032 681 et

425 690 696 760 primaria
723 690 956 747 Antonii
982 694 1142 748 cella.

500 761 570 839 (4)
601 765 818 839 Aquam
838 767 901 839 in
929 765 1128 839 faciem
1159 769 1274 839 eius
1306 767 1505 836 misit]
1524 768 1719 822 Atfusa
1747 785 1896 839 aqua
1927 769 2029 823 fri-

427 832 560 910 gida
590 833 900 888 exanimati
928 836 1010 910 adq
1029 853 1088 910 se
1120 832 1398 910 redibant.
1444 832 1603 910 Unde
1651 832 2025 910 proverbium,

423 904 644 972 Aquam
671 919 970 974 aspergere,
996 907 1053 961 id
1075 913 1176 974 est,
1206 908 1425 962 animos
1445 904 1672 968 addere:
1699 911 1816 964 Mox
1831 911 1888 965 in
1901 904 2032 965 Vita

424 974 826 1048 Euphrosynen,
870 993 992 1049 cap.
1043 977 1144 1034 15:
1193 994 1219 1030 α
1271 980 1511 1036 Jactavit
1553 981 1616 1035 in
1656 981 1856 1036 faciem
1907 983 2030 1053 ejus

422 1062 648 1118 aquam.

498 1119 572 1188 (5)
607 1119 669 1172 Et
697 1122 1066 1188 septimanam
1086 1137 1266 1176 meam
1297 1125 1672 1195 complevera]
1693 1125 2030 1180 Indeoccur-

2111 409 2385 469 manarh'.
2411 413 2551 466 Vide
2585 409 3005 465 Onomasticon.

2185 482 2258 554 (6)
2294 485 2582 558 So.{ari'u‘n_t
2599 481 2897 558 _tert-imp.]_
2917 481 3061 558 Ergo
3076 475 3247 558 plura
3274 489 3418 538 erant
3455 487 3501 540 in
3543 505 3635 543 una

2111 548 2278 610 domo
2307 555 2532 616 solaria,
2557 554 2617 629 id
2633 559 2726 629 est
2745 548 3024 629 tabulata:
3061 548 3209 629 Alias
3229 558 3490 620 solarium,
3507 559 3554 612 id
3568 565 3637 614 est

2110 643 2376 698 suprema
2420 625 2767 695 contignatio
2815 624 2921 678 soli
2960 624 3222 693 exposita,
3261 640 3420 680 unum
3453 634 3636 684 tantum

2112 703 2256 842 erit?)
2291 772 2504 842 Priores
2527 767 2810 837 seniores]
2831 767 2976 842 Mox,
3023 780 3140 835 cap.
3165 763 3229 842 Ξῖ
3259 772 3313 820 et
3338 765 3406 842 30_
3444 775 3640 825 seniores

2111 837 2340 912 sorores.
2357 841 2514 912 saepe
2531 841 3074 912 occurruntsem'ores
3085 844 3196 891 tam
3212 837 3352 892 inter
3363 839 3495 894 viros
3503 858 3641 912 quam

2110 911 2262 966 inter
2290 909 2571 974 mulieres,
2601 909 2660 964 in
2680 909 2767 963 his
2797 909 2958 963 Vitis.

2186 980 2255 1052 t8)
2296 982 2581 1052 Patienti]
2629 981 2692 1036 Id
2735 986 2838 1044 est,
2901 995 3288 1048 energumenw.
3345 982 3548 1038 Clarum
3593 1001 3646 1038 ex

2111 1051 2328 1124 cap.25.

1877 1399 2170 1446 JANUARII
2213 1401 2258 1446 Ι.

531 1555 977 1704 VITA
1074 1557 1888 1705 SANCTzE
1973 1557 3386 1710 EUPHROSYNZE
3449 1633 3576 1728 (ι),

1749 1803 2385 1890 VIRGINIS.

1312 1983 1972 2073 AUCTOBE
2063 1984 2727 2074 INCERTO.

1897 2131 2204 2146 -ψ

492 2231 679 2289 CAPUT
703 2245 938 2290 PRIMUM.
965 2261 1025 2272 —
1044 2234 1375 2302 363Fuit
1385 2235 1468 2288 vir
1483 2235 1544 2289 in
1559 2233 1897 2289 Alexandria
1916 2249 2019 2287 no-
2038 2231 2086 2293 B
2104 2232 2356 2300 vitatem,
2389 2239 2447 2289 et
2475 2234 2546 2288 de
2573 2235 2851 2307 sapientia
2877 2236 3000 2306 ejus
3027 2240 3085 2290 et
3115 2236 3186 2291 de
3211 2235 3472 2302 doctrina,
3489 2241 3540 2290 et
3552 2236 3658 2306 quia

421 2321 573 2376 mine
601 2322 953 2394 Paphnutius
977 2321 1080 2396 (2),
1105 2323 1444 2378 honorabilis
1465 2323 1742 2391 omnibus,
1761 2328 1818 2377 et
1841 2327 2022 2376 custo-

419 2409 582 2465 diens
610 2413 880 2467 mandata
909 2413 1032 2467 Dei.
1067 2413 1172 2467 Hic
1199 2412 1414 2484 accepit
1455 2414 1752 2484 conjugem
1791 2412 2018 2482 dignam

425 2500 651 2570 generis
674 2501 782 2567 sui,
814 2507 872 2556 et
889 2501 1070 2572 ipsam
1099 2488 1350 2556 honestis
1379 2501 1630 2556 moribus
1659 2500 2020 2573 plenam,sed

419 2588 628 2643 sterilis
647 2605 762 2643 non
776 2588 1049 2660 pariebat.
1071 2590 1366 2644 Virautem
1385 2591 1508 2660 ejus
1529 2589 1699 2644 nimis
1716 2591 2014 2656 ﬂuctuans,

421 2693 488 2730 eo
509 2677 660 2748 quod
674 2693 788 2732 non
811 2677 1042 2732 haberet
1057 2679 1146 2733 cui
1167 2695 1361 2734 omnes
1376 2679 1670 2734 facultates
1687 2679 2015 2745 dimitteret,

422 2770 488 2819 ut
507 2772 634 2836 post
654 2765 870 2821 obitum
899 2784 1065 2822 suum
1086 2767 1229 2823 bene
1241 2775 1297 2823 et
1309 2785 1554 2840 congrue
1575 2786 1734 2824 suam
1753 2768 2018 2823 substan-

419 2855 559 2909 tiam
585 2855 947 2926 gubernaret,
981 2857 1364 2928 indigentibus
1391 2875 1506 2913 non
1549 2857 1805 2914 cessabat
1849 2858 2018 2912 mini-

418 2951 602 3000 strare
623 2951 787 3001 nocte
816 2951 874 3001 et
893 2947 1000 3014 die,
1033 2948 1390 3020 ecclesiisque
1429 2949 1738 3016 adhaerens,
1783 2948 2017 3019 jejuniis

419 3040 477 3089 et
499 3035 848 3091 orationibus
867 3053 1035 3092 orans
1063 3043 1122 3092 et
1140 3043 1336 3110 petens
1356 3055 1390 3092 a
1405 3039 1520 3094 Deo
1546 3039 1668 3093 dari
1687 3037 1794 3093 sibi
1814 3037 2015 3096 ﬁlium.

417 3124 691 3180 Similiter
709 3131 768 3180 et
794 3143 931 3180 uxor
958 3127 1081 3197 ejus
1100 3127 1742 3183 doloribusafﬁciebatur
1752 3128 2012 3193 maxime,

414 3213 607 3268 videns
635 3215 818 3269 virum
848 3231 1013 3270 suum
1034 3217 1400 3272 ﬂuctuantem
1425 3217 1681 3285 nimium,
1705 3218 1944 3272 multam
1963 3222 2020 3270 et

409 3303 535 3376 ipsa
558 3304 730 3359 etiam
751 3305 1048 3376 pecuniam
1067 3322 1304 3376 erogans
1321 3306 1662 3379 pauperibus
1685 3313 1744 3361 et
1766 3307 1825 3360 in
1837 3311 2018 3360 orato-

411 3392 596 3462 toriis,
614 3410 850 3466 poscens
872 3395 1182 3466 adimplere
1199 3396 1538 3450 desiderium
1554 3395 2019 3450 suum.Similiter

412 3488 605 3538 autem
633 3489 690 3538 et
715 3484 802 3538 vir
829 3485 952 3554 ejus
979 3485 1254 3540 circuiens
1293 3485 1579 3558 quaerebat
1615 3485 1866 3539 invenire
1906 3484 2012 3538 ali-

2104 2325 2226 2373 erat
2253 2319 2488 2389 pulchra
2509 2320 2697 2388 nimis,
2732 2327 2790 2376 et
2825 2321 3140 2393 composita
3181 2321 3343 2394 vultu
3387 2325 3443 2376 et
3482 2321 3659 2376 animo.

2104 2408 2309 2462 Multos
2319 2415 2510 2464 autem
2521 2410 2782 2464 excitavit
2793 2411 2864 2465 ad
2874 2411 3268 2482 accipiendum
3279 2427 3403 2465 eam
3418 2410 3536 2464 ﬁliis
3546 2410 3658 2474 suis,

2102 2503 2160 2551 et
2184 2498 2377 2552 multis
2391 2499 2807 2554 decertantibus
2827 2517 2954 2555 cum
2974 2507 3140 2572 patre
3161 2503 3302 2572 ejus,
3324 2499 3590 2572 pervenire
3606 2496 3662 2550 ad

2101 2587 2274 2641 ﬁnem
2307 2604 2420 2642 non
2450 2593 2729 2659 poterant,
2773 2589 2872 2644 sed
2911 2595 3107 2645 tamen
3136 2591 3256 2661 ipse
3298 2589 3536 2647 dicebat:
3571 2587 3664 2640 Do-

2102 2677 2238 2730 mini
2263 2677 2518 2732 voluntas
2538 2680 2656 2732 ﬁat.
2685 2679 2841 2733 Unus
2861 2687 3050 2734 autem
3077 2695 3423 2751 exsuperans
3441 2675 3663 2732 omnesin

2101 2766 2313 2821 honore
2343 2773 2402 2822 et
2427 2768 2655 2836 divitiis,
2685 2769 3394 2842 accersivitpatremillius,
3425 2774 3478 2822 et
3503 2772 3666 2838 postu-

2099 2855 2252 2910 labat
2281 2856 2350 2910 ab
2381 2874 2446 2912 eo
2465 2863 2532 2914 ut
2559 2858 2722 2912 daret
2737 2859 2910 2913 ﬁliam
2931 2861 3054 2930 ejus
3076 2859 3201 2914 ﬁlio
3211 2874 3314 2914 suo
3335 2859 3392 2912 in
3421 2855 3668 2912 matrimo-

2100 2946 2214 3014 nio,
2249 2953 2307 3001 et
2333 2949 2624 3003 concessit.

2172 3038 2302 3091 CAP.
2334 3037 2428 3092 IV.
2449 3062 2512 3074 —
2537 3039 2676 3093 Post
2701 3039 2942 3093 multum
2969 3055 3108 3094 vero
3139 3039 3409 3111 temporis
3428 3035 3669 3108 accipiens

2100 3141 2226 3180 eam
2260 3126 2635 3196 Paphnutius.
2671 3145 2798 3182 cum
2848 3134 2996 3183 esset
3041 3144 3333 3184 annorum
3378 3125 3669 3188 octodecim,

2100 3214 2240 3269 abiit
2267 3216 2326 3269 in
2355 3215 2760 3271 monasterium
2792 3233 2920 3272 cum
2949 3234 3033 3279 ea,
3059 3217 3128 3274 in
3171 3234 3284 3290 quo
3323 3218 3670 3274 consueverat,

2099 3304 2448 3376 multamque
2464 3305 2668 3360 iterum
2689 3306 2987 3377 pecuniam
3001 3307 3254 3378 largitus
3268 3312 3356 3362 est
3374 3305 3444 3360 ad
3457 3317 3676 3360 necessa-

2099 3393 2184 3448 ria
2211 3394 2472 3452 fratrum.
2503 3395 2762 3468 Dixitque
2793 3394 2982 3450 abbati
3006 3415 3018 3450 :
3053 3395 3334 3451 Fructum
3389 3394 3674 3448 orationum

2098 3488 2326 3538 tuarum
2355 3484 2562 3540 adduxi
2590 3484 2714 3551 tibi,
2755 3491 2820 3540 ut
2848 3501 2979 3540 ores
3007 3501 3116 3556 pro
3151 3502 3223 3540 ea
3249 3504 3262 3552 ;
3291 3485 3424 3556 quia
3459 3484 3570 3554 jam
3619 3477 3676 3533 ad

412 3589 581 3644 quem
594 3551 883 3628 hominem
901 3573 1135 3643 dignum
1148 3575 1286 3642 Deo,
1307 3551 1402 3646 qui
1417 3579 1604 3646 posset
1619 3573 1874 3646 precibus
1895 3573 2013 3628 suis
2031 3551 2076 3614 θ
2098 3573 2325 3644 nuptias
2349 3590 2475 3628 eam
2497 3574 2720 3628 tradere
2750 3575 2892 3629 volo.
2925 3551 3108 3629 Jussit
3137 3551 3336 3630 autem
3365 3551 3528 3626 abbas
3569 3583 3672 3624 eam

411 3661 672 3716 eil'ectum
691 3662 957 3718 desiderii
981 3664 1030 3733 ej
1038 3679 1104 3717 us
1120 3665 1407 3736 perﬁcere.
1423 3665 1492 3718 Et
1503 3665 1586 3718 ita
1603 3663 2014 3736 perambulavit

409 3751 470 3806 in
498 3753 860 3820 monasterio,
894 3755 954 3808 in
991 3771 1102 3826 quo
1133 3753 1387 3824 ejusdem
1436 3753 1763 3809 monasterii
1793 3763 2012 3824 patrem

411 3856 682 3910 magnum
709 3841 970 3897 dicebant
997 3843 1147 3914 apud
1165 3844 1362 3898 Deum.
1377 3843 1606 3915 Illicque
1625 3843 1930 3914 ingressus,
1955 3847 2012 3896 et

410 3929 650 3984 multam
676 3932 974 4002 pecuniam
994 3931 1252 3997 offerens,
1277 3933 1514 3988 multam
1544 3933 1714 3987 etiam
1746 3932 2011 3987 ﬁduciam

407 4018 478 4074 ab
499 4017 699 4075 abbate
729 4027 788 4076 et
814 4021 1089 4076 universis
1113 4021 1378 4078 fratribus
1394 4028 1726 4078 consecutus
1747 4029 1849 4078 est.

479 4109 609 4164 CAP.
642 4111 714 4166 II.
755 4139 810 4150 -—
835 4112 971 4166 Post
998 4111 1241 4167 multum
1270 4130 1400 4168 vero
1430 4113 1700 4185 temporis
1741 4112 2010 4168 indicavit

405 4197 594 4256 abbati
611 4216 838 4256 causam
860 4201 1126 4256 desiderii
1145 4202 1232 4256 sui
1257 4223 1269 4256 :
1305 4203 1400 4274 qui
1423 4203 1768 4275 compatiens
1798 4203 2009 4273 illi,po-

405 4289 636 4345 stulavit
662 4307 696 4344 a
724 4291 965 4346 Domino
985 4291 1108 4346 dari
1127 4291 1209 4345 illi
1224 4292 1466 4347 fructum
1484 4293 1718 4360 ventris;
1745 4298 1802 4346 et
1819 4290 2008 4345 ambo-

406 4396 533 4436 rum
563 4380 844 4436 orationes
873 4383 1175 4437 exaudiens
1202 4384 1370 4451 Deus,
1405 4384 1648 4456 largitur
1675 4383 1900 4439 unicam
1937 4382 2006 4436 ﬁ-

405 4469 561 4523 liam.
591 4468 798 4523 Videns
825 4475 1017 4525 autem
1045 4471 1396 4542 Paphnutius
1410 4473 1628 4528 abbatis
1639 4469 2008 4528 conversatio-

403 4573 556 4626 nem,
591 4573 881 4629 nunquam
922 4575 958 4613 a
995 4560 1338 4614 monasterio
1392 4561 1706 4618 recedebat.
1755 4563 1914 4617 Unde
1952 4571 2009 4620 et

402 4649 700 4720 conjugem
728 4664 891 4703 suam
910 4648 1246 4715 introduxit,
1279 4654 1344 4703 ut
1373 4649 1801 4706 benediceretur
1813 4652 1882 4706 ab
1906 4653 2005 4708 ab-

401 4735 532 4792 bate
552 4742 610 4791 et
631 4754 666 4791 a
680 4737 966 4794 fratribus.
980 4739 1204 4794 Tollens
1225 4745 1415 4794 autem
1433 4739 1768 4795 infantulam
1791 4758 1824 4795 a
1841 4742 2001 4811 lacte,

404 4828 462 4879 et
478 4825 622 4881 facta
641 4843 919 4882 annorum
930 4835 1146 4900 septem
1166 4828 1450 4900 baptizata
1468 4836 1570 4892 est,
1594 4830 2008 4901 imposuerunt-

2093 3663 2372 3719 introduci
2397 3663 2456 3718 in
2485 3663 2831 3718 xenodochia
2866 3664 3228 3732 monasterii,
3260 3665 3582 3733 locutusque
3607 3661 3679 3712 est

2094 3769 2221 3808 cum
2251 3771 2338 3821 ea,
2371 3760 2430 3809 et
2455 3753 2790 3808 benedicens
2819 3755 3152 3809 exhortatus
3177 3759 3269 3810 est
3295 3769 3422 3808 eam
3449 3751 3517 3805 de
3539 3747 3677 3804 casti-

2093 3846 2230 3910 tate,
2259 3849 2316 3898 et
2342 3843 2682 3910 humilitate,
2713 3849 2770 3898 et
2796 3843 3074 3914 patientia
3093 3843 3330 3898 timoris
3348 3839 3594 3898 Domini:
3614 3835 3681 3890 ta-

2091 3932 2240 3986 ciens
2269 3932 2346 3986 ibi
2376 3937 2492 3988 tres
2518 3933 2658 4002 dies,
2687 3949 2882 3987 aurem
2905 3931 3156 4004 ponebat
3183 3931 3442 4004 quotidie
3464 3929 3532 3983 ad
3549 3925 3680 3999 psal-

2089 4038 2230 4089 mos,
2267 4022 2542 4077 et.videns
2572 4022 2922 4093 singulorum
2949 4021 3449 4077 conversationem
3468 4023 3523 4074 et
3537 4011 3680 4089 spiri-

2088 4109 2242 4166 tuale
2267 4110 2638 4182 propositum,
2670 4110 2986 4166 mirabatur
3013 4127 3221 4166 eorum
3252 4111 3447 4177 vitam,
3485 4109 3678 4162 dicens:

2089 4199 2248 4254 Beati
2278 4205 2412 4255 sunt
2435 4200 2541 4255 viri
2560 4201 2676 4268 isti,
2709 4199 2807 4272 qui
2835 4205 2893 4254 et
2914 4201 2974 4254 in
3012 4200 3124 4255 hoc
3143 4201 3358 4256 saeculo
3384 4197 3588 4254 similes
3599 4208 3683 4248 an-

2086 4290 2247 4360 gelis,
2283 4295 2340 4344 et
2361 4295 2489 4362 post
2515 4290 2632 4346 haec
2660 4290 2831 4345 vitam
2859 4294 3134 4344 aeternam
3165 4293 3605 4360 consequuntur.
3629 4283 3687 4337 Et

2088 4380 2256 4451 coepit
2283 4395 2380 4434 cor
2403 4381 2526 4451 ejus
2551 4397 2672 4434 esse
2692 4379 2990 4434 sollicitum
3021 4380 3078 4434 in
3103 4380 3231 4435 zelo
3263 4378 3486 4434 timoris
3512 4373 3622 4431 Dei.

2162 4469 2289 4524 CAP.
2320 4469 2388 4522 V.
2429 4496 2494 4508 -—
2519 4469 2656 4523 Post
2671 4473 2788 4522 tres
2807 4473 2998 4523 autem
3027 4469 3156 4524 dies
3177 4470 3330 4524 dixit
3358 4461 3687 4539 Paphnutius

2089 4558 2160 4612 ad
2188 4557 2482 4612 abbatem:
2517 4558 2680 4624 Veni,
2713 4558 2898 4624 Pater,
2929 4562 2996 4612 ut
3021 4557 3246 4613 salutet
3269 4565 3332 4613 te
3356 4555 3558 4611 ancilla
3579 4557 3682 4614 tua,

2089 4652 2146 4702 et
2167 4664 2266 4702 ora
2293 4665 2394 4720 pro
2426 4663 2511 4715 ea,
2546 4647 2678 4718 quia
2704 4647 2995 4703 ambulare
3023 4647 3302 4704 volumus
3323 4649 3386 4702 in
3406 4646 3687 4702 civitatem.

2089 4738 2230 4792 Cum
2261 4743 2452 4792 autem
2479 4735 2926 4804 venissetabbas,
2945 4738 3194 4808 projecit
3215 4755 3282 4793 se
3318 4736 3510 4809 puella
3535 4731 3689 4800 adpe-

2088 4827 2186 4881 des
2211 4827 2352 4898 ejus,
2387 4826 2578 4881 dicens
2603 4845 2617 4880 :
2648 4825 2892 4882 Obsecro
2904 4831 2982 4893 te,
3011 4827 3214 4896 Pater,
3250 4844 3359 4883 ora
3390 4839 3608 4898 prome,
3637 4822 3693 4873 ιιι

406 4929 514 4985 que
539 4915 622 4968 illi
649 4933 854 4971 nomen
883 4919 1330 4991 Euphrosynam.
1350 4919 1684 4974 Gaudebant
1702 4926 1892 4976 autem
1913 4939 2004 4978 su-
2019 4913 2072 4974 D
2087 4918 2338 4971 lucretur
2361 4917 2512 4970 Deus
2535 4915 2783 4970 animam
2795 4932 2999 4970 meam.
3015 4916 3470 4988 Extendensque
3480 4922 3690 4968 manum

403 5018 508 5074 per
537 5002 692 5058 illam
720 5012 981 5076 parentes
1025 5009 1167 5080 ejus,
1192 5009 1324 5080 quia
1353 5014 1476 5064 erat
1526 5015 1754 5081 accepta
1790 5011 1906 5065 Deo
1949 5018 2006 5067 et

405 5091 640 5164 pulchra
667 5093 806 5148 facie
821 5140 833 5153 .

479 5183 610 5236 CAP.
640 5183 740 5238 III.
765 5214 830 5225 -
860 5183 1031 5240 Facta
1057 5191 1247 5242 autem
1262 5204 1540 5244 annorum
1555 5189 2004 5257 duodecim,ma-

409 5276 498 5327 ter
528 5273 650 5343 ejus
688 5273 954 5343 migravit
981 5276 1050 5330 de
1077 5277 1184 5331 hoc
1213 5279 1431 5334 saculo.
1481 5278 1774 5334 Remansit
1811 5285 2000 5335 autem

403 5365 566 5434 pater
593 5363 733 5432 ejus,
768 5357 1033 5419 erudiens.
1057 5382 1182 5420 eam
1201 5367 1402 5424 litteris
1429 5373 1484 5422 et
1511 5368 1861 5436 lectionibus,
1903 5387 2002 5425 caa-

403 5457 638 5524 teraque
666 5451 837 5523 hujus
866 5453 1062 5507 mundi
1077 5455 1371 5526 sapientia.
1403 5458 1598 5512 Puella
1629 5476 1756 5514 vero
1780 5465 1998 5514 tantam

407 5542 684 5614 excipiens
715 5541 1088 5614 disciplinam,
1120 5544 1201 5598 ita
1235 5549 1298 5599 ut
1335 5546 1637 5603 miraretur
1665 5555 1827 5621 pater
1850 5550 1999 5605 illius

404 5632 779 5707 prudentiam.
812 5633 1017 5707 Opinio
1043 5639 1233 5690 autem
1262 5637 1384 5707 ejus
1399 5639 1715 5708 peragravit
1731 5645 1906 5694 totum
1929 5641 2001 5695 ci-

2087 5023 2248 5062 suam
2279 5006 2560 5062 benedixit
2597 5022 2741 5071 eam,
2773 5005 3001 5060 dicens:
3030 5005 3216 5074 Deus,
3271 5005 3376 5078 qui
3423 4995 3693 5075 cognoscis

2087 5097 2372 5152 hominem
2385 5101 2688 5167 antequam
2701 5100 2983 5162 nascatur,
2998 5100 3201 5162 364
3215 5101 3286 5150 tu
3308 5097 3485 5167 hujus
3495 5088 3692 5147 ancillae

2083 5193 2194 5243 tuae
2225 5203 2418 5242 curam
2431 5185 2638 5241 habere
2665 5185 2932 5254 digneris,
2963 5189 3026 5240 ut
3054 5190 3370 5240 mereatur
3388 5182 3692 5258 portionem

2083 5282 2141 5331 et
2167 5277 2512 5332 consortium
2551 5274 2758 5330 habere
2787 5275 2845 5329 in
2877 5290 3051 5346 regno
3095 5275 3414 5330 calorum.
3460 5274 3529 5328 Et
3553 5284 3691 5325 com-

2082 5367 2414 5422 mendantes
2439 5365 2579 5433 seni,
2613 5364 2874 5419 abierunt
2905 5365 2964 5419 in
2992 5363 3298 5420 civitatem
3326 5383 3340 5420 :
3377 5368 3541 5437 pater
3575 5371 3691 5414 vero

2081 5457 2230 5512 illius
2257 5457 2306 5511 si
2335 5455 2636 5528 aliquando
2665 5453 2985 5510 inveniebat
3005 5455 3391 5522 monachum,
3427 5455 3578 5508 hunc
3601 5447 3694 5503 ad-

2081 5547 2317 5604 ducebat
2346 5547 2414 5602 ad
2447 5547 2679 5602 domum
2707 5562 2886 5612 suam,
2922 5559 3134 5616 rogans
3155 5551 3229 5600 ut
3253 5550 3455 5600 oraret
3477 5558 3576 5616 pro
3611 5554 3693 5594 ea.

2081 5639 2205 5696 Una
2233 5642 2425 5693 autem
2453 5636 2545 5692 die
2575 5635 2972 5707 anniversaria,
3016 5635 3262 5706 quando
3303 5635 3602 5691 ordinatus
3617 5635 3694 5683 est
