3954 6190
232 196 346 252 645

1150 196 1319 253 VITA
1356 198 1662 258 SANCT/E
1701 197 2222 271 EUPHROSYNIE,
2264 194 2607 251 VIRGINIS.

3411 194 3516 254 646

233 317 411 374 abbas
439 319 783 386 monasterii,
816 319 884 376 de
911 337 1022 392 quo
1043 338 1212 394 supra
1221 323 1482 392 diximus,
1496 327 1649 382 misit
1665 327 1835 384 abbas
1851 331 1898 390 A
1925 345 2050 383 meo
2073 324 2398 381 inobediens
2417 341 2538 379 esse
2550 323 2696 396 patri
2708 327 2916 388 meo,et
2929 321 3063 394 quid
3085 323 3282 379 faciam
3303 326 3514 380 nescio.

234 425 416 465 unum
447 427 478 464 e
507 409 770 465 fratribus
802 411 873 464 ad
903 411 1307 482 Paphnutium,
1339 421 1404 469 ut
1431 415 1695 471 invitaret
1709 436 1836 473 eum

229 499 307 552 ad
329 499 743 554 solemnitatem
767 498 986 554 abbatis
1010 520 1022 554 :
1044 502 1138 572 qui
1158 502 1350 558 abiens
1368 504 1424 558 in
1446 506 1675 561 domum
1693 509 1833 578 ejus,

227 588 529 658 requisivit
559 605 704 644 eum.
743 589 908 644 Pueri
929 595 1117 644 autem
1139 591 1402 647 dixerunt
1423 595 1475 648 ei
1499 614 1509 648 :
1536 596 1832 651 Processit.

309 678 440 734 CAP.
477 678 570 732 VI.
607 709 668 720 --
698 679 948 734 Audiens
989 696 1120 735 vero
1159 681 1547 754 Euphrosyna,
1581 691 1637 738 et
1674 687 1837 740 advo-

225 781 368 820 cans
408 767 568 821 illum
614 766 865 834 fratrem,
915 770 1084 840 coepit
1122 787 1252 824 eum
1299 771 1692 844 interrogare:
1735 777 1835 830 Dic

225 855 369 909 mihi
391 873 492 927 pro
518 857 813 922 charitate,
847 858 1072 912 domine
1096 859 1173 913 mi
1192 859 1385 927 frater,
1407 864 1602 932 quanti
1627 865 1833 919 fratres

222 945 367 1000 estis
397 945 456 999 in
480 946 842 1000 monasterio.
867 948 941 1001 At
969 946 1064 1002 ille
1084 948 1224 1004 dixit
1247 969 1258 1002 :
1280 950 1537 1005 Trecenti
1559 954 1832 1025 quinqua-

220 1033 390 1105 ginta
431 1035 562 1090 duo.
595 1034 748 1090 Dixit
769 1036 820 1089 ei
850 1037 1039 1107 puella
1072 1056 1083 1091 ε
1117 1038 1223 1101 Qui
1244 1040 1483 1094 voluerit
1509 1043 1697 1096 venire
1720 1043 1832 1097 illic

219 1121 300 1177 ad
321 1124 758 1190 conversionem,
788 1124 1019 1196 suscipit
1061 1126 1221 1182 illum
1263 1127 1435 1183 abbas
1462 1131 1684 1185 vester?
1727 1133 1830 1187 Re-

220 1212 457 1283 spondit
479 1214 532 1267 ei
568 1234 578 1267 :
617 1213 799 1268 Etiam
822 1231 947 1269 cum
965 1215 1143 1270 multo
1163 1218 1370 1287 gaudio
1391 1219 1623 1290 suscipit
1642 1220 1823 1285 illum,

220 1301 474 1356 maxime
501 1308 731 1374 propter
750 1319 942 1358 vocem
963 1305 1206 1372 Domini,
1231 1306 1325 1377 qui
1349 1307 1491 1362 dixit
1513 1326 1524 1360 :
1547 1309 1655 1372 Qui
1674 1310 1829 1364 venit

219 1390 296 1442 ad
345 1407 456 1458 me,
498 1407 612 1446 non
667 1393 890 1462 ejiciam
924 1392 1074 1447 foras
1106 1395 1281 1464 (Joan.
1335 1404 1426 1464 v1).
1469 1397 1614 1452 Dicit
1642 1399 1693 1452 ei
1725 1399 1830 1453 Eu-

219 1479 514 1551 phrosyna
550 1499 562 1534 :
606 1479 818 1536 Omnes
848 1482 907 1536 in
955 1483 1187 1538 ecclesia
1229 1489 1415 1539 vestra
1461 1487 1719 1556 psallitis,
1771 1494 1828 1542 et

1919 415 2116 468 Totam
2139 414 2290 468 enim
2325 418 2545 468 noctem
2581 412 2787 484 absque
2811 429 3006 468 somno
3033 413 3287 478 transivi,
3317 420 3514 484 postu-

1917 503 2040 557 lans
2068 505 2246 558 Deum
2267 508 2330 557 ut
2344 503 2663 556 ostenderet
2680 503 2882 556 animae
2906 520 3041 558 meae
3071 503 3515 558 misericordiam

1919 608 2111 660 suam;
2147 599 2202 646 et
2230 609 2392 646 mane
2413 593 2578 658 facto,
2610 592 2821 662 placuit
2850 593 2987 645 mihi
3011 593 3234 646 mittere
3260 593 3317 646 in
3345 595 3515 647 eccle-

1918 681 2077 748 siam,
2105 686 2160 735 et
2179 682 2453 735 adducere
2477 698 2652 735 unum
2678 681 2928 748 fratrem,
2943 688 3006 735 ut
3025 683 3279 736 audirem
3301 683 3370 736 ab
3389 683 3511 754 ipso

1917 770 2146 824 verbum
2175 771 2392 837 salutis,
2427 777 2484 824 et
2507 771 2638 841 quid
2670 771 2848 824 facere
2879 771 3130 825 debeam.
3165 773 3392 826 Postulo
3416 789 3512 827 au-

1915 864 2030 912 tem
2052 864 2126 922 te,
2150 861 2332 924 Pater,
2356 877 2456 930 pro
2484 860 2740 913 mercede
2769 859 2970 914 animas
2999 865 3128 924 tua},
3174 861 3285 915 scio
3316 861 3447 932 quia
3477 878 3510 915 a

1913 947 2028 1002 Deo
2051 949 2253 1003 missus
2283 967 2360 1015 es,
2386 950 2520 1002 doce
2550 965 2638 1002 me
2681 965 2803 1019 quae
2832 949 2933 1002 Dei
2976 955 3126 1005 sunt.
3166 951 3312 1004 Dicit
3340 951 3391 1004 ei
3417 968 3507 1005 se-

1913 1038 2038 1092 nior
2069 1058 2079 1092 :
2117 1039 2390 1092 Dominus
2437 1039 2575 1092 dicit
2607 1057 2617 1090 :
2655 1039 2713 1092 Si
2745 1039 2868 1109 quis
2894 1055 3008 1093 non
3031 1038 3510 1096 abrenuntiaverit

1910 1133 2151 1197 patrem,
2185 1133 2240 1182 et
2269 1133 2528 1195 matrem,
2570 1131 2626 1181 et
2655 1127 2876 1194 fratres,
2907 1134 2963 1182 et
2993 1128 3158 1194 ﬁlios,
3189 1128 3419 1200 insuper
3451 1136 3509 1185 et

1909 1218 2197 1288 propriam
2227 1218 2496 1284 animam,
2516 1233 2627 1271 non
2657 1221 2842 1288 potest
2862 1234 3021 1272 meus
3053 1234 3172 1271 esse
3203 1218 3509 1288 discipulus

1913 1306 2082 1369 (Lucae
2109 1307 2239 1368 XIV).
2272 1307 2388 1376 Ego
2416 1306 2516 1360 tibi
2554 1307 2680 1376 plus
2722 1306 2905 1360 dicere
2953 1306 3159 1360 nescio.
3201 1305 3412 1360 Tamen
3461 1307 3510 1360 si

1909 1397 2068 1463 potes
2095 1394 2241 1448 ferre
2271 1399 2620 1448 tentamenta
2667 1393 2869 1459 carnis,
2920 1393 3176 1464 relinque
3207 1395 3416 1461 omnia,
3451 1400 3509 1448 et

1907 1480 2036 1552 fuge
2065 1482 2357 1538 facultates
2386 1486 2560 1554 patris
2589 1483 2830 1554 tui,quae
2855 1483 3062 1537 multos
3078 1482 3372 1538 inveniunt
3393 1483 3478 1538 hae

218 1569 520 1640 aequaliter
539 1571 856 1641 jejunatis?
883 1571 1030 1626 Dicit
1058 1573 1110 1626 ei
1138 1575 1446 1629 monachus
1474 1575 1570 1629 ille
1611 1595 1622 1630 :
1657 1577 1826 1632 Com-
1842 1610 1890 1670 B
1907 1573 2088 1626 redes.
2109 1573 2244 1628 Ecce
2264 1573 2488 1644 ptochia
2521 1571 2610 1642 (3),
2643 1572 2989 1627 hierocomia
3005 1573 3105 1645 (4),
3138 1573 3501 1640 xenodochia,

218 1658 476 1714 muniter
492 1659 719 1730 quidem
738 1660 1050 1732 psallimus,
1065 1663 1142 1733 jej
1152 1664 1286 1717 unia
1298 1680 1425 1719 vero
1437 1667 1824 1738 unusquisque
1842 1658 1889 1670 ”
1908 1663 2267 1728 monasteria,
2301 1662 2499 1729 viduae,
2532 1662 2749 1733 pupilli,
2797 1663 3099 1734 peregrini,
3149 1663 3377 1730 inﬁrmi,
3418 1680 3506 1717 ca-

218 1748 509 1819 qnomodo
535 1749 674 1816 vult,
702 1755 800 1804 aut
829 1756 1103 1821 quantum
1131 1753 1296 1821 valet,
1326 1759 1391 1808 ut
1408 1770 1520 1808 non
1559 1755 1659 1809 ﬁat
1698 1773 1826 1810 con-
1905 1751 2060 1822 ptivi,
2089 1751 2185 1805 ubi
2217 1751 2453 1806 voluerit
2484 1756 2540 1804 et
2559 1752 2836 1822 placuerit
2863 1753 3010 1822 patri
3039 1758 3155 1818 tuo,
3183 1752 3500 1824 relinquet;

215 1841 418 1892 tumax
445 1838 748 1893 voluntatis
775 1841 1142 1908 conversatio,
1175 1843 1274 1896 sed
1300 1844 1511 1914 proprii
1531 1844 1750 1899 arbitrii
1767 1851 1824 1900 et
1904 1846 1968 1894 tu
1999 1841 2137 1905 sola,
2171 1857 2241 1894 ne
2265 1841 2466 1912 perdas
2495 1841 2743 1895 animam
2771 1847 2950 1895 tuam.
2994 1841 3140 1895 Dicit
3176 1842 3227 1895 ei
3275 1842 3498 1913 puella:

214 1932 535 1996 spontanea
595 1929 902 1998 voluntate.
968 1931 1208 1985 Omnem
1272 1948 1405 2003 ergo
1460 1940 1821 2004 perscrutans
1904 1929 2136 1984 Conﬁdo
2180 1931 2239 1983 in
2289 1931 2468 1985 Deum
2519 1935 2576 1985 et
2620 1929 2967 1984 orationibus
3006 1931 3138 1997 tuis,
3174 1931 3306 2002 quia
3352 1931 3504 1985 labo-

215 2016 627 2071 monachorum
699 2018 1176 2073 conversationem
1210 2059 1224 2085 ,
1293 2021 1432 2074 dixit
1492 2022 1564 2076 ad
1630 2039 1821 2078 mona-
1903 2035 2030 2073 rare
2060 2018 2237 2074 habeo
2270 2037 2371 2091 pro
2403 2020 2592 2074 anima
2630 2036 2776 2086 mea,
2823 2020 2938 2074 Deo
2988 2020 3310 2074 auxiliante.
3354 2020 3504 2075 Dicit

213 2103 388 2158 chum
422 2124 433 2159 :
468 2105 738 2161 Volebam
767 2106 938 2175 abire,
970 2114 1028 2162 et
1063 2125 1354 2179 pervenire
1396 2111 1467 2165 ad
1496 2111 1820 2182 hujusmodi
1901 2108 1954 2162 ei
1993 2125 2161 2162 senex
2193 2129 2204 2162 :
2239 2110 2398 2164 Talia
2427 2109 2706 2164 desideria
2739 2126 2773 2162 a
2796 2110 3064 2164 ﬁrmitate
3095 2127 3208 2163 non
3237 2109 3500 2164 decidan-

214 2194 659 2249 inenarrabilem
689 2197 860 2251 vitam
888 2216 899 2264 ;
925 2198 1022 2252 sed
1044 2199 1217 2253 timeo
1239 2199 1561 2255 inobediens
1583 2218 1704 2256 esse
1726 2219 1822 2274 pa-
1901 2201 1996 2251 tur
2023 2217 2036 2265 ;
2069 2198 2234 2252 modo
2253 2198 2404 2252 enim
2427 2203 2512 2252 est
2532 2203 2756 2269 tempus
2777 2198 3142 2269 poenitentiae.
3157 2199 3304 2253 Dicit
3326 2199 3377 2252 ei
3396 2200 3502 2253 Eu-

213 2283 290 2336 tri
327 2300 477 2351 meo,
512 2285 644 2356 quia
668 2303 768 2356 pro
793 2303 936 2342 vana
965 2294 1021 2342 et
1049 2289 1258 2343 caduca
1283 2289 1451 2360 hujus
1478 2291 1665 2346 saeculi
1693 2291 1820 2346 sub-
1901 2286 2185 2358 phrosyna
2209 2305 2218 2340 :
2242 2288 2311 2342 Et
2329 2287 2454 2341 ideo
2474 2294 2530 2341 te
2552 2287 2797 2358 fatigavi,
2820 2293 2884 2342 ut
2901 2287 3136 2358 impleas
3156 2287 3499 2343 desiderium

212 2374 431 2427 stantia
454 2375 610 2446 cupit
633 2392 722 2428 me
767 2376 992 2430 tradere
1027 2377 1162 2431 viro.
1197 2378 1344 2432 Dicit
1381 2380 1430 2432 ei
1461 2381 1769 2436 monachus
1800 2401 1815 2438 ;

214 2462 410 2524 Soror.
444 2479 559 2518 non
580 2465 872 2534 permittas
895 2471 960 2520 ut
979 2467 1195 2537 polluat
1222 2468 1391 2522 homo
1412 2485 1613 2540 corpus
1633 2476 1812 2539 tuum,

211 2556 270 2605 et
288 2551 486 2606 tradas
505 2553 676 2607 talem
689 2554 1164 2626 pulchritudinem
1179 2557 1295 2627 pati
1319 2558 1700 2628 opprobrium.
1719 2561 1817 2614 sed

209 2639 496 2712 desponsa
510 2643 818 2710 teChristo,
843 2645 938 2715 qui
962 2644 1063 2699 tibi
1084 2652 1270 2716 potest
1295 2663 1395 2718 pro
1407 2647 1541 2718 ipsis
1554 2648 1817 2704 omnibus

209 2731 638 2786 transeuntibus
663 2732 796 2788 dare
817 2750 1050 2804 regnum
1081 2736 1368 2803 caelorum,
1389 2744 1445 2790 et
1474 2738 1818 2792 consortium

209 2821 567 2890 angelorum.
586 2822 814 2878 Occulta
845 2833 1036 2879 autem
1062 2825 1270 2891 exiens,
1293 2825 1431 2879 vade
1453 2827 1524 2881 ad
1539 2835 1818 2882 monaste-

1900 2392 2121 2444 meum;
2155 2381 2212 2430 et
2237 2377 2384 2431 facta
2413 2377 2666 2430 oratione
2691 2375 2988 2431 benedicas
3023 2395 3130 2439 me,
3156 2382 3212 2430 et
3242 2375 3495 2431 abscidas

1901 2481 2119 2520 comam
2147 2466 2346 2538 capitis
2377 2467 2508 2520 mei.
2539 2467 2608 2520 Et
2634 2483 2944 2536 exsurgens
2975 2465 3179 2530 senior,
3202 2466 3348 2519 facta
3375 2483 3499 2520 ora-

1898 2555 2053 2609 tione
2073 2555 2308 2609 abscidit
2327 2572 2544 2610 comam
2563 2555 2761 2626 capitis
2783 2556 2923 2625 ejus,
2940 2555 3235 2625 induitquc
3258 2571 3380 2609 eam
3402 2561 3494 2610 tu-

1900 2644 2082 2698 nicam
2105 2645 2406 2699 schematis
2429 2647 2521 2714 (5),
2547 2651 2603 2699 et
2622 2661 2788 2700 orans
2807 2661 2907 2716 pro
2928 2661 2994 2698 ea
3014 2644 3151 2698 dixit
3174 2663 3186 2697 :
3220 2645 3368 2698 Deus
3399 2646 3493 2716 qui

1901 2733 2160 2788 liberavit
2183 2735 2381 2788 omnes
2408 2739 2630 2788 sanctos
2677 2751 2826 2799 suos,
2869 2734 2987 2804 ipse
3017 2733 3294 2789 custodiat
3330 2739 3384 2787 te
3426 2734 3494 2786 ab

1900 2823 2052 2876 omni
2086 2824 2254 2877 malo.
2281 2825 2348 2877 Et
2365 2825 2483 2878 haec
2503 2824 2692 2877 dicens
2713 2838 2900 2891 senex,
2941 2823 3197 2877 discessit
3225 2822 3295 2876 ab
3321 2839 3404 2891 ea,
3440 2828 3497 2876 et

205 2909 385 2974 rium,
412 2916 627 2966 mutato
656 2911 851 2967 habitu
883 2914 1136 2968 saeculari
1172 2915 1342 2969 indue
1371 2921 1590 2970 vestem
1616 2933 1814 2971 mona-
1844 2977 1876 2983 _
1900 2911 2226 2967 ambulabat
2253 2913 2311 2966 in
2338 2913 2428 2966 via
2449 2930 2552 2967 sua
2578 2913 2849 2983 gaudens.

205 2998 452 3064 chalem,
489 3005 551 3054 ut
571 3001 750 3072 possis
780 3003 1031 3057 evadere.
1067 3004 1202 3068 Quae
1222 3021 1348 3058 cum
1368 3005 1485 3060 haec
1514 3007 1677 3060 audis
1706 3011 1810 3080 set,
1835 2977 1879 3036 Ο
1970 3006 2161 3068 365
2189 3002 2320 3056 CAP.
2353 3001 2501 3056 VIII.
2527 2977 2984 3072 —'Euphrosyna
3012 3017 3138 3056 vero
3154 3001 3405 3072 cogitans
3434 3001 3493 3055 in

209 3087 431 3160 placuit
456 3089 558 3154 illi,
593 3096 650 3145 et
676 3090 822 3146 dixit
842 3092 910 3146 ad
944 3109 1073 3147 eum
1098 3113 1112 3148 :
1146 3095 1215 3148 Et
1238 3095 1366 3165 quis
1392 3112 1482 3150 me
1509 3096 1681 3151 habet
1694 3103 1816 3152 ton-

205 3177 384 3232 dere?
403 3178 643 3233 Nolebat
669 3196 703 3234 a
735 3182 877 3236 laico
915 3183 1156 3251 tonderi,
1174 3184 1271 3254 qui
1294 3201 1405 3239 non
1418 3192 1602 3240 servat
1618 3187 1808 3241 ﬁdem.

204 3267 359 3322 Dicit
399 3267 450 3322 ei
477 3269 784 3324 monachus
813 3269 907 3324 ille
939 3291 950 3325 :
987 3272 1124 3326 Ecce
1151 3279 1313 3344 pater
1340 3280 1473 3329 tuus
1501 3275 1687 3330 veniet
1703 3293 1815 3330 me-

205 3373 338 3411 cum
369 3357 440 3411 ad
469 3359 894 3424 monasterium,
929 3366 986 3414 et
1017 3361 1180 3415 faciet
1207 3362 1283 3415 ibi
1303 3368 1418 3416 tres
1435 3363 1552 3417 dies
1575 3365 1657 3418 vel
1681 3381 1814 3436 qua-

206 3452 360 3501 tuor.
387 3447 472 3501 Tu
501 3453 693 3502 autem
735 3449 916 3504 adduc
944 3466 1116 3504 unum
1159 3451 1228 3504 de
1257 3453 1564 3518 monachis,
1597 3458 1654 3507 et
1683 3470 1816 3525 quo-

209 3536 382 3591 modo
410 3536 582 3603 voles,
615 3546 868 3593 occurret
889 3539 990 3593 tibi
1019 3557 1146 3594 cum
1177 3557 1381 3611 magno
1409 3542 1637 3611 gaudio.

283 3626 416 3680 CAP.
448 3625 572 3681 VII.
605 3655 668 3667 -—
695 3628 828 3682 Hinc
856 3634 914 3683 et
931 3629 1019 3683 his
1034 3629 1242 3684 similia
1261 3630 1356 3684 illo
1387 3631 1606 3686 dicente
1618 3632 1687 3686 ad
1702 3634 1812 3688 Eu-

210 3715 578 3787 phrosynam,
597 3717 751 3772 venit
764 3718 1134 3790 Paphnutius,
1160 3725 1217 3773 et
1240 3720 1428 3774 videns
1450 3723 1809 3791 monachum,

211 3806 585 3876 interrogavit
629 3823 777 3873 eum,
811 3807 1000 3862 dicens
1043 3827 1053 3862 :
1094 3809 1238 3872 Quid
1268 3810 1337 3863 ad
1383 3826 1484 3864 nos
1523 3811 1813 3866 fastidium

208 3895 524 3966 sumpsisti,
556 3895 780 3950 domine
803 3896 826 3948 Τ
856 3896 925 3950 Et
952 3897 1092 3951 dixit
1120 3897 1191 3951 ad
1217 3913 1346 3952 eum
1371 3918 1382 3952 :
1417 3900 1815 3955 Anniversaria

208 3984 332 4038 dies
361 3989 449 4038 est
473 3985 990 4051 monasterii,misit
1020 4003 1108 4041 me
1139 3986 1308 4041 abbas
1329 3993 1394 4042 ut
1411 3989 1602 4043 venias
1632 3995 1688 4043 et
1719 4007 1810 4044 ac-

208 4072 388 4142 cipias
407 4071 871 4128 benedictionem.
888 4074 1120 4129 Gavisus
1137 4081 1222 4129 est
1231 4081 1419 4130 autem
1441 4077 1807 4148 Paphnutius,

207 4160 611 4232 ingressusque
631 4179 758 4216 cum
789 4179 853 4217 eo
883 4163 941 4217 in
970 4163 1302 4230 naviculam,
1323 4164 1584 4219 abierunt
1611 4166 1670 4219 in
1695 4184 1810 4221 mo-

207 4250 542 4305 nasterium.
560 4252 698 4306 Cum
712 4257 902 4307 autem
921 4261 1069 4307 esset
1087 4253 1420 4318 ibi,mittens
1440 4256 1808 4327 Euphrosyna

1899 3089 2201 3160 semetipsa
2219 3090 2383 3144 dixit:
2412 3091 2468 3144 Si
2490 3089 2849 3144 ambulavero
2869 3090 2928 3143 in
2955 3089 3296 3145 monasterio
3334 3092 3492 3162 puel-

1897 3179 2101 3246 larum,
2135 3185 2295 3250 pater
2323 3196 2482 3234 meus
2505 3179 2797 3250 requirens
2815 3179 3063 3233 iuveniet
3083 3196 3194 3247 me,
3216 3185 3273 3234 et
3291 3180 3495 3235 violen-

1897 3274 1984 3322 ter
1999 3270 2186 3323 trahet
2205 3286 2292 3323 me
2312 3269 2442 3323 inde
2465 3275 2694 3340 propter
2710 3284 2978 3340 sponsum
3009 3285 3216 3322 meum.
3251 3269 3494 3324 Proinde

1895 3375 2125 3429 pergam
2139 3359 2210 3413 ad
2223 3359 2627 3432 monasterium
2641 3356 3014 3424 virorum,ubi
3025 3358 3213 3412 nullus
3227 3359 3495 3430 suspiciet

1897 3465 1988 3502 me
2009 3465 2148 3502 esse.
2177 3448 2243 3502 Et
2263 3449 2379 3502 haec
2405 3448 2593 3502 dicens
2625 3448 2864 3519 projecit
2888 3453 3099 3502 vestem
3137 3447 3490 3515 muliebrem,

1893 3537 2189 3609 induitque
2229 3555 2288 3592 se
2330 3537 2568 3604 virilem,
2597 3543 2653 3591 et
2689 3554 2813 3592 sero
2843 3537 2987 3591 facto
3031 3537 3198 3591 exivit
3227 3538 3295 3591 de
3327 3538 3491 3592 domo

1896 3642 2017 3693 sua,
2032 3627 2309 3698 accipiens
2325 3644 2515 3681 secum
2535 3628 2874 3698 quingentos
2895 3626 3187 3691 solidos,et
3203 3626 3494 3682 abscondit

1895 3733 1955 3771 se
1984 3717 2043 3770 in
2064 3718 2252 3790 aliquo
2276 3718 2396 3772 loco
2421 3735 2522 3789 per
2544 3722 2720 3772 totam
2748 3722 2989 3771 noctem.
3010 3717 3173 3770 Mane
3194 3723 3385 3771 autem
3405 3717 3491 3771 fa~

1895 3812 2004 3874 cto,
2035 3808 2190 3861 venit
2217 3813 2378 3878 pater
2403 3809 2524 3877 ejus
2571 3807 2630 3860 in
2668 3807 2987 3872 civitatem;
3039 3806 3257 3860 volente
3300 3813 3492 3861 autem

1896 3897 2031 3961 Deo,
2047 3897 2237 3950 statim
2260 3897 2319 3950 in
2339 3896 2573 3950 ecclesia
2586 3895 3296 3968 ambulavit.Euphrosyna
3315 3897 3493 3967 igitur

1895 3986 2150 4055 pervenit
2169 3986 2240 4039 ad
2261 3986 2667 4040 monasterium
2681 3985 2838 4052 illud,
2863 3985 2958 4039 ubi
2983 3991 3038 4038 et
3056 3991 3217 4056 pater
3237 3986 3357 4056 ejus
3371 3993 3492 4041 erat

1894 4074 2304 4141 notissimus,et
2317 4075 2598 4128 nuntiavit
2615 4091 2715 4144 per
2727 4074 3024 4128 ostiarium
3037 4074 3244 4141 abbati,
3266 4076 3457 4130 dicens
3477 4095 3487 4130 :

1894 4163 2196 4218 Eunuchus
2228 4163 2456 4234 quidam
2487 4163 2556 4216 de
2586 4162 2793 4233 palatio
2824 4163 3071 4228 veniens,
3107 4170 3236 4218 ante
3281 4165 3489 4218 ostium

1890 4257 2019 4318 stat,
2052 4253 2280 4323 cupiens
2308 4253 2461 4322 loqui
2487 4258 2694 4304 tecum.
2747 4251 2983 4319 Egresso
3034 4256 3223 4303 autem
3264 4251 3482 4317 abbate,

207 4355 388 4394 unum
417 4339 690 4395 famulum
720 4341 1128 4410 ﬁdelissimum,
1152 4343 1292 4398 dixit
1316 4362 1326 4396 :
1347 4344 1502 4398 Vade
1531 4343 1589 4398 in
1617 4336 1873 4400 mona-D
1892 4342 2126 4413 projccit
2154 4359 2216 4396 se
2245 4342 2615 4411 Euphrosyna
2655 4340 2712 4393 in
2743 4345 2914 4405 terra,
2946 4345 3001 4392 et
3043 4339 3189 4392 facta
3235 4339 3488 4394 oratione

207 4429 449 4483 sterium
491 4430 806 4497 Theodosii,
849 4432 1245 4502 ingressusque
1281 4433 1592 4499 ecclesiam,
1620 4451 1812 4489 mona-

207 4519 381 4572 chum
410 4536 577 4589 quem
598 4519 674 4573 ibi
694 4521 974 4576 inveneris
993 4521 1173 4576 adduc
1193 4527 1396 4576 tecum.
1432 4523 1812 4579 Misericordia

206 4614 404 4663 autem
431 4608 533 4663 Dei
564 4625 688 4664 ecce
719 4610 946 4680 quidam
975 4611 1282 4665 monachus
1310 4611 1568 4665 veniebat
1591 4613 1660 4666 de
1690 4630 1812 4667 mo-

207 4696 480 4764 nasterio,
504 4698 750 4752 vendens
767 4715 888 4770 quae
909 4715 1095 4754 secum
1109 4699 1368 4754 habebat.
1387 4702 1454 4755 Et
1468 4701 1661 4756 videns
1680 4719 1810 4757 eum

204 4803 373 4858 puer,
394 4787 614 4857 rogavit
640 4805 769 4843 eum
799 4794 861 4843 ut
881 4789 1095 4843 veniret
1123 4790 1194 4842 ad
1223 4790 1670 4862 Euphrosynam.
1703 4792 1809 4856 Qui

203 4893 340 4931 cum
368 4876 627 4944 venisset,
661 4878 854 4932 videns
888 4894 1016 4932 eum
1043 4879 1248 4950 puella,
1281 4896 1516 4950 surgens
1549 4881 1810 4936 salutavit

202 4981 362 5033 eum,
396 4965 585 5021 dicens
609 4985 620 5020 :
655 4967 770 5021 Ora
795 4984 895 5038 pro
925 4984 1034 5035 me,
1055 4969 1223 5022 Pater
1245 4974 1508 5036 ;etorans
1527 4969 1811 5024 benedixit

202 5071 357 5121 eam,
380 5060 435 5108 et
455 5056 617 5110 sedit.
641 5055 792 5111 Dixit
815 5061 1005 5111 autem
1027 5058 1396 5129 Euphrosyna
1417 5081 1426 5112 :
1451 5060 1688 5113 Domine
1709 5060 1806 5125 mi,

203 5160 314 5214 ego
345 5143 523 5198 habeo
550 5150 770 5215 patrem
803 5146 1186 5200 Christianum
1213 5153 1269 5200 et
1288 5164 1508 5201 servum
1540 5148 1660 5215 Dei,
1686 5165 1809 5219 pos—

202 5249 490 5287 sessorem
519 5235 848 5290 substantia:
875 5235 1074 5302 nimis;
1099 5236 1408 5306 habuitque
1429 5254 1665 5291 uxorem
1686 5256 1808 5309 quae

201 5339 297 5376 me
313 5323 533 5392 genuit,
554 5339 676 5394 quae
691 5326 812 5396 jam
831 5325 1089 5380 transivit
1108 5325 1177 5380 de
1195 5327 1298 5381 hac
1318 5327 1448 5380 vita.
1474 5327 1609 5381 Vult
1619 5335 1807 5382 autem

201 5419 376 5485 pater
403 5429 563 5468 meus
592 5431 692 5485 pro
721 5413 980 5469 omnibus
1009 5415 1176 5470 rebus
1204 5416 1322 5470 suis
1343 5417 1565 5470 tradere
1588 5435 1676 5471 me
1712 5436 1810 5472 sae-

201 5504 336 5559 culo
360 5502 490 5558 huic
511 5503 721 5575 iniquo,
741 5510 798 5560 et
834 5521 937 5576 ego
956 5505 1084 5562 nolo
1105 5505 1387 5577 inquinari
1408 5506 1466 5562 in
1489 5523 1574 5573 eo,
1603 5508 1699 5562 sed
1733 5508 1808 5563 ti-

1893 4432 2176 4485 sederunt.
2197 4430 2341 4485 Dicit
2371 4431 2421 4483 ei
2449 4445 2652 4483 senex:
2681 4427 2826 4492 Quid
2847 4433 2931 4482 est
2952 4429 3099 4499 quod
3130 4429 3238 4482 huc
3265 4428 3485 4497 venisti,

1895 4521 2005 4574 ﬁli?
2023 4521 2168 4575 Dicit
2182 4520 2233 4574 ei
2255 4520 2648 4590 Euphrosyna:
2675 4518 2788 4589 Ego
2816 4518 3042 4589 quidem
3073 4518 3141 4572 de
3171 4519 3380 4589 palatio
3406 4519 3488 4573 fui

1894 4611 2203 4673 eunuchus,
2223 4615 2280 4664 et
2299 4609 2641 4664 desiderium
2671 4607 2841 4663 habui
2870 4625 3091 4680 semper
3117 4608 3489 4662 conversatio-

1893 4717 2022 4754 nem
2045 4700 2466 4763 monachorum,
2484 4704 2542 4753 et
2563 4699 2756 4753 civitas
2775 4704 2968 4753 nostra
2983 4715 3129 4752 nunc
3140 4697 3296 4752 valde
3317 4697 3489 4753 habet

1891 4789 1996 4842 hoc
2008 4789 2256 4843 studium
2274 4788 2729 4845 conversationis.
2746 4789 2956 4842 Notum
2969 4791 3160 4840 autem
3171 4787 3380 4841 factum
3401 4793 3489 4844 est

1893 4878 2028 4931 mihi
2049 4879 2117 4932 de
2137 4878 2284 4934 bona
2304 4885 2490 4934 vestra
2509 4877 2945 4941 conversatione,
2962 4881 3018 4929 et
3045 4875 3208 4947 cupio
3231 4876 3489 4934 habitare

1892 4966 2192 5023 vobiscum.
2217 4969 2408 5023 Habeo
2434 4970 2584 5022 enim
2617 4973 2674 5021 et
2704 4965 3083 5039 possessiones
3114 4967 3340 5034 multas,
3363 4975 3419 5024 et
3439 4970 3487 5024 si

1892 5059 2151 5114 dominus
2180 5060 2398 5113 dederit
2427 5059 2699 5128 requiem,
2725 5059 2939 5114 adduco
2978 5073 3072 5112 eas
3102 5058 3228 5112 huc.
3261 5059 3407 5113 Dicit
3437 5062 3489 5116 ei

1891 5166 2057 5204 senex
2090 5166 2102 5204 :
2138 5149 2287 5202 Bene
2316 5148 2533 5212 venisti,
2556 5148 2662 5200 ﬁli:
2690 5163 2815 5202 ecce
2837 5149 3280 5215 monasterium;
3304 5150 3351 5202 si
3371 5151 3489 5220 pla-

1891 5243 1998 5305 cet,
2023 5238 2214 5292 habita
2233 5238 2543 5292 nobiscum.
2569 5238 2637 5291 Et
2653 5237 2788 5290 dicit
2805 5238 2857 5290 ei
2877 5255 3043 5292 senex
3064 5239 3158 5292 ille
3184 5258 3194 5292 :
3223 5239 3383 5302 Quod
3402 5246 3490 5294 est

1890 5344 2096 5382 nomen
2126 5334 2283 5382 tuum
2308 5327 2330 5379 ?
2360 5327 2505 5382 Dicit
2525 5327 2576 5380 ei
2599 5345 2611 5379 :
2634 5326 2990 5396 Smaragdus.
3017 5327 3164 5381 Dicit
3193 5328 3242 5382 ei
3271 5326 3444 5382 abbas
3469 5347 3480 5379 :

1890 5419 2118 5472 Juvenis
2149 5434 2352 5482 es,non
2384 5423 2543 5488 potes
2573 5417 2723 5471 solus
2742 5417 2957 5483 sedere,
2987 5433 3126 5487 opus
3144 5424 3228 5472 est
3251 5417 3350 5471 tibi
3377 5418 3479 5469 ha-

1890 5507 2024 5564 bere
2054 5507 2407 5576 magistrum,
2439 5513 2504 5563 ut
2533 5507 2712 5562 discas
2740 5508 2994 5578 regulam
3022 5511 3080 5560 et
3107 5504 3480 5561 conversatio-
