3892 6182
459 223 560 279 647

1474 215 1567 271 DE
1602 214 1792 273 VITIS
1829 213 2128 271 PATRUM
2164 211 2378 270 LIBER
2417 211 2708 270 PRIMUS.

3557 232 3642 291 648

455 367 584 406 nem
616 347 1036 403 monachorum.
1089 342 1194 407 Qui
1242 342 1382 397 dixit
1422 340 1610 396 abbati
1637 359 1648 394 :
1682 342 1838 396 Sicut
1861 340 2044 412 jubes,
2065 339 2507 402 Alaborantium
2524 341 2768 411 requies,
2793 341 3137 411 gementium
3154 349 3330 417 portus
3345 355 3468 406 erat.
3485 354 3643 427 Terra,

457 439 683 494 domine
714 436 811 501 mi,
847 434 924 490 sic
948 433 1109 488 facio.
1141 433 1210 487 Et
1230 431 1464 504 protulit
1489 431 1824 503 quingentos
1845 431 2049 485 SOIldOS

453 529 513 582 in
544 543 714 581 manu
758 523 994 587 abbatis,
1033 522 1260 576 dicens:
1291 521 1494 590 Accipe
1540 520 1766 574 interim
1798 521 1953 586 istos,
1996 524 2053 573 et

455 617 501 670 si
527 615 718 669 videro
768 613 900 684 quia
939 610 1149 682 possim
1203 611 1438 664 sufferre
1477 609 1586 676 hic,
1616 610 1844 663 venient
1869 614 1926 662 et
1951 609 2049 662 illa

453 705 687 774 reliqua.
723 701 953 761 Vocavit
983 700 1153 754 abbas
1173 717 1349 754 unum
1377 699 1628 765 fratrem,
1651 698 1878 752 nomine
1907 700 2046 768 Aga-

453 793 654 864 pitum,
680 792 860 845 virum
888 801 1164 854 sanctum,
1198 794 1255 842 et
1282 788 1702 860 impassibilem,
1735 787 1971 841 tradidit
1989 787 2047 840 in

451 898 652 937 manus
672 883 794 953 ejus
824 879 1216 950 Smaragdum,
1250 878 1440 932 dicens
1464 896 1474 930 :
1507 877 1724 932 Amodo
1754 877 1842 930 hic
1863 877 1970 931 erit
1989 877 2050 930 ﬁ-

448 971 558 1026 lius
587 977 718 1026 tuus
748 975 804 1024 et
831 969 1134 1042 discipulus
1163 987 1175 1035 ;
1209 967 1379 1022 talem
1401 983 1530 1021 eum
1560 967 1846 1036 consigna,
1879 971 1942 1020 ut
1962 982 2051 1019 ex-

449 1066 678 1133 superet
689 1059 1042 1130 magistrum.
1064 1058 1131 1113 Et
1151 1057 1306 1112 ﬁexis
1327 1056 1583 1127 genibus,
1605 1056 1748 1111 facta
1766 1055 2038 1122 oratione,

448 1149 799 1220 consignavit
821 1164 968 1203 eum.
991 1148 1060 1202 Et
1075 1145 1539 1218 respondentibus
1563 1145 1822 1199 omnibus
1842 1146 2040 1209 Amen,

450 1239 698 1310 suscepit
725 1255 854 1293 eum
872 1237 1144 1308 Agapitus
1159 1236 1218 1290 in
1236 1236 1433 1290 cellam
1452 1235 1707 1289 suam.Et
1719 1234 1850 1305 quia
1870 1233 2044 1288 habe-

451 1329 547 1382 bat
571 1327 788 1384 vultum
817 1327 1082 1381 decorum
1131 1325 1492 1395 Smaragdus,
1539 1325 1673 1378 dum
1703 1323 1961 1378 veniebat
1987 1322 2047 1376 in

450 1418 741 1474 ecclesiam
774 1416 844 1471 ad
871 1414 1283 1486 deprecandum
1314 1415 1514 1483 Deum,
1550 1413 1755 1466 multos
1793 1412 2048 1466 diabolus

449 1505 720 1562 incitabat
761 1505 1026 1558 adversus
1056 1504 1314 1557 decorem
1349 1503 1534 1557 vultus
1567 1502 1718 1556 illius
1745 1518 1845 1573 per
1869 1501 2048 1555 malas

451 1595 838 1667 cogitationes,
856 1594 936 1647 ita
963 1597 1026 1646 ut
1048 1608 1242 1646 omnes
1272 1592 1493 1646 molesti
1515 1597 1703 1646 essent
1727 1590 1935 1656 abbati,
1953 1590 2049 1661 qui

2133 436 2303 497 terra,
2334 447 2436 484 nec
2480 431 2625 485 celes
2655 431 2990 502 sanguinem
3022 449 3222 501 meum,
3265 436 3421 494 donec
3465 443 3644 501 videam

2133 520 2267 590 quid
2289 520 2668 592 Euphrosynen
2697 520 2826 576 ﬁlia)
2854 538 2992 575 meae
3021 521 3318 594 contigerit.
3356 528 3469 584 Haec
3510 539 3557 585 et
3577 535 3650 589 his

2133 609 2340 663 similia
2368 609 2684 680 Paphnutio
2715 615 3107 681 prosequente,
3147 612 3470 672 elevaverunt
3493 636 3649 677 omnes

2131 699 2226 769 qui
2255 699 2492 753 aderant
2512 715 2692 766 voces,
2719 705 2773 753 et
2786 698 3013 767 ﬁebant,
3037 701 3118 755 ita
3134 706 3195 756 ut
3214 705 3380 759 omnis
3405 707 3572 763 civitas
3584 711 3651 765 la-

2131 793 2484 842 mentaretur
2512 805 2658 842 eam.

2203 879 2337 930 CAP.
2371 877 2439 930 X.
2466 907 2531 915 —
2553 877 2678 931 Non
2708 877 2981 932 sufferens
3017 883 3201 933 autem
3224 881 3553 953 Paphnutius,
3573 904 3656 943 nec

2133 966 2423 1019 inveniens
2453 965 2909 1033 consolationem,
2946 969 3188 1038 perrexit
3229 971 3294 1024 ad
3338 981 3658 1032 memoratum

2125 1071 2336 1120 senem,
2367 1054 2436 1108 de
2458 1071 2566 1126 quo
2588 1071 2759 1127 supra
2779 1055 3040 1124 diximus,
3065 1073 3124 1112 ar
3145 1058 3419 1128 procidens
3435 1062 3498 1116 ad
3523 1065 3661 1134 pedes

2128 1146 2268 1214 ejus,
2299 1144 2441 1198 dixit
2464 1162 2475 1197 :
2503 1145 2638 1198 Peto
2659 1161 2729 1198 ne
2761 1147 3150 1212 cessesm
3176 1163 3348 1216 orare,
3370 1155 3430 1204 ut
3461 1151 3667 1208 invenia-

2127 1239 2222 1287 tur
2241 1231 2400 1287 labor
2427 1233 2747 1288 orationum
2769 1240 2997 1289 tuarum
3019 1255 3031 1303 ;
3050 1236 3230 1290 nescio
3251 1237 3392 1291 enim
3420 1239 3538 1309 quid
3555 1242 3666 1295 acci-

2129 1323 2275 1376 derit
2315 1322 2442 1376 ﬁliae
2471 1339 2628 1378 meae.
2674 1323 2925 1378 Audiens
2958 1329 3144 1378 autem
3175 1326 3488 1381 venerabilis
3510 1345 3664 1397 senex,

2129 1410 2492 1466 contristatus
2514 1417 2599 1466 est
2621 1411 2801 1478 valde,
2825 1417 2881 1466 et
2912 1413 3081 1483 jussit
3107 1412 3174 1468 ad
3205 1430 3262 1468 se
3286 1431 3466 1470 omnes
3499 1417 3666 1473 fratres

2131 1499 2339 1567 venire,
2376 1505 2432 1553 et
2456 1499 2598 1554 dixit
2625 1499 2705 1553 eis
2739 1518 2750 1554 :
2787 1500 3077 1556 Ostendite
3105 1501 3444 1570 charitatem,
3471 1503 3666 1572 fratres;

2132 1589 2478 1660 postulemus
2509 1607 2543 1642 a
2571 1589 2809 1643 Domino
2839 1597 2903 1644 ut
2940 1591 3203 1662 dignetur
3237 1592 3391 1646 nobis
3418 1594 3668 1648 ostendere

449 1687 618 1740 talem
636 1682 1110 1756 pulchritudinem
1129 1681 1528 1736 introduxisset
1548 1681 1603 1735 in
1623 1681 2044 1735 monasterium.
2069 1697 2116 1755 Β
2133 1679 2264 1749 quid
2295 1678 2504 1732 factum
2537 1678 2611 1732 sit
2638 1679 2707 1732 de
2737 1678 2853 1732 ﬁlia
2882 1680 3048 1734 amici
3074 1682 3251 1735 nostri
3297 1681 3589 1753 Paphnutii.
3613 1683 3670 1737 Et

449 1774 638 1829 Abbas
659 1779 848 1828 autem
877 1773 994 1827 haec
1024 1771 1276 1837 audiens,
1308 1771 1526 1825 vocavit
1563 1770 1955 1842 Smaragdum,
1993 1774 2050 1823 et

451 1864 591 1918 dixit
619 1863 669 1917 ei
701 1883 711 1916 :
747 1862 987 1917 Pulchra
1005 1865 1092 1915 est
1119 1860 1307 1924 facies,
1330 1860 1430 1925 ﬁli,
1467 1860 1705 1913 inﬁrmis
1733 1859 2000 1913 fratribus
2031 1875 2045 1925 ;

449 1953 572 2007 volo
598 1957 786 2006 autem
816 1955 881 2004 ut
904 1950 1098 2004 sedeas
1120 1949 1270 2003 solus
1299 1948 1355 2002 in
1384 1949 1525 2003 cella
1550 1953 1666 2014 tua,
1702 1954 1759 2002 et
1791 1947 1867 2001 ibi
1895 1947 2044 2019 psal-

448 2041 552 2108 las,
582 2047 641 2095 et
666 2039 743 2094 ibi
767 2039 1088 2100 manduces,
1115 2055 1226 2092 non
1244 2044 1434 2092 tamen
1454 2053 1811 2108 egressurum
1835 2043 1891 2090 te
1914 2036 2043 2090 inde

449 2129 672 2185 alicubi.
707 2129 776 2184 Et
800 2129 1064 2200 praecepit
1112 2127 1353 2199 Agapito
1382 2134 1445 2181 ut
1476 2133 1818 2199 praepararet
1849 2126 2043 2180 cellam

445 2219 774 2285 solitariam,
806 2223 862 2273 et
881 2218 940 2272 in
964 2234 1030 2272 ea
1050 2217 1281 2287 degeret
1303 2217 1662 2287 Smaragdus.
1683 2216 1836 2270 Fecit
1854 2221 2044 2269 autem

443 2309 719 2381 Agapitus
747 2307 937 2363 omnia
964 2324 1086 2378 qua:
1106 2305 1212 2360 sibi
1229 2323 1263 2360 a
1282 2307 1449 2361 Patre
1479 2305 1804 2359 monasterii
1825 2304 2047 2359 fuerant

445 2400 745 2470 imperata,
773 2403 829 2451 et
855 2395 1166 2451 introduxit
1195 2395 1566 2465 Smaragdum
1606 2395 1660 2448 in
1693 2394 1892 2449 cellam
1919 2394 2048 2448 soli-

445 2488 673 2554 tariam,
701 2492 764 2541 et
781 2491 905 2541 erat
932 2485 1008 2539 ibi
1023 2484 1372 2539 orationibus
1393 2500 1612 2546 vacans,
1629 2483 1971 2554 jejuniisque
1991 2488 2048 2537 et

454 2576 660 2647 vigiliis
689 2581 851 2629 nocte
882 2591 945 2628 ac
973 2574 1063 2628 die
1084 2589 1312 2645 operam
1333 2572 1516 2638 dabat,
1534 2572 1780 2626 serviens
1806 2571 2044 2626 Domino

445 2667 502 2719 in
528 2664 885 2736 simplicitate
904 2663 1104 2730 cordis,
1125 2663 1206 2716 ita
1222 2667 1287 2716 ut
1298 2663 1602 2718 miraretur
1621 2661 1916 2733 praedictus
1936 2661 2044 2715 fra-

444 2754 654 2824 ter,qui
676 2769 805 2807 eum
827 2757 1168 2824 susceperat,
1194 2757 1251 2805 et
1273 2751 1534 2806 omnibus
1557 2749 1828 2806 fratribus
1848 2751 2044 2805 retulit

445 2845 567 2914 ejus
599 2843 1064 2908 constantiam,et
1092 2857 1286 2895 omnes
1317 2840 1709 2895 collaudabant
1741 2840 2041 2910 Deum,qui

445 2933 502 2987 in
522 2932 851 2986 inﬁrmitate
880 2931 1015 2985 talia
1043 2936 1325 3001 operatur.

2124 1767 2202 1835 jej
2213 1772 2453 1821 unantes
2476 1783 2690 1827 omnes,
2724 1773 2782 1822 et
2800 1774 3045 1835 orantes,
3061 1774 3120 1822 et
3137 1775 3257 1823 tota
3270 1769 3590 1825 hebdomada
3606 1771 3672 1824 ni-

2128 1855 2207 1909 hil
2238 1856 2318 1910 eis
2340 1857 2651 1912 revelatum
2678 1863 2764 1911 est
2792 1858 2861 1911 de
2891 1858 3279 1930 Euphrosyna,
3312 1859 3448 1914 sicut
3473 1859 3668 1925 solebat,

2129 1945 2351 2014 quando
2371 1946 2596 2000 aliunde
2614 1945 2892 2016 rogabant
2904 1947 3082 2001 Deum
3092 1989 3102 2000 .
3112 1948 3305 2003 Oratio
3317 1949 3456 2003 enim
3466 1947 3535 2002 Eu
3541 1949 3675 2019 phro-

2127 2050 2279 2106 synaa
2299 2041 2422 2089 erat
2431 2036 2502 2089 ad
2516 2036 2693 2090 Deum
2713 2036 2804 2090 die
2825 2041 3203 2108 noctuque,ne
3224 2037 3555 2092 manifestam
3574 2053 3675 2091 eam

2127 2122 2334 2178 faceret
2353 2124 2410 2179 in
2435 2125 2548 2179 vita
2573 2141 2675 2180 sua
2692 2125 2861 2180 Deus.
2897 2127 3040 2181 Cum
3064 2132 3260 2181 autem
3276 2143 3375 2182 nec
3399 2127 3509 2181 seni
3529 2142 3676 2197 neque

2129 2212 2295 2267 alicui
2327 2213 2486 2269 fratri
2515 2215 2823 2269 revelatum
2868 2221 3032 2282 esset,
3075 2217 3247 2287 coepit
3292 2215 3548 2271 consolari
3576 2231 3678 2269 eum

2129 2301 2300 2356 abbas
2327 2322 2337 2356 :
2373 2303 2500 2357 Noli
2532 2303 2788 2370 deﬁcere,
2823 2305 2921 2370 ﬁli,
2953 2322 2985 2359 a
3012 2305 3312 2376 disciplina
3331 2304 3556 2371 Domini,
3577 2304 3683 2375 quia

2129 2406 2295 2464 quem
2350 2391 2534 2464 diligit
2582 2393 2857 2448 Dominus
2905 2394 3140 2466 corripit
3174 2396 3349 2466 (Prov.
3382 2395 3481 2463 In).
3514 2393 3575 2448 Et
3598 2392 3684 2447 hoc

2127 2481 2290 2549 scias,
2317 2481 2448 2552 quia
2477 2481 2597 2536 sine
2623 2483 2909 2538 voluntate
2929 2483 3032 2538 Dei
3048 2499 3202 2539 unus
3230 2501 3420 2556 passer
3445 2482 3687 2539 noncadet

2127 2571 2186 2624 in
2215 2576 2369 2625 terra
2397 2573 2570 2640 (Luca:
2587 2575 2708 2638 χιι),
2738 2572 2963 2642 quando
2984 2573 3174 2644 magis
3198 2574 3316 2629 ﬁlia
3339 2573 3472 2628 tua?
3496 2571 3684 2642 Absque

2125 2665 2267 2714 nutu
2296 2660 2447 2716 illius
2471 2660 2613 2715 nihil
2641 2661 2922 2732 provenit.
2964 2661 3097 2717 Scio
3145 2663 3299 2718 enim
3354 2663 3481 2734 quia
3514 2661 3686 2716 bonam

2125 2754 2342 2819 partem
2368 2749 2473 2804 sibi
2503 2750 2692 2821 elegit,
2716 2756 3014 2822 propterea
3033 2751 3108 2808 de
3137 2769 3206 2807 ea
3234 2753 3376 2807 nihil
3401 2751 3548 2806 nobis
3562 2765 3684 2803 reve.

2123 2839 2303 2892 latum
2326 2844 2428 2893 est.
2464 2840 2588 2894 Scio
2609 2841 2940 2912 enim,quod
2952 2840 3179 2907 absit,si
3205 2841 3263 2896 in
3277 2841 3437 2896 malis
3461 2837 3684 2912 operibus

2123 2928 2725 3001 incidisset,nunquam
2738 2930 2886 2984 Deus
2899 2930 3240 3001 despexerat
3250 2935 3466 2985 tantum
3476 2927 3688 2983 laborem

515 3023 646 3076 CAP.
679 3021 773 3076 IX.
805 3047 867 3058 —
898 3019 1249 3091 Paphnutius
1277 3024 1467 3074 autem
1504 3024 1666 3091 pater
1705 3019 1875 3085 illius,
1910 3035 2037 3072 cum
2058 3017 2101 3077 Ο
2122 3016 2380 3072 fratrum.
2413 3017 2604 3072 Habeo
2630 3019 2894 3073 ﬁduciam
2914 3020 2972 3073 in
3002 3019 3412 3092 Domino,quia
3426 3019 3482 3073 in
3499 3015 3691 3072 hacvita

441 3128 696 3167 reversus
710 3115 858 3164 esset
867 3109 1037 3175 domi,
1047 3108 1282 3163 festinus
1293 3109 1579 3180 ingressus
1591 3114 1678 3164 est
1696 3108 2011 3164 cubiculum
2020 3148 2034 3174 ,

441 3201 500 3255 in
531 3216 640 3271 quo
670 3199 787 3254 ﬁlia
818 3200 941 3271 ejus
971 3214 1200 3252 manere
1223 3198 1388 3252 solita
1409 3203 1549 3265 erat,
1570 3205 1626 3253 et
1646 3215 1759 3253 non
1789 3198 2033 3264 inventa,

441 3289 620 3344 tristis
643 3304 1001 3359 maerensque
1030 3288 1260 3342 effectus
1290 3279 1459 3359 cdpit
1487 3288 1811 3359 perquirere
1841 3286 2038 3342 anxius

439 3395 627 3434 servos
656 3383 713 3434 et
744 3379 974 3433 ancillas
999 3376 1132 3448 quid
1157 3377 1226 3432 de
1258 3377 1626 3449 Euphrosyna
1655 3383 1843 3432 actum
1869 3382 2033 3431 esset.

440 3469 637 3525 Pueris
667 3474 856 3524 autem
885 3466 1240 3522 dicentibus:
1275 3466 1591 3531 Quianocte
1619 3466 1860 3521 vidimus
1891 3482 2034 3534 eam,

439 3575 604 3614 mane
614 3564 807 3614 autem
820 3573 932 3612 non
944 3556 1277 3629 comparuit.
1294 3557 1363 3610 Et
1376 3556 1696 3627 putavimus
1715 3554 1862 3626 quod
1879 3559 2042 3626 pater

437 3649 590 3703 illius
619 3647 880 3702 infantuli
897 3647 993 3718 qui
1015 3663 1140 3701 eam
1160 3643 1844 3716 desponsaverat,venerit
1871 3649 1928 3698 et
1954 3648 2040 3698 tu-

437 3739 568 3793 lerit
593 3754 739 3793 eam.
764 3738 834 3792 Et
857 3737 1013 3791 misit
1041 3752 1229 3791 servos
1260 3751 1391 3790 suos
1419 3736 1490 3790 ad
1519 3736 1749 3790 domum
1781 3733 1950 3800 illius,
1979 3738 2038 3787 et

438 3842 549 3880 non
572 3825 911 3880 invenerunt
941 3841 1084 3879 eam.
1109 3824 1359 3879 Audiens
1379 3823 1779 3895 sponsusillius
1791 3829 1844 3878 et
1874 3827 2037 3894 pater

438 3917 579 3985 ejus,
611 3915 927 3969 contristati
943 3920 1077 3969 sunt
1104 3913 1282 3980 valde,
1304 3914 1653 3968 etvenientes
1674 3914 1744 3967 ad
1764 3913 2031 3984 Paphnu-

2119 3106 2379 3162 ostendat
2407 3123 2530 3162 eam
2559 3106 2661 3163 tibi
2692 3108 2860 3163 Deus.
2893 3109 3153 3165 Audiens
3197 3111 3315 3164 haec
3361 3105 3690 3181 Paphnutius,

2119 3196 2329 3268 recepit
2356 3197 2815 3265 consolationem,
2846 3199 3060 3270 gratias
3098 3215 3278 3272 agens
3307 3199 3440 3266 Deo,
3479 3203 3532 3252 et
3553 3209 3694 3250 orans

2122 3285 2392 3356 quotidie,
2429 3286 2588 3342 bonis
2629 3288 2891 3360 operibus
2936 3296 2994 3343 et
3042 3289 3430 3362 eleemosynis
3474 3287 3690 3342 intentus

2124 3380 2264 3430 erat.

2193 3465 2324 3519 CAP.
2356 3467 2432 3520 XI
2440 3495 2522 3518 .—
2545 3465 2681 3521 Post
2699 3467 3017 3538 aliquantus
3028 3484 3171 3522 vero
3191 3467 3316 3523 dies
3335 3463 3583 3521 visitabat
3607 3475 3701 3516 mo-

2119 3553 2451 3622 nasterium,
2479 3556 2876 3612 commendans
2905 3574 2965 3612 se
2993 3557 3054 3611 in
3083 3556 3440 3612 orationibus
3468 3553 3695 3608 fratrum.

2121 3644 2246 3698 Una
2265 3648 2456 3700 autem
2485 3644 2574 3699 die
2603 3646 2830 3701 veniens
2869 3647 2940 3701 ad
2969 3644 3266 3714 abbatem,
3309 3644 3540 3719 projecit
3566 3657 3620 3696 se
3645 3637 3702 3693 ad

2118 3734 2290 3806 pedes
2328 3735 2470 3805 ejus,
2501 3735 2729 3791 dicens:
2763 3736 2877 3790 Ora
2905 3753 3007 3808 pro
3039 3753 3158 3804 me,
3195 3738 3391 3802 Pater,
3443 3734 3568 3805 quia
3607 3744 3699 3784 non

2118 3839 2347 3894 possum
2377 3824 2610 3879 sufferre
2630 3825 2882 3880 dolorem
2911 3827 2981 3880 de
3007 3826 3136 3881 ﬁlia
3158 3841 3310 3892 mea,
3337 3823 3436 3880 sed
3465 3819 3628 3893 magis
3652 3833 3705 3872 ac

2117 3913 2296 3984 magis
2326 3913 2396 3970 de
2424 3913 2515 3969 die
2543 3915 2603 3969 in
2642 3915 2792 3970 diem
2842 3921 3157 3971 renovatur
3210 3922 3272 3971 et
3314 3914 3511 3970 crescit
3534 3908 3704 3964 vulnus

434 4004 941 4070 tium,invenerunt
951 4019 1076 4058 eum
1089 4003 1448 4058 vehementer
1458 4003 2031 4074 afflictum,jacentem
2114 4019 2322 4070 meum,
2347 4009 2404 4058 et
2428 4004 2739 4059 tribulatur
2755 4004 2944 4059 anima
2962 4021 3115 4062 mea.
3141 4005 3364 4060 Videns
3379 4007 3563 4059 autem
3587 4011 3697 4053 eum

432 4093 493 4147 in
515 4093 1022 4156 terra,etdixerunt
1038 4091 1121 4148 ei:
1154 4092 1410 4147 Forsitan
1427 4092 1630 4164 aliquis
1647 4093 1866 4147 seduxit
1881 4109 2026 4161 eam,
2113 4108 2280 4147 senex
2308 4093 2478 4148 nimis
2507 4093 2797 4162 afﬂictum,
2831 4093 2965 4148 dicit
2992 4094 3043 4148 ei
3068 4114 3081 4148 :
3115 4095 3221 4150 Vis
3261 4092 3594 4164 colloquium
3611 4088 3696 4142 ha-

435 4187 492 4237 et
519 4180 666 4253 fugit
692 4198 818 4238 cum
850 4181 962 4236 illa.
998 4182 1313 4254 Statimque
1357 4182 1499 4236 servi
1528 4181 1678 4236 illius
1709 4199 1835 4236 cum
1867 4183 2026 4254 equis
2107 4180 2240 4236 bere
2271 4197 2398 4236 cum
2427 4198 2540 4238 uno
2567 4183 2741 4238 fratre
2769 4183 3071 4255 spirituali,
3101 4185 3208 4256 qui
3231 4184 3392 4239 venit
3417 4183 3485 4239 de
3512 4175 3698 4253 palatio

433 4287 535 4343 per
560 4276 737 4326 totam
786 4271 1184 4326 Alexandriam
1237 4272 1393 4326 missi
1441 4276 1590 4326 sunt.
1625 4271 1801 4326 Erant
1836 4277 2026 4326 autem
2108 4271 2718 4343 Theodosii?ignorans
2735 4273 2883 4346 quod
2907 4273 3031 4344 ipsa
3060 4280 3224 4329 esset
3251 4274 3374 4329 ﬁlia
3404 4275 3540 4344 ejus.
3569 4265 3700 4323 Dixit

433 4360 509 4415 ibi
534 4365 591 4416 et
609 4361 1271 4432 naves,intrantesquein
1289 4378 1382 4416 eas
1394 4360 1756 4432 requirebant
1776 4378 1878 4432 per
1892 4361 2022 4416 vim.
2047 4361 2161 4441 Dei
2192 4361 2544 4432 Paphnutius
2575 4381 2586 4417 :
2621 4363 2779 4417 Volo.
2814 4363 2883 4417 Et
2908 4365 3132 4417 vocavit
3190 4362 3374 4418 abbas
3405 4359 3698 4433 Agapitum.

435 4451 505 4506 Et
531 4456 845 4506 scrutantes
867 4449 1210 4504 monasteria
1231 4450 1568 4520 puellarum,
1585 4456 1886 4517 eremos,et
1905 4468 2031 4522 spe-

432 4540 646 4608 luncas,
680 4557 781 4612 per
809 4540 1006 4594 domos
1036 4538 1348 4592 amicorum
1373 4545 1430 4593 et
1457 4539 1799 4607 vicinorum;
1832 4546 1888 4594 et
1915 4557 2028 4594 non

436 4634 680 4702 reperta,
712 4635 986 4700 tanquam
1006 4633 1288 4682 mortuam
1305 4627 1572 4698 lugebant
1587 4643 1732 4695 eam,
1750 4645 1909 4683 socer
1929 4645 2030 4683 nu-

432 4735 578 4786 rum,
612 4735 851 4790 sponsus
880 4733 1144 4790 sponsam
1176 4715 1373 4784 ﬁebat;
1408 4722 1568 4788 pater
1605 4716 1777 4770 ﬁliam
1807 4717 2024 4789 lugens,

434 4807 652 4862 dicebat
675 4824 686 4860 :
720 4809 872 4862 Heu!
905 4808 1044 4864 heu!
1067 4806 1182 4860 ﬁlia
1202 4805 1560 4861 dulcissima?
1579 4806 1686 4861 heu
1699 4823 1787 4860 me
1813 4808 1823 4860 !
1847 4808 2031 4862 oculo-

434 4911 560 4951 rum
581 4913 835 4952 meorum
856 4895 1161 4952 consolatio
1182 4896 1339 4950 mea!
1365 4896 1500 4960 Quis
1525 4913 1708 4950 meam
1729 4896 1934 4950 invasit
1951 4896 2030 4951 fa-

435 4983 698 5039 cultatem
712 4986 737 5038 ?
760 4987 886 5056 quis
913 5003 1096 5041 meam
1119 4986 1526 5057 possessionem
1548 4985 1788 5056 sparsit?
1803 4986 1927 5056 quis
1947 4985 2028 5040 vi-

434 5088 599 5129 neam
620 5090 805 5128 meam
825 5074 1083 5129 siccavit?
1098 5075 1223 5146 quis
1239 5091 1423 5129 meam
1437 5075 1722 5129 lucernam
1736 5075 2028 5130 exstinxit?

434 5163 560 5234 quis
579 5179 736 5234 spem
749 5179 930 5218 meam
946 5163 1251 5218 fraudavit?
1267 5165 1391 5237 quis
1402 5163 1874 5236 pulchritudinem
1897 5165 2024 5220 ﬁlia

2111 4449 2359 4520 dixitque
2388 4451 2475 4505 ei:
2509 4451 2663 4506 Tolle
2691 4452 3075 4524 Paphnutium
3120 4458 3184 4507 et
3225 4451 3493 4507 introduc
3521 4462 3636 4503 eum
3655 4444 3704 4496 in

2111 4539 2308 4592 cellam
2332 4539 2644 4610 Smaragdi.
2663 4541 2730 4596 Et
2749 4540 3061 4596 introduxit
3091 4558 3233 4597 eum
3253 4542 3316 4597 in
3338 4539 3537 4596 cellam
3564 4537 3703 4591 Sma-

2112 4629 2436 4699 ragdi,nihil
2461 4631 2512 4684 ei
2539 4635 2707 4685 antea
2724 4631 3102 4686 innotescens.
3122 4633 3279 4687 Cum
3291 4637 3487 4687 autem
3506 4625 3708 4681 vidisset

2112 4717 2294 4772 subito
2325 4724 2542 4790 patrem
2567 4736 2752 4783 suum,
2781 4736 3129 4791 cognoscens
3150 4738 3315 4788 eum,
3331 4725 3455 4776 tota
3469 4709 3706 4786 lacrymis

2112 4808 2326 4879 repleta
2374 4813 2477 4863 est.
2509 4809 2861 4880 Paphnutius
2891 4815 3083 4864 autem
3115 4809 3404 4882 sperabat
3429 4823 3550 4863 esse
3576 4817 3709 4859 com-

2111 4897 2500 4968 punctionem;
2545 4915 2661 4953 non
2690 4899 2840 4953 enim
2867 4899 3136 4970 cognovit
3167 4916 3326 4967 eam,
3361 4898 3498 4971 quia
3522 4889 3708 4966 species

2109 4987 2294 5042 vultus
2317 4989 2589 5042 emarcuit
2606 5005 2720 5060 prae
2742 4988 2916 5043 nimia
2942 4987 3330 5054 abstinentia,
3357 4986 3561 5060 vigiliis
3579 4989 3630 5038 et
3644 4979 3713 5034 la-

2111 5080 2335 5149 crymis.
2369 5078 2450 5132 De
2474 5078 2690 5133 cuculla
2719 5083 2907 5133 autem
2937 5078 3175 5149 operuit
3204 5079 3420 5134 faciem
3451 5090 3622 5138 suam,
3653 5083 3712 5123 ne

2110 5166 2296 5237 aliquo
2325 5168 2490 5222 modo
2511 5173 2842 5239 agnosceret
2869 5167 3223 5224 eam.Facta
3254 5174 3454 5226 autem
3486 5161 3716 5222 oratione

432 5252 833 5307 meaviolavit?
861 5254 986 5324 quis
1005 5259 1170 5325 putas
1183 5254 1342 5327 lupus
1363 5272 1571 5325 agnam
1589 5271 1770 5310 meam
1791 5254 2024 5327 dissipa-
2106 5255 2388 5312 sederunt.
2406 5257 2588 5328 Coepit
2612 5263 2799 5313 autem
2829 5258 2881 5313 ei
2908 5257 3062 5329 loqui
3094 5259 3174 5314 de
3205 5259 3394 5315 futuri
3415 5255 3572 5328 regni
3599 5252 3714 5306 bea-

428 5340 544 5397 vit?
563 5341 746 5413 qualis
762 5342 917 5397 locus
937 5345 1107 5398 talem
1127 5345 1342 5399 vultum
1363 5345 1587 5415 tetigit?
1602 5345 1779 5416 qualis
1795 5346 2025 5417 pelagus

430 5432 707 5504 captivam
736 5431 892 5487 ducit
919 5432 1073 5486 illam
1102 5433 1450 5504 imperialem
1479 5433 1715 5488 faciem?
1732 5435 1834 5488 Illa
1852 5451 2024 5505 gene-

429 5521 677 5576 rositatis
707 5522 1053 5589 constitutio,
1093 5522 1187 5575 illa
1218 5523 1488 5578 malorum
1522 5523 1876 5591 consolatrix,
1929 5524 2026 5578 illa

2107 5346 2346 5401 titudine
2367 5353 2424 5401 et
2444 5347 2625 5418 gloria
2649 5349 3009 5420 sempiterna,
3041 5351 3353 5420 quomodo
3382 5365 3487 5423 per
3513 5337 3716 5401 humili-

2105 5441 2283 5490 tatem
2304 5442 2361 5491 et
2380 5439 2715 5506 castitatem,
2739 5444 2907 5510 atque
2925 5443 3194 5495 sanctam
3215 5437 3712 5495 conversationem.

2108 5541 2208 5595 per
2235 5526 2647 5599 eleemosynam
2671 5534 2728 5582 et
2752 5528 3114 5587 charitatem.
3136 5530 3215 5584 ad
3249 5546 3383 5586 eam
3412 5528 3538 5601 quis
3561 5517 3718 5598 possit
