3954 6190
289 222 401 281 649

1190 223 1359 279 VITA
1399 222 1707 281 SANCTIE
1744 218 2268 291 EUPHROSYNE,
2307 217 2654 279 VIRGINIS.

3464 228 3571 291 650

285 350 633 423 pertingere.
659 346 728 403 Et
754 345 824 401 de
854 351 1178 421 contemptu
1207 350 1410 415 saeculi,
1447 368 1552 406 nec
1574 350 1889 424 diligendos
1908 353 1954 410 Α
1972 350 2114 405 meis
2126 348 2492 423 promittebas
2501 349 2676 405 ﬁliam
2695 351 2920 406 meam?
2933 351 3072 407 Ecce
3087 369 3202 410 non
3213 355 3392 414 solum
3408 358 3570 416 illam

286 457 415 495 esse
444 440 589 494 ﬁlios
617 439 741 511 plus
773 455 941 510 quam
964 439 1163 505 Deum,
1198 440 1293 511 qui
1318 441 1569 495 omnium
1587 441 1796 496 exstitit
1810 440 1894 495 fa-

287 537 433 585 ctor.
462 527 841 603 Apostolicam
874 545 1096 599 quoque
1129 529 1464 600 scripturam
1494 531 1890 602 interpretans,

288 620 578 691 quomodo
617 616 905 671 tribulatio
947 617 1277 689 patientiam
1307 624 1591 690 operatur,
1623 620 1893 691 patientia

286 707 687 781 probationem
714 709 884 774 (Rom.
913 708 987 776 v).
1016 708 1226 762 Videns
1253 725 1378 762 vero
1412 714 1629 780 patrem
1650 726 1814 763 suum
1836 710 1895 764 in

285 798 451 869 gravi
485 813 740 863 maerore,
776 796 1222 867 compatiebatur
1251 797 1350 851 illi.

365 888 500 942 CAP.
535 887 660 941 XII.
681 913 742 922 —
760 885 868 940 Sed
884 885 1090 939 timens
1110 902 1181 940 ne
1205 891 1620 957 agnosceretur,
1649 888 1896 959 etimpe-

289 975 612 1031 dimentum
638 975 690 1029 ei
724 976 949 1041 faceret,
992 975 1182 1030 volens
1219 982 1407 1030 autem
1439 993 1566 1030 eum
1598 976 1893 1041 consolari,

290 1065 442 1120 dixit
470 1065 522 1119 ei
552 1084 564 1119 ε
598 1065 774 1120 Crede
798 1064 936 1118 mihi
966 1065 1113 1135 quod
1134 1081 1244 1119 non
1268 1065 1535 1136 despiciet
1556 1070 1612 1120 te
1642 1067 1809 1120 Deus.
1830 1067 1900 1120 Et

290 1154 342 1208 si
366 1155 429 1208 in
447 1153 821 1226 perditionem
837 1154 1028 1208 anima
1049 1160 1197 1208 esset
1220 1155 1347 1209 ﬁlias
1366 1160 1496 1219 tuae,
1513 1155 1899 1209 manifestaret

293 1260 426 1298 eam
442 1243 545 1297 tibi
576 1244 746 1309 Deus,
776 1249 840 1296 ut
868 1260 969 1297 nec
988 1243 1084 1296 illa
1114 1260 1148 1297 a
1172 1243 1393 1298 diabolo
1423 1249 1643 1297 retenta
1670 1244 1901 1298 inferret

288 1332 401 1387 tibi
430 1337 487 1388 et
511 1332 616 1387 sibi
643 1332 857 1387 luctum
896 1337 1250 1404 perpetuum.
1286 1332 1393 1387 Sed
1425 1332 1590 1386 credo
1616 1332 1670 1387 in
1696 1333 1895 1397 Deum,

297 1422 437 1493 quia
456 1422 665 1476 bonum
686 1421 980 1476 consilium
1009 1422 1179 1491 elegit
1204 1421 1329 1485 sibi,
1354 1422 1499 1476 sicut
1515 1423 1633 1492 jam
1654 1421 1785 1487 dixi,
1810 1440 1899 1476 sp.-

295 1512 549 1566 cundum
579 1527 770 1565 vocem
802 1510 1108 1581 Evangelii,
1144 1527 1255 1581 qua
1291 1510 1496 1564 dicitur
1525 1529 1536 1563 :
1571 1510 1677 1574 Qui
1715 1510 1901 1579 diligit

1976 456 2088 494 non
2106 439 2323 507 videbo,
2354 440 2451 493 sed
2471 445 2555 506 tu,
2590 439 2649 494 in
2676 457 2786 511 quo
2816 443 3255 501 consolationem
3287 448 3567 505 modicam

1977 529 2269 595 habebam,
2309 529 2665 600 derelinques
2693 545 2814 584 nos.
2848 532 2970 587 Heu
2999 535 3119 588 me!
3143 535 3267 605 quis
3292 537 3412 607 jam
3433 555 3568 594 con-

1976 618 2247 673 solabitur
2274 624 2615 673 senectutem
2639 620 2857 673 meam?
2876 621 2962 675 Ad
2993 638 3158 693 quem
3183 624 3293 691 ibo,
3312 627 3436 696 quis
3456 630 3570 683 mei

1976 708 2203 778 adjutor
2221 708 2364 762 erit?
2392 708 2605 779 Duplex
2632 708 2844 762 malum
2866 710 3014 781 quod
3045 712 3241 782 lugeo:
3270 716 3571 786 triginta'ei

1978 802 2101 851 octo
2123 796 2254 851 anni
2276 803 2409 852 sunt
2435 797 2581 868 quod
2613 798 2831 869 perdidi
2852 798 3026 854 ﬁliam
3047 817 3250 865 meam,
3271 805 3411 859 nihil
3434 807 3572 861 mihi

1978 887 2048 940 de
2078 903 2144 940 ea
2184 887 2489 941 revelatum
2537 893 2641 949 est,
2691 888 2841 957 quod
2889 889 2980 943 die
3016 896 3289 962 nocteque
3317 895 3567 960 orabam,

1980 991 2082 1029 nec
2099 974 2340 1029 similem
2369 975 2521 1029 illius
2542 976 2748 1042 inveni,
2780 977 2996 1032 detinet
3010 996 3099 1033 me
3119 980 3573 1054 incomparabilis

1980 1065 2157 1118 dolor.
2191 1066 2335 1129 Quid
2366 1082 2585 1137 sperem
2611 1066 2847 1121 amodo?
2875 1067 2971 1122 ubi
3008 1071 3445 1129 consolationem
3482 1076 3570 1130 in-

1980 1154 2239 1208 veniam?
2263 1156 2383 1225 jam
2423 1155 2758 1210 descendam
2806 1157 3005 1228 lugens
3040 1159 3099 1213 in
3146 1160 3450 1217 infernum.
3483 1165 3575 1218 Vi-

1981 1244 2119 1298 dens
2136 1250 2325 1298 autem
2348 1260 2477 1299 eum
2500 1245 2842 1316 Smaragdus
2857 1247 3220 1304 vehementer
3239 1251 3573 1321 plorantem,

1982 1337 2041 1386 et
2068 1334 2280 1386 nullam
2299 1333 2738 1388 consolationem
2765 1336 3149 1407 accipientem,
3188 1339 3269 1393 ait
3298 1340 3367 1393 ad
3395 1358 3523 1395 eum
3558 1361 3569 1396 :

1983 1422 2127 1485 Quid
2163 1421 2408 1476 turbaris
2454 1428 2511 1476 et
2549 1423 2912 1495 temetipsum
2950 1424 3254 1481 interﬁcis?
3290 1429 3576 1501 Numquid

1981 1509 2226 1563 invalida
2265 1516 2352 1564 est
2379 1526 2579 1565 manus
2611 1510 2856 1577 Domini,
2899 1518 2998 1568 aut
3022 1513 3329 1587 quidquam
3351 1523 3437 1572 est
3461 1519 3578 1574 Deo

294 1606 520 1672 patrem
549 1605 649 1654 aut
678 1606 915 1654 matrem
954 1616 1123 1671 super
1162 1616 1271 1663 me,
1304 1616 1416 1653 non
1446 1605 1535 1653 est
1579 1616 1668 1652 me
1698 1599 1962 1693 dignusB
1984 1597 2253 1652 difﬁcile?
2282 1600 2404 1652 Jam
2435 1616 2578 1670 pone
2616 1601 2786 1654 ﬁnem
2818 1601 3076 1658 tristitize.
3094 1603 3409 1661 Recordare
3436 1623 3581 1678 quo-

290 1690 520 1763 (Matlh.
552 1694 624 1757 x);
652 1694 727 1755 et,
753 1689 810 1743 Si
839 1688 965 1760 quis
989 1705 1100 1742 non
1135 1688 1613 1743 abrenuntiaverit
1641 1687 1899 1742 omnibus

297 1795 428 1850 quae
448 1778 712 1849 possidet,
734 1794 847 1831 non
863 1782 1049 1848 potest
1068 1794 1225 1832 meus
1240 1794 1363 1831 esse
1395 1777 1701 1848 discipulus
1730 1779 1901 1842 (Luca:

297 1870 435 1936 XIV).
468 1868 676 1922 Potens
705 1873 792 1921 est
815 1872 1006 1921 autem
1038 1867 1203 1932 lleus,
1237 1873 1294 1920 et
1320 1867 1379 1920 in
1408 1867 1511 1920 hoc
1538 1867 1744 1920 smculo
1777 1883 1899 1919 ma-

296 1956 570 2011 nifestare
589 1973 713 2011 eam
738 1956 860 2010 tibi.
894 1956 1026 2011 Sine
1040 1956 1182 2026 jam,
1203 1957 1325 2010 sine
1345 1975 1357 2017 ;
1386 1956 1519 2026 quid
1540 1955 1902 2026 temetipsum

295 2046 573 2101 interﬁcis
611 2045 1029 2100 contristando?
1060 2046 1168 2100 Sed
1197 2062 1303 2116 age
1331 2045 1545 2115 gratias
1574 2045 1707 2106 Deo,
1763 2044 1904 2097 nihil

297 2136 628 2207 desperans.
658 2137 801 2190 Nam
830 2134 1105 2206 Agapitus
1129 2135 1399 2204 magister
1419 2150 1596 2198 meus,
1621 2132 1905 2186 multoties

297 2225 472 2279 nimis
484 2224 659 2279 tristis
680 2224 901 2279 dicebat
918 2223 1057 2278 mihi
1074 2244 1085 2277 :
1106 2223 1416 2288 Quiavenit
1432 2222 1661 2294 quidam
1679 2222 1903 2276 nomine

298 2314 657 2385 Paphnutius
672 2313 932 2384 operibus
958 2313 1120 2366 bonis
1135 2313 1406 2367 intentus.
1433 2312 1528 2382 qui
1552 2312 1724 2366 tiliam
1741 2328 1902 2365 suam

301 2410 581 2475 tanquam
601 2408 879 2457 mortuam
905 2403 1081 2473 luget,
1114 2404 1366 2456 nesciens
1398 2403 1529 2472 quid
1546 2402 1596 2454 ei
1615 2400 1899 2467 acciderit,

300 2498 360 2547 et
388 2493 566 2546 nimia
594 2492 994 2546 lamentatione
1020 2490 1290 2561 affligitur
1313 2510 1325 2544 :
1351 2489 1593 2544 maxime
1622 2489 1757 2560 quia
1783 2490 1906 2543 uni-

300 2598 371 2635 ca
402 2588 526 2635 erat
559 2581 660 2647 illi,
709 2587 767 2635 et
804 2598 932 2635 cum
962 2580 1225 2652 lacrymis
1253 2580 1488 2651 projecxt
1525 2597 1584 2633 se
1621 2580 1691 2633 ad
1738 2578 1905 2650 pedes

302 2668 548 2736 abbatis,
576 2675 642 2724 ut
669 2687 770 2741 per
807 2671 929 2740 ejus
958 2669 1243 2723 orationes
1274 2675 1331 2723 et
1369 2667 1621 2722 omnium
1669 2667 1906 2722 fratrum

300 2760 458 2815 Deus
485 2759 842 2831 patefaceret.
875 2759 961 2813 Ita
989 2763 1046 2813 et
1064 2764 1129 2813 tu
1147 2775 1282 2828 roga
1310 2758 1485 2812 Deum
1509 2763 1739 2830 propter
1758 2774 1901 2817 eam,

296 2854 366 2905 et
394 2865 517 2919 ego,
551 2848 805 2920 quamvis
820 2848 1085 2918 indignus
1114 2852 1171 2902 et
1191 2848 1469 2902 malorum
1501 2863 1752 2902 meorum
1777 2864 1904 2901 con-

1985 1688 2153 1742 modo
2183 1688 2514 1759 patriarcha;
2544 1688 2714 1743 Jacob
2734 1691 3172 1747 manifestaverit
3181 1695 3330 1750 Deus
3348 1697 3575 1768 Ioseph,

1984 1793 2150 1847 quem
2174 1776 2333 1848 quasi
2365 1783 2649 1832 mortuum
2666 1778 2896 1849 lugebat
2920 1780 3069 1848 (Gen.
3104 1788 3268 1852 XLVI).
3296 1786 3404 1839 Sed
3425 1785 3580 1841 obse-

1985 1882 2078 1918 cro
2102 1872 2155 1919 te
2189 1871 2249 1919 ut
2278 1882 2379 1937 per
2407 1870 2522 1922 tres
2549 1867 2668 1922 dies
2697 1883 2788 1921 me
2815 1884 2928 1923 non
2954 1868 3177 1924 deseras
3206 1888 3387 1943 neque
3424 1874 3581 1928 dere—

1986 1953 2228 2024 linquas.
2263 1955 2539 2010 Haasitans
2582 1961 2773 2010 autem
2808 1957 3159 2028 Paphnutius
3185 1959 3334 2015 intra
3370 1969 3578 2018 semet-

1986 2043 2171 2113 ipsum
2190 2061 2293 2115 pcr
2314 2044 2586 2112 triduum,
2612 2046 2804 2099 dicens
2827 2064 2838 2099 :
2859 2047 3119 2103 Forsitan
3140 2049 3191 2102 ei
3207 2050 3357 2105 Deus
3376 2052 3583 2106 revela-

1985 2132 2126 2186 verit
2147 2133 2216 2186 de
2234 2149 2337 2187 me.
2362 2134 2550 2188 Tertio
2569 2140 2756 2188 autem
2775 2134 2864 2188 die
2887 2135 3029 2190 dixit
3056 2137 3126 2191 ad
3160 2137 3534 2210 Smaragdum
3561 2160 3573 2196 :

1987 2222 2308 2293 Exspectavi
2340 2222 2487 2276 sicut
2531 2223 2761 2294 rogasti,
2794 2223 3020 2279 domine
3049 2226 3126 2280 mi
3158 2226 3347 2295 frater,
3382 2236 3439 2284 et
3466 2246 3578 2285 non

1986 2310 2216 2365 discessi
2237 2310 2437 2366 alicubi
2468 2328 2568 2383 per
2589 2319 2706 2368 tres
2735 2313 3029 2368 continuos
3062 2314 3200 2372 dies.

2057 2401 2184 2453 CAP.
2211 2401 2350 2454 XIV.
2379 2429 2436 2440 —
2459 2402 2813 2471 Cognoscens
2829 2408 3019 2458 autem
3030 2403 3391 2476 Smaragdus,
3410 2408 3506 2479 qui
3525 2415 3582 2464 et

1987 2488 2373 2560 Euphrosyna,
2425 2489 2559 2560 quia
2599 2490 2847 2545 instabat
2883 2491 3001 2546 dies
3047 2493 3401 2550 dormitionis
3434 2498 3577 2568 ejus,

1986 2577 2612 2649 vocavitPaphnutium,
2647 2586 2704 2635 et
2718 2580 2857 2635 dixit
2869 2580 2940 2635 ad
2960 2598 3091 2636 eum
3115 2601 3127 2635 :
3162 2583 3305 2648 Quia
3333 2585 3581 2657 omnipo-

1988 2671 2113 2720 tens
2134 2667 2281 2721 Deus
2303 2666 2442 2723 bene
2463 2667 2744 2741 disposuit
2772 2687 2957 2725 meam
2976 2672 3280 2741 miseriam,
3317 2680 3374 2729 et
3399 2675 3581 2731 adim-

1989 2755 2160 2826 plevit
2176 2756 2516 2811 desiderium
2539 2774 2747 2825 meum,
2772 2760 2921 2818 quod
2941 2761 3011 2814 ad
3034 2762 3202 2816 ﬁnem
3224 2779 3402 2834 usque
3414 2764 3585 2819 virili-

1985 2849 2075 2899 ter
2125 2846 2390 2899 certando
2429 2847 2682 2917 perduxi,
2728 2863 2842 2902 non
2890 2865 3017 2903 mea
3042 2850 3266 2917 virtute,
3316 2853 3415 2907 sed
3460 2856 3583 2926 ejus

301 2938 478 3003 scius,
502 2938 704 3009 saepius
721 2938 1052 3008 deprecatus
1066 2936 1388 3002 Dominum,
1411 2936 1750 3006 utdignetur
1769 2935 1902 2989 dare
1986 2932 2285 3004 adjutorio,
2313 2934 2410 3005 qui
2435 2951 2524 2989 me
2553 2935 2848 2990 custodivit
2879 2936 2950 2990 ab
2973 2937 3413 2995 insidiisinimici
3431 2961 3443 2996 :
3462 2960 3585 3014 per-

300 3027 411 3082 tibi
440 3027 821 3082 suﬁ'erentiam
853 3031 911 3080 et
936 3025 1445 3096 longanimitatem,
1479 3031 1537 3079 et
1569 3025 1717 3095 quod
1747 3041 1905 3095 expe—
1926 3029 2108 3091 (jacto
2139 3039 2306 3078 cursu
2337 3030 2596 3095 superest
2620 3024 2760 3079 mihi
2790 3042 2999 3081 corona
3023 3027 3275 3098 justitiaa.
3311 3030 3451 3085 Nolo
3479 3047 3583 3086 au-

302 3116 392 3171 dit
419 3117 727 3187 adimpleat
753 3122 870 3169 tam
895 3115 964 3169 de
992 3121 1048 3170 te
1079 3131 1247 3186 quam
1273 3114 1342 3168 de
1373 3114 1490 3168 ﬁlia
1516 3119 1634 3169 tua.
1671 3115 1907 3184 Propter
1987 3117 2102 3166 tem
2120 3118 2175 3166 te
2199 3113 2318 3182 jam
2341 3130 2463 3167 esse
2486 3114 2786 3168 sollicitum
2815 3131 2916 3186 pro
2946 3116 3063 3170 ﬁlia
3080 3118 3578 3191 tuaEuphrosyna,

297 3204 410 3261 hoc
438 3212 497 3260 et
512 3206 833 3277 frequenter
857 3210 912 3258 te
942 3204 1131 3258 videre
1160 3203 1328 3270 volui,
1353 3209 1409 3257 et
1438 3202 1681 3274 colloqui
1698 3209 1904 3269 tecum,
1991 3217 2092 3272 ego
2123 3201 2273 3255 enim
2298 3217 2424 3256 sum
2453 3202 2549 3255 illa
2577 3202 2801 3272 misera,
2834 3208 2890 3258 et
2908 3209 2971 3258 tu
2993 3221 3053 3258 es
3067 3211 3231 3276 pater
3249 3223 3425 3262 meus.
3446 3209 3582 3265 Ecce

303 3301 373 3351 ut
395 3295 639 3365 aliquam
660 3294 1096 3349 consolationem
1127 3311 1226 3364 per
1256 3310 1345 3347 me
1376 3292 1648 3346 humilem
1676 3291 1907 3345 forsitan
1985 3291 2103 3360 jam
2138 3290 2340 3357 vidisti,
2376 3297 2432 3345 et
2459 3290 2807 3346 satisfactum
2842 3297 2928 3347 est
2955 3292 3077 3361 tibi,
3128 3295 3226 3349 sed
3266 3312 3430 3351 nemo
3479 3298 3584 3354 hoc

303 3384 607 3439 invenires.
654 3385 729 3439 Ut
772 3391 959 3438 autem
1013 3399 1126 3437 non
1167 3387 1567 3453 agnosceretur
1594 3398 1694 3451 per
1731 3381 1909 3435 multa

246 3532 259 3535 _
305 3474 607 3546 colloquia,
642 3473 787 3527 dixit
813 3473 882 3527 ad
916 3472 1330 3544 Paplinutium:
1364 3471 1519 3535 Vale,
1550 3470 1775 3524 domine
1808 3470 1903 3523 mi.

308 3563 383 3617 Et
419 3563 553 3616 dum
596 3562 858 3616 recedere
889 3561 1056 3616 vellet
1093 3560 1464 3632 Paphnutius,
1516 3559 1704 3613 anima
1756 3558 1906 3613 illius

304 3652 765 3724 compatiebatur
807 3652 909 3718 illi,
958 3651 1127 3705 facies
1171 3652 1293 3721 ejus
1338 3648 1603 3721 pallebat,
1630 3655 1686 3703 et
1723 3649 1905 3721 reple-

303 3741 479 3796 batur
506 3741 785 3813 lacrymis.
822 3742 943 3795 Prae
972 3739 1148 3793 nimio
1194 3744 1385 3793 autem
1409 3738 1628 3808 jejunio
1679 3744 1735 3792 et
1779 3738 1904 3793 diu-

300 3838 476 3885 turna
503 3829 693 3885 inedia
732 3829 1063 3900 sanguinem
1115 3827 1391 3882 vomebat.
1450 3827 1686 3881 Multum
1728 3827 1907 3898 igitur

301 3917 652 3973 confortatus
668 3916 1020 3990 Paphnutius
1046 3916 1105 3969 in
1128 3913 1510 3969 admonitione
1535 3915 1675 3985 ejus,
1701 3914 1906 3969 disces-

300 4009 383 4063 sit
407 4007 482 4062 ab
511 4025 597 4062 ea.
622 4008 692 4062 Et
720 4007 948 4061 veniens
976 4005 1049 4060 ad
1079 4003 1361 4069 abbatem,
1396 4003 1566 4057 dixit:
1605 4002 1904 4058 {Ediﬁcata

297 4102 389 4151 est
418 4095 611 4150 anima
641 4111 767 4149 mea
803 4096 871 4149 de
894 4094 989 4148 illa
1018 4092 1212 4159 fratre,
1244 4099 1301 4146 et
1328 4093 1405 4145 ita
1436 4108 1561 4145 sum
1593 4092 1750 4145 laetus
1780 4092 1906 4146 ell'e-

295 4192 427 4241 ctus
478 4185 537 4239 in
577 4184 762 4257 gratia
799 4184 900 4239 Dei
941 4200 1005 4238 ex
1037 4181 1416 4238 consolatione
1460 4182 1600 4252 ejus,
1635 4186 1909 4251 tanquam

1990 3372 2146 3445 sciat,
2171 3384 2227 3433 et
2256 3396 2366 3434 non
2397 3380 2693 3451 permittas
2713 3380 2784 3435 ab
2811 3381 2921 3436 alio
2940 3398 3142 3454 corpus
3166 3401 3356 3440 meum
3379 3387 3583 3443 nudari

1989 3475 2046 3522 et
2075 3469 2265 3532 lavari,
2292 3469 2389 3522 sed
2405 3485 2438 3523 a
2457 3469 2753 3541 temetipso
2777 3471 2880 3525 hoc
2898 3470 3088 3527 facias.
3112 3473 3182 3527 Et
3204 3474 3336 3544 quia
3350 3476 3582 3546 promisi

1989 3555 2177 3611 abbati
2208 3555 2416 3612 habere
2464 3558 2669 3612 multas
2688 3558 3084 3630 possessiones,
3115 3567 3172 3616 et
3198 3562 3245 3617 si
3274 3564 3582 3635 potuissem

1988 3645 2268 3701 sustinere
2298 3652 2355 3701 et
2383 3648 2689 3718 perdurare
2719 3648 2776 3702 in
2812 3648 2932 3704 loco
2970 3649 3097 3718 isto,
3126 3651 3463 3711 adducerem
3486 3671 3581 3711 eas

1989 3734 2096 3801 hic,
2128 3735 2299 3807 imple
2332 3753 2465 3807 ergo
2495 3738 2642 3807 quod
2673 3737 2926 3809 promisi,
2962 3739 3096 3811 quia
3124 3742 3455 3799 venerabilis
3493 3751 3583 3800 est

1986 3824 2141 3878 locus
2169 3825 2294 3891 iste,
2327 3830 2383 3879 et
2411 3842 2509 3881 ora
2538 3842 2639 3897 pro
2664 3843 2773 3881 me.
2800 3827 2930 3882 Haec
2949 3828 3140 3884 dicens
3168 3831 3405 3888 tradidit
3421 3834 3584 3906 spiri-

1990 3923 2109 3966 tum
2137 3913 2404 3968 Kalendis
2429 3915 2701 3969 Januarii.

2061 4002 2195 4055 CAP.
2227 4002 2345 4056 XV.
2381 4036 2442 4046 --
2473 4004 2620 4058 Dum
2649 4005 2899 4063 audisset
2945 4008 3083 4062 talia
3110 4009 3277 4065 verba
3321 4010 3582 4083 Paphnu-

1986 4090 2119 4157 tius,
2147 4096 2203 4144 et
2226 4090 2455 4146 vidisset
2482 4093 2615 4163 quia
2643 4092 2999 4163 obdormivit,
3029 4105 3312 4154 commota
3336 4107 3468 4155 sunt
3497 4101 3579 4154 vi-

1987 4194 2145 4232 scera
2172 4180 2314 4250 ejus,
2346 4180 2657 4251 ceciditque
2683 4181 2742 4234 in
2769 4188 3000 4249 terram,
3035 4190 3093 4237 et
3119 4185 3299 4241 factus
3328 4194 3413 4241 est
3430 4189 3582 4243 velut

296 4275 647 4329 invenissem
678 4274 855 4327 ﬁliam
879 4290 1082 4327 meam.
1109 4271 1521 4326 Commendans
1541 4288 1601 4324 se
1628 4270 1684 4323 in
1705 4269 1906 4323 oratio-
1989 4274 2262 4322 mortuus.
2285 4270 2597 4323 Accurrens
2618 4276 2809 4324 autem
2828 4272 3123 4344 Agapitus,
3148 4274 3339 4329 videns
3356 4292 3605 4348 quoque~

298 4364 476 4419 nibus
506 4362 723 4418 abbatis
771 4368 827 4417 et
856 4362 1104 4416 omnium
1135 4361 1392 4425 fratrum,
1437 4375 1694 4414 reversus
1724 4364 1810 4412 est
1846 4352 2122 4429 ianuia
2157 4357 2450 4413 defunctus
2492 4364 2642 4414 esset
2680 4359 3043 4433 Smaragdus,
3087 4368 3142 4417 et
3201 4364 3579 4435 l’aphnutium

301 4454 541 4508 domum
570 4468 749 4518 suam,
783 4452 1149 4522 magniﬁcans
1176 4450 1396 4504 Deum.~

381 4544 515 4597 CAP.
549 4543 698 4597 XIII.
731 4573 779 4582 ——
805 4542 1103 4612 Complens
1125 4545 1313 4593 autem
1337 4537 1753 4607 Smaragdusin
1767 4537 1907 4591 cella

297 4631 562 4687 solitaria
581 4631 814 4702 triginta
832 4637 889 4685 et
908 4636 1029 4684 octo
1044 4645 1237 4694 annos,
1262 4626 1457 4681 incidit
1474 4627 1531 4680 in
1553 4625 1901 4693 infirmitate,

297 4737 420 4793 qua
448 4726 506 4775 et
534 4726 788 4775 mortuus
817 4725 921 4775 est.
942 4720 1197 4783 Quanam
1228 4721 1411 4783 δατ
1436 4734 1567 4769 vero
1593 4716 1683 4769 die
1704 4732 1905 4769 secun-

292 4812 439 4865 dum
480 4809 942 4864 consuetudinem
972 4808 1127 4864 venit
1156 4805 1507 4877 Paphnutius
1526 4804 1764 4859 invisere
1793 4821 1908 4859 mo-

293 4899 634 4965 nasterium,
650 4905 707 4955 et
722 4905 849 4971 post
861 4898 1169 4954 orationem
1182 4902 1238 4950 et
1251 4894 1645 4949 salutationem
1668 4892 1904 4946 fratru‘m

308 4990 459 5046 dixit
481 4989 603 5044 seni
632 5008 644 5044 :
674 4989 737 5045 Si
771 4990 957 5060 jubes,
1008 4989 1194 5051 Pater,
1221 4986 1382 5039 mitte
1412 5002 1501 5037 me
1536 4982 1906 5053 Smaragdum

292 5078 513 5147 videre,
531 5079 665 5150 quia
686 5079 842 5133 valde
870 5078 1153 5132 desiderat
1171 5092 1298 5130 eum
1312 5074 1502 5128 anima
1514 5089 1657 5126 mea.
1676 5071 1908 5126 Vocate-

293 5184 418 5240 que
434 5168 672 5239 Agapito
695 5168 964 5239 praecepit
984 5167 1033 5220 ei
1057 5167 1260 5220 ducere
1280 5161 1660 5235 Paphnutium
1688 5161 1758 5215 ad
1778 5160 1909 5216 visi-

289 5257 543 5314 tandum
557 5258 949 5329 Smaragdum.
972 5254 1249 5312 Introiens
1266 5250 1615 5322 Paphnutius
1630 5250 1687 5304 in
1713 5250 1909 5305 cellam

287 5347 401 5405 ubi
435 5364 583 5418 ager
598 5346 842 5418 jacebat,
867 5346 1035 5417 cmpit
1056 5362 1184 5399 eum
1217 5340 1457 5397 osculari
1486 5340 1822 5411 lacrymans,
1855 5344 1912 5394 ct

283 5437 522 5492 dicens:
559 5437 682 5491 Heu
726 5438 852 5491 me!
897 5435 994 5490 ubi
1043 5438 1176 5488 sunt
1223 5429 1623 5503 promissiones
1652 5435 1784 5496 tuae,
1816 5427 1912 5497 ubi

284 5526 468 5591 verba
501 5525 710 5593 dulcia,
743 5525 893 5599 quod
922 5524 1061 5580 mihi
1110 5523 1359 5577 futuram
1404 5518 1702 5577 videndam
1734 5518 1911 5574 oculis

703 5626 970 5687 PATROL.
1000 5625 1272 5689 LXXIII.

1981 4448 2262 4518 jacentem
2290 4447 2349 4501 in
2371 4453 2525 4502 terra
2544 4450 2892 4517 semivivum,
2912 4453 3147 4522 jactavit
3165 4453 3223 4506 in
3241 4452 3438 4507 faciem
3455 4456 3577 4525 ejus

1988 4552 2190 4606 aquam
2219 4536 2318 4606 (6),
2346 4543 2404 4591 et
2425 4537 2660 4593 elevavit
2685 4556 2812 4594 eum
2841 4541 3065 4595 dicens:
3101 4542 3245 4606 Quid
3270 4542 3458 4609 habes,
3482 4545 3581 4599 do-

1986 4625 2138 4678 mine
2166 4626 2241 4679 mi
2272 4626 2699 4697 Paphnuti?Ait
2727 4634 2917 4683 autem
2940 4630 3320 4700 Paphnutius:
3347 4632 3578 4689 Dimitte

1986 4731 2079 4769 me
2101 4721 2163 4769 ut
2182 4715 2271 4768 hic
2289 4716 2517 4783 moriar,
2530 4716 2642 4769 vidi
2658 4717 2807 4771 enim
2821 4717 3101 4773 mirabilia
3114 4719 3280 4774 hodie
3294 4766 3306 4777 .
3332 4722 3579 4794 Surgens

1987 4810 2177 4859 autem
2206 4804 2375 4859 irruit
2394 4805 2453 4858 in
2472 4804 2670 4859 faciem
2696 4808 2837 4877 ejus,
2862 4807 3276 4865 multitudinem
3302 4811 3581 4885 lacryma-

1988 4909 2113 4947 rum
2142 4893 2460 4960 infundens,
2484 4893 2763 4961 clamabat
2778 4895 2967 4950 dicens
2987 4895 3147 4952 :‘Heu
3171 4915 3260 4953 me
3280 4900 3291 4953 !
3319 4901 3432 4956 ﬁlia
3455 4920 3584 4959 mea

1989 4981 2327 5047 dulcissima,
2352 4999 2525 5053 quare
2545 4988 2675 5036 ante
2698 5000 2809 5038 non
2839 4985 3208 5042 manifestasti
3231 4989 3369 5045 mihi
3398 4997 3462 5045 ut
3478 5010 3582 5065 ego

1989 5088 2211 5143 quoque
2256 5077 2442 5126 tecum
2485 5088 2734 5127 morerer
2779 5080 3089 5145 spontanea
3126 5078 3457 5137 voluntate?
3487 5083 3583 5138 Vae

1990 5160 2125 5214 mihi
2147 5160 2159 5212 l
2183 5161 2463 5230 quomodo
2482 5160 3029 5233 latuisti?quomodo
3056 5169 3415 5236 μετ-ιη),ηεὶεῆ
3446 5171 3583 5226 insi-

1991 5249 2113 5303 dias
2133 5248 2600 5317 adversariorum,
2616 5256 2672 5304 et
2690 5252 2970 5323 nequitias
2987 5254 3310 5325 spirituales
3328 5260 3585 5315 tenebra-

1992 5355 2117 5394 rum
2139 5338 2263 5391 vitaa
2283 5338 2472 5409 hujus,
2494 5344 2550 5392 et
2565 5339 2806 5395 introisti
2827 5341 2884 5396 in
2908 5342 3078 5397 vitam
3100 5347 3406 5400 aeternam?

2065 5428 2194 5483 CAP.
2208 5427 2353 5482 XVI.
2382 5458 2425 5468 -—
2458 5429 2586 5483 Haec
2603 5431 2878 5502 Agapitus
2897 5432 3153 5499 audiens,
3170 5440 3226 5489 et
3243 5451 3581 5504 cognoscens

1993 5524 2110 5575 tam
2140 5516 2456 5572 mirabilem
2481 5534 2727 5588 causam,
2759 5522 3102 5593 stupefactus
3134 5528 3239 5591 est,
3276 5528 3335 5575 et
3353 5537 3583 5581 currens

3224 5630 3294 5689 21
