3892 6182
290 302 385 362 658

1274 309 1443 364 VITA
1480 309 1789 367 saxum;
1827 312 2098 385 MARIIE,
2140 315 2589 375 MERE'I‘RICIS.

3445 332 3550 395 654

290 428 564 484 universas
1107 429 1409 529 festinabat
1447 432 1706 529 implere:
1764 434 1866 489 Vir
1886 437 1932 497 A
1950 439 2128 495 autin
2157 458 2327 513 quam
2355 442 2573 500 foveam
2601 449 2995 523 memetipsam
3023 456 3366 529 precipitem
3387 460 3413 515 7
3438 461 3546 519 Ubi

285 536 516 591 namque
534 521 927 576 sanctissimus
932 522 1302 591 jncessanter
1329 540 1431 593 pro
1453 540 1519 578 ea
1546 540 1674 579 cum
1691 524 1870 597 lacry-

286 611 381 665 mis
406 611 711 665 Dominum
726 611 1149 683 deprecabatur,
1174 629 1247 666 ne
1274 629 1433 667 mens
1452 615 1575 685 ejus
1594 631 1731 669 cura
1755 620 1867 670 ter-

284 716 536 755 renarum
566 706 790 756 actuum
830 701 1232 774 implicaretur,
1266 719 1332 757 eo
1362 703 1510 773 quod
1543 704 1665 775 ejus
1705 709 1867 775 pater

284 790 516 844 moriens
526 790 779 846 inﬁnitas
796 792 1058 863 pecunias
1072 792 1124 846 ei
1138 791 1478 863 reliquisset:
1494 810 1633 864 quas
1645 799 1867 849 mortuo

283 894 566 948 germano,
598 886 655 935 et
684 881 801 935 ﬁlia
827 882 949 952 ejus
977 882 1048 935 ad
1078 898 1138 936 se
1168 881 1541 953 confugiente,
1573 884 1868 938 confestim

280 967 514 1023 famulus
535 970 745 1025 Christi
774 970 1034 1025 distribui
1044 971 1217 1042 jussit
1243 972 1435 1043 egenis
1463 978 1633 1043 atque
1660 973 1863 1044 orpha-

282 1057 516 1113 nis.H:ec
536 1075 758 1131 quoque
768 1065 1033 1131 patruum
1046 1077 1212 1115 suum
1242 1060 1575 1132 precabatur
1593 1062 1863 1132 quotidie,

281 1153 338 1202 ut
352 1163 452 1219 pro
469 1165 532 1203 se
551 1148 853 1203 Dominum
873 1156 1410 1221 oraret,quatcnusa
1431 1150 1864 1222 cogitationibus

280 1236 532 1307 pessimis
541 1244 600 1292 et
611 1238 958 1293 diversorum
979 1240 1313 1310 laqueorum
1330 1238 1534 1293 diaboli
1550 1240 1867 1311 eriperetur

279 1325 510 1380 insidiis.
533 1328 1313 1398 Constanterigiturinstituti
1338 1328 1425 1383 sui
1456 1330 1710 1400 regulam
1725 1328 1867 1383 obti-

279 1414 791 1472 nebat.Exsultabat
819 1423 1008 1472 autem
1033 1424 1267 1489 patruus
1289 1419 1432 1488 ejus,
1459 1418 1607 1489 quod
1636 1418 1715 1473 sic
1736 1434 1862 1472 eam

278 1512 587 1577 promptam
601 1507 724 1561 sine
738 1507 858 1561 ulla
878 1506 1227 1562 haesitatione
1254 1507 1314 1561 in
1324 1507 1543 1562 cunctis
1564 1506 1860 1561 virtutibus

277 1601 524 1649 cerneret
549 1596 883 1667 promoveri,
906 1596 967 1651 in
994 1596 1257 1668 lacrymis
1292 1596 1519 1663 scilicet,
1553 1596 1611 1650 in
1633 1596 1863 1651 humili-

277 1690 399 1751 tate,
432 1685 493 1739 in
525 1685 819 1751 modestia,
854 1685 913 1740 in
947 1685 1160 1756 quiete:
1197 1692 1255 1740 et
1278 1686 1427 1756 quod
1450 1686 1535 1740 his
1564 1685 1861 1740 sublimius

1949 532 2036 582 est
2062 531 2452 602 magisterium
2471 534 2813 593 sanctissimi
2833 542 3021 611 patrui
3039 545 3188 600 mei?
3209 547 3316 604 Ubi
3334 552 3550 608 monita

1947 618 2172 689 collegae
2200 622 2249 692 ej
2261 638 2328 676 us
2362 622 2660 694 Ephraem?
2682 627 2777 697 qui
2805 645 2893 684 me
2914 631 3189 690 docebant
3212 637 3269 692 in
3296 656 3423 695 mea
3441 642 3548 698 vir-

1943 706 2182 775 ginitate
2215 712 2541 781 perdurare,
2571 714 2927 774 exhortantes
2956 727 3019 776 ut
3036 722 3394 795 impollutam
3421 730 3547 786 ani-

1952 811 2101 850 mam
2133 798 2439 855 immortali
2468 819 2673 873 sponso
2697 822 2996 863 servarem.
3039 812 3288 883 Sponsus
3333 819 3544 875 etenim

1951 890 2100 952 tuus,
2134 887 2412 979 dicebant,
2439 898 2665 947 sanctus
2694 899 2752 948 et
2773 896 2960 951 zelans
2975 906 3079 955 est.
3105 903 3228 959 Ileu
3258 922 3347 960 me
3373 908 3385 960 Ξ
3408 909 3545 979 quid

1950 975 2156 1044 agam?
2185 977 2309 1031 Non
2332 979 2514 1033 audeo
2547 982 2668 1050 jam
2698 985 2901 1039 caelum
2929 989 3197 1059 aspicere,
3228 1010 3357 1050 cum
3389 975 3540 1068 apud

1948 1062 2125 1117 Deum
2149 1070 2207 1119 et
2220 1066 2475 1123 homines
2494 1086 2583 1124 me
2614 1078 2896 1128 mortuam
2921 1092 3043 1131 esse
3062 1062 3446 1150 cognoscamui
3451 1103 3542 1141 am

1948 1151 2098 1206 enim
2130 1154 2199 1208 ad
2230 1154 2533 1212 fenestram
2563 1159 2719 1214 illam
2746 1164 3126 1236 propinquare
3156 1186 3269 1225 non
3296 1173 3535 1231 audebo.

1948 1242 2238 1305 Quomodo
2250 1262 2352 1316 ego
2368 1249 2644 1318 peccatrix
2658 1257 2714 1304 et
2723 1252 2890 1322 plena
2902 1254 3276 1314 immunditiaa
3286 1263 3544 1319 sordibus

1947 1347 2170 1387 rursum
2193 1350 2319 1388 cum
2333 1342 2525 1392 sancto
2544 1344 2746 1410 patruo
2773 1358 2899 1397 meo
2920 1344 3073 1416 loqui
3092 1348 3321 1404 tentabo
3342 1351 3544 1416 ?Quod

1946 1426 2003 1474 et
2041 1420 2088 1475 si
2134 1438 2276 1476 ausa
2304 1423 2481 1491 fuero,
2517 1444 2703 1483 nonne
2739 1430 2887 1500 ignis
2917 1449 2984 1487 ex
3028 1436 3277 1492 fenestra
3304 1440 3541 1508 exsiliet,

1946 1509 2041 1580 qui
2063 1526 2153 1564 me
2168 1512 2458 1568 confestim
2475 1517 2705 1572 exuret?
2730 1519 2931 1576 Melius
2951 1529 3038 1577 est
3066 1541 3199 1596 ergo
3221 1528 3363 1584 mihi
3388 1529 3543 1587 abire

1944 1596 2002 1652 in
2031 1599 2201 1655 aliam
2230 1603 2491 1673 patriam,
2514 1605 2612 1661 ubi
2642 1609 2830 1664 nullus
2851 1617 2937 1666 est
2951 1614 3047 1683 qui
3068 1632 3158 1670 me
3171 1618 3350 1688 possit
3368 1636 3543 1690 agno-

1945 1704 2115 1753 scere,
2157 1707 2222 1745 eo
2261 1694 2409 1763 quod
2455 1697 2629 1750 semel
2661 1698 2784 1767 jam
2812 1706 3037 1756 mortua
3065 1704 3191 1771 sim,
3243 1723 3345 1762 nec
3390 1709 3544 1765 ultra

277 1779 367 1836 est,
398 1790 540 1844 erga
568 1774 748 1829 Deum
777 1774 982 1829 eximia
1009 1775 1302 1830 charitate.
1337 1775 1552 1866 Viginti
1581 1775 1858 1866 siquidem
1884 1770 2081 1831 Bmihi
2124 1796 2252 1849 spes
2297 1781 2496 1837 salutis
2543 1785 2741 1840 relicta
2781 1788 2871 1842 sit.
2922 1791 3279 1863 Consurgens
3321 1803 3534 1866 autem,

277 1864 428 1917 annis
451 1879 583 1918 cum
607 1880 672 1918 eo
685 1864 743 1918 in
764 1863 1107 1920 abstinentia
1126 1864 1353 1935 degens,
1372 1865 1524 1919 velut
1536 1880 1683 1935 agna
1703 1864 1862 1936 pudi-

275 1952 484 2007 cissima
518 1957 688 2025 atque
715 1953 1162 2009 incontaminata
1187 1952 1445 2009 columba
1471 1953 1860 2018 convixit.Quo

276 2048 519 2114 tempore
551 2058 831 2097 annorum
862 2044 1104 2115 expleto,
1147 2043 1411 2098 saeviebat
1436 2043 1705 2098 adversus
1736 2059 1861 2097 eam

274 2130 538 2197 diabolus,
568 2137 628 2187 et
653 2132 886 2186 insidias
905 2132 1099 2187 solitas
1127 2131 1524 2204 praetendebat,
1580 2132 1860 2203 quomodo

276 2236 382 2275 eam
435 2226 630 2293 posset
665 2222 783 2276 suis
839 2221 1089 2277 cassibus
1134 2221 1375 2287 irretire,
1426 2227 1489 2276 ut
1536 2222 1734 2276 saltem
1782 2220 1861 2275 sic

276 2310 595 2365 maestitiam
612 2310 1158 2382 sollicitudinemque
1173 2310 1336 2366 beato
1356 2311 1472 2365 viro
1501 2316 1690 2382 posset
1708 2310 1862 2365 incu-

275 2405 398 2467 tere,
433 2405 495 2455 et
514 2400 1073 2473 quantulumcunque
1097 2406 1336 2454 mentem
1365 2400 1539 2471 ipsius
1558 2416 1592 2454 a
1620 2400 1859 2454 Domino

274 2505 548 2562 separare.

299 2573 308 2579 ”
334 2581 465 2635 ΟΜ).
500 2580 603 2638 ΙΙΙ.
624 2610 687 2622 --
709 2580 845 2635 Erat
873 2585 1064 2635 autem
1108 2579 1338 2651 quidam
1365 2579 1708 2651 professione
1739 2584 1861 2634 tan-

276 2670 558 2725 tummodo
588 2671 919 2735 monachus,
942 2670 1038 2741 qui
1082 2668 1186 2724 sub
1216 2669 1450 2724 obtentu
1471 2668 1859 2725 zediﬁcationis

275 2759 338 2813 ad
366 2776 498 2815 eum
516 2759 731 2832 saepius
750 2775 986 2832 pergere
1005 2759 1239 2814 solebat.
1263 2759 1371 2814 Sed
1383 2764 1441 2813 et
1466 2759 1617 2814 illam
1635 2758 1857 2814 beatam

274 2848 675 2919 perfenestram
687 2848 1053 2902 nihilominus
1062 2853 1281 2903 contem
1288 2848 1751 2919 plando,luxuriae
1762 2848 1860 2903 sti-

273 2938 711 3009 mulisagitatus,
732 2954 857 2993 cum
887 2954 955 2992 ea
983 2937 1222 3009 colloqui
1238 2938 1516 3009 cupiebat,
1532 2954 1861 2992 amornam—

274 3042 367 3097 que
384 3026 637 3081 libidinis
653 3043 749 3082 cor
768 3028 818 3097 ej
827 3044 891 3082 us
901 3027 1063 3097 quasi
1076 3027 1223 3098 ignis
1234 3027 1470 3082 succend
1478 3026 1860 3082 erat.Insidia-

1941 1866 2199 1935 protinus
2227 1871 2475 1939 perrexit
2501 1872 2560 1927 in
2590 1874 2762 1930 aliam
2790 1877 3094 1948 civitatem,
3132 1888 3302 1954 atque
3330 1885 3391 1940 in
3420 1892 3537 1941 sta-

1942 1954 2071 2010 bulo
2089 1955 2174 2028 (2)
2211 1975 2270 2012 se
2322 1961 2585 2031 quodam,
2636 1971 2856 2021 mutato
2898 1969 3134 2039 pristino
3164 1972 3379 2041 habitu,
3421 1977 3537 2031 col-

1943 2044 2160 2100 locavit.

2017 2134 2152 2188 CAP.
2177 2136 2271 2190 IV.
2301 2168 2357 2177 —
2382 2136 2586 2195 Verum
2606 2158 2734 2198 cum
2766 2144 2883 2199 haec
2911 2146 3079 2203 ruina
3102 2151 3347 2221 prefatm
3371 2151 3537 2208 femi-

1944 2237 2029 2276 nae
2057 2224 2503 2300 contigisset,huj
2512 2232 2729 2286 usmodi
2751 2233 2890 2289 visio
2904 2234 3068 2292 beato
3092 2238 3210 2293 viro
3225 2242 3541 2299 ostenditur

1943 2327 2045 2381 per
2081 2329 2359 2386 soporem.
2396 2316 2552 2372 Vidit
2587 2335 2832 2391 namque
2878 2322 3180 2382 draconem
3225 2329 3538 2387 terribilem

1943 2404 2112 2471 atque
2144 2402 2471 2471 immanem,
2502 2413 2843 2481 aspectuque
2870 2410 2992 2483 ipso
3011 2412 3449 2486 timidissimum,
3479 2425 3541 2475 et

1943 2488 2002 2579 in
2015 2489 2344 2548 fortitudine
2360 2494 2701 2566 sibilantem;
2716 2500 2879 2570 quasi
2895 2508 3191 2559 exeuntem
3203 2505 3273 2561 de
3293 2508 3538 2579 quodam

1942 2577 2082 2645 loco,
2125 2585 2182 2634 et
2204 2597 2382 2654 usque
2410 2584 2481 2639 ad
2510 2586 2770 2642 cellulam
2799 2605 2960 2645 suam
2995 2577 3333 2663 venientem,
3365 2602 3424 2652 et
3442 2613 3535 2653 re-

1940 2668 2152 2737 perisse
2177 2670 2252 2725 ibi
2273 2673 2611 2742 columbam,
2636 2681 2807 2748 atque
2824 2679 3061 2749 glutisse
3088 2699 3234 2751 eam,
3259 2690 3318 2739 et
3341 2702 3536 2742 rursus

1939 2756 1997 2810 in
2036 2774 2195 2813 suam
2230 2760 2445 2817 foveam
2492 2780 2790 2821 remeasse.
2843 2768 3275 2841 Expergefactus
3319 2780 3529 2843 autem,

1942 2847 2419 2922 contristatusque
2456 2853 2830 2923 vehementer,
2886 2858 3040 2913 ﬂevit
3075 2876 3267 2918 amare
3297 2882 3309 2930 ;
3350 2864 3540 2921 existi-

1942 2951 2105 2990 mans
2130 2937 2350 2994 Satanae
2366 2943 2812 3011 persecutionem
2825 2945 3091 3003 adversus
3118 2950 3219 3004 Dei
3235 2950 3537 3009 Ecclesiam

1941 3025 2228 3093 concitari,
2255 3033 2313 3082 et
2331 3029 2629 3102 plerosque
2650 3049 2685 3087 a
2713 3033 2823 3089 ﬁde
2842 3035 3100 3092 veritatis
3118 3039 3318 3107 averti,
3351 3042 3438 3095 vel
3466 3058 3537 3097 ne

271 3114 427 3171 batur
453 3116 507 3170 ei
536 3132 756 3187 quoque
777 3116 956 3172 multo
988 3116 1259 3188 temporis
1278 3117 1480 3188 spatio,
1504 3117 1585 3170 ita
1606 3122 1670 3170 ut
1691 3117 1859 3172 unius
1873 3130 1924 3191 ο
1940 3113 2183 3169 schisma
2211 3116 2437 3189 aliquod
2458 3119 2518 3174 in
2546 3126 2741 3176 sancta
2761 3122 3007 3179 Ecclesia
3030 3126 3378 3197 gigneretur.
3402 3129 3535 3185 Pro-

272 3207 393 3261 anni
404 3206 651 3261 circulus
662 3205 1176 3272 volveretur,donec
1185 3205 1579 3277 cogitationem
1599 3207 1721 3276 ejus
1742 3223 1859 3261 ver-

270 3292 459 3350 borum
512 3311 747 3350 suorum
787 3295 1022 3350 mollitie
1067 3301 1377 3350 enervaret.
1428 3295 1681 3365 Denique
1730 3311 1859 3365 ape-

271 3384 409 3439 riens
449 3385 600 3439 cellae
645 3401 760 3440 sum
801 3388 1123 3451 fenestram,
1154 3384 1442 3456 egreditur
1473 3384 1542 3438 ad
1571 3401 1722 3450 eum,
1759 3384 1855 3455 qui

274 3489 385 3528 eam
456 3473 713 3545 protinus
760 3459 968 3529 scelere
1016 3474 1335 3544 iniquitatis
1382 3478 1551 3545 atque
1606 3473 1855 3528 libidinis

273 3563 667 3618 contaminavit
728 3579 794 3617 ac
857 3563 1078 3634 polluit.
1145 3563 1452 3634 Postquam
1522 3580 1651 3616 vero
1712 3563 1856 3618 tanti

272 3653 476 3723 peccati
528 3652 743 3708 facinus
807 3652 1168 3725 perpetravit,
1238 3653 1459 3723 expavit
1521 3669 1617 3727 cor
1680 3653 1848 3723 ejus;

271 3743 740 3813 conscindensque
785 3743 1027 3797 cilicium
1075 3759 1184 3813 quo
1223 3747 1347 3796 erat
1381 3742 1595 3806 induta,
1654 3742 1854 3797 faciem

270 3846 422 3885 suam
452 3831 710 3886 manibus
746 3830 1094 3897 verberabat,
1135 3831 1365 3901 cupiens
1408 3831 1581 3885 nimio
1614 3848 1852 3886 maerore

269 3935 323 3973 se
349 3920 520 3975 morti
558 3920 800 3974 tradere.
837 3921 1022 3990 Atque
1067 3918 1370 3974 anxietatis
1411 3936 1679 3991 oppressa
1716 3936 1851 3991 pon-

269 4006 409 4074 dere,
444 4007 577 4063 dum
602 4006 1022 4062 deliberationis
1051 4014 1278 4079 portum
1316 4025 1429 4062 non
1448 4014 1722 4076 cerneret,
1764 4008 1855 4062 di-

270 4098 433 4152 versis
452 4097 856 4168 cogitationum
885 4096 1113 4152 aestibus
1143 4098 1489 4166 ﬂuctuabat;
1522 4097 1853 4169 plangebat-

266 4201 366 4255 que
390 4203 453 4242 se
483 4203 593 4242 non
624 4203 747 4242 esse
775 4187 924 4258 quod
960 4187 1162 4255 fuerat,
1177 4196 1235 4242 et
1269 4204 1398 4242 cum
1413 4188 1626 4259 ejulatu
1646 4188 1850 4258 saepius

265 4276 575 4345 proferens:
613 4277 750 4347 Ego,
794 4276 995 4349 inquit,
1030 4278 1150 4348 jam
1193 4294 1283 4332 me
1313 4294 1379 4333 ex
1419 4277 1525 4333 hoc
1567 4284 1848 4333 mortuam

265 4366 461 4420 sentio:
492 4366 711 4438 perdidi
749 4365 869 4421 dies
914 4382 1071 4421 meos
1102 4372 1159 4421 et
1202 4366 1450 4422 laborem
1496 4366 1848 4423 abstinentiae

1939 3204 2160 3259 volutus
2188 3205 2380 3277 itaque
2397 3209 2658 3279 genibus.
2691 3217 2952 3282 precatus
2973 3219 3063 3268 est
3087 3215 3409 3285 Dominum,
3443 3219 3532 3273 di-

1938 3308 2069 3347 cens
2098 3312 2109 3347 :
2141 3295 2223 3349 Tu
2249 3296 2345 3367 qui
2373 3314 2433 3352 es
2460 3299 2725 3369 praescius
2761 3300 3149 3359 universorum
3176 3305 3347 3373 Deus,
3370 3322 3530 3363 ama-

1936 3387 2027 3436 tor
2075 3383 2389 3451 hominum,
2438 3393 2502 3441 tu
2539 3388 2687 3443 nosti
2727 3389 2864 3460 quid
2905 3390 3013 3446 sibi
3050 3392 3186 3447 velit
3224 3393 3343 3450 haec
3371 3395 3531 3452 visio.

1938 3471 2181 3527 Rursum
2211 3481 2340 3545 post
2367 3475 2508 3531 duos
2533 3477 2671 3545 dies,
2703 3479 2844 3534 vidit
2862 3480 3123 3536 eumdem
3139 3482 3442 3540 draconem
3458 3485 3532 3541 si-

1937 3561 2056 3615 mili
2088 3563 2253 3617 modo
2289 3565 2361 3619 ad
2398 3566 2596 3621 cellam
2617 3584 2777 3623 suam
2807 3570 3042 3637 venisse,
3077 3577 3135 3626 et
3160 3573 3415 3644 posuisse
3434 3591 3531 3631 ca-

1937 3656 2040 3721 put
2063 3651 2166 3706 sub
2176 3654 2411 3724 pedibus
2422 3657 2562 3727 ejus,
2589 3656 2872 3729 fuisseque
2886 3659 3174 3732 diruptum
3182 3682 3195 3730 ;
3210 3664 3529 3720 columbam

1935 3756 2066 3795 vero
2081 3747 2272 3808 3,0
2290 3743 2443 3797 illam
2464 3762 2633 3816 quam
2653 3746 3033 3817 devoraverat,
3057 3750 3238 3807 vivam
3253 3752 3311 3807 in
3335 3758 3527 3810 ventre

1935 3830 2056 3899 ejus
2087 3839 2398 3903 repertam;
2424 3838 2488 3905 et
2509 3835 2822 3890 extendisse
2850 3854 3080 3894 manum
3108 3857 3290 3906 suam,
3317 3842 3528 3899 vivam-

1935 3934 2044 3988 que
2083 3937 2204 3974 eam
2250 3910 2544 3994 recepisse.
2580 3924 3008 3996 Expergefactus
3036 3934 3248 3999 autem,
3294 3932 3529 3988 vocabat

1934 4005 2156 4063 beatam
2177 4010 2328 4065 illam
2352 4012 2526 4067 semel
2545 4018 2715 4085 atque
2731 4014 2954 4082 iterum,
2978 4023 3185 4087 putans
3205 4034 3330 4073 eam
3351 4020 3411 4074 in
3421 4020 3531 4075 cel-

1934 4096 2050 4151 lula
2075 4115 2213 4165 esse,
2244 4105 2301 4153 et
2329 4101 2582 4156 dicebat:
2616 4102 2729 4157 Cur
2757 4104 3031 4175 tepiguit,
3062 4106 3178 4160 ﬁlia
3208 4107 3405 4175 Maria,
3448 4110 3530 4164 sic

1933 4188 2139 4241 etenim
2167 4188 2272 4243 fuit
2292 4192 2550 4257 vocitata,
2576 4192 2698 4262 jam
2723 4192 2942 4247 duobus
2965 4193 3163 4248 diebus
3185 4212 3246 4250 os
3273 4201 3437 4252 tuum
3465 4199 3526 4252 in

1931 4277 2031 4331 Dei
2053 4276 2310 4331 laudibus
2326 4280 2546 4349 aperire
2560 4279 2585 4331 ’I
2609 4280 2717 4333 Sed
2735 4296 2862 4335 cum
2886 4297 3216 4353 responsum
3236 4284 3289 4337 ei
3308 4286 3527 4342 nullum

1929 4365 2177 4429 daretur,
2212 4372 2268 4420 et
2305 4368 2451 4438 quod
2477 4384 2601 4422 eam
2629 4385 2731 4440 per
2754 4368 2987 4426 biduum
3008 4371 3338 4443 psallentem
3358 4373 3525 4430 solito

264 4469 412 4522 meae,
444 4456 763 4511 orationum
797 4454 1077 4528 lacrymze,
1110 4456 1542 4528 vigiliarumque
1575 4473 1747 4529 opera
1774 4456 1846 4511 ad
1867 4449 2084 4509 Dmore
2122 4472 2235 4511 non
2266 4456 2505 4525 audiret,
2543 4459 2942 4514 animadvertit
2972 4460 3240 4516 visionem
3262 4479 3424 4517 suam
3452 4463 3525 4518 ad

264 4542 493 4599 nihilum
520 4550 657 4600 sunt
683 4544 922 4600 deducta
946 4564 957 4613 ;
991 4546 1169 4600 Deum
1202 4562 1391 4600 meum
1419 4545 1761 4612 exacerbavi,
1790 4550 1848 4599 et

265 4633 824 4705 meipsamiuteremi.
856 4635 981 4689 Heu
1017 4651 1107 4689 me
1139 4634 1405 4690 miseram
1438 4636 1449 4688 !
1482 4635 1635 4689 omni
1660 4634 1844 4706 lacry-

263 4735 474 4778 marum
536 4724 690 4779 fonte
758 4723 1182 4795 plangendum!
1255 4724 1523 4779 Sanctum
1579 4729 1845 4795 patruum

262 4824 441 4866 meum
476 4812 833 4868 amarissimo
882 4828 1122 4868 maerore
1165 4812 1438 4885 depressi,
1483 4811 1845 4885 opprobrium

260 4899 454 4956 animae
482 4919 585 4957 mae
614 4901 838 4974 operuit
871 4918 982 4969 me,
1025 4901 1211 4957 illusio
1258 4900 1464 4956 diaboli
1508 4900 1656 4957 facta
1694 4919 1837 4957 sum.

260 4987 401 5053 Quid
421 4992 556 5047 mihi
575 4991 784 5046 infelici
808 4993 929 5063 jam
961 4991 1113 5047 ultra
1139 4991 1371 5045 vivere?
1402 4992 1526 5047 Heu
1556 4992 1678 5046 me!
1711 4991 1842 5064 quid

260 5078 383 5149 egi?
408 5080 527 5137 Heu
547 5081 671 5137 me!
704 5080 839 5153 quid
862 5080 1072 5136 factum
1096 5086 1183 5136 est
1211 5080 1350 5135 mihi
1366 5081 1391 5134 ?
1410 5081 1534 5136 Heu
1563 5081 1680 5136 me!
1710 5081 1844 5153 quid

259 5168 389 5223 mali
412 5186 679 5243 perpessa
701 5169 871 5225 sum?
899 5170 1023 5225 Heu
1044 5170 1163 5226 me!
1195 5170 1345 5226 unde
1366 5176 1424 5225 et
1451 5171 1693 5242 qualiter
1719 5186 1843 5225 cor-

255 5257 379 5311 rui?
404 5259 694 5325 Quomodo
724 5258 1021 5315 obscurata
1050 5265 1136 5314 est
1153 5276 1313 5315 mens
1333 5277 1460 5314 mea
1487 5260 1511 5314 Ἰ
1538 5261 1664 5315 Non
1686 5259 1846 5314 intel-

254 5343 363 5400 lexi
408 5350 684 5420 quomodo
733 5348 891 5421 lapsa
937 5366 1089 5416 sum,
1134 5366 1247 5404 non
1283 5348 1518 5419 cognovi
1564 5349 1843 5421 quomodo

254 5437 628 5492 contaminata
655 5453 802 5505 sum,
843 5436 1030 5491 nescio
1070 5437 1349 5508 quomodo
1395 5453 1492 5492 cor
1516 5454 1704 5492 meum
1733 5453 1842 5491 nu-

258 5520 357 5578 bes
402 5527 693 5583 tenebrosa
748 5527 1012 5595 contexit,
1057 5526 1336 5597 quomodo
1384 5526 1541 5598 potui
1583 5528 1845 5598 ignorare

258 5613 390 5685 quid
412 5616 709 5688 gererem?
763 5614 868 5672 Ubi
922 5615 1277 5673 abscondar?
1302 5615 1387 5671 vel
1430 5631 1540 5689 quo
1590 5631 1843 5689 pergam,

1927 4545 2081 4598 illam
2115 4544 2426 4600 certissime
2445 4548 2746 4618 pertinere.
2779 4549 2936 4604 Tunc
2954 4549 3228 4621 ingemuit
3261 4567 3326 4605 ac
3371 4553 3525 4607 ﬂevit

1927 4650 2145 4700 amare;
2179 4641 2233 4690 et
2262 4635 2603 4706 profundens
2624 4637 2919 4710 lacrymas,
2951 4639 3059 4694 ait:
3086 4640 3210 4694 Heu
3239 4642 3359 4696 mel
3391 4642 3525 4713 quia

1926 4740 2129 4795 agnam
2157 4741 2339 4779 meam
2351 4726 2515 4798 lupus
2529 4727 2946 4782 crudelissimus
2957 4728 3173 4799 rapuit,
3191 4732 3248 4783 et
3262 4729 3377 4784 ﬁlia
3396 4747 3525 4787 mea

1927 4813 2145 4885 captiva
2171 4814 2365 4869 effecta
2406 4820 2509 4869 est.
2546 4815 2809 4871 Exaltans
2846 4833 3069 4889 quoque
3112 4834 3303 4873 vocem
3334 4836 3516 4889 suam,

1925 4920 2053 4957 cum
2082 4903 2349 4976 lacrymis
2380 4903 2546 4958 dixit:
2593 4904 2850 4959 Salvator
2882 4905 3081 4960 mundi
3112 4907 3353 4976 Christe,
3395 4927 3523 4966 con-

1924 4997 2078 5047 verte
2107 4993 2179 5046 ad
2209 5009 2297 5047 me
2327 5008 2531 5064 agnam
2576 5009 2762 5048 meam
2797 4993 3053 5061 Mariam,
3084 5001 3254 5069 atque
3282 4998 3341 5054 in
3380 5000 3522 5057 ovile

1924 5082 2050 5137 vita;
2072 5099 2195 5136 eam
2236 5081 2489 5148 restitue,
2521 5087 2586 5136 ut
2613 5098 2726 5137 non
2763 5088 3022 5140 senectus
3068 5102 3191 5141 mea
3219 5104 3347 5143 cum
3388 5105 3523 5144 moe-

1924 5188 2053 5226 rore
2079 5171 2147 5225 de
2175 5172 2280 5225 hoc
2308 5171 2517 5226 mundo
2545 5172 2790 5227 recedat.
2815 5173 2900 5228 Ne
2936 5174 3211 5247 despicias
3255 5177 3522 5251 depreca—

1924 5261 2138 5315 tionem
2168 5276 2374 5326 meam,
2408 5259 2662 5328 Domine,
2688 5261 2786 5316 sed
2811 5262 2974 5317 mitte
3001 5265 3243 5322 velocius
3275 5267 3520 5337 gratiam

1924 5354 2104 5416 tuam,
2147 5355 2211 5404 ut
2239 5349 2428 5420 ejicias
2467 5366 2592 5404 eam
2632 5350 2701 5405 de
2742 5368 2837 5407 ore
2874 5352 3131 5409 draconis
3160 5356 3516 5411 incolumem.

1927 5439 2125 5510 Itaque
2154 5439 2265 5493 duo
2292 5438 2412 5493 dies
2442 5439 2539 5510 qui
2569 5439 2619 5493 ei
2668 5457 2769 5512 per
2795 5442 3046 5497 visionen
3092 5445 3323 5499 revelati
3361 5450 3515 5513 sunt,

1928 5524 2169 5580 duorum
2201 5540 2480 5579 annorum
2500 5525 2778 5581 curriculo
2809 5527 3105 5595 ﬁniuntur,
3135 5528 3338 5599 quibus
3350 5528 3523 5584 lubri-

1929 5629 2052 5671 cam
2079 5613 2250 5670 vitam
2280 5613 2465 5686 neptis
2500 5615 2550 5687 ej
2559 5631 2644 5684 us,
2679 5616 2839 5689 quasi
2878 5616 2937 5672 in
2966 5621 3157 5672 ventre
3185 5615 3519 5698 atrocissimi
