3892 6182
342 306 449 368 655

1355 304 1450 360 DE
1487 302 1676 360 VITIS
1715 300 2009 358 PATRUM
2048 299 2263 358 LIBER
2300 304 2588 362 PRIMUS.

3470 320 3560 380 656

340 456 598 512 draconis
627 453 841 524 exegit;
888 450 985 503 sed
1015 453 1240 504 sanctus
1273 449 1440 503 hamo
1472 463 1574 519 per
1601 463 1767 501 omne
1789 452 1933 500 tem-
1957 429 2385 524 Αεῖιξρθίδεῐυδν
2405 431 2514 524 ait:
2541 427 2691 524 Δ(ζὶιιίσὲί
2712 430 3410 524 θεῐχίίρωὶηειΜειιὶειμιιιοίὶ
3429 443 3560 500 subi-

339 563 445 618 pus
473 545 564 599 die
583 548 862 612 noctuque
887 555 1177 611 nunquam
1199 555 1300 609 pro
1323 555 1390 592 ea
1413 537 1716 592 Dominum
1739 536 1940 606 depre-

338 636 516 690 cando
535 633 787 687 animum
815 629 1101 684 relaxavit.

410 725 539 778 CAP.
577 721 642 774 V.
668 720 882 774 —Post
908 719 1048 773 duos
1084 735 1210 772 vero
1243 734 1439 784 annos,
1475 733 1606 771 cum
1644 715 1740 770 ubi
1789 720 1939 769 esset

339 819 397 868 et
435 810 909 883 quemadmodum
940 825 999 862 se
1039 812 1262 878 gereret
1283 806 1662 878 comperisset,
1701 804 1938 875 rogabat

338 901 638 972 quemdam
663 897 769 954 sibi
799 897 1152 953 notissimum
1183 901 1248 951 ut
1278 913 1454 966 usque
1486 897 1557 950 ad
1587 912 1711 949 eam
1742 911 1938 966 perge-

337 996 442 1058 ret,
459 995 515 1044 et
529 994 729 1044 cuncta
745 993 1104 1059 cognosceret
1133 987 1454 1056 diligenter.
1484 987 1730 1054 Pergens
1745 984 1934 1055 itaque

338 1078 430 1135 ille
461 1096 628 1151 quem
661 1079 907 1144 miserat,
944 1083 1000 1131 et
1037 1077 1228 1131 omnia
1261 1076 1364 1130 sub
1395 1075 1649 1141 veritate,
1692 1080 1750 1128 et
1799 1074 1934 1144 quia

337 1170 516 1241 ipsam
538 1185 761 1240 quoque
780 1167 1028 1232 vidisset,
1062 1166 1413 1230 renuntians,
1442 1170 1668 1234 rogatus
1686 1181 1718 1218 a
1738 1170 1930 1218 sancto

335 1259 472 1326 viro,
508 1257 764 1311 habitum
785 1257 836 1311 ei
871 1256 1073 1310 detulit
1087 1255 1410 1319 militarem,
1437 1259 1494 1308 et
1523 1270 1730 1324 equum
1758 1253 1831 1307 ad
1849 1269 1932 1306 se-

336 1347 601 1402 dendum.
627 1346 782 1401 Ostio
799 1346 988 1416 itaque
980 1345 1275 1424 patefacto
1299 1343 1605 1413 egreditur,
1624 1343 1931 1413 statimque

335 1435 532 1490 habitu
561 1435 792 1489 militari
821 1435 1093 1500 induitur,
1125 1433 1571 1488 camelauchium
1607 1431 1681 1503 (3)
1709 1448 1931 1502 quoque

335 1526 565 1595 longum
579 1525 749 1596 capiti
763 1541 884 1590 suo,
910 1529 973 1578 ut
985 1524 1153 1578 facies
1168 1525 1289 1594 ejus
1305 1523 1605 1588 velaretur,
1629 1520 1927 1592 imposuit;

335 1614 430 1669 sed
458 1620 516 1669 et
564 1613 807 1668 solidum
839 1613 1198 1667 denariorum
1225 1628 1403 1666 unum
1450 1627 1640 1665 secum
1679 1616 1928 1681 portans,

331 1703 749 1775 ascendensque
761 1719 987 1774 equum,
1008 1703 1258 1756 concitus
1279 1700 1932 1773 preperabat.Tanquam

2021 523 2079 572 to
2101 518 2161 572 in
2182 524 2296 573 tam
2320 520 2654 590 gravissima
2679 521 2922 592 suspiria
2944 525 3262 596 prorupisti?
3279 529 3438 585 Hodie
3449 533 3558 588 duo.

2021 607 2124 663 bus
2145 608 2307 664 annis
2335 609 2424 664 hic
2447 627 2764 681 permanes,
2798 616 2854 666 et
2877 629 3164 684 nunquam
3197 633 3257 669 ex
3277 622 3328 671 te
3351 622 3567 690 gemitus

2020 699 2104 752 vel
2134 698 2348 752 tristior
2376 716 2558 754 sermo
2579 700 2822 771 _auditus
2853 707 2938 755 est
2969 721 2980 754 :
3015 719 3161 757 nunc
3186 722 3307 761 vero
3336 710 3457 779 quid
3481 711 3566 766 tibi

2020 789 2334 859 contigerit,
2377 791 2584 845 nescio.
2633 791 2766 855 Quae
2798 793 3088 863 respondit
3125 795 3192 848 ad
3225 813 3346 850 eum
3378 817 3388 851 :
3417 801 3569 854 Beata

2020 894 2221 944 essem,
2245 879 2291 932 si
2320 886 2450 933 ante
2481 881 2791 935 triennium
2822 881 3049 937 fuissem
3080 884 3345 940 defuncta.
3368 889 3443 941 Ad
3470 890 3570 944 hac

2018 967 2215 1022 beatus
2245 969 2447 1036 senior,
2470 988 2538 1024 ne
2558 979 2974 1041 agnosceretur,
2998 975 3167 1029 veluti
3195 992 3316 1029 cum
3358 980 3572 1047 quadam

2018 1059 2320 1113 serenitate
2347 1059 2426 1113 ait
2455 1060 2525 1114 ad
2557 1077 2713 1114 eam:
2748 1063 2910 1116 Modo
2940 1080 3065 1118 cum
3097 1065 3292 1119 laetitiae
3317 1083 3410 1120 nos
3425 1068 3574 1122 inter-

2015 1164 2228 1215 sumus,
2245 1154 2307 1203 tu
2330 1155 2558 1220 peccata
2582 1157 2686 1204 tua
2713 1168 3150 1208 commemorare
3177 1155 3364 1210 venisti
3390 1157 3472 1211 ?O
3491 1158 3574 1212 ad-

2014 1237 2273 1292 miranda
2298 1239 2608 1294 clementiae
2624 1246 2734 1295 tuae
2763 1242 3121 1313 dispensatio,
3149 1245 3290 1298 Deus
3310 1245 3572 1300 altissime!

2014 1327 2260 1383 Putasne
2305 1330 2493 1400 puella
2534 1347 2646 1384 non
2685 1330 2827 1385 dixit
2851 1332 2907 1385 in
2951 1333 3116 1387 corde
3158 1350 3275 1400 suo,
3318 1335 3580 1398 Quomodo

2013 1423 2271 1488 aspectus
2303 1419 2403 1472 viri
2431 1420 2618 1490 hujus,
2653 1421 2838 1491 patrui
2873 1422 2980 1474 mei
3021 1429 3306 1493 aspectum
3334 1424 3526 1477 similat
3556 1425 3575 1476 ?

2017 1507 2139 1561 Sed.
2155 1507 2306 1561 solus
2327 1513 2389 1562 tu
2414 1515 2633 1562 amator
2654 1509 2966 1576 hominum,
2993 1511 3158 1576 Deus,
3195 1529 3229 1565 a
3245 1529 3353 1583 quo
3373 1518 3456 1566 est
3480 1529 3580 1567 om-

2017 1596 2102 1650 nis
2133 1595 2279 1650 bona
2309 1597 2604 1668 sapientia,
2640 1598 2721 1652 ita
2757 1599 3114 1670 diSpensasti,
3149 1617 3218 1654 ne
3258 1617 3379 1654 eum
3418 1608 3585 1672 posset

2016 1701 2339 1754 agnoscere,
2375 1693 2433 1741 et
2459 1687 2695 1742 fortasse
2717 1687 3041 1743 confusione
3063 1689 3288 1744 turbata
3317 1691 3583 1760 effugeret.

332 1791 611 1864 quispiam
659 1792 901 1863 patriam
930 1790 1231 1861 cujuslibet
1263 1791 1349 1843 vel
1381 1789 1663 1844 civitatem
1698 1789 1929 1860 cupiens
1948 1785 1997 1848 B
2017 1774 2134 1828 Hoc
2159 1781 2347 1830 antem
2376 1793 2488 1830 ηοη
2519 1776 2588 1830 0b
2618 1777 2772 1832 aliu‘i
2801 1784 2887 1832 θεῖ
2920 1779 3279 1846 credendum:
3323 1780 3425 1833 ηίδί
3473 1781 3589 1851 quia

331 1882 640 1952 explorare,
679 1880 934 1935 habitum
961 1880 1273 1934 incolarum
1312 1879 1419 1933 loci
1450 1879 1619 1946 illius,
1665 1895 1734 1933 ne
1765 1879 1925 1933 facile

333 1974 687 2041 agnoscatur,
722 1969 986 2024 assumit:
1019 1969 1096 2023 sic
1131 1969 1329 2023 beatus
1374 1969 1480 2023 iste
1507 1967 1792 2022 Abraham
1817 1969 1927 2022 ini-

333 2058 463 2112 mici
489 2057 704 2123 habitu,
739 2063 805 2113 ut
841 2075 969 2112 eum
999 2058 1058 2112 in
1108 2059 1300 2128 fugam
1337 2062 1598 2123 verteret,
1641 2057 1924 2112 utebatur.

332 2147 536 2202 Venite
551 2147 745 2218 igitur,
762 2147 1138 2208 admiramini.
1166 2147 1514 2202 dilectissimi
1533 2148 1754 2214 fratres,
1787 2148 1934 2202 hunc

331 2236 638 2290 secundum
650 2235 932 2290 Abraham
945 2277 953 2288 .
964 2236 1187 2290 Primus
1203 2236 1428 2306 quidem
1443 2236 1726 2290 Abraham
1743 2253 1933 2307 egres-

329 2341 425 2380 sus
453 2324 523 2379 ad
549 2324 803 2396 praelium
832 2341 1049 2396 regum,
1083 2325 1515 2396 percutiensque
1537 2343 1652 2392 eos,
1672 2326 1814 2380 Loth
1841 2343 1934 2379 ne-

329 2420 517 2486 potem
548 2431 712 2469 suum
749 2414 996 2469 reduxit:
1042 2414 1131 2468 hic
1161 2431 1288 2468 vero
1328 2415 1605 2470 secundus
1646 2415 1933 2469 Abraham

329 2509 525 2558 contra
557 2502 842 2558 diabolum
870 2503 1152 2574 profectus
1180 2508 1266 2558 est
1284 2504 1356 2558 ad
1385 2503 1614 2570 bellum,
1640 2510 1704 2558 ut
1735 2521 1798 2558 eo
1832 2505 1930 2558 de-

328 2593 727 2664 victo,neptem
748 2609 909 2647 suam
928 2610 1057 2647 cum
1079 2593 1281 2664 majori
1315 2594 1604 2665 triumpho
1623 2599 1927 2648 revocaret.

403 2683 600 2754 Itaque
629 2697 758 2736 cum
784 2682 1128 2753 pervenisset
1157 2683 1227 2736 ad
1259 2683 1445 2737 locum
1476 2683 1705 2736 divertit
1723 2683 1781 2736 in
1812 2688 1929 2736 sta-

331 2771 568 2840 bulum;
606 2788 670 2826 ac
706 2770 958 2825 sollicitis
1002 2771 1176 2827 oculis
1196 2772 1305 2827 huc
1343 2778 1514 2843 atque
1536 2772 1666 2826 illuc
1696 2773 1931 2827 circum-

332 2862 594 2934 spiciens,
627 2866 692 2916 ut
720 2875 844 2914 eam
875 2861 1107 2928 videret,
1143 2861 1524 2932 perquirebat.
1558 2863 1773 2916 Deinde
1804 2879 1932 2916 cum

331 2951 509 3005 multa
530 2951 667 3005 hora
690 2951 1046 3021 praeterisset,
1086 2957 1143 3004 et
1169 2951 1394 3004 videndi
1425 2968 1548 3004 eam
1570 2951 1802 3005 minime
1826 2952 1934 3005 tri-

330 3040 598 3096 bueretur
643 3039 876 3106 occasio,
911 3039 1230 3106 subridens,
1275 3040 1354 3094 ait
1397 3041 1468 3094 ad
1508 3040 1878 3095 stabularium
1917 3059 1926 3094 :

2011 1865 2270 1935 lacrymw
2300 1865 2496 1920 famuli
2520 1867 2622 1932 tui,
2657 1868 2846 1937 patrui
2877 1869 3016 1938 ejus,
3053 1869 3432 1939 hujuscemodi
3455 1869 3586 1940 apud

2010 1957 2132 2020 θα
2147 1960 2190 2020 ι
2227 1960 2283 2009 te
2312 1955 2608 2010 obtinuere
2637 1957 2841 2022 locum,
2864 1963 2928 2012 ut
2953 1974 3018 2012 ex
3033 1957 3462 2030 impossibilibus
3483 1971 3596 2030 pos'

2015 2042 2202 2098 sibilia
2226 2043 2408 2100 facere
2434 2045 2766 2116 dignareris.
2813 2047 3106 2102 Proferens
3148 2047 3341 2120 itaque
3377 2055 3582 2102 sanctus

2017 2134 2099 2188 vir
2118 2135 2358 2190 solidum
2390 2152 2555 2206 quem
2586 2137 2873 2203 attulerat,
2909 2137 3219 2192 stabulario
3250 2138 3418 2203 dedit,
3447 2138 3596 2192 dixit-

2017 2240 2124 2295 que
2146 2224 2196 2278 ei
2221 2244 2230 2278 :
2266 2226 2374 2278 Fac
2402 2225 2580 2290 nobis,
2617 2243 2823 2298 quaeso,
2852 2228 3047 2293 amice,
3077 2229 3351 2299 optimam
3375 2244 3588 2294 omnem,

2015 2318 2079 2367 ut
2106 2330 2234 2367 cum
2260 2315 2672 2386 puellaepulari
2696 2317 2900 2387 possim
2927 2336 2939 2384 ;
2963 2317 3116 2387 longi
3136 2317 3596 2388 namqueitineris

2016 2403 2525 2469 intervallo,amore
2543 2407 2665 2476 ejus
2682 2407 2748 2460 ad
2759 2406 2950 2460 veni.0
2969 2424 3101 2460 vera
3114 2407 3390 2478 sapientia
3404 2423 3584 2460 secun-

2015 2494 2149 2548 dum
2165 2494 2345 2548 Deum
2371 2496 2382 2547 !
2411 2511 2442 2548 o
2473 2512 2600 2549 vere
2616 2496 2932 2551 intellectus
2947 2496 3252 2567 spiritalis!
3283 2515 3314 2551 ο
3337 2514 3458 2551 vere
3478 2513 3600 2568 pra:-

2014 2583 2254 2638 dicanda
2283 2585 2481 2638 salutis
2508 2585 2798 2640 discretio!
2823 2586 3236 2658 quinquaginta
3256 2587 3416 2641 annis
3444 2587 3598 2640 absti-

2014 2674 2217 2728 nentiae
2243 2691 2357 2728 suae
2371 2691 2728 2745 nequaquam
2747 2691 2948 2746 panem
2966 2682 3318 2746 gustaverat;
3339 2693 3481 2731 nunc
3499 2691 3602 2729 car-

2013 2780 2113 2817 nes
2143 2763 2263 2817 sine
2293 2764 2662 2830 haesitatione,
2697 2773 2756 2818 ut
2786 2766 3026 2819 salvaret
3056 2767 3311 2820 animam
3323 2765 3595 2836 perditam,

2016 2852 2390 2907 manducavit.
2445 2853 2776 2908 Sanctorum
2815 2855 3150 2924 angelorum
3183 2857 3408 2920 chorus,
3454 2869 3603 2925 super

2015 2941 2118 2996 hac
2143 2942 2480 2997 discretione
2511 2942 2660 2997 beati
2692 2944 2860 3013 hujus
2886 2960 3075 3011 ovans,
3122 2945 3480 2998 vehementer
3505 2950 3605 2996 stu-

2013 3031 2155 3100 puit,
2173 3048 2296 3101 quae
2325 3032 2587 3087 alacriter
2616 3031 2734 3086 sine
2745 3033 2860 3086 ulla
2887 3033 3247 3088 dubitatione
3268 3031 3606 3087 manducavit

330 3130 553 3196 Audivi,
583 3129 785 3201 inquit,
822 3105 1075 3194 oramice,
1113 3105 1261 3200 quod
1301 3129 1472 3184 habes
1511 3131 1756 3201 puellam
1787 3105 1992 3201 Opti—C
2019 3137 2085 3173 ac
2101 3119 2259 3187 bibit,
2293 3127 2356 3176 ut
2383 3123 2632 3176 animam
2661 3122 2719 3176 in
2741 3123 2875 3177 limo
2895 3123 3136 3178 deﬁxam
3163 3124 3527 3178 abstraheret.
3563 3122 3602 3176 Ο

329 3236 501 3287 mam;
533 3235 701 3291 quam
723 3218 770 3273 si
786 3217 1032 3289 juberes,
1058 3218 1427 3273 libentissime
1441 3219 1808 3290 perviderem.
1830 3219 1938 3283 Qui

330 3326 457 3364 cum
478 3309 660 3363 aetatis
694 3311 817 3380 ejus
839 3308 1162 3363 intueretur
1191 3308 1474 3376 canitiem,
1503 3315 1559 3363 et
1589 3314 1938 3363 senectutem

331 3414 610 3452 annorum
635 3397 1047 3452 numerositate
1087 3398 1208 3467 jam
1240 3397 1463 3463 fessam,
1496 3397 1645 3467 quod
1670 3395 1740 3451 ob
1769 3397 1940 3452 luxu-

331 3488 476 3542 riam
497 3504 622 3542 eam
651 3487 838 3541 videre
863 3492 1093 3558 cuperet
1108 3503 1220 3540 non
1241 3503 1492 3558 sperans,
1510 3486 1589 3540 sic
1606 3503 1939 3557 responsum

333 3577 518 3631 dedit:
561 3577 677 3644 Est,
727 3575 933 3647 inquit,
973 3580 1039 3630 ut
1081 3574 1183 3628 tibi
1222 3581 1573 3646 compertum
1619 3581 1722 3641 est,
1768 3576 1938 3630 etiam

334 3683 507 3738 supra
536 3666 765 3720 modum
812 3665 1086 3737 speciosa.
1128 3665 1262 3718 Erat
1291 3664 1569 3734 siquidem
1605 3664 1784 3718 Maria
1821 3665 1937 3719 haec

335 3771 478 3826 pene
489 3771 660 3825 supra
679 3771 849 3825 quam
867 3759 1072 3808 natura
1095 3754 1296 3824 exegit,
1316 3753 1507 3809 formae
1516 3754 1934 3826 pulchritudine

337 3846 556 3898 decora.
589 3845 842 3914 Cumque
868 3843 1056 3897 senior
1079 3859 1285 3898 nomen
1299 3845 1423 3914 ejus
1453 3845 1785 3915 requireret,
1821 3846 1935 3900 Ma-

338 3933 481 3986 riam
498 3931 680 3986 vocari
696 3932 789 3986 ille
808 3931 1116 4003 respondit.
1140 3933 1295 3986 Tunc
1311 3933 1477 3986 hilari
1498 3934 1675 3988 vultu:
1710 3935 1928 4002 Quaeso,

339 4021 540 4093 inquit,
565 4026 629 4075 ut
651 4019 790 4074 mihi
819 4021 1175 4092 praesentiam
1197 4021 1320 4092 ejus
1351 4022 1702 4090 exhibeas,ut
1719 4025 1934 4096 possim

339 4127 466 4166 cum
495 4127 562 4165 ea
605 4110 770 4165 hodie
798 4110 1034 4182 epulari,
1085 4112 1328 4166 multum
1360 4129 1602 4184 namque
1640 4129 1705 4168 ex
1737 4115 1932 4169 auditu

339 4200 586 4272 comperi
611 4200 792 4272 ipsam
832 4200 1050 4254 laudari
1088 4201 1353 4272 puellam.
1388 4202 1523 4267 Quae
1559 4220 1687 4258 cum
1738 4210 1937 4259 vocata

341 4290 582 4357 adesset,
635 4295 805 4361 atque
834 4289 893 4344 in
939 4289 1136 4344 habitu
1167 4291 1529 4346 meretricum
1560 4298 1785 4348 sanctus
1811 4311 1934 4348 eam

342 4387 578 4453 patruus
611 4380 734 4450 ejus
763 4379 1010 4446 vidisset,
1044 4395 1186 4450 pene
1215 4385 1396 4436 totum
1435 4398 1637 4454 corpus
1669 4385 1790 4455 ejus
1823 4401 1935 4455 prae

343 4470 533 4525 dolore
569 4469 817 4524 solutum
846 4474 950 4534 est,
1009 4469 1557 4543 amaritudinemque
1591 4473 1767 4527 animi
1806 4473 1933 4528 laeto

342 4560 499 4616 vultu
526 4558 760 4626 celavit;
804 4563 862 4613 et
898 4559 1175 4629 lacrymas
1222 4566 1581 4630 erumpentes
1611 4562 1756 4616 virili
1801 4580 1936 4617 sexu

345 4647 596 4717 retinuit,
630 4665 700 4703 ne
728 4647 871 4702 forte
901 4647 949 4702 si
984 4664 1110 4701 eum
1160 4647 1368 4702 femina
1399 4651 1765 4719 cognovisset,
1793 4652 1938 4722 fugae

347 4737 667 4810 praesidium
689 4737 997 4809 ﬂagitaret.

417 4828 548 4882 Car.
571 4827 692 4882 VII.
719 4859 770 4869 -
802 4827 1196 4883 Residentibus
1225 4827 1416 4899 itaque
1440 4829 1520 4884 eis
1547 4835 1717 4901 atque
1747 4829 1937 4886 biben-

348 4913 516 4981 tibus,
549 4914 716 4986 caapit
741 4932 867 4970 cum
891 4934 958 4972 ea
985 4917 1070 4972 vir
1105 4917 1379 4972 mirabilis
1408 4918 1619 4973 ludere.
1646 4920 1779 4984 Quae
1804 4938 1937 4976 con-

348 5019 603 5075 surgens,
644 5005 928 5076 complexa
955 5007 1224 5062 cervicem
1254 5009 1396 5079 ejus,
1430 5008 1631 5063 osculis
1656 5009 1939 5064 demulce-

351 5094 461 5148 bat.
495 5094 749 5165 Cumque
773 5095 1119 5151 oscularetur
1149 5113 1299 5159 eum,
1323 5097 1556 5152 odorata
1590 5100 1711 5169 ejus
1741 5115 1941 5171 corpu-

349 5183 564 5239 sculum
595 5182 926 5238 suavissimo
957 5186 1126 5240 odore
1160 5186 1510 5241 abstinentiae
1547 5187 1816 5259 fragrare,
1853 5208 1944 5245 rc-

349 5273 580 5329 cordata
606 5277 691 5327 est
720 5272 938 5328 dierum
970 5275 1172 5344 quibus
1196 5293 1323 5330 cum
1354 5294 1575 5331 summa
1604 5277 1946 5336 abstinentia

349 5365 590 5432 vixerat;
633 5368 692 5417 et
719 5363 878 5433 quasi
928 5365 1170 5434 quodam
1216 5366 1328 5419 telo
1373 5384 1637 5437 percussa
1668 5369 1725 5423 in
1756 5371 1944 5425 animo

351 5454 710 5508 vehementer
736 5452 1029 5522 ingemuit,
1048 5454 1434 5527 lacrymasque
1458 5458 1724 5527 profudit;
1750 5465 1807 5513 et
1825 5465 1946 5515 tan-

349 5559 517 5614 quam
549 5541 658 5597 vim
688 5541 873 5596 cordis
913 5559 1025 5596 non
1053 5543 1344 5611 sull‘erens,
1387 5546 1446 5600 in
1474 5546 1592 5601 haec
1620 5547 1789 5603 verba
1818 5566 1942 5620 pro-

348 5633 528 5704 rupit:
563 5631 677 5700 Vae,
721 5649 800 5687 van
841 5632 975 5688 mihi
1007 5633 1224 5690 miserae
1252 5634 1384 5688 soli!
1416 5635 1571 5690 Tunc
1600 5636 1939 5695 stabularius

2019 3210 2299 3281 sapientia
2322 3212 2685 3282 sapientium,
2720 3218 2775 3267 et
2795 3213 3116 3268 intellectus
3147 3211 3601 3284 intelligentium!

2022 3299 2067 3354 Ο
2079 3300 2342 3355 discretio
2355 3302 2811 3358 discernentium!
2836 3304 3052 3366 Venite,
3071 3304 3436 3358 admiramini
3456 3318 3609 3372 super

2022 3389 2128 3443 hac
2158 3391 2458 3462 imperitia,
2494 3394 2696 3460 venite,
2732 3394 3077 3464 expavescite
3126 3411 3303 3466 super
3331 3394 3432 3446 hac
3463 3391 3607 3445 diffe-

2022 3480 2511 3552 rentia,quomodo
2526 3483 2803 3554 perfectus
2821 3483 2908 3536 hic
2937 3489 2994 3537 et
3014 3483 3247 3555 sapiens
3269 3500 3334 3537 ac
3358 3483 3614 3536 discretor

2021 3575 2078 3623 et
2107 3571 2370 3640 prudens,
2400 3572 2574 3626 idiota
2611 3579 2667 3627 et
2695 3573 3028 3627 indiscretor
3063 3573 3304 3628 effectus
3333 3577 3436 3639 est,
3469 3577 3525 3625 ut
3553 3585 3611 3623 ex

2020 3677 2116 3713 ore
2137 3659 2313 3714 leonis
2341 3663 2590 3717 animam
2613 3662 2936 3733 absorptam
2953 3671 3204 3730 erueret,
3230 3669 3290 3718 et
3306 3681 3371 3718 ex
3395 3659 3614 3716 vinculis

2017 3754 2072 3803 et
2099 3765 2321 3805 carcere
2341 3751 2637 3806 tenebroso
2660 3753 2903 3807 animam
2931 3752 3261 3808 abstrusam
3295 3771 3361 3808 ac
3385 3753 3613 3806 vinctam

2016 3837 2348 3894 absolveret.

2089 3930 2218 3984 CAP.
2246 3931 2452 3986 VIII.—
2470 3934 2650 4003 Igitur
2673 3937 2968 4004 postquam
2992 3933 3213 4004 epulati
3245 3938 3402 3996 sunt,
3430 3945 3613 4003 provo-

2017 4019 2180 4075 cabat
2200 4037 2328 4075 eum
2349 4021 2536 4092 puella
2554 4023 2620 4076 ad
2653 4021 2989 4089 cubandum,
3007 4028 3071 4078 ut
3100 4025 3162 4078 in
3191 4023 3516 4078 cubiculum
3537 4019 3617 4074 in-

2017 4110 2274 4165 troirent.
2295 4113 2369 4165 At
2388 4111 2482 4165 ille
2506 4131 2516 4166 :
2554 4113 2778 4178 Eamus,
2799 4113 3288 4184 inquit.Cumque
3316 4112 3609 4173 introisset,

2019 4199 2198 4253 cernit
2224 4200 2430 4254 lectum
2456 4202 2514 4255 in
2539 4201 2775 4256 sublime
2805 4207 3065 4269 stratum,
3087 4202 3149 4257 in
3179 4219 3296 4274 quo
3327 4202 3522 4257 statim
3543 4215 3619 4252 re-

2019 4289 2164 4344 sedit
2193 4291 2469 4345 alacriter.
2503 4291 2794 4365 Quomodo
2815 4298 2872 4346 te
2901 4292 3210 4363 appellem,
3239 4293 3327 4346 vel
3360 4288 3623 4362 quomodo

2017 4385 2075 4433 te
2102 4380 2818 4452 nominem,perfectissime
2840 4382 3056 4436 athleta
3076 4382 3320 4450 Christi,
3347 4381 3626 4436 vehemen-

2029 4473 2115 4524 ter
2141 4469 2356 4540 ignoro.
2382 4471 2777 4525 Continentem
2805 4477 2860 4526 te
2878 4488 3154 4539 asseram,
3186 4490 3265 4526 an
3290 4472 3625 4526 incontinen-

2024 4559 2183 4613 tem?
2214 4559 2542 4630 sapientem,
2587 4578 2659 4615 an
2693 4561 3089 4632 insipientem?
3119 4561 3524 4624 discretorem,
3558 4573 3623 4612 an

2019 4649 2483 4704 indiscretorem?
2514 4651 2933 4721 Quinquaginta
2976 4667 3158 4705 annos
3195 4648 3628 4706 conversationis

2023 4745 2153 4804 tum,
2185 4755 2354 4810 super
2381 4739 2688 4810 psiathium
2721 4740 2794 4809 (4)
2827 4739 3187 4794 cubitaveras
3218 4759 3232 4808 ;
3269 4748 3328 4796 et
3360 4737 3627 4813 quomodo

2019 4844 2167 4882 nunc
2182 4846 2352 4900 super
2370 4829 2759 4900 hujuscemodi
2775 4829 2981 4884 lectum
3005 4837 3354 4885 constanter
3366 4826 3634 4885 ascendis?

2022 4918 2130 4973 Sed
2174 4918 2290 4973 haec
2337 4919 2598 4972 universa
2637 4918 2816 4973 fecisti
2873 4919 2946 4972 ad
3005 4919 3245 4974 laudem
3297 4927 3355 4975 et
3404 4918 3629 4991 gloriam

2026 5008 2252 5076 Christi,
2280 5013 2337 5063 et
2364 5008 2723 5064 mansionum
2751 5009 2862 5063 iter
2878 5008 3289 5080 longissimum
3319 5006 3632 5082 arripiendo

2027 5103 2084 5152 et
2110 5115 2307 5153 carnes
2330 5099 2695 5164 comedendo,
2727 5104 2783 5153 et
2813 5099 3009 5154 vinum
3040 5098 3319 5166 bibendo,
3356 5107 3414 5154 et
3453 5097 3507 5152 in
3528 5101 3634 5150 sta-

2027 5187 2222 5242 bulum
2235 5188 2651 5256 divertendo,ut
2672 5189 2914 5243 salvares
2930 5189 3184 5243 animam
3209 5187 3636 5261 perditam.Nos

2028 5283 2218 5333 autem
2235 5279 2281 5333 si
2298 5279 2499 5333 saltem
2519 5278 2750 5334 verbum
2773 5279 3035 5334 utilitatis
3056 5279 3219 5350 loqui
3234 5298 3369 5334 cum
3394 5278 3636 5351 proximo

2029 5369 2301 5435 volumus,
2335 5374 2535 5423 cuncta
2562 5368 2883 5440 importune
2909 5369 3323 5425 discernimus.

2099 5461 2228 5512 CAP.
2263 5459 2677 5514 IX.—Sedente
2709 5475 2774 5512 eo
2804 5459 2991 5530 itaque
3021 5474 3202 5528 super
3224 5458 3554 5526 lectum,ait
3574 5453 3638 5508 ad

2023 5565 2152 5605 eum
2191 5549 2397 5619 puella:
2417 5547 2577 5614 Veni,
2611 5548 2854 5614 domine,
2885 5553 2950 5602 ut
2968 5549 3376 5605 calceamenta
3405 5549 3475 5604 de
3503 5544 3645 5620 pedi-

2023 5641 2124 5696 bus
2154 5639 2266 5696 tuis
2288 5637 2560 5694 auferam.
2581 5639 2655 5693 At
2673 5637 2767 5694 ille
2796 5637 2876 5692 ait
2905 5638 2975 5693 ad
3007 5639 3425 5709 eam:0bsera,
3443 5637 3642 5709 inquit,
