3954 6190
387 194 495 254 657

1384 199 1553 256 VlTA
1591 199 1890 257 SANCTE
1928 199 2197 268 MARIE,
2240 197 2696 256 MERETRICIS.

3563 198 3674 259 658

385 323 595 378 ostium
653 322 970 396 diligenter,
1028 331 1084 378 et
1128 325 1420 380 abstrahes
1465 343 1550 381 ea.
1591 328 1827 384 Volebat
1859 329 2187 396 veroAbes,
2220 327 2478 384 veniam:
2513 326 2780 399 praeeede,
2816 333 2872 382 et
2918 342 3022 398 ego
3071 339 3276 398 sequar
3314 325 3672 383 sanctitatem

384 415 576 486 puella
594 413 777 486 primo
793 415 1128 470 discalceare
1159 433 1288 471 eum
1316 435 1328 484 ;
1361 418 1457 471 sed
1481 434 1607 473 cum
1638 418 1731 474 ille
1764 436 1874 500 non
1893 436 1987 492 pa-

384 509 624 571 teretur,
648 503 921 559 obseratis
969 505 1128 560 ostiis
1158 506 1310 560 venit
1339 506 1410 561 ad
1439 524 1588 562 eum.
1622 509 1726 563 Cui
1755 510 1943 564 senior
1969 528 1980 564 :

379 594 639 658 Domina,
675 595 876 665 inquit,
907 595 1103 661 Maria,
1135 592 1521 667 a'ppropinqua
1552 597 1708 652 mihi.
1730 598 1987 670 Cumque

379 684 906 756 apprOpinquasset,
934 684 1117 739 tenuit
1145 686 1382 740 ﬁrmiter
1408 703 1639 741 manum
1662 689 1803 758 ejus,
1827 688 1988 760 quasi

383 774 479 845 qui
508 780 807 844 putaretur
833 775 1072 828 osculari
1093 791 1236 829 eam.
1261 776 1535 830 Auferens
1565 793 1786 848 quoque
1807 795 1990 834 came-

381 863 666 917 lauchium
684 881 717 917 a
735 864 915 936 capite
944 881 1064 931 suo,
1090 869 1148 919 et
1162 881 1462 937 erumpens
1479 883 1667 920 vocem
1689 867 1746 921 in
1767 867 1982 935 ﬂetum,

2066 424 2244 486 tuam,
2275 423 2332 474 et
2361 417 2649 472 exosculor
2676 417 2912 487 vestigia
2948 422 3065 482 tua,
3099 415 3232 488 quia
3259 415 3339 471 sic
3383 431 3553 489 super
3582 432 3672 472 me

2067 509 2314 576 doluisti,
2347 513 2412 564 ut
2439 523 2503 562 ex
2533 507 2797 579 voragine
2827 507 3196 563 immunditiae
3210 507 3378 576 hujus
3407 505 3674 562 educeres

2067 616 2157 654 me
2173 644 2193 658 ν
2224 599 2293 654 Et
2322 615 2535 670 ponens
2560 602 2728 669 caput
2754 613 2917 652 suum
2940 597 3010 651 ad
3023 597 3191 670 pedes
3219 596 3359 666 ejus,
3374 599 3496 650 tota
3511 600 3674 650 nocte

2071 688 2258 754 ﬂebat,
2286 689 2476 743 dicens
2503 704 2514 742 :
2549 687 2695 752 Quid
2727 686 2850 754 tibi,
2883 687 3137 754 Domine,
3179 687 3329 742 Deus
3363 701 3522 742 meus
3570 700 3672 760 pro

2069 778 2328 833 omnibus
2347 778 2434 831 his
2454 776 2761 832 retribuam
2783 777 2807 830 ἲ)

2143 869 2273 922 CAP.
2299 869 2364 921 X.
2391 897 2453 908 —
2474 865 2728 920 Diluculo
2751 870 2940 920 autem
2961 865 3124 932 facto,
3147 866 3225 920 ait
3245 865 3315 920 ad
3336 883 3459 920 eam
3475 865 3672 920 beatus

2071 957 2354 1012 Abraham
2385 975 2397 1010 :
2438 957 2635 1026 Surge,
2663 955 2798 1021 ﬁlia,
2832 960 2890 1010 et
2917 972 3110 1010 eamus
3139 955 3269 1010 hinc
3298 956 3366 1009 ad
3414 956 3670 1010 cellulam

2074 1053 2342 1101 nostram.
2370 1047 2504 1110 Quae
2520 1045 2882 1117 respondens,
2915 1045 3057 1098 dixit
3087 1045 3153 1098 ad
3179 1061 3336 1098 eum:
3373 1044 3562 1099 Habeo
3583 1043 3674 1098 hic

381 953 464 1008 ait
491 953 562 1007 ad
592 970 716 1008 eam
742 973 753 1006 :
791 953 931 1008 Filia
955 971 1080 1008 mea
1099 955 1294 1022 Maria,
1321 971 1432 1010 non
1455 972 1544 1010 me
1574 957 1826 1027 agnoscis
1844 958 1868 1010 ?
1885 958 1990 1012 vis-

379 1059 512 1097 cera
539 1060 686 1111 mea,
719 1060 903 1098 nonne
924 1061 1026 1114 ego
1061 1062 1186 1099 sum
1220 1045 1314 1116 qui
1339 1051 1396 1099 te
1427 1046 1676 1099 nutrivi?
1709 1047 1843 1118 quid
1887 1046 1991 1101 tibi

378 1132 589 1186 factum
612 1138 713 1198 est,
736 1150 768 1186 o
791 1133 906 1188 ﬁlia
934 1134 1103 1187 mea?
1134 1135 1259 1205 quis
1274 1139 1330 1188 te
1350 1134 1664 1189 interfecit?
1683 1135 1778 1190 ubi
1791 1140 1877 1191 est
1893 1137 1986 1191 ille
2070 1136 2350 1190 modicum
2377 1135 2520 1201 auri,
2545 1140 2602 1188 et
2616 1134 2827 1204 aliquid
2847 1133 3327 1199 vestimentorum,
3345 1133 3477 1205 quid
3500 1134 3568 1186 de
3584 1133 3671 1188 his

379 1222 607 1277 habitus
629 1223 912 1293 angelicus
941 1240 1107 1295 quem
1139 1224 1400 1290 habebas,
1426 1225 1543 1279 ﬁlia
1570 1226 1734 1280 mea?
1767 1225 1861 1280 ubi
1903 1231 1989 1282 est
2063 1225 2228 1296 jubes
2257 1224 2379 1278 ﬁeri
2403 1226 2425 1278 7
2455 1224 2819 1295 Respondens
2834 1229 3024 1278 autem
3049 1223 3248 1277 beatus
3275 1221 3672 1287 Abraham,di-

378 1312 771 1367 continentia?
803 1313 895 1367 ubi
926 1314 1140 1368 ﬂetus?
1170 1313 1266 1368 ubi
1303 1314 1504 1384 vigiliae
1524 1315 1549 1367 ?
1579 1315 1675 1369 ubi
1719 1315 1985 1371 chameu-
2069 1314 2182 1368 xit:
2219 1314 2495 1384 Relinque
2525 1313 2614 1367 hic
2635 1312 2825 1366 omnia
2847 1313 2981 1376 haec,
3003 1328 3126 1384 quae
3153 1329 3218 1366 ex
3249 1316 3409 1383 parte
3439 1310 3669 1380 maligni

381 1403 489 1457 nias
523 1403 592 1472 (5)
618 1403 708 1457 ?A
736 1402 1062 1458 celsitudine
1079 1403 1202 1457 coeli
1221 1404 1280 1458 in
1313 1405 1455 1458 hanc
1474 1404 1688 1459 foveam
1706 1406 1986 1476 quomodo
2070 1403 2300 1475 quaesita
2326 1408 2478 1456 sunt.
2512 1403 2579 1456 Et
2603 1406 2897 1472 surgentes
2910 1402 3183 1456 exierunt.
3218 1401 3534 1474 Statimque
3563 1400 3670 1455 im-

377 1493 648 1547 devoluta
671 1511 749 1558 es,
784 1493 899 1547 ﬁlia
927 1510 1054 1547 mea
1073 1493 1100 1546 ?
1130 1510 1247 1558 cur,
1293 1496 1516 1565 quando
1565 1495 1824 1566 peccasti,
1873 1511 1983 1550 non
2067 1509 2280 1564 ponens
2302 1509 2425 1546 eam
2441 1509 2613 1563 super
2625 1508 2852 1562 equum,
2870 1490 3132 1544 trahebat
3147 1490 3468 1562 praecedens
3482 1506 3673 1562 quem-

376 1583 519 1639 mihi
551 1583 851 1638 indicasti?
883 1599 994 1638 non
1020 1583 1156 1638 mihi
1177 1584 1323 1639 illico
1336 1584 1621 1639 retulisti?
1643 1590 1700 1639 et
1720 1601 1822 1656 ego
1835 1590 1984 1640 certe
2067 1583 2368 1637 admodum
2396 1587 2588 1653 pastor
2617 1597 2745 1635 cum
2777 1580 2990 1634 invenit
3019 1597 3176 1634 ovem
3208 1580 3506 1652 perditam,
3543 1595 3671 1635 cum

375 1689 480 1744 pro
513 1679 566 1726 te
598 1673 983 1744 paenitentiam
1018 1690 1241 1744 agerem
1277 1691 1403 1728 cum
1449 1655 1809 1730 dilectissimo
1858 1691 1983 1730 meo
2002 1655 2272 1743 Bgaudio
2294 1687 2464 1743 super
2477 1672 2739 1726 humeros
2757 1685 2888 1724 suos
2908 1669 3056 1724 tollit
3077 1671 3223 1736 (Luc.
3254 1672 3372 1736 xm)
3399 1688 3412 1736 ;
3446 1669 3528 1724 ita
3546 1669 3672 1725 bea-

373 1762 656 1834 Ephrzem.
690 1763 874 1827 Quare
894 1763 972 1817 sic
993 1763 1170 1818 fecisti
1197 1763 1342 1817 ?aut
1377 1779 1550 1835 quare
1581 1779 1673 1818 me
1712 1764 1792 1818 ita
1823 1765 1983 1819 dese-

373 1852 559 1914 ruisti,
603 1857 660 1906 et
687 1852 744 1906 in
771 1853 916 1907 hanc
941 1869 1031 1907 me
1059 1853 1384 1908 maestitiam
1427 1853 1837 1908 intolerabilem
1885 1854 1984 1909 de-

371 1937 621 1992 duxisti?
644 1937 779 2002 Quis
801 1944 990 1992 autem
1001 1937 1122 1993 sine
1144 1944 1370 2012 peccato
1387 1943 1488 2004 est,
1511 1938 1618 1993 nisi
1639 1939 1790 1994 solus
1809 1938 1986 1994 Deus?

373 2028 631 2098 Cumque
661 2029 777 2083 haec
804 2029 1025 2101 aliaque
1048 2029 1228 2083 multa
1250 2027 1498 2092 dixisset,
1547 2033 1818 2100 tanquam
1843 2028 1984 2100 lapis

371 2117 679 2172 immobilis
707 2118 765 2172 in
796 2117 1053 2173 manibus
1083 2120 1206 2189 ejus
1233 2117 1520 2183 remansit,
1547 2117 1752 2172 timore
1775 2118 1986 2190 pariter

372 2212 432 2260 et
460 2207 784 2263 confusione
811 2209 1088 2280 suppleta.
1122 2209 1336 2263 Rursus
1387 2214 1577 2262 autem
1624 2206 1984 2263 beatissimus

372 2297 460 2352 vir
487 2313 616 2352 cum
643 2297 904 2370 lacrymis
916 2296 1141 2369 adjecit,
1163 2297 1354 2352 dicens
1377 2315 1388 2350 :
1414 2298 1540 2352 Non
1554 2297 1800 2369 loqueris
1820 2297 1977 2363 mihi,

371 2402 406 2439 ο
437 2386 555 2441 ﬁlia
586 2403 713 2442 mea
743 2387 916 2445 Maria
936 2388 961 2440 ?
991 2389 1117 2442 Non
1148 2387 1394 2459 loqueris
1425 2386 1580 2453 mihi,
1633 2403 1762 2459 pars
1814 2386 1985 2442 visce-

373 2493 504 2531 rum
532 2477 824 2532 meorum?
858 2492 1044 2532 nonne
1090 2482 1320 2548 propter
1367 2482 1442 2543 te,
1499 2476 1617 2532 ﬁlia
1674 2493 1818 2542 mea,
1875 2477 1983 2532 huc

371 2565 627 2621 adveni?
659 2567 840 2637 Super
868 2583 959 2620 me
994 2567 1069 2622 sit
1101 2566 1204 2620 hoc
1228 2572 1536 2639 peccatum,
1587 2583 1620 2620 o
1667 2566 1786 2620 ﬁlia
1822 2581 1980 2634 mea;

372 2672 479 2728 ego
505 2656 564 2711 in
587 2655 675 2711 die
702 2655 901 2727 judicii
935 2673 1035 2728 pro
1064 2661 1120 2711 te
1152 2656 1381 2710 reddam
1407 2656 1684 2711 rationem
1722 2656 1981 2723 Domino,

372 2763 479 2817 ego
505 2762 604 2818 pro
633 2752 860 2818 peccato
890 2746 995 2800 hoc
1017 2745 1358 2801 satisfaciam
1382 2747 1518 2800 Deo.
1543 2747 1731 2818 Usque
1761 2746 1831 2800 ad
1863 2762 1984 2799 me-

374 2837 534 2891 dium
563 2836 754 2908 itaque
775 2836 954 2891 noctis
975 2836 1361 2908 hujuscemodi
1391 2835 1574 2890 verbis
1591 2835 1986 2890 consolabatur

373 2941 522 2992 eam,
549 2931 607 2980 ct
625 2943 752 2980 cum
770 2926 1031 2998 lacrymis
1051 2926 1348 2980 uberrimis
1368 2924 1986 2997 admonebat.Cumque

2065 1766 2158 1816 tus
2183 1761 2464 1816 Abraham
2488 1761 2742 1831 gaudens
2771 1760 2828 1814 in
2859 1759 3026 1814 corde
3054 1775 3155 1814 suo
3184 1759 3295 1814 iter
3337 1775 3462 1814 cum
3503 1764 3671 1832 nepte

2067 1849 2322 1905 faciebat.
2347 1852 2600 1922 Cumque
2624 1849 2869 1904 venisset
2888 1849 2958 1903 ad
2981 1849 3268 1921 proprium
3287 1849 3492 1915 locum,
3515 1848 3672 1902 illam

2068 1941 2291 2012 quidem
2307 1940 2406 1995 ubi
2426 1941 2544 2012 ipse
2561 1940 2763 2005 fuerat,
2796 1938 3051 1994 interiori
3072 1938 3273 1994 cellula
3291 1937 3537 2004 reclusit,
3553 1938 3674 2010 ipse

2067 2047 2198 2085 vero
2237 2030 2292 2084 in
2323 2030 2463 2084 cella
2491 2029 2750 2085 exteriori
2771 2029 3097 2100 permansit.
3118 2029 3247 2083 Haec
3264 2029 3456 2100 itaque
3474 2027 3675 2083 induta

2063 2117 2267 2186 bilicio,
2292 2119 2349 2174 in
2370 2119 2686 2174 humilitate
2709 2118 2884 2173 animi
2902 2124 2958 2173 et
2980 2118 3164 2173 cordis
3188 2123 3358 2190 atque
3380 2117 3672 2173 oculorum

2069 2210 2290 2264 ﬂetibus
2304 2208 2665 2281 perdurabat,
2681 2208 2888 2280 vigiliis
2910 2223 3134 2280 quoque
3154 2212 3324 2279 atque
3340 2205 3671 2262 arctissimis

2065 2296 2418 2353 abstinentia
2443 2297 2726 2352 laboribus
2747 2297 3110 2369 semetipsam
3133 2297 3453 2364 conﬁciens,
3471 2302 3528 2353 et
3541 2313 3668 2353 cum

2065 2387 2341 2442 modestia
2362 2391 2420 2442 et
2449 2387 2637 2459 quiete
2652 2388 2723 2442 ad
2743 2387 3041 2442 Dominum
3060 2387 3445 2442 indesinenter
3461 2387 3673 2460 procla~

2067 2493 2249 2542 mans,
2279 2476 2494 2532 facinus
2526 2477 2817 2548 proprium
2840 2493 2938 2549 spe
2957 2477 3286 2531 ﬁrmissima
3314 2476 3487 2532 veniae
3516 2478 3672 2549 plan-

2064 2565 2252 2637 gebat,
2299 2571 2417 2621 tam
2471 2566 2758 2638 sapienter
2802 2566 3018 2638 jugiter
3061 2565 3537 2622 obsecrationibus
3575 2583 3669 2622 va-

2067 2671 2218 2722 cans,
2239 2661 2316 2709 -ut
2343 2655 2549 2723 nullus,
2591 2655 2847 2726 quamvis
2874 2655 2995 2710 sine
3025 2655 3348 2722 visceribus,
3371 2672 3486 2711 non
3515 2671 3670 2710 com-

2065 2750 2430 2816 pungeretur,
2457 2761 2585 2799 cum
2606 2761 2765 2799 voces
2789 2746 2954 2800 ﬂetus
2966 2747 3088 2817 ejus
3108 2745 3348 2800 audiret.
3363 2745 3500 2811 Quis
3519 2745 3669 2801 enim

2066 2834 2145 2888 sic
2169 2834 2568 2889 immisericors
2583 2840 2666 2890 est
2685 2834 2965 2901 inventus,
2985 2835 3082 2906 qui
3108 2835 3509 2890 lamentantem
3542 2851 3670 2890 eam

2066 2939 2392 2995 agnoscens,
2423 2924 2543 2996 ipse
2573 2940 2795 2995 quoque
2814 2940 2926 2978 non
2952 2925 3150 2978 ﬂeret?
3176 2926 3291 2978 Aut
3319 2925 3444 2995 quis
3461 2925 3531 2978 de
3547 2925 3670 2995 ejus

379 3031 687 3088 parumper
715 3016 976 3070 fiduciam
997 3017 1353 3088 percepisset,
1376 3016 1568 3070 taliter
1587 3017 1727 3071 ﬂens
1755 3015 1826 3070 ad
1854 3031 1982 3070 eum
2001 3025 2042 3086 ο
2071 3030 2203 3068 vera
2222 3013 2403 3068 cordis
2433 3014 2860 3085 compunctione
2888 3029 3000 3069 non
3031 3013 3145 3084 egit
3163 3013 3377 3084 gratias
3407 3013 3522 3068 Deo
3564 3029 3668 3068 no-

374 3107 560 3160 locuta
591 3111 675 3160 est
699 3125 710 3159 :
739 3107 863 3161 Non
881 3106 1033 3160 valeo
1056 3112 1130 3172 te,
1159 3106 1436 3178 inquiens,
1461 3110 1690 3177 propter
1710 3106 1982 3162 confusio-

373 3213 504 3250 nem
528 3196 711 3251 vultus
728 3195 838 3250 mei
859 3196 1170 3250 attendere.
1195 3197 1264 3251 Et
1280 3196 1558 3268 quomodo
1581 3212 1808 3268 possum
1851 3213 1980 3251 ora-

369 3285 587 3340 tionem
601 3286 715 3340 Deo
733 3286 990 3351 fundere,
1007 3286 1230 3358 quando
1247 3285 1326 3339 sic
1347 3285 1706 3340 immunditia
1718 3286 1860 3340 omni
1879 3285 1980 3340 liu-

365 3377 464 3446 jus
487 3375 701 3447 polluta
723 3392 846 3430 sum
861 3376 884 3429 ?
899 3376 966 3430 Et
984 3382 1211 3431 sanctus
1230 3375 1316 3430 vir
1333 3375 1404 3429 ad
1443 3391 1567 3429 eam
1591 3393 1602 3428 :
1638 3376 1818 3448 Super
1864 3393 1974 3444 me,

374 3461 580 3534 inquit,
596 3462 670 3517 sit
688 3462 959 3534 iniquitas
981 3468 1096 3529 tua,
1112 3479 1144 3515 ο
1166 3461 1281 3516 ﬁlia
1298 3478 1449 3529 mea;
1474 3478 1542 3515 ex
1559 3461 1816 3516 manibus
1838 3462 1977 3516 meis

371 3555 662 3623 peccatum
687 3551 792 3605 hoc
821 3551 969 3606 Deus
998 3551 1249 3622 requirat
1274 3568 1284 3604 :
1329 3550 1678 3605 solummodo
1703 3550 1836 3605 audi
1865 3567 1974 3617 me,

371 3645 430 3694 et
455 3640 603 3706 veni,
623 3657 818 3695 eamus
838 3640 896 3693 in
916 3640 1096 3694 locum
1122 3646 1396 3695 nostrum.
1429 3641 1565 3694 Ecce
1587 3640 1736 3694 enim
1767 3643 1825 3694 et
1847 3640 1980 3695 cha-

372 3729 633 3784 rissimus
659 3731 916 3802 Ephraem
938 3746 1039 3800 pro
1055 3735 1109 3784 te
1129 3729 1366 3784 nimium
1404 3730 1574 3795 dolet,
1608 3730 1983 3800 tuiquecausa

374 3821 570 3875 sedule
605 3820 906 3875 Dominum
925 3819 1274 3890 deprecatur.
1302 3819 1426 3873 Noli
1447 3819 1719 3886 difﬁdere,
1745 3820 1880 3886 ﬁlia,
1912 3821 1982 3873 de

374 3909 676 3964 clementia
701 3908 922 3963 Domini
946 3928 958 3975 ;
993 3909 1120 3962 licet
1146 3913 1242 3962 tua
1269 3908 1383 3961 sint
1402 3913 1630 3979 peccata
1657 3908 1809 3962 velut
1829 3924 1984 3962 mon-

372 4006 479 4064 tes,
504 3999 602 4053 sed
624 3998 774 4052 illius
788 3997 1166 4052 misericordia
1183 4014 1409 4050 omnem
1431 3997 1812 4068 supereminet
1830 4015 1980 4051 crea-

375 4095 588 4143 turam.
613 4087 769 4141 Sicut
796 4085 1053 4156 legimus,
1077 4085 1312 4140 accessit
1340 4085 1545 4140 mulier
1572 4085 1863 4139 immunda
1907 4085 1978 4139 ad

371 4177 668 4241 mundum,
694 4181 751 4230 et
777 4193 890 4230 non
923 4193 1053 4230 eum
1081 4175 1412 4246 inquinavit,
1449 4175 1546 4228 sed
1586 4173 1654 4228 ab
1681 4191 1746 4228 eo
1787 4174 1974 4245 potius

2067 3109 2183 3159 stro
2205 3104 2228 3156 ?
2250 3103 2588 3158 Ptenitentia
2611 3103 2891 3174 siquidem
2923 3104 3062 3174 ejus,
3097 3103 3145 3157 si
3174 3102 3668 3175 nostrissupplica-

2061 3193 2308 3248 tionibus
2327 3197 2703 3265 comparetur,
2723 3209 2948 3247 omnem
2959 3208 3282 3247 mensuram
3293 3191 3500 3247 doloris
3515 3208 3668 3247 exce-

2063 3282 2163 3338 dit.
2183 3283 2272 3338 Sic
2300 3282 2452 3336 enim
2480 3282 2790 3354 impensius
2803 3281 3102 3337 Dominum
3125 3281 3460 3354 precabatur
3480 3286 3545 3336 ut
3563 3279 3668 3337 sibi

2062 3372 2448 3442 ignosceretur
2474 3372 2624 3444 quod
2649 3377 2920 3443 gesserat,
2938 3371 3184 3426 utetiam
3203 3371 3442 3443 signum,
3467 3370 3514 3424 si
3540 3387 3666 3426 sus-

2063 3467 2225 3534 cepta
2253 3461 2451 3517 fuisset
2488 3463 2612 3533 ejus
2651 3461 3000 3533 poenitentia,
3033 3459 3300 3515 divinitus
3327 3461 3660 3532 postularet.

2063 3551 2550 3606 Clementissimus
2571 3551 2762 3622 itaque
2783 3551 2952 3616 Deus,
2990 3549 3085 3622 qui
3105 3549 3390 3614 neminem
3401 3549 3520 3604 vult
3533 3565 3664 3622 per-

2063 3641 2166 3708 ire,
2207 3641 2305 3696 sed
2327 3657 2520 3695 omnes
2539 3641 2609 3694 ad
2640 3640 3032 3712 paenitentiam
3065 3639 3271 3695 reverti
3313 3643 3364 3704 (Ι
3408 3641 3548 3695 Tim.
3581 3637 3660 3710 ιι),

2063 3731 2145 3786 ita
2173 3731 2508 3802 condignam
2531 3730 2969 3785 satisfactionem
2990 3730 3110 3801 ejus
3131 3729 3360 3801 recepit,
3383 3734 3449 3784 ut
3463 3728 3665 3784 oratio-

2063 3820 2228 3876 nibus
2242 3822 2290 3892 ej
2299 3837 2364 3874 us
2383 3825 2510 3892 post
2518 3820 2748 3874 triennii
2764 3819 3170 3891 plenitudinem
3182 3819 3394 3874 sanitas
3406 3818 3667 3891 plurimis

2062 3911 2411 3965 redderetur.
2433 3909 2748 3981 Impensius
2767 3926 3012 3981 namque
3041 3909 3112 3964 ad
3135 3926 3260 3964 eam
3284 3907 3452 3963 turba
3474 3907 3665 3980 populi

2062 3998 2396 4066 conﬂuebat,
2432 4015 2554 4069 quae
2575 4015 2675 4069 pro
2705 3998 2926 4053 illorum
2949 3997 3129 4053 salute
3150 3997 3452 4054 Dominum
3473 3997 3665 4053 efﬁca-

2061 4088 2201 4142 citer
2228 4088 2581 4160 precabatur.

2133 4178 2264 4234 CAP.
2298 4179 2394 4232 XI.
2428 4205 2486 4217 —
2522 4177 2727 4231 Beatus
2756 4181 2947 4230 autem
2977 4175 3261 4230 Abraham
3300 4174 3440 4229 alios
3469 4175 3664 4232 decem

369 4268 491 4340 ipsa
523 4266 795 4320 mundata
817 4270 903 4319 est
927 4283 938 4319 :
968 4265 1232 4336 lacrymis
1257 4265 1428 4336 pedes
1459 4263 1681 4319 Domini
1701 4263 1854 4331 lavit,
1887 4281 1974 4318 ca-
2055 4283 2231 4320 annos
2250 4266 2307 4320 in
2329 4267 2554 4320 hacvita
2566 4266 2897 4337 perdurans,
2920 4270 2979 4320 et
3003 4280 3238 4320 cernens
3257 4263 3528 4336 optimam
3542 4281 3662 4336 pm.-

368 4357 633 4429 pillisque
661 4356 775 4410 suis
806 4355 1036 4409 extersit
1062 4357 1230 4424 (Luem
1251 4357 1369 4423 vn).
1405 4354 1460 4408 Si
1505 4359 1692 4425 potest
1737 4353 1978 4408 scintilla
1996 4351 2044 4409 D
2065 4355 2359 4410 nitentiam
2383 4357 2522 4426 ejus,
2562 4355 2994 4427 gloriﬁcansque
3022 4355 3220 4419 Deum,
3247 4353 3662 4426 septuagesimo

369 4447 606 4519 pelagus
625 4445 997 4510 inﬂammare,
1015 4449 1249 4516 possunt
1261 4449 1318 4498 et
1328 4449 1554 4515 peccata
1568 4449 1665 4497 tua
1686 4444 1734 4513 ej
1744 4459 1807 4496 us
1821 4460 1982 4497 mun-

369 4537 571 4591 ditiam
604 4535 929 4607 inquinare:
967 4550 1077 4589 non
1109 4538 1196 4589 est
1224 4550 1429 4588 novum
1455 4533 1653 4588 cadere
1692 4532 1749 4587 in
1798 4533 1978 4588 lucta-

369 4626 566 4691 mine;
625 4625 722 4679 sed
775 4625 986 4678 malum
1045 4629 1131 4678 est
1172 4623 1360 4693 jacere
1407 4616 1707 4694 dejectum.
1763 4623 1981 4677 Revoca

367 4715 521 4771 unde
550 4715 828 4769 extuleras
858 4714 1056 4786 pedem
1087 4713 1339 4767 fortiter:
1365 4717 1422 4767 te
1451 4713 1684 4767 cadente
1713 4712 1840 4767 risit
1865 4712 1984 4766 ini-

370 4806 571 4871 micus,
595 4805 694 4860 sed
722 4803 1008 4859 fortiorem
1039 4807 1096 4858 te
1126 4803 1335 4858 sentiat
1361 4808 1770 4874 resurgentem.
1816 4803 1979 4858 Mise-

370 4914 517 4962 rere,
552 4911 759 4966 quaeso,
815 4893 1117 4948 senectutis
1148 4910 1321 4960 meae;
1373 4893 1563 4947 doleas
1610 4909 1710 4964 pro
1757 4892 1981 4947 canitiei

370 5003 511 5041 mea:
537 4985 747 5050 labore,
771 4983 1019 5048 obsecro,
1046 4987 1103 5037 et
1127 4999 1451 5053 exsurgens,
1472 4983 1593 5036 veni
1619 4983 1689 5037 ad
1722 4983 1978 5037 cellulam

370 5092 611 5131 mecum.
645 5073 772 5128 Noli
802 5073 1001 5128 timere
1023 5091 1035 5139 ;
1056 5071 1334 5127 lubricum
1358 5073 1508 5127 enim
1530 5077 1618 5126 est
1639 5089 1818 5143 genus
1835 5088 1981 5126 mor-

369 5165 571 5220 talium
599 5183 612 5231 ;
646 5165 741 5219 sed
767 5163 911 5218 sicut
929 5163 1094 5218 citius
1113 5163 1280 5228 cadit,
1304 5163 1382 5216 sic
1401 5162 1609 5217 iterum
1627 5162 1871 5216 velocius
1882 5178 1983 5233 per

371 5254 472 5309 Dei
496 5253 842 5324 adjutorium
871 5253 1070 5324 surgit,
1105 5253 1200 5324 qui
1224 5257 1514 5324 peccantes
1535 5268 1649 5306 non
1675 5251 1793 5306 vult
1815 5251 1978 5316 mori,

371 5343 472 5398 sed
506 5343 692 5397 sanari
724 5343 1195 5413 etvivere(Ezcch.
1223 5342 1516 5411 xvm).Illa
1546 5357 1674 5395 vero
1699 5346 1889 5407 at!”
1903 5341 1984 5395 ait

372 5431 445 5486 ad
476 5449 642 5487 eum:
681 5433 737 5487 Si
767 5431 874 5486 scis
904 5431 1036 5504 quia
1082 5431 1472 5502 paenitentiam
1521 5445 1686 5500 agere
1729 5447 1976 5502 possum,

371 5526 431 5576 et
467 5521 903 5579 satisfactionem
933 5537 1118 5579 meam
1143 5520 1411 5594 suscipiat
1439 5520 1606 5589 Deus,
1641 5537 1764 5576 ecce
1791 5526 1855 5578 ut
1886 5521 1982 5594 ju-

2062 4446 2186 4501 vitae
2200 4463 2314 4500 suae
2330 4461 2477 4500 anno
2491 4445 2703 4517 quievit
2718 4445 2775 4500 in
2789 4443 3369 4518 pace.anquaginta
3379 4443 3660 4514 siquidem

2063 4552 2241 4590 annos
2273 4551 2479 4606 magna
2506 4551 2634 4590 cum
2661 4534 2965 4599 devotione,
2984 4539 3154 4606 atque
3187 4533 3505 4589 humilitate
3543 4547 3664 4588 cor-

2062 4625 2149 4679 dis
2170 4631 2226 4679 et
2238 4625 2510 4680 charitate
2549 4642 2661 4680 non
2674 4625 2821 4691 ﬁcta,
2846 4624 3170 4680 institutum
3191 4639 3358 4678 suum
3379 4622 3658 4694 implevit.

2134 4716 2264 4770 CAP.
2288 4715 2410 4770 XII.
2439 4745 2498 4758 -
2515 4716 2821 4770 Personam
2850 4713 3092 4768 hominis
3119 4729 3408 4784 nunquam
3427 4712 3664 4785 accepit,

2063 4805 2208 4859 sicut
2227 4805 2374 4876 apud
2392 4805 2663 4876 plurimos
2694 4804 2814 4858 ﬁeri
2831 4803 3136 4871 consuevit,
3157 4808 3222 4857 ut
3239 4819 3417 4859 unum
3434 4802 3665 4874 quidem

2062 4911 2253 4949 amore
2282 4895 2598 4966 praeferant,
2621 4894 2795 4948 alium
2807 4910 2936 4948 vero
2953 4892 3282 4964 despiciant,
3299 4909 3482 4965 neque
3494 4909 3664 4965 regu-

2062 4984 2173 5038 lam
2205 4983 2559 5038 abstinentiae
2579 4999 2692 5037 sua:
2713 4983 3092 5048 mutavit,non
3107 4981 3336 5055 pigritia
3355 4982 3662 5056 obtorpuit,

2063 5090 2176 5128 non
2207 5072 2454 5143 segniter
2472 5073 2605 5143 egit,
2629 5072 2727 5126 sed
2742 5072 2822 5127 ita
2836 5088 3058 5144 semper
3070 5073 3286 5127 exstitit
3303 5073 3464 5144 quasi
3485 5073 3668 5144 quoti-

2064 5163 2152 5216 die
2174 5162 2497 5216 moriturus.
2515 5162 2616 5215 Hic
2629 5161 2735 5216 fuit
2749 5162 2948 5217 modus
2962 5161 3272 5217 beatissimi
3286 5161 3590 5229 Abraham,
3608 5165 3666 5215 et

2065 5251 2181 5305 haec
2205 5251 2551 5306 conversatio
2591 5255 2648 5305 et
2687 5251 2998 5306 certamina
3036 5250 3349 5306 tolerantiae
3388 5253 3530 5322 ejus.
3578 5250 3664 5305 Ita

2065 5341 2214 5396 enim
2237 5341 2293 5394 in
2313 5341 2638 5395 certaminis
2655 5341 2771 5395 acie
2794 5347 2987 5396 contra
3003 5341 3384 5396 adversarium
3401 5338 3575 5404 stetit,
3599 5341 3664 5392 ut

2063 5446 2418 5502 nequaquam
2449 5447 2508 5485 se
2540 5436 2669 5502 post
2686 5435 2906 5503 tergum
2933 5434 3282 5487 converteret
3307 5447 3320 5495 ;
3351 5427 3448 5482 sed
3479 5439 3666 5496 neque

2064 5521 2121 5577 in
2151 5519 2607 5580 tribulationibus
2638 5537 2776 5596 quas
2801 5521 2859 5579 in
2885 5523 3005 5578 vico
3019 5533 3319 5598 perpessus
3345 5519 3449 5584 est,
3480 5527 3666 5590 neque
