3954 6190
348 278 457 339 659

1397 284 1492 341 DE
1527 285 1719 344 VITIS
1758 284 2056 344 PATRUM
2090 279 2308 340 LIBER
2332 275 2632 335 PRIMUS.

3506 269 3603 332 660

348 402 409 467 in
436 411 632 484 praelia
659 427 786 467 cum
817 408 1127 482 phantasiis
1155 408 1474 466 daemonum
1496 410 1787 480 dimicans,
1814 413 1956 467 rela-
1974 410 2238 475 Ahiems,
2272 405 2561 462 etinﬁnita
2577 405 2883 474 tempestas
2902 398 3118 456 nudum
3136 414 3227 456 me
3246 402 3413 471 atque
3421 398 3604 472 spolia-

350 501 502 556 xavit
519 501 772 557 animum
793 516 978 563 suum,
1011 499 1098 553 vel
1127 498 1186 554 in
1207 498 1395 570 aliquo
1426 501 1744 572 trepidavit.
1776 500 1953 557 Maxi-

350 606 509 646 mum
523 594 710 645 autem
730 594 898 658 atque
909 587 1242 643 admirabile
1252 594 1538 644 certamen
1554 590 1791 651 hocfuit.
1805 590 1953 663 quod

352 696 488 751 erga
510 677 889 734 beatissimam
920 676 1154 732 Mariam
1179 678 1375 748 gessit,
1405 679 1685 749 quomodo
1722 696 1821 751 per
1861 696 1954 734 sa-

352 767 621 839 pientiam
647 766 1019 838 spiritualem,
1052 767 1429 839 prudentiam,
1461 768 1713 839 inquam,
1747 774 1804 824 et
1844 768 1952 823 im-

351 855 635 928 peritiam,
666 872 767 927 per
806 855 1243 911 indiﬂ‘erentiam
1275 862 1334 912 et
1381 856 1845 913 incontinentiam
1885 859 1955 913 de

352 944 616 1015 voragine
630 944 946 1015 iniquitatis
977 962 1102 1001 eam
1122 944 1417 1000 abstraxit.
1443 946 1489 1002 Ο
1517 947 1870 1003 miraculum!
1890 948 1955 1002 In

351 1033 538 1107 ipsum
567 1033 749 1088 cubile
796 1034 1055 1089 draconis
1088 1034 1378 1106 ingressus
1423 1040 1527 1103 est,
1579 1035 1769 1108 ibique
1825 1053 1954 1092 eum

352 1122 591 1195 pedibus
649 1123 1009 1190 conculcavit,
1064 1130 1122 1179 et
1176 1141 1243 1180 ex
1291 1125 1476 1179 medio
1527 1126 1780 1181 dentium
1832 1128 1955 1197 ejus

355 1228 541 1267 escam
565 1212 791 1284 eripuit.
830 1212 901 1267 Hi
942 1229 1153 1284 agones
1174 1219 1232 1268 et
1245 1213 1478 1270 sudores
1501 1214 1649 1270 beati
1673 1216 1778 1270 viri
1794 1215 1956 1270 exsti-

353 1304 567 1356 terunt.

429 1391 561 1447 ΟΑι).
594 1390 744 1446 XIII.
770 1420 836 1432 -
864 1391 935 1446 Et
959 1392 1065 1447 hoc
1094 1392 1320 1463 quidem
1350 1392 1431 1448 ita
1456 1393 1858 1449 conscribimus
1886 1395 1958 1450 ad

357 1479 796 1535 consolationem
826 1483 885 1534 et
932 1481 1283 1537 devotionem
1325 1483 1579 1538 omnium
1624 1484 1722 1555 qui
1764 1484 1959 1539 volunt

356 1567 447 1639 pie
476 1574 534 1622 et
562 1568 823 1623 alacriter
840 1568 1010 1624 vitam
1027 1586 1188 1625 suam
1205 1570 1503 1626 instituere
1521 1591 1532 1627 :
1566 1578 1619 1628 et
1646 1572 1718 1627 ad
1730 1573 1957 1628 laudem

358 1661 416 1712 et
439 1656 679 1728 gloriam
712 1657 834 1725 Dei,
858 1659 1021 1729 cujus
1038 1659 1226 1729 gratia
1247 1660 1548 1716 alﬂuenter
1576 1661 1737 1718 nobis
1758 1668 1959 1717 cuncta

358 1760 481 1817 qum
510 1750 827 1817 opportuna
852 1754 986 1803 sunt
1007 1748 1425 1817 conceduntur;
1448 1750 1509 1806 in
1526 1750 1635 1804 alio
1656 1767 1785 1805 vero
1811 1751 1954 1806 volu-
1974 1758 2019 1819 Β
2040 1747 2420 1805 contremiscit
2437 1762 2534 1800 cor
2559 1761 2771 1809 meum,
2803 1748 2860 1799 et
2891 1743 3071 1799 deﬂeo
3117 1743 3240 1798 dies
3284 1742 3617 1814 negligentia:
3728 1776 3729 1779 η

355 1835 510 1891 mine
529 1835 774 1908 reliquas
788 1838 912 1908 ejus
920 1838 1157 1893 virtutes
1173 1839 1589 1911 descripsimus.
1606 1843 1752 1896 Hora
1767 1845 1958 1897 autem

356 1923 454 1979 illa
481 1925 705 1997 quando
735 1925 946 1998 quievit
971 1927 1320 1998 migraturus
1345 1929 1415 1984 ad
1445 1928 1764 1997 Dominum,
1815 1947 1959 2003 pene

357 2013 620 2069 universa
645 2014 841 2071 civitas
865 2022 1204 2087 congregata
1234 2022 1336 2072 est.
1362 2018 1430 2073 Et
1456 2020 1841 2091 unusquisque
1861 2036 1957 2075 eo-

359 2118 487 2157 rum
516 2119 644 2158 cum
672 2104 827 2159 omni
855 2104 1148 2161 devotione
1159 2106 1471 2163 castissime
1491 2109 1614 2180 ejus
1627 2109 1845 2180 corpori
1865 2125 1961 2181 ap-

358 2191 763 2264 propinquans,
786 2193 1234 2251 benedictionem
1255 2195 1363 2251 sibi
1382 2214 1448 2252 ex
1471 2198 1822 2253 vestimentis
1840 2200 1961 2270 ejus

359 2280 608 2353 diripuit.
630 2283 699 2337 Et
715 2282 763 2337 si
783 2282 843 2338 in
865 2300 1198 2357 quocunque
1217 2285 1487 2356 languore
1514 2287 1572 2341 id
1602 2288 1751 2359 quod
1778 2288 1961 2360 direp-

358 2374 481 2425 tum
511 2374 595 2425 est
624 2371 1030 2442 contigitysine
1046 2374 1237 2445 aliqua
1264 2391 1423 2430 mora
1441 2375 1653 2434 sanitas
1663 2376 1961 2433 subsecuta

359 2463 462 2516 est.

432 2550 564 2605 CAP.
596 2551 741 2605 XIV.
776 2577 836 2588 ——
868 2551 1020 2607 Vixit
1032 2552 1204 2608 etiam
1224 2553 1398 2611 Maria
1415 2554 1556 2609 alios
1585 2554 1833 2627 quinque
1857 2572 1959 2611 an-

359 2654 483 2705 nos,
516 2639 707 2712 sicque
736 2656 909 2712 supra
926 2641 1157 2697 modum
1193 2642 1361 2697 vitam
1382 2659 1543 2698 suam
1571 2644 1889 2710 instituens,
1903 2650 1963 2700 et

361 2725 558 2782 diebus
586 2744 652 2782 ac
670 2729 926 2784 noctibus
951 2729 1009 2784 in
1027 2730 1428 2787 lamentatione
1440 2749 1647 2804 magna
1672 2734 1961 2806 lacrymis-

362 2833 471 2889 que
498 2833 883 2888 perseverans,
914 2819 1216 2875 Dominum
1244 2820 1594 2892 precabatur,
1617 2827 1681 2878 ut
1709 2823 1962 2895 plerique

360 2910 765 2977 praetereuntes
781 2907 965 2985 locum
993 2907 1152 2963 illum
1183 2926 1284 2981 per
1310 2916 1550 2978 noctem,
1585 2916 1644 2966 et
1670 2913 1963 2968 audientes

361 3010 553 3050 vocem
604 2996 842 3052 ﬂetuum
889 2998 1031 3068 ejus,
1078 2997 1444 3056 nihilominus
1495 3006 1851 3057 verterentur
1904 3002 1962 3056 in

2033 505 2155 555 tum
2182 497 2392 569 absque
2419 492 2757 567 perfectione
2785 489 3061 545 bonorum
3086 505 3318 562 cperum
3363 489 3602 547 inveniet.

2107 590 2238 644 CAP.
2288 586 2434 641 XVI.
2485 608 2544 620 -—
2597 580 2861 636 Admiror
2899 579 2959 634 in
3013 579 3363 651 memetipso,
3422 580 3609 636 charis-

2035 677 2182 744 simi,
2218 673 2496 748 quomodo
2528 670 2778 744 quotidie
2803 668 3088 739 delinquo,
3133 673 3191 724 et
3236 668 3478 740 quotidie
3504 686 3609 742 pm-

2036 766 2333 822 nitentiam
2384 780 2528 834 ago;
2577 778 2678 833 per
2720 760 2888 814 horas
2927 758 3171 824 aediﬁco,
3224 762 3284 813 et
3327 774 3425 829 per
3461 760 3612 815 horas

2036 859 2358 912 constructa
2375 852 2654 907 subverto.
2693 849 2779 904 Ad
2825 864 3114 919 vesperam
3155 846 3315 902 dico:
3368 848 3611 920 Sequenti

2038 944 2130 1000 die
2154 942 2424 1015 poeniteo;
2457 955 2623 995 mane
2650 942 2843 993 autem
2870 937 3033 1002 facto,
3085 937 3267 991 elatus
3303 935 3448 991 diem
3492 954 3614 1009 prae-

2035 1039 2211 1089 tereo.
2241 1032 2457 1087 Rursus
2485 1029 2557 1083 ad
2596 1043 2884 1100 vesperam
2926 1026 3080 1081 dico:
3141 1026 3326 1081 Noctu
3375 1024 3613 1097 vigilabo,

2037 1128 2095 1179 et
2120 1139 2249 1178 cum
2275 1118 2539 1192 lacrymis
2580 1116 2882 1172 obsecrabo
2922 1115 3247 1178 Dominum.
3295 1120 3360 1170 ut
3397 1115 3616 1187 peccatis

2034 1212 2174 1267 meis
2202 1208 2477 1283 propitius
2495 1207 2604 1274 sit;
2633 1223 2759 1262 cum
2778 1210 2968 1261 autem
2990 1221 3098 1259 nox
3109 1205 3416 1268 advenerit,
3437 1221 3614 1260 somno

2036 1302 2223 1374 potius
2251 1315 2509 1370 occupor.
2538 1297 2676 1352 Ecce
2706 1295 2804 1367 qui
2828 1310 3049 1350 mecum
3086 1299 3422 1365 acceperunt
3460 1310 3614 1366 pecu-

2038 1392 2192 1446 niam
2220 1391 2312 1445 die
2332 1406 2398 1444 ac
2425 1392 2588 1443 nocte
2616 1385 2893 1456 negotiari
2918 1384 3289 1451 contendunt,
3325 1389 3391 1439 ut
3415 1390 3471 1439 et
3504 1385 3613 1440 lau-

2038 1481 2167 1536 dem
2205 1477 2468 1551 praeconii
2512 1479 2948 1547 consequantur;
2984 1478 3042 1529 et
3085 1473 3283 1528 decem
3321 1473 3616 1531 civitatibus

2038 1569 2306 1642 praesint;
2331 1584 2436 1638 ego
2463 1566 2535 1622 ob
2556 1564 2845 1638 pigritiam
2879 1579 3064 1619 meam
3102 1563 3376 1632 occultavi
3406 1579 3523 1617 eam
3564 1564 3616 1619 in

2037 1665 2211 1725 terra,
2245 1662 2303 1713 et
2316 1656 2589 1713 Dominus
2615 1671 2776 1710 meus
2788 1653 3185 1725 propinquavit
3203 1652 3415 1720 venire;
3436 1657 3492 1708 et
3506 1668 3617 1709 ecce

2040 1854 2201 1905 meae,
2233 1853 2346 1892 non
2375 1834 2588 1891 habens
2615 1834 2840 1906 qualem
2868 1832 3289 1890 excusationem
3317 1831 3615 1887 obtendam.

2112 1925 2433 1982 CAP.XVII.
2447 1923 2785 1979 -Miserere
2807 1921 2938 1989 mei,
2970 1921 3067 1993 qui
3091 1921 3246 1977 solus
3265 1920 3385 1976 sine
3413 1926 3619 1993 peccato

2040 2033 2100 2071 es
2136 2016 2305 2083 Deus,
2336 2019 2395 2069 et
2409 2014 2625 2069 salvum
2645 2029 2737 2068 me
2764 2011 2866 2076 fac,
2892 2011 2989 2083 qui
3004 2011 3157 2066 solus
3194 2008 3469 2081 benignus
3491 2028 3545 2065 es
3570 2016 3620 2066 et

2041 2106 2303 2174 clemens;
2328 2104 2462 2177 quia
2476 2107 2682 2176 praeter
2695 2107 2753 2157 te
2772 2101 3130 2158 benedictum
3148 2101 3397 2168 Patrem,
3419 2105 3474 2156 et
3504 2101 3618 2156 uni-

2041 2195 2297 2268 genitum
2319 2193 2526 2250 Filium
2544 2198 2707 2249 tuum
2719 2191 2816 2264 qui
2829 2191 3156 2247 incarnatus
3168 2195 3258 2246 est
3271 2196 3493 2262 propter
3508 2207 3616 2256 nos,

2046 2290 2103 2341 et
2127 2284 2401 2357 Spiritum
2427 2287 2685 2338 sanctum
2702 2282 2799 2354 qui
2817 2282 3060 2336 viviﬁcat
3081 2279 3296 2347 omnia,
3322 2280 3489 2337 alium
3513 2297 3620 2336 nes-

2042 2375 2146 2440 cio,
2180 2390 2363 2446 neque
2390 2374 2451 2428 in
2480 2373 2655 2429 alium
2683 2372 2869 2428 credo.
2902 2371 2973 2427 Et
2998 2387 3149 2427 nunc
3178 2375 3460 2426 memento
3501 2370 3615 2435 mei,

2041 2469 2262 2520 amator
2287 2463 2601 2529 hominum,
2625 2476 2682 2517 et
2709 2461 2889 2517 deduc
2914 2476 3006 2516 me
3034 2461 3104 2516 de
3130 2476 3358 2517 carcere
3383 2459 3620 2531 iniquita-

2039 2559 2165 2609 tum
2194 2568 2470 2619 mearum,
2499 2552 2633 2625 quia
2657 2557 2965 2623 utrumque
2992 2555 3155 2607 tuum
3169 2555 3276 2616 est,
3309 2551 3549 2615 Domine,
3570 2555 3619 2604 et

2042 2642 2265 2714 quando
2293 2641 2522 2696 voluisti
2552 2657 2643 2696 me
2689 2641 2749 2696 in
2790 2641 2940 2696 hunc
2979 2641 3260 2696 mundum
3304 2641 3524 2706 intrare,
3569 2645 3618 2695 et

2041 2732 2266 2804 quando
2293 2748 2361 2786 ex
2386 2747 2452 2786 eo
2469 2731 2715 2802 migrare
2733 2730 3084 2803 praceperis.
3106 2731 3422 2786 Memorare
3440 2730 3620 2786 meiino

2043 2821 2275 2887 defensi,
2307 2826 2365 2876 et
2398 2820 2551 2875 salva
2570 2836 2661 2875 me
2682 2825 3031 2893 peccatorem
3060 2826 3147 2889 ;et
3163 2821 3355 2892 gratia
3375 2826 3484 2887 tua,
3513 2836 3619 2892 quae

2044 2910 2184 2965 mihi
2211 2910 2270 2964 in
2299 2911 2404 2965 hoc
2429 2910 2630 2965 saeculo
2647 2909 3280 2982 opitulatio,refugium,
3304 2915 3361 2966 et
3384 2910 3619 2982 gloriatio

2045 3000 2194 3055 facta
2220 3004 2324 3068 est,
2348 3000 2472 3071 ipsa
2499 3016 2591 3055 me
2618 2998 2723 3055 sub
2742 3000 2860 3055 alas
2878 2999 2937 3054 in
2956 3000 3058 3054 illa
3071 3001 3163 3056 die
3172 3001 3453 3056 horrenda
3472 3004 3620 3072 atque

362 3084 670 3156 planctum,
685 3091 743 3141 et
753 3087 947 3141 ﬂetum
975 3103 1140 3143 suum
1154 3089 1276 3159 ejus
1296 3089 1431 3145 ﬂetu
1448 3092 1793 3162 copularent.
1810 3092 1964 3146 Hora
1986 3085 2030 3147 ϐ
2047 3089 2284 3145 terribili
2304 3093 2582 3162 protegat.
2605 3090 2691 3145 Tu
2709 3089 2862 3145 enim
2876 3090 3150 3161 agnoscis,
3165 3090 3267 3163 qui
3295 3108 3356 3146 es
3365 3096 3618 3146 scrutator

362 3178 552 3229 autem
583 3174 938 3231 dormitionis
968 3177 1108 3248 ejus,
1143 3194 1254 3249 qua
1281 3195 1345 3232 ex
1373 3179 1478 3234 hac
1521 3180 1632 3234 vita
1670 3187 1963 3252 assumpta

363 3267 467 3330 est,
498 3279 695 3319 omnes
722 3264 819 3335 qui
847 3265 1109 3321 viderunt
1144 3283 1289 3334 eam,
1332 3265 1563 3340 propter
1606 3270 1963 3342 splendorem

363 3352 554 3407 vultus
577 3353 719 3424 ejus,
739 3354 980 3425 gloriam
1004 3355 1246 3411 Domino
1273 3359 1605 3414 retulerunt.

437 3442 567 3496 CAP.
601 3442 718 3496 XV.
748 3474 805 3484 —
828 3443 953 3498 Heu
972 3444 1111 3499 mihi
1134 3444 1232 3516 (6),
1246 3446 1613 3515 dilectissimi,
1628 3450 1892 3520 quoniam
1905 3450 1965 3505 hi

367 3529 591 3603 quidem
618 3530 987 3588 dormierunt.
1017 3538 1074 3588 et
1093 3534 1164 3588 ad
1183 3535 1485 3591 Dominum
1499 3554 1627 3592 cum
1655 3539 1806 3594 omni
1828 3540 1968 3595 fidu-

367 3618 454 3672 cia
465 3625 858 3690 perrexerunt;
877 3637 1117 3692 quorum
1138 3640 1298 3678 mens
1310 3624 1367 3679 in
1389 3626 1544 3681 nullo
1560 3644 1790 3698 prorsus
1805 3645 1967 3683 mun-

368 3706 529 3763 danis
558 3709 799 3778 negotiis
822 3709 1083 3781 colligata
1106 3717 1211 3779 est,
1243 3714 1343 3768 sed
1370 3714 1429 3769 in
1458 3716 1579 3770 sola
1605 3716 1828 3772 Domini
1840 3719 1966 3772 cha-

369 3795 555 3851 ritate.
575 3798 690 3867 Ego
709 3802 899 3866 333
918 3815 1046 3854 vero
1065 3799 1440 3873 impromptus
1459 3809 1628 3876 atque
1654 3805 1965 3878 imparatus

367 3899 497 3941 mea
521 3885 808 3942 voluntate
836 3889 1140 3959 permansi,
1186 3896 1244 3946 et
1270 3908 1397 3948 ecce
1421 3895 1849 3968 comprehendit
1873 3914 1965 3953 me

2043 3179 2224 3235 cordis
2251 3183 2308 3234 et
2328 3194 2549 3246 renum,
2582 3178 2731 3250 quod
2763 3179 2972 3234 multas
2993 3179 3302 3251 pravitates
3333 3185 3389 3234 et
3406 3179 3616 3235 scanda-

2042 3270 2227 3324 lorum
2250 3268 2529 3335 tramites,
2544 3267 2959 3340 impudentium
2968 3268 3276 3325 vanitatem
3292 3275 3349 3325 et
3360 3269 3617 3325 haeretico-

2045 3375 2173 3414 rum
2203 3358 2586 3415 defensionem
2614 3357 2945 3430 contempsi.
2971 3359 3039 3414 Et
3052 3359 3158 3415 hoc
3174 3375 3295 3414 non
3315 3376 3379 3414 ex
3398 3376 3499 3425 me,
3530 3359 3614 3413 sed

2046 3466 2112 3505 ex
2129 3448 2317 3520 gratia
2342 3453 2461 3515 tua,
2494 3464 2595 3519 per
2619 3463 2790 3520 quam
2832 3448 3149 3503 illuminata
3176 3454 3269 3505 est
3295 3466 3450 3505 mens
3492 3465 3617 3503 mea.

2048 3537 2207 3595 Unde
2237 3536 2486 3603 obsecro,
2525 3541 2716 3592 sancte
2761 3536 3018 3605 Domine,
3052 3538 3208 3593 salva
3254 3554 3347 3594 me
3374 3538 3430 3593 in
3468 3553 3622 3608 regno

2049 3632 2166 3696 tuo,
2195 3633 2253 3682 et
2280 3627 2515 3698 dignare
2544 3625 2972 3682 mebenedicere
2984 3644 3111 3683 cum
3124 3627 3387 3684 omnibus
3416 3627 3504 3699 qui
3524 3627 3624 3699 pla-

2046 3722 2287 3775 cuerunt
2312 3721 2446 3772 ante
2472 3720 2549 3783 te,
2567 3716 2833 3789 quoniam
2845 3716 3007 3772 decet
3022 3721 3081 3772 te
3093 3716 3299 3789 gloria,
3321 3717 3559 3774 adoratio
3576 3722 3626 3770 et

2047 3805 2487 3879 magniﬁcentia,
2496 3806 2721 3862 Patrem
2732 3811 2790 3862 et
2798 3806 3004 3863 Filium
3019 3811 3076 3863 et
3085 3807 3359 3880 Spiritum
3370 3812 3621 3864 sanctum.

2044 3897 2245 3955 Amen.

1628 4020 2013 4077 ROSWEYDI
2047 4002 2386 4078 NOTA'l‘IO.

441 4109 521 4189 (μ)
551 4110 746 4189 Maria;
772 4113 1134 4189 meretricia}
1154 4114 1383 4171 Festum
1410 4116 1579 4189 hujus
1599 4118 1657 4173 in
1687 4120 1857 4175 nullis
1882 4125 1974 4175 ta-

369 4179 516 4261 bulis
541 4181 933 4261 ecclesiasticis
952 4179 1176 4261 invenio
1192 4194 1344 4242 certo
1368 4189 1457 4244 die
1475 4179 1843 4261 assignatum,
1864 4192 1973 4246 nisi

408 4251 519 4334 uod
538 4251 596 4307 in
617 4253 838 4334 ilenaeis
859 4256 926 4311 29
946 4256 1200 4334 (_)_ctobri_s
1236 4265 1275 4334 ιι]
1284 4261 1408 4315 aria
1426 4251 1665 4334 abrah’a:
1688 4251 1969 4334 jungitur.

417 4327 438 4377 t
469 4322 638 4378 simul
656 4324 1086 4406 hactenusVita
1092 4328 1345 4406 513mm
1362 4332 1628 4406 et_Mariae
1643 4322 1837 4406 Δη’ἑθριῖἷε.
1851 4336 1972 4405 ejus

367 4393 643 4466 impressa
666 4396 804 4472 fuit,
823 4404 1050 4472 auctore
1092 4400 1372 4472 Ephrzem.
1417 4403 1676 4469 Distinxi,
1721 4393 1785 4460 ut
1825 4393 1972 4461 viros

368 4473 585 4544 ascetas
615 4484 664 4544 a_
677 4468 900 4544 feminis
921 4468 1174 4544 ascetrii—s
1185 4480 1474 4544 separatos
1494 4468 1749 4531 haberes.

386 4568 389 4573 -
437 4537 514 4609 (2)
542 4539 816 4609 Stabula]
842 4541 904 4595 Id
932 4547 1019 4596 est
1045 4537 1349 4599 diversorio
1369 4546 1455 4600 vel
1485 4547 1792 4603 meritorio.
1810 4549 1971 4604 Unde

366 4607 532 4682 infra,
564 4627 686 4682 cap.
721 4607 774 4678 6,
795 4607 1159 4668 stabularius.

441 4678 514 4749 (3)
537 4678 1139 4757 Gamelauchiumjlta
1160 4685 1480 4757 legendum.
1502 4687 1670 4757 Editi,
1690 4695 1972 4746 calamen-

369 4751 561 4825 cham,
582 4754 643 4806 id
669 4760 743 4825 est
768 4757 997 4822 pileum.
1016 4751 1282 4811 Occurrit
1309 4763 1365 4812 et
1393 4759 1556 4825 infra,
1590 4751 1769 4825 capite
1796 4760 1848 4825 9,
1872 4763 1968 4817 ubi

370 4822 720 4877 Coloniensis
769 4825 959 4893 editio,
1012 4831 1341 4885 calamanen
1390 4822 1578 4886 habet.
1633 4822 1774 4887 Vide
1818 4822 1969 4890 Ono-

368 4893 661 4949 masticon.
1612 4897 1619 4904 ’

439 4964 722 5044 (QSupef
740 4970 1094 5044 psiathiumJ
1133 4971 1309 5044 Vetus
1346 4971 1534 5044 editio,
1594 4991 1760 5044 super
1809 4977 1971 5032 humi

372 5039 636 5128 {eam}
672 5037 1272 5128 Ssiiaznepteéwpiss
1290 5037 1967 5128 ίξιειιίίεξῩίιίεὶξεεάἐίξίιιτη

372 5107 632 5178 occurrit,
668 5113 733 5164 ut
759 5107 828 5164 de
852 5110 1106 5169 lectionis
1129 5107 1362 5171 veritate
1391 5117 1607 5173 nullum
1622 5107 1695 5173 sit
1709 5118 1962 5178 dubium.

2127 4119 2199 4191 (ὃ)
2222 4120 2629 4195 ΔΟΙιιιιτιευηίθι».]
2656 4121 2831 4195 vetus
2860 4121 3048 4195 editio,
3083 4123 3449 4195 continentis.
3482 4120 3623 4195 C_olo-

2054 4192 2286 4260 niensis,
2320 4192 2637 4248 caumeniai.
2676 4194 2825 4248 Vera
2866 4194 3049 4261 lectio,
3086 4210 3271 4265 quam,
3312 4192 3457 4265 dedi.
3501 4193 3625 4247 Sunt

2055 4266 2336 4337 χαμευγζαι,
2397 4266 2891 4321 humicubah’ones.
2953 4264 3154 4337 Supra,
3209 4264 3344 4319 Vita
3391 4264 3621 4337 Abrahae,

2054 4334 2175 4406 cap.
2214 4334 2297 4403 l8,
2331 4337 2676 4392 chameunir's
2705 4353 2914 4406 quoque
2955 4342 3003 4390 et
3032 4334 3364 4392 contritione
3408 4336 3622 4405 corporis

2054 4422 2347 4475 nunquam
2377 4411 2606 4461 omnino
2639 4412 2874 4463 lassatus
2895 4408 3135 4463 est.Vide
3158 4407 3564 4463 Onomasticon.

1987 4487 2033 4548 Π
2127 4477 2199 4562 (6)
2229 4479 2343 4562 Lien
2368 4479 2555 4562 mihi]
2586 4479 3038 4562 Tria'sequen'tia
3061 4479 3251 4562 capita
3281 4479 3480 4534 desunt
3521 4481 3622 4557 tarn

2052 4549 2201 4620 apud
2232 4549 2507 4620 Ephrasm,
2535 4547 2673 4604 tom.
2696 4551 2795 4616 III,
2817 4547 2875 4605 in
2902 4551 3032 4605 Vita
3046 4547 3303 4615 Abrahae,
3319 4566 3420 4604 nec
3433 4566 3488 4604 se
3505 4547 3622 4620 eain

2053 4619 2260 4675 Graecis
2283 4619 2692 4693 exemplaribus
2711 4622 2985 4693 reperisse
3012 4628 3259 4677 testatur
3271 4620 3537 4693 Ephraemi
3554 4619 3623 4693 in:

2049 4694 2268 4764 terpres
2286 4687 2534 4764 Vossius,
2559 4709 2728 4764 quam
2741 4687 2892 4764 apud
2922 4687 3378 4764 Metaphrastem,
3398 4687 3622 4764 tomqVI

2053 4760 2365 4833 Lipornani,
2398 4769 2455 4818 et
2481 4760 2635 4819 tonio
2665 4766 2716 4820 II
2747 4760 2914 4819 Surii.
2948 4760 3192 4819 Deerant
3220 4764 3390 4819 etiam
3438 4764 3491 4817 in
3522 4761 3621 4817 Ma-

2052 4833 2355 4905 nuscriptis
2382 4836 2609 4889 nostris.
2643 4837 2750 4890 Sed
2782 4837 2915 4905 quia
2958 4835 3306 4891 Coloniensis
3334 4835 3498 4889 editio
3522 4833 3622 4905 haec

2053 4903 2444 4978 haben—etiam
2475 4908 2740 4978 expressi.
2774 4903 2998 4962 Vossius
3038 4907 3323 4961 existimat
3370 4903 3621 4978 clausulas

2050 4976 2172 5051 has,
2200 4993 2267 5031 ex
2294 4978 2421 5051 aliis
2442 4975 2723 5049 Eplirmmi
2740 4980 2896 5047 locis,
2929 4978 3133 5051 quibus
3157 4978 3366 5034 similia
3393 4975 3619 5050 quedam

2048 5047 2237 5121 habet,
2270 5047 2629 5106 concinriatas
2648 5066 2788 5106 esse.
