3892 6182
242 395 3488 442 W

1624 529 1910 576 OCTOBRIS
1954 527 2088 574 VIII.

248 859 264 874 ,
409 682 992 834 VITA
1085 683 2059 834 SANCTE
2145 676 3078 830 THAISIS
3163 713 3310 848 (0,-

1502 883 2178 1006 MERETRICIS,

1151 1073 1806 1162 AUCTOBE

1887 1071 2543 1159 INCERTO.

290 1329 462 1388 CAPUT
491 1347 716 1388 paruum.
749 1364 815 1378 --
849 1338 1036 1400 θαιι
1074 1331 1206 1386 Fuit
1225 1328 1481 1402 quaedam
1512 1325 1795 1392 meretrix,
1813 1328 1864 1388 Α
1877 1324 2061 1396 jubes,
2093 1330 2272 1396 pater,
2305 1329 2370 1379 ut
2392 1339 2598 1395 aquam
2630 1339 2816 1378 meam
2847 1323 3159 1379 effundam?
3186 1324 3260 1378 At
3290 1323 3384 1378 ille
3401 1341 3486 1379 re-

229 1421 424 1476 Thaisis
434 1423 858 1490 nomine,tantaa
874 1423 1036 1495 pulch
1044 1420 1395 1485 ritudinis,ut
1409 1417 1808 1489 multipropter

229 1526 338 1564 eam
363 1511 660 1566 vendentes
691 1511 1065 1567 substantiam
1103 1526 1262 1564 suam
1292 1508 1363 1562 ad
1388 1506 1646 1562 ultimam
1675 1521 1804 1576 per-

227 1600 462 1655 venirent
497 1607 920 1673 paupertatem;
962 1601 1060 1656 sed
1103 1605 1160 1654 et
1188 1599 1314 1653 lites
1341 1597 1490 1651 inter
1517 1612 1576 1650 se
1607 1609 1802 1650 conse-

228 1688 456 1744 rentibus
485 1691 832 1748 amatoribus
859 1691 993 1756 suis,
1023 1686 1630 1760 frequentersanguine
1649 1686 1806 1757 juve-

227 1795 345 1833 num
373 1780 749 1850 puellzelimen
769 1779 1109 1852 replebatur.
1161 1778 1297 1842 Quae
1335 1793 1462 1831 cum
1497 1774 1668 1830 abbas
1696 1774 1804 1828 Pa-

226 1867 472 1939 phnutius
512 1869 782 1936 audisset,
818 1875 1042 1941 sumpto
1071 1868 1267 1923 habitu
1295 1865 1546 1922 saeculari
1589 1869 1646 1919 et
1692 1880 1805 1918 uno

225 1957 683 2030 solido,profectus
697 1965 782 2014 est
792 1959 861 2013 ad
877 1975 1000 2014 eam
1011 1958 1070 2015 in
1083 1958 1328 2030 quadam
1341 1955 1568 2028 Egypti
1581 1953 1804 2009 civitate

225 2046 463 2118 deditque
477 2049 528 2103 ei
551 2049 793 2103 solidum
818 2066 918 2120 pro
935 2049 1190 2103 mercede
1215 2046 1450 2120 peccati.
1476 2047 1555 2099 Ac
1585 2045 1682 2098 illa
1705 2060 1799 2098 ac-

226 2141 366 2208 cepto
385 2137 580 2209 pretio,
614 2138 712 2193 ait:
727 2138 1118 2209 Ingrediamur
1139 2138 1389 2192 domum.
1420 2135 1576 2190 Tunc
1594 2133 1688 2188 ille
1713 2133 1801 2187 in-

227 2233 516 2296 gressus,ut
527 2228 736 2283 lectum
752 2227 1011 2299 pretiosis
1022 2226 1268 2282 vestibus
1287 2229 1529 2280 stratum
1541 2239 1804 2278 conscen-

228 2315 379 2380 deret,
405 2315 677 2371 invitabat
695 2333 841 2384 eam,
867 2323 924 2371 et
934 2316 1098 2371 dixit:
1133 2317 1194 2372 Si
1218 2315 1548 2371 estinterius
1572 2311 1800 2368 cubicu-

225 2403 342 2470 lum,
363 2405 418 2460 in
440 2405 560 2477 ipso
585 2422 800 2474 eamus,
821 2407 916 2460 illa
935 2407 1076 2460 dixit
1096 2425 1108 2460 :
1135 2407 1232 2460 Est
1251 2405 1496 2477 quidem,
1523 2405 1619 2458 sed
1633 2403 1680 2458 si
1697 2403 1798 2457 ho-

227 2494 383 2549 mines
421 2497 652 2562 vereris,
693 2513 795 2551 nec
824 2496 881 2550 in
904 2497 1012 2551 isto
1043 2495 1306 2551 exteriori
1349 2493 1604 2548 cubiculo
1649 2493 1797 2547 ullus

1887 1414 2158 1488 spondit:
2211 1415 2276 1468 In
2328 1413 2484 1480 cella,
2528 1417 2594 1468 ut
2642 1413 2810 1484 digna
2855 1430 2931 1467 es.
2980 1413 3234 1485 Cumque
3279 1413 3482 1467 iterum

1887 1503 2360 1576 quemadmodum
2407 1503 2587 1557 Deum
2643 1507 2833 1556 oraret
2865 1502 3194 1574 requireret,
3230 1502 3368 1556 dicit
3387 1502 3438 1556 ei
3471 1520 3484 1557 :

1885 1595 2010 1650 Non
2039 1611 2100 1648 es
2127 1593 2297 1664 digna
2327 1592 2619 1647 nominare
2640 1593 2840 1658 Deum,
2860 1608 2963 1646 nec
2978 1591 3034 1646 in
3060 1591 3221 1646 labiis
3248 1591 3362 1646 tuis
3381 1608 3483 1646 no-

1885 1701 2018 1739 men
2048 1683 2357 1740 divinitatis
2411 1684 2534 1754 ejus
2570 1682 2866 1747 adducere,
2901 1681 2998 1736 sed
3037 1697 3140 1736 nec
3170 1681 3242 1735 ad
3279 1681 3482 1736 coelum

1887 1790 2090 1828 manus
2107 1774 2444 1848 expandere,
2465 1772 2731 1844 quoniam
2751 1771 2900 1826 labia
2918 1776 3018 1826 tua
3036 1770 3335 1842 iniquitate
3350 1776 3484 1826 sunt

1887 1864 2072 1935 plena,
2103 1870 2160 1919 et
2207 1879 2406 1918 manus
2433 1867 2547 1918 tua:
2575 1861 2831 1917 sordibus
2857 1859 3163 1932 inquinata;
3189 1877 3201 1926 ;
3233 1859 3332 1914 sed
3361 1866 3484 1914 tan-

1885 1953 2178 2008 tummodo
2219 1952 2420 2008 sedens
2463 1955 2658 2006 contra
2701 1950 2992 2006 Orientem
3041 1947 3272 2019 respice,
3333 1948 3483 2002 hunc

1883 2058 2200 2097 sermonem
2229 2042 2410 2096 solum
2439 2040 2762 2112 frequenter
2789 2039 2999 2094 iterans
3024 2055 3034 2092 :
3056 2037 3165 2103 Qui
3192 2035 3482 2109 plasmasti

1881 2148 1991 2198 me,
2022 2131 2290 2186 miserere
2318 2130 2430 2185 mei
2452 2129 2544 2200 (‘2).

1955 2226 2086 2281 CAP.
2113 2227 2286 2283 III.—
2309 2226 2450 2280 Cum
2464 2240 2597 2296 ergo
2616 2222 2797 2279 tribus
2813 2222 2974 2278 annis
2998 2221 3078 2276 ita
3091 2221 3290 2278 fuisset
3306 2221 3481 2278 inclu-

1883 2331 1963 2383 sa,
1989 2314 2273 2370 condoluit
2284 2314 2455 2370 abbas
2471 2313 2842 2386 Paphnutius,
2874 2317 2931 2368 et
2943 2329 3069 2367 mox
3085 2311 3366 2384 profectus
3395 2317 3482 2368 est

1882 2408 1952 2462 ad
1967 2407 2227 2462 abbatem
2246 2407 2574 2473 Antonium,
2600 2404 2743 2460 utab
2754 2421 2819 2459 eo
2835 2404 3150 2476 requireret
3175 2403 3220 2458 si
3250 2410 3480 2476 peccata

1880 2499 2003 2570 ejus
2033 2496 2342 2551 remisisset
2369 2495 2420 2549 ei
2441 2493 2733 2561 Dominus,
2766 2511 2839 2548 an
2867 2509 3000 2548 non.
3033 2493 3172 2548 Cum
3193 2509 3326 2564 ergo
3347 2510 3476 2566 per-

226 2581 530 2654 ίηετεάίίιιη
559 2585 606 2639 Si
640 2603 769 2640 νΘῐὈ
800 2587 997 2652 Deum,
1030 2586 1218 2641 “unus
1248 2590 1334 2640 est
1360 2585 1513 2639 100115
1535 2581 1629 2654 (111i
1659 2582 1795 2637 diVi-
1815 2589 2143 2680 Bvenisset,
2178 2591 2235 2640 et
2262 2590 2479 2640 tantam
2501 2585 2582 2640 illi
2612 2600 2839 2640 causam
2861 2582 3144 2639 subtiliter
3171 2588 3475 2651 narrasset,

225 2672 393 2728 uitatis
421 2677 543 2746 ejus
564 2674 738 2729 oculis
768 2674 1160 2729 abscondatur.
1189 2674 1350 2738 Quod
1384 2689 1511 2727 cum
1542 2671 1794 2726 andisset
1815 2671 2198 2733 "convocatis
2228 2673 2516 2747 discipulis
2542 2675 2660 2730 suis
2706 2673 2878 2729 abbas
2907 2673 3185 2730 Antonius
3212 2674 3480 2747 praecepit

223 2779 384 2829 senex,
415 2766 550 2820 dicit
571 2764 622 2819 ei
645 2783 655 2818 :
698 2766 766 2820 Et
794 2765 901 2821 scis
931 2782 1054 2820 esse
1076 2765 1284 2820 Deum?
1324 2764 1428 2819 Cui
1451 2763 1548 2818 illa
1564 2777 1793 2833 respon-

223 2853 320 2908 dit:
357 2853 426 2908 Et
451 2855 631 2910 Deum
662 2855 772 2910 scio
796 2860 855 2910 et
880 2871 1117 2926 regnum
1138 2853 1313 2909 futuri
1337 2852 1545 2919 szeculi,
1578 2867 1796 2905 necnon

221 2949 540 2999 ettormenta
552 2944 742 2999 futura
763 2949 1141 3016 peccatorum.
1159 2944 1308 2998 Dicit
1333 2943 1413 2996 ei:
1438 2941 1494 2997 Si
1525 2957 1660 3011 ergo
1679 2941 1796 2995 hinc

219 3033 364 3100 nosti,
400 3051 498 3089 cur
508 3038 694 3089 tantas
711 3035 928 3088 animas
944 3033 1253 3106 perdidisti,
1271 3037 1335 3088 ut
1353 3047 1464 3086 non
1503 3031 1682 3085 solum
1695 3047 1796 3102 pro

219 3123 333 3189 tuis,
363 3125 450 3178 sed
473 3127 529 3178 et
556 3140 658 3195 pro
685 3124 911 3178 illorum
957 3122 1290 3178 criminibus
1329 3120 1548 3176 reddita
1576 3119 1792 3174 ratione

220 3211 513 3267 damneris?
530 3213 690 3278 Quod
719 3230 849 3268 cum
867 3213 1087 3268 Thaisis
1111 3212 1378 3277 audisset,
1413 3210 1706 3282 provoluta
1720 3209 1791 3264 ad

218 3303 364 3372 pedes
389 3302 690 3374 Paphnutii
732 3303 991 3357 monachi
1046 3319 1172 3357 cum
1217 3299 1478 3373 lacrymis
1505 3298 1787 3366 exorabat,

218 3389 408 3445 dicens:
435 3391 830 3446 Paenitentiam
871 3392 1120 3463 injunge,
1153 3391 1356 3457 Pater;
1391 3389 1610 3444 confido
1641 3387 1791 3443 enim

217 3481 578 3537 remissionem
590 3485 646 3536 te
659 3488 856 3537 orante
867 3482 1078 3550 sortiri;
1098 3482 1364 3536 horarum
1376 3484 1597 3535 tantum
1617 3479 1792 3534 trium

219 3569 446 3626 inducias
471 3576 618 3644 peto,
653 3577 710 3627 et
739 3577 865 3644 post
893 3573 997 3626 hoc
1024 3587 1356 3643 quocunque
1397 3569 1652 3642 jusseris,
1704 3585 1792 3624 ve-

216 3657 378 3726 niam;
404 3667 460 3714 et
491 3661 860 3732 quodcunque
889 3659 1238 3732 praeceperis,
1271 3659 1488 3713 faciam.
1539 3659 1790 3729 Cumque

213 3746 371 3804 locum
398 3750 480 3803 illi
510 3749 683 3804 abbas
705 3749 1056 3821 Paphnutius
1081 3748 1480 3813 constituisset,
1505 3764 1614 3819 quo
1641 3747 1791 3802 veni-

214 3852 262 3889 re
286 3838 521 3905 deberet,
545 3840 640 3894 illa
658 3839 964 3906 discedens,
981 3839 1226 3894 collectis
1249 3837 1508 3893 omnibus
1529 3854 1790 3910 qua‘cun-

212 3942 302 3997 que
323 3945 383 3982 ex
410 3935 636 4001 peccato
679 3933 1020 4001 susceperat,
1044 3929 1386 4001 prolatisque
1416 3928 1473 3982 in
1503 3926 1688 3982 media
1715 3927 1788 3981 ci-

1876 2773 1942 2822 ut
1986 2765 2086 2820 illa
2115 2771 2278 2821 nocte
2335 2781 2530 2820 omnes
2557 2765 2872 2836 vigilarent,
2901 2768 2958 2818 et
2984 2764 3043 2819 in
3076 2763 3331 2820 oratione
3367 2764 3481 2820 sin-

1875 2855 2114 2927 gillatim
2154 2855 2538 2927 persisterent,
2573 2858 2851 2926 quatenus
2881 2852 3047 2908 alicui
3077 2869 3142 2907 ex
3187 2852 3268 2908 eis
3295 2853 3478 2908 decla-

1878 2951 2031 3000 raret
2058 2946 2207 3000 Deus
2235 2962 2461 3000 causam
2478 2961 2579 3016 pro
2596 2959 2708 3016 qua
2736 2943 2907 2998 abbas
2933 2941 3286 3015 Paphnutius
3314 2960 3476 2998 vene-

1879 3041 1986 3091 rat.
2012 3037 2208 3107 Itaque
2239 3052 2366 3090 cum
2397 3035 2604 3106 singuli
2634 3032 3012 3101 secessissent,
3044 3038 3102 3088 et
3130 3033 3477 3091 incessanter

1875 3131 2125 3192 orarent,
2154 3125 2324 3180 abbas
2344 3125 2572 3191 Paulus,
2607 3125 2789 3196 major
2817 3121 3124 3196 discipulus
3148 3125 3327 3179 sancti
3355 3125 3474 3179 An-

1873 3215 2034 3281 tonii,
2067 3214 2203 3269 vidit
2227 3213 2410 3268 subito
2449 3213 2508 3267 in
2537 3213 2676 3267 coelo
2707 3213 2909 3268 lectum
2940 3212 3197 3284 pretiosis
3227 3212 3473 3269 vestibus

1873 3303 2229 3370 adornatum,
2265 3320 2429 3376 quem
2452 3308 2565 3358 tres
2581 3301 3001 3374 virgines,clara
3016 3302 3155 3358 facie
3172 3303 3470 3374 fulgentes,

1873 3392 2284 3450 custodiebant.
2319 3395 2461 3448 Cum
2491 3410 2624 3465 ergo
2665 3393 2786 3464 ipse
2817 3393 3025 3447 Paulus
3062 3392 3275 3448 diceret
3304 3411 3316 3446 :
3344 3394 3469 3448 Non

1875 3487 1962 3536 est
1992 3481 2219 3552 largitio
2242 3483 2358 3536 hmo
2387 3483 2619 3536 alterius
2648 3481 2755 3535 nisi
2781 3480 2963 3536 Patris
2979 3481 3087 3536 mei
3099 3481 3349 3549 Antonii;
3367 3500 3470 3536 vox

1873 3572 1944 3626 ad
1976 3589 2103 3626 eum
2154 3573 2300 3626 facta
2326 3575 2437 3626 est:
2489 3571 2613 3626 Non
2643 3576 2731 3624 est
2766 3569 2949 3625 Patris
2977 3570 3060 3625 tui
3090 3570 3338 3639 Antonii,
3371 3571 3469 3626 sed

1872 3661 2090 3716 Thaisis
2134 3661 2446 3716 meretricis
2490 3664 2592 3715 est.
2625 3660 2784 3725 Quod
2813 3676 2941 3714 cum
2971 3659 3265 3715 manifeste
3297 3659 3469 3715 abbas

1872 3751 2082 3805 Paulus
2116 3750 2420 3817 retulisset,
2455 3749 2683 3820 cognita
2710 3748 2810 3804 Dei
2843 3749 3128 3804 voluntate
3165 3749 3338 3805 abbas
3359 3751 3468 3806 Pa-

1870 3840 2146 3912 phnutius
2175 3839 2451 3908 discessit,
2485 3845 2542 3894 et
2582 3855 2838 3894 reversus
2866 3839 2936 3892 ad
2967 3839 3374 3895 monasterium
3410 3839 3470 3895 in

1871 3947 1980 4002 quo
2030 3931 2216 3986 fuerat
2244 3931 2478 3997 inclusa,
2510 3929 2718 3984 ostium
2753 3929 2900 4001 quod
2930 3929 3283 3985 obstruxerat
3309 3929 3469 3985 dissi-

208 4015 356 4072 vitate
384 4017 589 4090 populo
633 4023 926 4090 spectante
966 4018 1084 4090 igni
1127 4017 1439 4089 supposuit,
1486 4018 1735 4071 clamans
1769 4037 1779 4071 :
1807 4033 1850 4094 ο
1867 4021 2021 4092 pavit
2052 4039 2064 4087 ;
2096 4021 2194 4075 illa
2212 4037 2362 4087 vero,
2396 4025 2459 4074 ut
2479 4025 2668 4086 3'35
2696 4019 2880 4074 adhuc
2905 4019 2987 4074 ita
3011 4024 3367 4092 permaneret
3384 4019 3467 4076 in-

210 4103 386 4161 Venite
416 4124 612 4162 omnes
642 4107 738 4178 qui
767 4108 1036 4178 peccastis
1065 4123 1303 4174 mecum,
1338 4111 1395 4161 et
1423 4106 1621 4174 videte,
1654 4124 1787 4177 quo-

210 4195 352 4251 modo
377 4214 443 4251 ea
465 4214 588 4268 qua
622 4196 759 4251 mihi
791 4197 1102 4252 contulistis
1126 4213 1376 4251 exuram.
1410 4197 1546 4251 Erat
1592 4202 1784 4251 autem

207 4285 424 4353 pretium
453 4286 723 4340 librarum
750 4287 1140 4359 quadraginta.

265 4375 385 4430 CAP.
410 4377 546 4431 II.-
558 4377 694 4440 Quae
714 4393 841 4430 cum
853 4376 1042 4430 omnia
1051 4377 1507 4448 consumpsisset,
1523 4377 1580 4431 in
1596 4377 1779 4431 locum

207 4477 349 4532 quem
379 4464 552 4520 abbas
597 4466 893 4520 constituit
942 4466 1013 4532 ei,
1052 4466 1326 4538 perrexit:
1356 4484 1525 4538 quam
1551 4466 1664 4533 ille,
1697 4483 1781 4520 re-

204 4559 341 4621 perto
367 4555 628 4626 virginali
666 4556 1027 4623 monasterio,
1061 4556 1119 4610 in
1134 4556 1331 4611 cellula
1349 4574 1520 4628 parva
1548 4557 1774 4623 ducens,

205 4643 386 4699 ostium
417 4645 638 4700 cellulae
670 4645 898 4717 plumbo
921 4646 1162 4717 signavit
1179 4663 1519 4718 parvamque
1551 4647 1781 4719 reliquit

205 4731 548 4801 fenestellam,
586 4752 690 4807 per
718 4752 883 4807 quam
901 4735 951 4789 ei
967 4735 1143 4789 victus
1170 4735 1424 4790 modicus
1453 4737 1774 4803 inferretur,

195 4820 454 4898 iussitque
464 4827 514 4881 ei
535 4825 794 4880 omnibus
805 4824 1000 4880 diebus
1030 4842 1229 4897 parum
1242 4826 1400 4898 panis
1416 4831 1473 4881 et
1487 4827 1780 4898 paululum

200 4915 680 4984 aquaasororibus
705 4914 1033 4969 monasterii
1061 4915 1390 4970 ministrari.
1425 4917 1564 4971 Cum
1590 4922 1780 4972 autem

198 4998 491 5058 discederet
506 5003 652 5059 ostio
677 5002 1074 5076 plumbato,ait
1099 5004 1166 5058 ad
1191 5005 1348 5059 illum
1365 5005 1616 5060 Thaisis:
1657 5006 1777 5071 Quo

1867 4112 2040 4176 elusa,
2076 4110 2395 4182 postulabat
2426 4130 2438 4177 ;
2472 4127 2596 4164 cum
2618 4126 2748 4164 vero
2773 4109 3089 4180 aperuisset
3101 4109 3309 4164 ostium
3328 4109 3473 4164 dixit

1867 4199 1954 4253 ei:
2008 4200 2305 4269 Egredere,
2339 4199 2605 4271 quoniam
2651 4198 2870 4251 remisit
2921 4195 3023 4250 tibi
3051 4197 3200 4252 Deus
3236 4203 3466 4269 peccata

1864 4293 1981 4343 tua.
2006 4289 2109 4343 Illa
2137 4289 2424 4360 respondit
2459 4307 2470 4342 :
2501 4289 2700 4343 Testor
2727 4287 2928 4352 Deum,
2960 4285 3093 4356 quia
3122 4303 3187 4340 ex
3234 4303 3344 4358 quo
3372 4287 3465 4342 hic

1864 4378 2116 4450 ingressa
2155 4395 2301 4444 sum,
2341 4376 2530 4431 omnia
2578 4380 2808 4448 peccata
2838 4391 2966 4430 mea
3000 4375 3153 4430 velut
3181 4376 3462 4431 sarcinam

1862 4468 2035 4523 statui
2065 4474 2196 4522 ante
2223 4467 2410 4522 oculos
2439 4483 2615 4536 meos,
2646 4470 2702 4521 et
2729 4482 2841 4520 non
2866 4465 3244 4521 discesserunt
3271 4481 3462 4538 pecca-

1862 4563 1920 4612 ta
1948 4575 2075 4613 mea
2094 4557 2164 4612 ab
2192 4557 2366 4612 oculis
2395 4558 2555 4625 meis,
2589 4557 2686 4611 sed
2711 4555 2914 4611 ﬂebam
2959 4572 3180 4628 semper
3207 4555 3303 4610 illa
3324 4572 3458 4610 con-

1862 4648 2122 4720 spiciens.
2170 4647 2274 4702 Cui
2316 4646 2486 4701 abbas
2515 4645 2866 4718 Paphnutius
2894 4644 3016 4700 ait:
3061 4645 3187 4700 Non
3231 4649 3463 4716 propter

1862 4737 2251 4809 paenitentiam
2281 4741 2437 4792 tuam
2464 4735 2683 4791 remisit
2722 4735 2824 4789 tibi
2852 4735 3019 4802 Deus,
3052 4734 3148 4788 sed
3181 4734 3314 4806 quia
3358 4735 3461 4790 ho-

1863 4844 1988 4883 rum
2014 4827 2410 4898 cogitationem
2437 4842 2658 4897 semper
2673 4824 2919 4879 habuisti
2940 4824 3000 4878 in
3025 4823 3235 4879 animo.
3252 4825 3322 4879 Et
3333 4841 3460 4880 cum

1863 4934 1987 4972 eam
2013 4918 2144 4972 inde
2163 4916 2462 4982 eduxisset,
2498 4914 2817 4986 quindecim
2835 4919 3060 4970 tantum
3087 4913 3285 4970 diebus
3298 4914 3468 4971 Thai-

1861 5007 1937 5061 sis
1967 5007 2121 5073 vixit,
2153 5012 2211 5061 et
2233 5007 2312 5061 sic
2340 5003 2596 5078 pausavit
2622 5003 2680 5058 in
2707 5019 2861 5076 pace.

1383 5123 1807 5184 ROSWEYDI
1879 5124 2245 5185 ΝΟΤΑΤΙΟ.

252 5221 324 5292 (ι)
361 5227 618 5311 ΤΙιαίδτξεᾹ]
632 5227 741 5311 liuj
751 5243 814 5309 u_s
831 5227 1287 5311 commemoratio
1301 5229 1453 5311 estin
1471 5229 1784 5310 Menologio
1799 5232 1848 5291 D
1865 5229 2206 5311 pauperibus
2225 5228 2529 5311 distribuit,
2550 5235 2607 5311 et
2617 5229 2858 5311 seipsam
2881 5231 2939 5285 in
2951 5214 3358 5311 'cella‘quadam
3376 5232 3463 5311 in-

196 5291 496 5371 graecorum
511 5295 545 5353 8
561 5291 818 5371 Octobris
840 5317 850 5350 :
878 5319 904 5371 «_
926 5299 1143 5353 Natalis
1159 5305 1363 5353 sanctae
1380 5299 1637 5365 Thaisiaa,
1656 5291 1780 5371 qua:

195 5363 360 5419 fuerat
387 5369 672 5442 meretrix.
703 5371 833 5424 Haec
855 5369 926 5423 ab
954 5371 1330 5424 adolescentia
1352 5372 1458 5425 fuit
1486 5389 1520 5424 a
1557 5363 1783 5442 propria

194 5443 355 5512 matre
385 5439 690 5510 depravata
731 5459 744 5506 ;
786 5442 977 5512 itaque
1021 5442 1301 5496 officinam
1331 5443 1533 5496 diaboli
1557 5439 1624 5497 se
1646 5439 1780 5498 con-

194 5508 380 5586 sjituit.
442 5508 563 5586 Sed
607 5530 642 5566 a
690 5513 808 5567 viro
846 5508 1039 5586 sancto
1078 5513 1416 5586 Paphnutio
1466 5521 1631 5586 capta
1675 5521 1780 5569 est.

195 5578 461 5658 conversa
493 5583 682 5654 igitur,
709 5591 767 5639 et
795 5585 1127 5658 poenitentia
1156 5585 1430 5658 scelerum
1453 5578 1785 5658 compuncta

195 5655 246 5710 et
283 5653 475 5711 omnia
525 5653 626 5712 Sua
679 5653 1218 5732 quadringentarum
1273 5657 1455 5737 pretio
1511 5653 1788 5716 aestimata

1866 5301 2050 5374 clusit,
2086 5301 2201 5374 ubi,
2234 5301 2496 5374 lacrymis
2516 5307 2573 5356 et
2583 5301 2887 5372 gemitibus
2909 5320 2975 5357 ex
2990 5301 3266 5374 profundo
3281 5303 3463 5358 cordis

1865 5373 2102 5438 emissis,
2134 5372 2434 5426 clamabat:
2470 5374 2576 5438 Qui
2590 5374 2878 5444 plasmasti
2900 5372 3009 5439 me,
3035 5374 3301 5430 miserere
3329 5373 3457 5444 mei.

1864 5445 1928 5498 In
1968 5445 2072 5497 hac
2124 5445 2517 5516 exercitatione
2558 5461 2734 5500 annos
2775 5452 2890 5500 tres
2932 5447 3250 5516 transegit:
3314 5444 3461 5516 unde

1865 5533 2092 5588 egressa
2103 5517 2265 5588 jussu
2293 5515 2510 5571 abbatis
2531 5522 2660 5588 post
2682 5517 3004 5588 quindecim
3032 5515 3458 5588 diesrexcessitnu

1867 5583 2000 5660 Quae
2031 5583 2353 5642 ad'verbum
2389 5583 2848 5660 desumpta—sunt
2874 5606 2940 5644 ex
2970 5587 3216 5660 Menaeis,
3249 5586 3308 5641 in
3341 5583 3460 5654 qui-

1867 5657 1973 5717 bus
2031 5664 2222 5718 tamen
2296 5657 2615 5741 Paphnutio
2684 5660 2872 5735 patria
2925 5659 3266 5737 assignatur,
3328 5669 3450 5732 quae
