3954 6190
453 255 556 316 663
1484 261 1580 318 DE
1614 262 1804 321 vms
1839 264 2137 324 PATRUM
2172 266 2387 324 LIBER
2421 266 2714 324 PRIMUS.
2897 327 2900 329 λ
3423 237 3426 239 λ
3577 267 3662 328 θα

455 385 752 464 hic_deest.
785 383 1001 464 Dicitur
1027 383 1178 439 enim
1311 384 1578 464 Σιδώνᾳξς,
1608 387 1889 464 Sidonius,
1923 391 2052 445 Flo-
2069 395 2120 454 Α
2137 393 2211 447 At
2229 391 2345 458 illa,
2376 388 3008 464 Testor,inquit,Deum,
3027 387 3158 462 quia
3170 406 3240 464 ex
3257 405 3360 462 quo
3377 391 3663 464 hucingres-

457 457 670 536 rarium
689 459 1182 536 Sanctorum‘msg,
1294 457 1562 536 Augusti:
1583 459 1840 536 «Thaisis
1855 453 2053 536 pecca-
2071 453 2115 454 Π
2135 480 2200 536 sa
2225 453 2374 536 sum.
2403 481 2469 518 ex
2497 453 2758 518 omnibus
2789 453 2937 536 'meis
2974 453 3213 533 peccatis
3241 453 3393 536 quasi
3427 453 3662 536 sarcinam

457 527 1050 604 triciscon_versio._rEt
1066 527 1098 583 8
1119 527 1374 582 Octobris
1389 527 1442 604 ἕξ
1461 527 1916 604 sanctmThais'is
1930 551 2051 604 pec-
2133 534 2238 589 feci
2267 535 2428 602 mihi,
2451 540 2508 588 et
2535 540 2666 589 ante
2693 534 2882 589 oculos
2916 527 3085 604 m-eos
3129 527 3316 604 statui.
3340 534 3403 588 Et
3421 535 3550 590 sicut
3571 554 3662 594 non

456 601 676 654 catricis
705 597 1100 676 depositioper
1124 601 1811 676 sanctum‘EaphnutiumA
1829 597 2052 676 conver-
2133 607 2364 662 recessit
2390 597 2672 662 anhelitus
2692 605 2762 660 de
2789 603 3018 660 naribus
3073 603 3231 676 meis,
3261 604 3340 658 ita
3358 621 3451 659 nec
3474 607 3662 676 quidem

459 687 520 726 sa
551 687 585 724 a
603 669 791 748 studio
822 669 1159 748 mentricio.
1183 670 1365 735 Quam
1395 669 1740 748 ille—reperto
1765 673 2045 748 virginum
2132 693 2244 732 uno
2275 681 2558 732 momento
2601 693 2780 748 usque
2825 677 2898 748 ad
2923 677 3066 730 hanc
3114 669 3307 748 horam
3332 669 3539 748 peccata
3561 696 3664 735 mea

457 741 904 813 monasterio,in
935 739 1194 795 cellulam
1225 759 1452 813 parvam
1494 739 1804 812 recludens,
1835 739 2044 801 ostium
2127 753 2476 804 recesserunt
2495 765 2530 802 a
2555 765 2666 802 me.
2685 739 2916 802 'Claruit
2941 763 3088 801 anno
3115 746 3308 801 salutis
3322 739 3438 803 344.
3459 767 3483 799 »

454 811 989 890 plumbo-sigillavit,
1011 819 1068 890 et
1083 811 1312 890 parvam
1331 813 1382 867 ei
1393 813 2046 890 fenest_ramdiz_nisit,per
2197 820 2328 874 Vita
2356 821 2471 874 haec
2499 819 2557 872 in
2610 818 2944 890 quibusdam
2981 817 3362 890 Manuscriptis
3403 821 3660 890 separatim

454 900 621 954 quam
645 883 698 938 ei
727 883 884 938 cibus
911 883 1164 962 modicus
1194 884 1531 962 deferretur:
1560 886 1693 962 Post
1719 883 2046 962 triumvero
2127 891 2373 962 ponitui,
2403 891 2462 944 in
2493 883 3003 962 aliis-interseritur
3031 888 3156 962 aliis
3180 883 3354 952 libris,
3380 896 3440 944 ut
3459 883 3586 962 libro
3609 907 3658 956 ιι,

451 971 729 1033 annorum
765 955 1370 1033 poenitentiamabbas
1397 956 1749 1033 Paphnutius
1795 959 2036 1027 rediens,
2125 955 2246 1033 cap.
2283 955 2367 1028 16,
2398 961 2616 1033 ratione
2644 960 2948 1033 Paphnutii
2973 959 3069 1033 qui
3098 976 3222 1014 eam
3251 961 3520 1016 convertit.
3549 963 3662 1018 Dedi

451 1031 582 1106 post
635 1025 1032 1106 revelationem
1081 1025 1190 1080 sibi
1238 1043 1273 1080 a
1301 1027 1416 1106 Deo
1457 1025 1526 1106 de
1563 1027 1924 1106 _illa_fact_arn,
1956 1025 2042 1086 os-
2121 1025 2446 1106 separatim,
2491 1038 2556 1087 ut
2581 1025 2791 1087 femina
2811 1025 3394 1106 feminisrjungeretur,

450 1095 774 1174 tium_qu0(_i
796 1096 1026 1174 plumbo
1054 1101 1420 1174 Signaverat,_'_
1443 1099 1752 1174 dissipavit,
1790 1101 2040 1174 dixitque
2183 1095 2270 1173 i2)
2311 1107 2417 1173 Qui
2437 1095 2538 1158 'me
2587 1105 2903 1174 plasmastz',
2965 1095 3218 1174 miierei'fe
3256 1103 3402 1172 mea]
3439 1102 3664 1160 Eamdem

450 1167 538 1222 ei:
589 1167 886 1240 Egredere,
935 1168 1064 1240 quia
1101 1167 1316 1224 dimisit
1360 1169 1461 1224 tibi
1487 1167 1635 1226 Deus
1662 1178 1890 1244 peccata
1917 1167 2034 1230 tua.
2119 1167 2358 1232 Thaisiae
2379 1167 2692 1231 orationem
2716 1167 2897 1230 habes
2913 1174 2973 1228 in
2997 1172 3222 1229 Menteis
3260 1179 3316 1228 et
3340 1167 3634 1244 Menologio.

443 1317 3668 1357 Μ

1841 1451 2130 1500 OCTOBRIS
2173 1451 2312 1500 VIII.

1055 1587 1182 1650 ‘A
1332 1585 1514 1650 ΩΔ
1579 1585 1949 1650 ΚΤῘἽΓΙἸ

775 1582 1220 1731 VITA
1323 1585 2139 1732 SANCTAE
2239 1585 3144 1736 PELAGI/E
3239 1669 3374 1752 (ι),

1734 1804 2417 1895 maxumas,
3105 1808 3118 1814 -

879 1955 1250 2020 AUCTORE
1285 1957 1580 2020 JACOBO
1609 1955 1954 2021 DIACONO
1985 1957 2096 2041 (2),
2125 1959 2632 2022 INTERPRETE
2677 1957 3123 2024 EUSTOCHIO

1299 2226 2047 2314 PROLOGUS
2124 2229 3113 2316 INTEBPRETIS.

576 2367 759 2442 Verba
786 2366 1092 2442 sacerdotis
1119 2369 1283 2442 tanti,
1305 2373 1365 2425 et
1389 2371 1571 2442 celata
1586 2369 1820 2442 Latinis,
2255 2371 2368 2426 Sed
2394 2385 2514 2438 vos,
2547 2371 2802 2437 lectores,
2837 2387 3058 2428 mecum
3086 2375 3322 2442 pensata
3347 2371 3591 2439 laborem,

645 2439 980 2496 Eustochius
1009 2440 1217 2496 Christi
1247 2441 1512 2498 transtuli
1535 2441 1804 2498 subsidio.
2042 2451 2051 2462 '
2325 2443 2396 2500 Et
2415 2459 2694 2500 memores
2719 2443 2900 2500 nostri
2927 2439 3147 2500 fundite
3171 2443 3344 2501 verba
3359 2445 3485 2502 Deo.

429 2620 3663 2652 Μ

1389 2771 2041 2952 ἶβνδιεϊδῐὶσ
2116 2777 2737 2940 auctoris.

491 3031 688 3096 ενδ
714 3028 950 3100 Magnas
977 3043 1202 3101 semper
1223 3027 1462 3084 Domino
1482 3033 1676 3084 nostro
1699 3028 1912 3101 gratias
1940 3027 2150 3082 referre
2175 3027 2462 3096 debemus,
2497 3028 2594 3102 qui
2613 3045 2728 3086 non
2757 3030 2878 3086 vult
2903 3031 3086 3104 perire
3113 3036 3432 3104 peccatores
3453 3033 3505 3088 in
3533 3047 3658 3088 mor-

421 3121 557 3186 tem,
585 3117 685 3173 sed
713 3133 905 3172 omnes
933 3134 1036 3189 per
1055 3117 1442 3190 paenitentiam
1461 3117 1708 3174 converti
1731 3117 1887 3191 cupit
1913 3117 1984 3172 ad
2013 3117 2182 3172 vitam
2209 3119 2263 3186 (Ι
2282 3119 2423 3173 Tim.
2455 3119 2766 3182 II).Audite
2791 3136 2928 3192 ergo
2950 3121 3290 3177 miraculum
3319 3123 3457 3195 quod
3471 3126 3661 3194 gestum

421 3211 510 3264 est
537 3207 595 3262 in
616 3206 813 3262 diebus
841 3207 1066 3264 nostris.
1093 3208 1290 3264 Visum
1321 3213 1407 3264 est
1424 3209 1564 3264 mihi
1587 3208 1864 3281 peccatori
1893 3207 2098 3263 Jacobo
2136 3205 2380 3262 scribere
2405 3207 2562 3263 vobis
2588 3209 2858 3266 fratribus
2879 3209 3105 3278 sanctis,
3125 3215 3192 3266 ut
3204 3212 3475 3286 audiendp
3505 3211 3576 3266 vel
3601 3211 3663 3265 le.

419 3296 604 3368 gendo
627 3295 834 3364 sciatis,
866 3301 924 3353 et
943 3297 1237 3354 animabus
1273 3298 1474 3353 vestris
1503 3299 1812 3354 maximum
1840 3296 2234 3353 consolationis
2263 3297 2536 3353 auxilium
2553 3299 2876 3371 acquiratis.
2900 3300 3214 3358 Misericors
3237 3302 3384 3357 enim
3411 3303 3561 3366 Deus,
3583 3300 3660 3373 qui

418 3386 640 3441 nullum
663 3385 952 3441 hominem
973 3387 1095 3442 vult
1119 3387 1322 3460 perire,
1355 3389 1554 3444 statuit
1573 3389 1635 3444 in
1661 3390 1766 3445 hoc
1792 3389 1993 3445 saculo
2021 3391 2087 3442 ut
2110 3403 2212 3459 per
2229 3386 2670 3444 satisfactionem
2693 3389 2897 3445 delicta
2915 3389 3218 3458 donentur,
3247 3391 3378 3464 quia
3415 3391 3468 3446 in
3493 3391 3653 3448 futuro

415 3475 638 3546 justum
663 3473 940 3547 judicium
962 3474 1090 3542 erit,
1113 3475 1172 3530 in
1197 3492 1308 3547 quo
1336 3475 1570 3547 recipiet
1583 3476 1971 3548 unusquisque
1985 3476 2292 3532 secundum
2313 3493 2484 3549 opera
2511 3494 2634 3532 sua.
2648 3479 2812 3534 Nunc
2827 3495 2959 3550 ergo
2971 3479 3265 3535 silentium
3278 3481 3410 3536 mihi
3431 3481 3659 3552 praebete,

421 3567 482 3620 et
507 3563 809 3620 intuemini
835 3579 1057 3620 mecum
1075 3564 1228 3620 omni
1257 3563 1547 3638 diligentia
1573 3565 1776 3634 cordis,
1801 3566 1934 3638 quia
1953 3567 2154 3624 relatio
2175 3574 2369 3626 nostra
2387 3569 2813 3643 compunctione
2845 3570 2984 3626 satis
3012 3568 3301 3628 uberrima
3327 3572 3488 3645 plena
3513 3575 3603 3626 est.

1752 3861 2330 4002 VITA.

497 4048 686 4108 CAPUT
703 4061 934 4107 PRIMUM.
967 4078 1034 4092 —
1063 4047 1484 4108 Sacratissimus
1505 4053 1796 4128 episcopus
1822 4057 2022 4114 Antio-
2043 4059 2090 4120 B
2110 4062 2206 4132 qui
2227 4062 2551 4121 audiebant.
2575 4065 2804 4122 Cunctis
2833 4083 2964 4122 vero
2976 4065 3136 4123 nobis
3157 4066 3555 4124 admirantibus
3565 4078 3668 4120 san-

424 4139 564 4196 chiaa
586 4139 828 4205 civitatis
855 4140 1174 4196 convocavit
1197 4141 1272 4196 ad
1299 4157 1360 4197 se
1391 4159 1585 4200 omnes
1613 4162 1785 4219 prope
1813 4163 1873 4202 se
1903 4147 2020 4203 exi-
2103 4154 2254 4206 ctam
2271 4151 2588 4209 doctrinam
2605 4156 2748 4226 ejus,
2771 4172 2897 4211 ecce
2908 4155 3093 4212 subito
3113 4158 3449 4231 transiitper
3466 4171 3560 4212 nos
3571 4152 3672 4226 pri-

423 4233 638 4286 stentes
663 4228 965 4320 episcopos,
1000 4245 1104 4320 pro
1159 4235 1314 4286 certa
1345 4231 1589 4304 quadam
1613 4251 1816 4292 causa:
1866 4238 2018 4293 unde
2100 4255 2194 4294 ma
2219 4241 2522 4301 mimarum
2542 4244 2876 4314 Antiochiae;
2899 4246 3132 4319 ipsaque
3164 4253 3254 4302 est
3275 4228 3455 4320 prima
3474 4246 3672 4300 choreu-

424 4324 803 4376 convenerunt
829 4319 1072 4394 episcopi
1108 4335 1344 4376 numero
1383 4327 1527 4390 octo,
1567 4323 1718 4380 inter
1743 4343 1882 4398 quos
1911 4327 2019 4382 fuit
2103 4329 2340 4386 triarum
2369 4335 2958 4406 pantomimarumjﬁ),
2977 4337 3177 4392 sedens
3194 4319 3606 4410 superasellum;
3623 4335 3670 4386 et

425 4415 484 4465 et
511 4409 902 4466 sanctissimus
928 4409 1032 4464 Dei
1057 4409 1142 4464 vir
1160 4411 1394 4469 Nonnus
1429 4413 1524 4482 (4),
1558 4414 1850 4489 episcopus
1863 4433 2024 4473 meus
2107 4421 2517 4490 processitcum
2529 4440 2753 4479 summa.
2763 4409 3361 4497 phantasia,adornata
3377 4427 3536 4491 ita,ut
3552 4420 3669 4478 nihil

429 4499 514 4554 vir
539 4499 810 4556 miriﬁcus
837 4502 896 4554 et
921 4498 1342 4556 efﬁcacissimus
1376 4503 1704 4570 monachus,
1737 4505 1807 4560 de
1833 4522 2027 4562 mona-
2107 4506 2392 4566 videretur
2411 4529 2581 4585 super
2608 4531 2674 4568 ea
2693 4515 2804 4569 nisi
2832 4531 3034 4570 aurum
3069 4521 3126 4572 et
3143 4517 3462 4588 margaritae
3489 4508 3668 4584 etlapi-

427 4589 600 4644 sterio
649 4588 797 4662 quod
841 4587 1049 4644 dicitur
1077 4587 1634 4648 Tabenensiotarum.
1661 4593 1900 4666 Propter
1937 4595 2024 4650 in-
2109 4597 2208 4653 des
2237 4601 2503 4672 pretiosi;
2561 4603 2788 4660 nuditas
2843 4621 2972 4660 vero
3017 4607 3226 4677 pedum
3252 4587 3377 4676 ejus
3397 4623 3460 4660 ex
3481 4618 3603 4659 auro
3623 4605 3670 4655 et

425 4677 863 4752 comparabilem
909 4677 1059 4733 enim
1097 4679 1220 4750 ejus
1256 4678 1429 4734 vitam
1461 4685 1518 4734 et
1545 4681 2026 4740 decoratissimam
2109 4691 2432 4760 margaritis
2467 4698 2590 4746 erat
2639 4700 2903 4766 c00perta
2934 4713 2949 4749 ι
3007 4711 3136 4751 cum
3161 4713 3273 4768 qua
3309 4695 3544 4751 maxima
3567 4693 3671 4746 erat

427 4769 909 4828 conversationem
940 4772 1134 4840 raptus
1175 4773 1261 4823 est
1287 4768 1357 4824 de
1395 4771 1758 4838 monasterio,
1793 4777 1850 4827 et
1877 4774 2025 4846 epis-
2108 4794 2315 4850 pompa
2342 4797 2648 4852 puerorum
2677 4791 2734 4837 et
2763 4785 3080 4855 puellarum
3097 4785 3156 4840 in
3184 4786 3430 4841 vestibus
3444 4779 3669 4858 pretiosis

428 4871 601 4928 copus
627 4857 940 4914 ordinatus.
997 4857 1380 4930 Congregatos
1409 4875 1542 4931 ergo
1571 4859 1629 4915 in
1658 4861 1925 4933 praedicta
1953 4863 2027 4918 ci-
2109 4863 2334 4931 amicta,
2357 4871 2414 4920 et
2441 4871 2670 4939 torques
2689 4885 2862 4924 aurea
2875 4887 3044 4942 super
3062 4871 3266 4926 collum
3289 4873 3430 4943 ejus.
3450 4857 3670 4935 Quidam

427 4943 618 5011 vitate,
642 4946 812 5016 jussit
849 4963 951 5001 nos
989 4947 1283 5018 episcopus
1318 4947 1495 5020 ipsius
1524 4949 1766 5006 civitatis
1795 4968 2026 5008 manere
2107 4954 2516 5024 praecedebant,
2549 4957 2644 5012 alii
2687 4973 2820 5014 vero
2850 4959 3230 5031 sequebantur
3253 4979 3380 5030 eam
3411 4979 3424 5016 :
3453 4955 3669 5032 pulchri-

428 5033 489 5089 in
516 5032 747 5089 basilica
770 5033 1082 5090 beatissimi
1100 5037 1369 5110 martyris
1397 5037 1605 5093 Juliani
1629 5040 1722 5112 (5).
1759 5042 2027 5112 Ingres‘si-
2107 5043 2320 5098 tudinis
2342 5049 2531 5100 autem
2544 5047 2764 5104 decoris
2779 5050 2902 5120 ejus
2924 5065 3034 5104 non
3057 5055 3180 5104 erat
3193 5051 3424 5106 satietas
3443 5045 3668 5105 omnibus

430 5139 540 5195 que
595 5123 985 5192 successimus,
1026 5123 1123 5182 ubi
1170 5131 1228 5182 et
1273 5127 1458 5182 caeteri
1502 5129 1598 5200 qui
1647 5135 2028 5188 convenerant
2109 5132 2469 5188 saecularibus
2513 5135 2854 5193 hominibus.
2908 5139 3044 5204 Quae
3073 5144 3266 5194 tamen
3295 5138 3562 5194 transiens
3586 5149 3670 5208 per

430 5211 676 5286 episcopi
696 5217 826 5266 ante
850 5213 1085 5283 januam
1107 5215 1282 5288 ipsius
1311 5216 1551 5272 basilicae
1573 5220 1924 5278 resederunt.
2107 5237 2228 5289 nos,
2258 5226 2442 5278 totum
2472 5225 2722 5297 implevit
2763 5243 2952 5282 aerem
2982 5245 3048 5282 ex
3077 5229 3247 5284 odore
3276 5229 3452 5284 musci
3483 5227 3569 5296 (7),
3597 5221 3667 5276 vel

505 5300 1017 5366 CAP.II.—Quibus
1040 5304 1380 5374 sedentibus,
1401 5306 2026 5382 aliquiepiscopidomi-
2107 5317 2440 5369 caeterorum
2511 5315 2968 5371 suavissimorum
3034 5316 3521 5373 odoramentorum
3575 5314 3668 5369 fra-

430 5407 569 5448 num
613 5405 806 5446 meum
855 5391 1120 5448 Nonnum
1149 5393 1424 5466 rogabant
1471 5402 1537 5451 ut
1562 5397 1776 5470 aliquid
1802 5400 1873 5456 ab
1899 5401 2022 5473 ipso
2103 5403 2346 5472 grantia.
2372 5403 2552 5468 Quam
2581 5410 2646 5460 ut
2673 5406 2930 5461 viderunt
2949 5405 3194 5480 episcopi
3220 5407 3304 5464 ita
3327 5411 3509 5476 ενα
3535 5403 3664 5460 nudo

431 5481 798 5551 docerentur;
843 5481 1223 5554 statimqueex
1235 5500 1332 5540 ore
1359 5502 1460 5542 suo
1473 5493 1700 5545 sanctus
1731 5491 2024 5563 episcopus
2106 5490 2290 5563 capite
2323 5498 2381 5547 et
2423 5495 2578 5548 omni
2634 5494 3016 5551 membrorum
3057 5514 3326 5570 compage
3363 5498 3442 5553 sic
3477 5496 3664 5550 invere-

431 5572 764 5650 cmpitloqui
791 5571 1302 5633 adaediﬁcationem
1315 5578 1372 5632 et
1399 5575 1472 5632 ad
1501 5577 1743 5638 salutem
1771 5581 2026 5638 omnium
2107 5581 2287 5638 cunde
2315 5583 2558 5640 transire
2587 5601 2713 5640 cum
2763 5585 2938 5641 tantis
2989 5586 3270 5662 obsequiis
3313 5594 3379 5646 ut
3403 5602 3502 5644 nec
3535 5582 3666 5668 velas
