3954 6190
282 218 393 278 665

1233 229 1402 287 VITA
1440 230 1742 288 SANCT'E
1777 230 2127 303 PELAGIIE,
2169 232 2621 292 MERE’I‘RICIS.

3458 230 3563 291 666

279 364 418 405 men
447 367 620 423 super
672 356 841 424 caput
868 353 1133 425 positum,
1179 370 1282 410 nec
1308 372 1478 429 super
1505 360 1780 431 scapulas,
1813 361 2501 433 ta-Aminica,postquam
2525 360 2923 432 complevimus
2940 364 3243 417 nocturnas
3255 360 3558 427 orationes,

278 446 477 494 centes
503 441 923 512 ingemuerunt,
959 449 1016 498 et
1044 445 1205 515 quasi
1236 460 1271 498 a
1300 452 1526 518 peccato
1554 449 1885 520 gravissimo
1968 451 2103 506 dicit
2149 452 2221 505 ad
2246 468 2338 505 me
2367 455 2594 505 sanctus
2640 452 2875 507 Nonnus
2904 451 3197 523 episcopus
3220 469 3231 504 :
3260 449 3383 506 Tibi
3412 449 3561 516 dico,

272 535 609 585 averterunt
635 531 802 585 facies
831 549 980 587 suas.

348 620 489 674 CAP.
510 621 610 675 III.
632 651 698 661 —
721 621 1086 677 Beatissimus
1112 630 1304 679 autem
1322 627 1557 681 Nonnus
1584 628 1887 684 intentissi-

274 725 370 762 me
388 725 517 763 eam
538 714 597 762 et
614 710 712 763 diu
735 710 1088 781 respiciebat,
1120 713 1200 767 ita
1230 718 1296 769 ut
1319 721 1688 787 posteaquam
1704 722 1885 773 trans-

1966 541 2141 597 frater
2168 542 2420 607 diacone,
2454 540 2565 594 vidi
2597 541 2881 595 somnium
2909 546 2967 595 et
2992 540 3214 597 fortiter
3232 539 3555 605 conturbor,

1966 646 2034 686 eo
2064 631 2212 701 quod
2231 644 2343 685 non
2383 646 2608 701 possum
2633 630 2948 685 discernere
2976 629 3252 694 illud.Qui
3275 646 3403 683 mox
3422 629 3562 684 dicit

1966 721 2038 774 ad
2064 737 2156 775 me
2193 721 2393 774 vidisse
2424 737 2483 774 se
2512 720 2571 773 in
2601 720 2833 787 somnis,
2868 720 3145 790 quomodo
3178 719 3249 775 ad
3279 735 3453 773 cornu
3484 718 3564 772 al-

272 798 436 863 isset,
458 799 779 853 intueretur
793 805 849 854 et
870 801 1175 871 respiceret
1194 819 1338 857 eam.
1364 805 1433 858 Et
1459 811 1655 875 postea
1682 808 1883 864 avertit
1963 811 2105 865 taris
2134 815 2311 864 staret
2334 810 2498 879 nigra
2525 809 2804 875 columba,
2838 809 3031 863 multis
3060 808 3316 864 sordibus
3341 808 3561 863 involu-

271 886 477 942 faciem
507 905 693 953 suam,
733 888 921 943 dicens
951 891 1021 943 ad
1045 891 1517 948 circumsedentes
1555 896 1877 969 episcopos:

271 977 390 1031 Vos
404 994 519 1031 non
534 977 795 1031 delectati
812 978 945 1032 estis
969 984 1129 1034 tanta
1149 980 1565 1051 pulchritudine
1589 986 1747 1056 ejus?
1764 987 1881 1042 Illis

1962 905 2039 965 ta,
2075 916 2199 970 quae
2229 898 2663 953 circumvolabat
2682 915 2792 963 me,
2807 904 2864 953 et
2888 899 3121 953 fetorem
3146 915 3211 952 ac
3241 900 3562 969 squalorem

1961 988 2212 1043 sordium
2243 990 2365 1059 ejus
2392 989 2539 1042 ferre
2571 1004 2682 1042 non
2714 987 2990 1042 valebam.
3025 988 3129 1042 Illa
3162 988 3292 1042 vero
3322 987 3560 1043 circum-

272 1083 410 1121 vero
439 1067 581 1121 nihil
595 1068 1081 1138 respondentibus,
1099 1070 1286 1140 posuit
1302 1072 1500 1126 faciem
1515 1091 1683 1145 super
1694 1092 1882 1145 genua
1961 1078 2119 1132 stetit
2146 1094 2256 1141 me,
2281 1078 2457 1131 donec
2484 1077 2717 1131 dimissa
2732 1082 2816 1131 est
2836 1076 3016 1131 oratio
3028 1077 3558 1131 catechumenorum

271 1172 400 1219 sua,
430 1161 488 1211 et
515 1157 776 1210 manuale
804 1162 1059 1212 sanctum
1088 1159 1236 1229 quod
1265 1160 1495 1216 tenebat
1525 1162 1734 1219 sanctis
1763 1182 1881 1220 ma-

270 1245 444 1300 nibus
475 1246 610 1313 suis,
643 1252 701 1300 et
727 1246 806 1301 sic
844 1262 1067 1301 omnem
1105 1248 1291 1303 sinum
1342 1267 1505 1306 suum
1530 1254 1766 1323 replevit
1795 1256 1877 1309 la-

270 1335 505 1408 crymis,
535 1341 593 1391 et
622 1336 913 1407 suspirans
936 1336 1204 1407 graviter,
1236 1337 1380 1393 dixit
1417 1340 1621 1397 iterum
1654 1344 1724 1398 ad
1754 1345 1876 1416 epi-

1963 1168 2060 1236 (8).
2114 1168 2421 1237 Postquam
2448 1183 2579 1220 vero
2606 1165 2971 1236 proclamavit
2999 1166 3267 1221 diaconus
3294 1167 3557 1221 catechué

1961 1253 2141 1309 menis
2179 1272 2190 1307 :
2227 1253 2539 1319 Procedite,
2573 1252 2765 1306 statim
2805 1268 3087 1323 nusquam
3124 1251 3455 1322 comparuit.
3488 1252 3560 1306 Et

1960 1348 2086 1414 post
2124 1342 2353 1396 missam
2397 1342 2617 1396 ﬁdelem
2670 1346 2727 1395 et
2776 1342 3203 1412 completionem
3235 1340 3553 1404 oblationis,

267 1440 500 1496 scapos:
519 1426 644 1480 Non
664 1425 926 1481 delectati
941 1426 1075 1481 estis
1096 1432 1257 1483 tanta
1272 1428 1690 1499 pulchritudine
1711 1434 1874 1504 ejus?
1956 1450 2084 1488 cum
2115 1431 2349 1487 dimissa
2381 1436 2528 1485 esset
2556 1430 2809 1497 ecclesia,
2843 1430 3165 1501 egrediente
3186 1448 3278 1485 me
3313 1430 3556 1484 limitem

268 1514 393 1569 Illis
415 1530 546 1569 vero
574 1514 715 1569 nihil
743 1516 1236 1587 respondentibus:
1260 1518 1423 1584 Vere,
1456 1520 1552 1585 ait,
1584 1538 1687 1592 ego
1714 1523 1874 1577 valde
1956 1522 2156 1577 domus
2172 1521 2292 1588 Dei,
2316 1520 2469 1575 venit
2494 1520 2678 1574 denuo
2706 1520 2828 1590 ipsa
2868 1520 3126 1574 columba
3154 1520 3347 1574 multis
3377 1518 3554 1574 sordi-

268 1604 585 1659 delectatus
618 1621 765 1672 sum,
800 1610 858 1660 et
902 1605 1116 1677 placuit
1145 1606 1283 1660 mihi
1323 1608 1686 1679 pulchritudo
1726 1614 1869 1683 ejus,
1898 1681 1920 1683 Α
1956 1611 2061 1665 bus
2080 1610 2350 1675 involuta,
2374 1615 2431 1663 et
2454 1609 2660 1664 iterum
2679 1607 3114 1663 circumvolabat
3140 1625 3252 1662 me.
3287 1610 3401 1677 Ego
3426 1625 3555 1664 vero

270 1693 544 1766 quoniam
570 1693 736 1748 istam
758 1693 926 1749 habet
956 1693 1109 1749 Deus
1141 1712 1461 1767 praeponere
1476 1704 1533 1753 et
1552 1681 1800 1757 statuere
1814 1681 1937 1757 inB
1957 1701 2261 1754 extendens
2295 1715 2548 1765 manum,
2588 1697 2933 1769 apprehendi
2978 1714 3122 1764 eam,
3169 1702 3227 1752 et
3257 1697 3465 1768 jactavi
3493 1697 3555 1752 in

270 1788 577 1854 conspectu
592 1784 898 1840 tremenda:
916 1790 972 1838 et
985 1784 1332 1840 admirabilis
1346 1787 1495 1842 sedis
1508 1806 1640 1857 suae,
1663 1791 1875 1861 judica-
1956 1792 2244 1856 concham,
2289 1806 2411 1860 quae
2442 1792 2565 1843 erat
2590 1787 2651 1842 in
2675 1788 2819 1842 atrio
2841 1793 3045 1842 sach
3072 1786 3315 1841 ecclesiae
3335 1831 3347 1855 ,
3379 1792 3437 1841 et
3462 1786 3552 1841 di-

267 1878 564 1928 turustam
582 1889 684 1927 nos
705 1889 872 1945 quam
887 1873 1271 1945 episcopatum
1286 1882 1562 1933 nostrum.
1580 1879 1651 1933 Et
1667 1879 1875 1936 iterum
1955 1880 2112 1935 misit
2136 1880 2197 1934 in
2227 1896 2375 1951 aqua
2418 1894 2614 1933 omnes
2646 1877 2838 1932 sordes
2878 1892 3010 1931 suas
3038 1876 3243 1946 quibus
3290 1875 3554 1932 obvoluta

269 1962 416 2018 dixit
428 1963 501 2017 ad
519 1962 808 2035 episcopos
832 1982 843 2018 :
871 1963 1013 2027 Quid
1040 1964 1272 2035 putatis,
1298 1965 1665 2035 dilectissimi,
1701 1986 1876 2039 quan—
1958 1976 2098 2037 erat,
2130 1974 2188 2024 et
2216 1966 2471 2023 ascendit
2493 1967 2563 2021 de
2590 1982 2739 2036 aqua
2755 1964 2996 2021 candida
3019 1965 3166 2020 sicut
3186 1964 3311 2021 nix:
3346 1980 3473 2036 quas
3495 1969 3556 2018 et

268 2059 360 2107 tas
388 2053 558 2108 horas
589 2052 719 2107 fecit
746 2052 806 2107 in
836 2053 1091 2108 cubiculo
1120 2070 1221 2109 suo
1265 2054 1385 2110 haec
1427 2057 1649 2125 mulier,
1683 2059 1874 2115 levans
1957 2062 2168 2127 volans,
2204 2060 2264 2112 in
2293 2056 2570 2113 excelsum
2600 2055 2901 2120 ferebatur,
2935 2060 2994 2109 et
3018 2054 3248 2109 omnino
3278 2053 3347 2108 ab
3377 2053 3553 2108 oculis

266 2147 325 2197 et
352 2158 695 2213 componens
731 2158 812 2209 se,
846 2159 974 2198 cum
1017 2143 1169 2198 omni
1195 2144 1570 2201 sollicitudine
1601 2148 1776 2213 animi
1818 2154 1876 2204 et
1961 2151 2099 2207 meis
2151 2148 2374 2204 sublata
2414 2150 2516 2201 est.
2560 2146 2702 2201 Cum
2757 2161 2890 2216 ergo
2938 2148 3226 2199 narrasset
3267 2142 3553 2199 somnium

267 2231 586 2287 intentione
623 2232 695 2286 ad
732 2233 1114 2303 spectaculum
1150 2250 1357 2289 ornans
1382 2252 1461 2303 se,
1496 2242 1561 2292 ut
1597 2239 1874 2309 corporali
1956 2245 2182 2296 sanctus
2210 2237 2313 2292 Dei
2343 2238 2579 2292 Nonnus
2605 2234 2916 2306 episcopus,
2947 2232 3321 2305 apprehendit
3338 2248 3458 2287 me:
3496 2237 3555 2288 et

267 2321 681 2393 pulchritudini
700 2327 757 2377 et
772 2322 996 2377 ornatui
1025 2322 1167 2377 nihil
1194 2324 1430 2391 deesset,
1463 2331 1740 2397 quatenus
1760 2345 1876 2383 om-
1957 2327 2310 2402 pervenimus
2353 2325 2426 2380 ad
2475 2325 2751 2394 majorem
2790 2323 3082 2379 ecclesiam
3145 2338 3274 2377 cum
3336 2320 3554 2377 caeteris

266 2411 437 2468 nibus
465 2412 727 2484 placeret,
760 2428 832 2466 ne
852 2411 1035 2483 turpis
1055 2412 1339 2469 videretur
1374 2431 1495 2470 esse
1514 2417 1633 2471 suis
1654 2422 1873 2473 amato-
1957 2418 2252 2492 episcopis,
2276 2421 2334 2471 et
2360 2412 2728 2470 salutavimus
2745 2412 3067 2484 episcopum
3095 2409 3355 2466 civitatis.

268 2500 449 2565 ribus,
472 2500 569 2572 qui
589 2500 758 2556 hodie
785 2507 942 2568 sunt,
967 2506 1025 2557 et
1047 2502 1291 2559 crastino
1312 2519 1426 2560 non
1454 2506 1622 2561 sunt?
1652 2507 1797 2578 Ergo
1819 2514 1875 2563 et
2028 2510 2160 2565 CAP.
2193 2507 2288 2561 VI.
2331 2533 2391 2545 —
2423 2504 2494 2558 Et
2520 2502 2862 2574 ingrediens,
2896 2517 3123 2556 omnem
3150 2500 3425 2572 populum
3455 2517 3548 2555 ec-

265 2608 372 2647 nos
400 2591 673 2647 habentes
701 2597 919 2663 patrem
942 2591 1002 2645 in
1032 2592 1186 2647 ccelis
1216 2594 1677 2665 omnipotentem,
1702 2614 1874 2668 spon-
1956 2597 2138 2652 clesia:
2186 2597 2444 2650 hortatus
2483 2597 2587 2660 est,
2653 2591 2750 2663 qui
2785 2590 3027 2663 ingressi
3080 2590 3351 2645 sederunt
3384 2605 3557 2663 super

267 2698 397 2737 sam
435 2681 833 2749 immortalem,
886 2681 1191 2737 donantem
1237 2681 1380 2737 bene
1422 2684 1871 2740 custodientibus
1954 2688 2187 2742 thronos
2207 2700 2368 2756 suos;
2392 2686 2593 2754 etpost
2620 2698 2847 2737 omnem
2875 2679 3204 2736 canonicam
3231 2678 3555 2736 celebratio-

263 2770 687 2842 promissiones,
712 2788 835 2842 quae
861 2770 1073 2826 habent
1090 2770 1313 2827 divitias
1340 2772 1594 2828 caelestes
1625 2784 1683 2827 et
1703 2778 1868 2828 aeter-
1952 2794 2084 2832 nem
2113 2776 2196 2830 vel
2222 2773 2520 2828 lectionem
2544 2771 2724 2826 sancti
2745 2770 3052 2842 Evangelii,
3079 2770 3231 2826 idem
3261 2769 3556 2842 episcopus

263 2877 343 2915 na
371 2861 622 2931 praemia,
652 2876 774 2931 quae
804 2860 1073 2915 aestimari
1098 2876 1212 2915 non
1230 2867 1484 2931 possunt,
1527 2878 1650 2933 quae
1677 2864 1872 2919 oculus
1953 2865 2191 2921 civitatis
2219 2862 2512 2934 porrigens
2547 2865 2806 2916 sanctum
2831 2859 3195 2932 Evangelium
3226 2859 3555 2917 beatissimo

261 2966 383 3006 non
410 2950 569 3016 vidit,
606 2966 709 3005 nec
749 2950 903 3005 auris
924 2950 1155 3017 audivit,
1182 2966 1285 3005 nec
1303 2950 1363 3005 in
1383 2967 1479 3005 cor
1500 2951 1746 3008 hominis
1777 2969 1869 3008 as-
1951 2951 2511 3021 Nonno,hortabatur
2522 2967 2652 3005 eum
2673 2955 2739 3006 ut
2748 2948 2919 3004 verba
2940 2949 3150 3006 faceret
3166 2950 3238 3004 ad
3257 2950 3553 3021 populum.

263 3040 599 3107 cenderunt,
630 3057 754 3111 quze
805 3039 1138 3111 praeparavit
1168 3040 1318 3095 Deus
1373 3039 1734 3111 diligentibus
1783 3061 1861 3098 se.
1885 3045 1930 3106 Ο
1951 3045 2060 3111 Qui
2090 3042 2347 3114 aperiens
2375 3056 2437 3095 os
2469 3056 2637 3094 suum
2664 3038 3003 3109 loquebatur
3037 3039 3375 3110 sapientiam
3424 3038 3548 3106 Dei,

263 3129 413 3195 Quid
436 3129 588 3183 enim
615 3129 779 3200 plura
806 3127 1325 3200 loquor?habentes
1352 3130 1865 3201 repromissionem,
1953 3150 2076 3205 quae
2115 3128 2408 3186 habitabat
2431 3128 2490 3182 in
2521 3145 2607 3195 eo,
2641 3127 2909 3199 quoniam
2938 3126 3081 3182 nihil
3108 3126 3548 3199 compositionis,

264 3218 469 3274 faciem
496 3218 654 3272 illam
684 3234 951 3288 magnam
973 3222 1031 3272 et
1047 3211 1416 3289 splendidam,
1441 3219 1871 3276 etinaestimabi—
1952 3229 2050 3278 aut
2062 3220 2444 3294 philosophiae,
2461 3222 2561 3273 aut
2578 3217 2942 3273 indiscretum
2966 3216 3374 3288 alloquebatur,
3409 3217 3551 3272 nihil

263 3309 380 3363 lem
414 3308 607 3380 sponsi
631 3309 842 3363 vultum
868 3308 1077 3375 videre,
1118 3308 1208 3363 cui
1255 3307 1561 3364 Cherubim
1589 3311 1869 3382 respicere

264 3414 381 3453 non
408 3398 640 3465 audent,
672 3414 785 3453 non
804 3414 1073 3453 ornamus
1092 3414 1277 3470 neque
1304 3398 1648 3470 detergimus
1676 3402 1869 3457 sordes

264 3488 337 3542 de
369 3487 594 3543 miseris
613 3486 907 3543 animabus
934 3488 1163 3557 nostris,
1176 3488 1274 3543 sed
1292 3488 1630 3547 dimittimus
1655 3507 1749 3548 eas
1774 3508 1869 3548 ne-

261 3577 547 3648 gligenter
559 3579 768 3648 jacere.

338 3668 480 3723 CAP.
520 3668 615 3723 IV.
651 3696 720 3710 —
750 3668 849 3723 His
888 3666 1145 3723 omnibus
1172 3668 1352 3737 dictis,
1379 3670 1752 3742 apprehendit
1777 3689 1868 3729 me

266 3762 621 3829 peccatorem
641 3757 962 3825 diaconum,
982 3757 1451 3831 pervenimusque
1468 3759 1531 3815 in
1560 3761 1867 3833 hospitium

264 3845 363 3901 ubi
375 3845 536 3901 nobis
549 3846 734 3902 fuerat
752 3847 953 3902 cellula
965 3847 1117 3902 data.
1144 3848 1214 3902 Et
1239 3847 1526 3919 ingressus
1548 3849 1866 3906 cubiculum

264 3953 456 4003 suum,
473 3937 709 4008 jactavit
726 3953 784 3992 se
804 3936 866 3993 in
885 3937 1288 4008 pavimentum,
1308 3942 1366 3993 et
1381 3937 1581 3994 faciem
1601 3956 1763 3996 suam
1794 3941 1868 3997 ad

262 4031 515 4095 terram;
541 4026 973 4098 percutiensque
1001 4032 1195 4099 pectus
1223 4042 1410 4096 suum,
1427 4028 1862 4101 lacrymabatur,

262 4117 459 4173 dicens
484 4134 494 4169 :
511 4117 749 4172 Domine
777 4118 805 4172 J
811 4134 909 4171 esu
932 4116 1173 4184 Christe,
1190 4117 1418 4187 ignosce
1434 4118 1572 4173 mihi
1591 4121 1869 4190 peccatori

263 4212 325 4261 et
342 4207 599 4278 indigno,
617 4206 750 4279 quia
764 4207 931 4261 unius
949 4207 1059 4261 diei
1076 4212 1307 4262 ornatus
1329 4208 1640 4263 meretricis
1670 4227 1867 4282 super-

244 4297 424 4374 venit
439 4301 703 4352 ornatum
724 4296 925 4352 animae
947 4313 1103 4351 meae.
1120 4297 1283 4361 Quali
1302 4298 1459 4352 vultu
1477 4298 1772 4370 respiciam
1794 4301 1866 4356 ad
1885 4334 1935 4392 Β

263 4387 369 4441 te?
410 4391 513 4441 aut
550 4385 752 4457 quibus
779 4384 1132 4441 sermonibus
1161 4385 1440 4457 justiﬁcer
1466 4388 1525 4442 in
1566 4394 1866 4461 conspectu

260 4475 406 4531 tuo?
446 4476 575 4530 Non
604 4476 756 4530 enim
790 4475 1080 4530 occultabo
1109 4492 1206 4530 cor
1240 4492 1429 4531 meum
1457 4482 1587 4533 ante
1616 4482 1690 4545 te,
1734 4496 1868 4550 quo-

261 4565 424 4621 niam
446 4565 720 4638 prospicis
741 4569 955 4621 secreta
975 4582 1120 4621 mea.
1137 4566 1207 4621 Et
1234 4583 1315 4621 we
1345 4567 1485 4621 mihi
1513 4569 1793 4639 peccatori
1811 4574 1869 4625 et

257 4654 521 4726 indigno,
556 4653 820 4726 quoniam
848 4658 979 4710 ante
1014 4656 1191 4709 altare
1221 4660 1381 4710 tuum
1410 4656 1631 4725 assisto,
1664 4662 1722 4713 et
1747 4676 1863 4715 non

260 4745 445 4799 oﬂ‘ero
473 4745 761 4816 pulchram
785 4744 1032 4799 animam
1062 4744 1286 4815 qualem
1314 4746 1526 4816 expetis
1555 4764 1590 4802 a
1629 4765 1738 4804 me.
1762 4751 1866 4806 Illa

261 4832 425 4890 enim
453 4833 714 4905 promisit
744 4835 964 4906 placere
1009 4833 1352 4902 hominibus,
1384 4840 1442 4890 et
1468 4836 1627 4904 fecit;
1659 4843 1716 4893 et
1761 4856 1864 4910 ego

260 4925 505 4998 promisi
534 4924 636 4981 tibi
666 4926 905 4997 placere,
934 4931 987 4982 et
1012 4927 1283 4983 mentitus
1297 4943 1422 4982 sum
1450 4934 1681 5000 propter
1699 4931 1870 5003 pigri-

259 5016 412 5073 tiam
439 5033 645 5072 meam.
663 5016 864 5072 Nudus
881 5033 1006 5072 sum
1026 5022 1144 5072 tam
1169 5017 1229 5072 in
1252 5017 1391 5072 caelo
1411 5034 1583 5089 quam
1616 5019 1675 5076 in
1693 5026 1867 5091 terra,

260 5122 385 5161 non
414 5106 728 5178 adimplens
747 5112 1025 5180 praecepta
1045 5106 1442 5163 mandatorum
1465 5114 1712 5166 tuorum.
1726 5112 1872 5183 Ergo

262 5213 388 5252 non
418 5203 504 5252 est
532 5196 668 5252 mihi
698 5213 825 5269 spes
857 5213 922 5252 ex
950 5196 1212 5269 cperibus
1240 5196 1423 5265 bonis,
1455 5199 1555 5254 sed
1592 5218 1719 5273 spes
1742 5218 1872 5259 mea

261 5287 332 5342 in
364 5286 750 5342 misericordia
780 5292 898 5355 tua,
931 5304 1043 5359 qua
1070 5289 1288 5343 confido
1319 5289 1541 5343 salvari.
1573 5288 1710 5349 Haec
1741 5308 1868 5347 vero

261 5376 372 5432 illo
399 5376 638 5445 dicente,
688 5382 745 5432 et
784 5377 988 5433 horum
1039 5394 1209 5434 causa
1254 5378 1562 5450 plurimum
1591 5380 1862 5451 ululante,

265 5464 477 5521 eodem
508 5467 601 5523 die
628 5468 995 5527 vehementer
1022 5468 1164 5525 festa
1178 5468 1600 5527 celebravimus.

343 5546 478 5604 CAP.
508 5548 577 5609 V.
605 5581 661 5592 -ρ
679 5549 1117 5624 Superveniente
1145 5556 1337 5611 autem
1365 5552 1478 5624 die,
1505 5568 1628 5629 quae
1655 5560 1741 5616 est
1759 5558 1872 5618 Do-

1953 3313 2011 3367 in
2040 3329 2100 3366 se
2131 3309 2342 3365 habens
2371 3309 2632 3363 humanae
2661 3312 2876 3361 naturae
2906 3307 3254 3379 superfluum
3293 3324 3303 3359 :
3340 3307 3439 3362 sed
3466 3323 3552 3363 re-

1952 3403 2138 3474 pletus
2164 3400 2379 3472 Spiritu
2408 3402 2619 3465 sancto,
2649 3395 2924 3467 arguebat
2938 3401 2996 3452 et
3014 3396 3408 3453 commonebat
3436 3397 3552 3468 ple-

1949 3491 2098 3558 bem,
2130 3488 2503 3545 sincerissime
2530 3488 2767 3559 loquens
2796 3486 2866 3540 de
2893 3485 3082 3541 futuro
3097 3485 3327 3558 judicio,
3361 3491 3415 3542 et
3426 3502 3550 3559 per-

1951 3580 2138 3655 petuis
2160 3580 2324 3635 bonis
2355 3594 2477 3650 quae
2517 3575 2768 3648 reposita
2805 3580 2957 3631 sunt.
2988 3576 3204 3632 Cuncta
3231 3592 3364 3647 ergo
3389 3574 3548 3648 plebs

1950 3675 2287 3743 compuncta
2314 3672 2399 3723 est
2426 3684 2492 3722 ex
2518 3671 2710 3734 318
2733 3664 2937 3731 verbis,
2980 3665 3185 3737 quibus
3217 3666 3436 3721 locutus
3463 3669 3552 3722 est

1950 3778 2053 3834 per
2096 3776 2227 3816 eum
2267 3756 2510 3829 Spiritus
2539 3760 2786 3825 sanctus,
2811 3755 2893 3812 ita
2922 3761 2988 3812 ut
3010 3755 3395 3827 pavimentum
3422 3771 3549 3812 san-

1949 3856 2050 3906 cta:
2077 3847 2332 3904 Ecclesiae
2360 3846 2663 3902 inundaret
2680 3846 2873 3918 populi
2903 3845 3189 3918 lacrymis.

2020 3938 2279 3996 CAPNII.
2327 3969 2392 4001 -τ
2425 3935 2845 3993 Gubernatione
2873 3952 3003 3991 vero
3033 3934 3434 3991 misericordia:
3461 3934 3547 3992 di-

1950 4029 2090 4083 vinae
2117 4027 2373 4098 contigit,
2403 4032 2469 4083 ut
2521 4026 2845 4082 conveniret
2873 4026 2945 4080 ad
2970 4026 3229 4081 eamdem
3255 4025 3550 4081 ecclesiam

1932 4122 2008 4172 .et
2034 4117 2302 4173 meretrix
2334 4117 2470 4183 haec,
2503 4117 2573 4170 de
2602 4131 2715 4187 qua
2741 4115 2922 4171 factus
2951 4120 3037 4170 est
3065 4114 3226 4170 nobis
3247 4131 3462 4184 sermo;
3493 4120 3551 4172 et

1951 4206 2100 4279 quod
2116 4206 2325 4263 mirum
2346 4204 2973 4272 est,catechumena,cui
3000 4220 3294 4276 nunquam
3315 4203 3549 4259 accessit

1953 4300 2269 4355 sollicitudo
2299 4304 2677 4370 peccatorum,
2705 4315 2809 4354 nec
2844 4298 3145 4371 aliquando
3171 4299 3242 4353 ad
3288 4299 3391 4354 Dei
3420 4316 3548 4355 con-

1953 4389 2198 4445 venisset
2244 4388 2553 4455 ecclesiam,
2603 4387 2788 4444 subito
2844 4392 3179 4461 compuncta
3217 4394 3303 4443 est
3347 4388 3549 4445 timore

1951 4479 2196 4545 Domini,
2212 4495 2340 4534 cum
2368 4482 2636 4550 argueret
2657 4482 2885 4534 sanctus
2896 4479 3133 4534 Nonnus
3149 4478 3438 4551 populum,
3467 4478 3550 4534 ita

1955 4576 2021 4625 ut
2044 4569 2371 4641 desperaret
2411 4569 2481 4624 de
2513 4586 2592 4635 se,
2618 4568 2745 4640 ipsa
2772 4568 2979 4624 mulier
3005 4569 3279 4640 plangens
3313 4568 3551 4625 ﬂumina

1942 4661 2321 4733 lacrymarum
2349 4658 2636 4727 fundebat,
2665 4675 2767 4714 nec
2787 4658 2901 4714 ullo
2942 4658 3109 4714 modo
3140 4675 3175 4712 a
3203 4659 3339 4713 ﬂetu
3367 4659 3555 4714 c.nti-n

1951 4766 2087 4804 nere
2117 4767 2177 4804 se
2206 4754 2446 4820 poterat.
2489 4751 2560 4805 Et
2589 4749 2782 4804 statim
2811 4749 3077 4820 prrecepit
3102 4747 3321 4804 duobus
3348 4751 3541 4821 pueris

1949 4838 2085 4905 suis,
2109 4838 2333 4894 dicens:
2361 4839 2645 4894 Sustinete
2666 4839 2727 4892 in
2765 4838 2871 4892 hoc
2888 4838 3008 4892 loco
3026 4855 3038 4904 ;
3059 4841 3117 4892 et
3134 4837 3268 4893 dum
3290 4855 3549 4911 egressus

1949 4928 2121 4984 fuerit
2150 4933 2378 4985 sanctus
2396 4929 2635 4983 Nonnus
2655 4928 2966 5000 episcopus,
2992 4927 3309 5000 sequamini
3336 4936 3553 5001 eum,et

1950 5018 2218 5090 inquirite
2245 5018 2343 5073 ubi
2372 5022 2618 5087 maneat,
2652 5023 2710 5073 et
2740 5017 2925 5073 venite
2954 5022 3011 5073 et
3039 5019 3363 5075 renuntiate
3383 5021 3545 5077 mihi.

1954 5108 2121 5164 Pueri
2149 5125 2280 5163 vero
2312 5107 2561 5164 fecerunt
2589 5108 2735 5163 sicut
2747 5108 3012 5181 praecepit
3037 5108 3119 5164 eis
3147 5109 3377 5165 domina
3406 5127 3509 5167 sua
3536 5130 3551 5182 ;

1955 5202 2012 5252 et
2039 5204 2337 5269 sequentes
2375 5216 2496 5266 nos,
2528 5204 2803 5254 venerunt
2828 5199 2888 5254 in
2916 5199 3206 5255 basilicam
3234 5199 3549 5257 beatissimi

1950 5290 2217 5361 martyris
2258 5289 2486 5359 Iuliani,
2518 5288 2617 5345 ubi
2645 5289 2806 5346 nobis
2853 5290 3163 5363 hospitium
3195 5308 3294 5347 seu
3346 5292 3550 5347 cellula

1953 5378 2170 5434 erat.Et
2191 5379 2451 5451 regressi,
2501 5385 2795 5449 venerunt,
2837 5380 3077 5437 domine
3114 5397 3229 5436 suae
3257 5380 3545 5435 dicentes:

1955 5469 2233 5535 Quoniam
2244 5468 2304 5525 in
2317 5468 2549 5525 basilica
2582 5470 2894 5528 beatissimi
2910 5471 3177 5543 martyris
3187 5469 3396 5526 Juliani
3424 5484 3548 5523 ma-

1957 5565 2072 5620 net.
2105 5559 2227 5626 Quo
2256 5560 2358 5617 illa
2385 5561 2598 5635 audito,
2643 5563 2836 5621 statim
2870 5560 3188 5621 transmisit
3223 5558 3551 5630 diptychum
