3954 6190
453 277 554 336 667
1458 277 1550 333 DE
1587 278 1776 335 VITIS
1814 279 2110 336 PATRUM
2149 278 2362 336 LIBER
2402 277 2690 334 PRIMUS.
3577 277 3659 336 668

451 405 774 463 tabularum
799 402 881 478 (9)
901 417 1003 476 per
1026 401 1249 459 eosdem
1269 418 1491 476 pueros,
1515 405 1593 460 ita
1619 405 1998 461 continentem
2021 423 2034 459 :
2058 409 2108 468 Α
2123 410 2180 460 te
2208 403 2604 478 exspectabant
2629 419 2798 475 opera
2824 402 2954 470 ista,
2971 400 3084 457 scio
3113 401 3258 474 quod
3279 418 3337 456 os
3363 417 3530 457 meum
3551 405 3656 458 eris.

456 517 480 550 ι
533 499 736 552 Sancto
781 493 1052 566 discipulo
1108 492 1334 560 Christi,
1365 495 1643 566 peccatrix
1685 501 1743 550 et
1771 496 2046 568 discipula
2128 495 2198 551 Et
2241 494 2432 549 statim
2471 493 2786 549 transmisit
2823 508 3046 548 mecum
3076 490 3354 546 dominam
3398 491 3660 548 Romanam

450 585 674 642 diaboli.
707 582 908 638 Audivi
943 583 1013 638 de
1056 583 1172 637 Deo
1204 589 1320 651 tuo,
1352 584 1501 656 quod
1525 585 1692 640 caelos
1723 585 2039 652 inclinavit,
2127 584 2370 656 primam
2413 583 2877 639 diaconissarum.
2912 582 3047 646 Quae
3075 580 3316 647 veniens,
3349 580 3539 636 invenit
3560 599 3658 636 eam

453 681 510 730 et
536 673 822 729 descendit
849 689 1019 744 super
1043 676 1274 740 terram,
1309 691 1420 728 non
1445 680 1674 746 propter
1697 676 1898 746 justos,
1945 677 2044 731 sed
2127 675 2311 729 adhuc
2339 675 2410 728 ad
2443 674 2614 746 pedes
2644 673 2822 728 sancti
2859 669 3045 726 Nonni
3074 670 3332 742 episcopi,
3358 669 3440 725 cui
3458 670 3534 724 vix
3557 687 3659 743 per-

449 770 514 820 ut
540 769 858 836 peccatores
885 763 1128 817 salvaret
1157 765 1370 829 (Matth.
1403 769 1482 833 Ix)
1504 783 1516 831 ;
1541 764 1824 820 intantum
1858 765 2044 820 humi-
2125 763 2304 818 suasit
2329 780 2560 834 surgere
2585 780 2620 817 a
2649 761 2886 834 pedibus
2919 761 3058 826 suis,
3084 760 3271 814 dicens
3303 779 3315 812 :
3347 760 3526 831 Surge,
3551 761 3659 826 ﬁlia,

449 853 638 918 liatus,
680 859 745 906 ut
773 851 1086 924 publicanis
1115 851 1667 924 appropinquaverit,
1704 859 1760 908 et
1789 854 1847 908 in
1877 871 2044 926 quem
2125 853 2544 908 utexorcizeris.
2569 852 2832 923 Dixitque
2847 851 2928 906 ei:
2966 851 3248 905 Conﬁtere
3277 848 3456 903 omnia
3477 854 3666 920 peccata

451 941 745 997 cherubim
775 941 1052 1012 respicere
1101 958 1213 996 non
1243 943 1471 1008 audent,
1500 961 1627 998 cum
1653 944 2042 1015 peccatoribus
2124 948 2241 998 tua.
2267 944 2400 1008 Quae
2420 942 2710 1015 respondit
2734 962 2748 995 :
2782 941 2840 996 Si
2864 944 3213 1012 perscrutata
3241 937 3391 993 fuero
3420 939 3666 993 scientiam

450 1036 813 1086 conversatus
859 1031 949 1085 sit.
985 1031 1054 1086 Et
1082 1035 1161 1097 tu,
1206 1031 1430 1086 domine
1461 1050 1640 1097 meus,
1681 1033 1775 1105 qui
1807 1034 2044 1088 multam
2125 1032 2308 1086 cordis
2327 1033 2458 1098 mei,
2479 1031 2822 1086 noninvenio
2842 1031 2900 1084 in
2920 1046 3010 1084 me
3027 1030 3215 1101 aliqua
3235 1045 3400 1099 opera
3425 1027 3660 1082 bonorum

450 1121 807 1177 sanctitatem
832 1120 1022 1186 habes,
1054 1121 1160 1174 etsi
1185 1121 1502 1176 carnalibus
1530 1122 1902 1194 oculisipsum
1933 1124 2043 1177 Do-
2072 1107 2078 1112 1
2126 1127 2378 1178 actuum.
2417 1123 2651 1176 Peccata
2678 1121 2827 1175 enim
2857 1137 2984 1174 mea
3011 1119 3146 1183 scio,
3170 1119 3316 1190 quod
3340 1133 3500 1172 arena
3521 1116 3662 1170 maris

450 1211 669 1266 minum
711 1211 903 1264 Jesum
935 1209 1239 1275 Christum,
1273 1211 1367 1282 qui
1406 1229 1466 1266 se
1497 1212 1575 1265 illi
1608 1212 1828 1266 mulieri
1858 1229 2042 1266 mere-
2123 1211 2383 1282 graviora
2411 1211 2541 1277 sint;
2567 1228 2716 1282 aqua
2731 1210 2880 1264 enim
2903 1224 3177 1281 perparva
3191 1212 3276 1261 est
3293 1224 3400 1278 prae
3425 1205 3553 1260 mole
3570 1223 3668 1276 pec-

450 1300 579 1355 trici
605 1299 970 1354 Samaritana;
995 1299 1455 1354 manifestavitad
1483 1307 1712 1372 puteum
1736 1288 1917 1370 (Joan.
1944 1307 2038 1370 ιν),
2123 1306 2376 1356 catorum
2403 1317 2678 1355 meorum.
2704 1299 2934 1354 Conﬁdo
2958 1314 3089 1353 vero
3110 1297 3178 1351 de
3206 1298 3318 1351 Deo
3337 1301 3449 1362 tuo,
3465 1295 3594 1366 quod
3606 1295 3673 1349 di-

453 1407 565 1446 non
592 1389 874 1461 aspexisti,
908 1394 1098 1444 tamen
1127 1406 1289 1444 verus
1318 1391 1501 1445 cultor
1527 1391 1678 1445 illius
1731 1409 1809 1457 es,
1837 1392 1982 1446 sicut
2010 1408 2044 1445 a
2126 1390 2316 1444 mittat
2345 1390 2562 1461 pondus
2590 1389 2933 1460 inquitatum
2964 1403 3238 1452 mearum,
3275 1391 3330 1440 et
3348 1385 3584 1456 respiciat
3596 1401 3674 1438 su-

453 1478 786 1535 Christianis
804 1477 990 1532 audivi
1010 1477 1396 1533 referentibus.
1423 1480 1480 1534 Si
1510 1497 1638 1535 vero
1656 1480 1804 1536 illius
1837 1480 2044 1535 Christi
2127 1496 2228 1551 per
2257 1495 2365 1533 me.
2397 1480 2552 1533 Tunc
2573 1477 2712 1532 dixit
2740 1478 2809 1531 ad
2841 1493 2964 1531 eam
2991 1481 3218 1530 sanctus
3252 1476 3472 1529 Nonnus
3499 1473 3670 1544 episco-

449 1585 614 1624 verus
647 1586 706 1623 es
726 1567 1050 1638 discipulus,
1084 1584 1196 1622 non
1222 1586 1311 1622 me
1343 1586 1593 1640 respuas,
1622 1587 1721 1641 per
1751 1576 1806 1624 te
1836 1570 2049 1624 deside-
2130 1587 2235 1641 pus
2267 1587 2278 1622 :
2313 1570 2412 1623 Dic
2444 1569 2591 1640 quod
2621 1569 2694 1622 sit
2724 1583 2928 1622 nomen
2957 1573 3119 1621 tuum
3151 1566 3175 1618 ἒ)
3219 1566 3350 1629 Quae
3380 1563 3668 1634 respondit:

450 1663 669 1712 mntem
699 1657 885 1711 videre
912 1657 1276 1723 Salvatorem,
1315 1663 1376 1711 ut
1399 1676 1498 1730 per
1526 1663 1582 1712 te
1608 1675 1828 1714 merear
1860 1659 2047 1713 videre
2130 1660 2388 1714 Naturali
2420 1658 2645 1713 nomine
2673 1657 2901 1728 Pelagia
2930 1660 3124 1710 vocata
3161 1671 3289 1709 sum
3319 1670 3352 1707 a
3387 1651 3673 1725 parentibus

447 1748 664 1802 vultum
694 1751 949 1801 sanctum
980 1762 1164 1802 suum.
1200 1766 1223 1798 ι
1253 1747 1409 1802 Tunc
1439 1748 1723 1819 rescripsit
1750 1749 1800 1802 ei
1820 1753 2045 1803 sanctus
2065 1733 2108 1790 Β
2128 1749 2266 1803 meis
2296 1768 2307 1816 ;
2342 1748 2486 1802 cives
2511 1765 2641 1802 vero
2672 1746 2980 1801 Antiochiae
3000 1745 3364 1816 Margaritam
3391 1759 3474 1796 me
3491 1746 3670 1803 vocant,

449 1837 684 1892 Nonnus
712 1836 1009 1907 episcopus
1034 1853 1044 1888 :
1097 1855 1118 1887 ι
1153 1837 1510 1908 Quaecunque
1550 1855 1628 1904 es,
1662 1838 1956 1892 manifesta
1985 1856 2044 1893 es
2127 1844 2358 1910 propter
2383 1838 2602 1908 pondus
2631 1840 3092 1892 ornamentorum
3128 1834 3331 1906 quibus
3359 1848 3445 1886 me
3473 1831 3672 1885 adorna-

447 1927 583 1991 Deo,
609 1931 668 1980 et
685 1930 766 1993 tu,
792 1931 849 1979 et
875 1929 1149 1980 tractatus
1180 1931 1334 1991 tuus,
1362 1932 1419 1980 et
1446 1927 1705 1982 voluntas
1735 1933 1854 1982 tua.
1890 1930 2046 1983 Atta-
2127 1933 2326 1982 verunt
2359 1932 2586 1999 peccata
2615 1931 2807 1992 3,9
2833 1942 2978 1980 mea.
3014 1925 3128 1994 Ego
3169 1922 3318 1978 enim
3362 1937 3507 1975 oram
3546 1936 3674 1974 orna-

449 2031 582 2070 men
610 2015 732 2069 dico
758 2013 880 2079 tibi,
913 2031 984 2069 ne
1014 2015 1149 2070 velis
1185 2020 1406 2070 tentare
1434 2017 1813 2072 humilitatem
1836 2034 2040 2084 meam,
2127 2023 2380 2073 mentum
2441 2023 2498 2071 et
2525 2021 2808 2088 comptum
2841 2013 3214 2085 ergasterium
3243 2011 3462 2066 diaboli.
3496 2011 3674 2065 Iterum

450 2119 554 2174 ego
585 2103 736 2158 enim
777 2121 903 2158 sum
947 2104 1114 2158 homo
1161 2110 1419 2176 peccator
1457 2123 1648 2160 servus
1699 2107 1819 2161 Dei.
1855 2109 1912 2162 Si
1944 2126 2046 2179 pro
2127 2107 2266 2162 dicit
2295 2107 2366 2161 ad
2395 2123 2520 2161 eam
2563 2111 2792 2161 sanctus
2843 2107 3077 2159 Nonnus
3109 2102 3431 2174 episcopus:
3460 2098 3676 2154 Naturali

451 2197 604 2247 certo
642 2192 814 2247 habes
868 2193 1211 2248 desiderium
1255 2195 1582 2262 divinitatis,
1617 2196 1886 2251 virtutem
1928 2197 2045 2252 adi-
2127 2196 2354 2252 nomine
2405 2196 2635 2267 Pelagia
2663 2194 2914 2250 vocaris?
2943 2194 3077 2258 Quae
3105 2190 3434 2264 respondit:
3475 2189 3567 2254 Ita,
3594 2186 3676 2240 do-

450 2281 700 2353 piscendi
743 2287 801 2336 et
847 2282 1034 2348 ﬁdem,
1069 2288 1127 2337 et
1155 2299 1244 2337 me
1273 2283 1354 2338 vis
1393 2285 1600 2351 videre,
1635 2290 1768 2340 sunt
1819 2302 2044 2341 mecum
2127 2287 2296 2342 mine.
2331 2288 2453 2351 Quo
2485 2286 2699 2351 audito,
2736 2290 2962 2339 sanctus
2990 2284 3227 2338 Nonnus
3259 2281 3536 2352 episcopus
3555 2293 3680 2331 exor-

449 2371 693 2443 episc0pi
714 2371 828 2439 alii;
849 2372 994 2438 veni,
1023 2377 1080 2426 et
1100 2378 1230 2426 ante
1263 2390 1357 2427 eos
1388 2391 1476 2427 me
1499 2374 1730 2440 videbis,
1764 2391 1895 2429 nam
1926 2377 2045 2430 sola
2127 2375 2320 2431 cizavit
2347 2392 2491 2442 eam,
2513 2381 2569 2430 et
2598 2373 2924 2446 baptizavit;
2952 2369 3358 2443 etimposuitei
3377 2366 3679 2438 signumDo-

447 2477 540 2515 me
568 2460 757 2515 videre
790 2477 904 2516 non
933 2462 1208 2532 poteris.»
1237 2463 1378 2517 Cum
1407 2464 1523 2518 hanc
1551 2465 1841 2535 relegisset
1871 2482 2048 2520 mere-
2131 2465 2288 2532 mini,
2317 2465 2660 2536 tradiditque
2683 2464 2763 2518 illi
2789 2479 2994 2534 corpus
3021 2460 3252 2516 Christi.
3279 2458 3504 2528 Fuitque
3530 2455 3598 2510 illi
3610 2470 3684 2526 pa-

446 2549 577 2617 trix,
605 2550 814 2620 gaudio
839 2551 1072 2621 repleta,
1101 2567 1270 2606 cursu
1311 2552 1460 2606 venit
1489 2553 1559 2606 ad
1584 2553 1872 2608 basilicam
1898 2555 2049 2610 beati
2129 2561 2220 2610 ter
2243 2555 2514 2627 spiritalis
2546 2559 2742 2609 sancta
2771 2552 3001 2606 domina
3027 2551 3302 2616 Romana,
3335 2546 3508 2620 prima
3532 2544 3682 2598 diaco-

445 2639 712 2710 martyris
730 2639 957 2706 Juliani,
982 2645 1040 2695 et
1057 2639 1337 2696 nuntiavit
1346 2642 1506 2696 nobis
1527 2643 1595 2696 de
1608 2645 1904 2714 praesentia
1919 2662 2038 2699 sua.
2131 2645 2439 2699 nissarum:
2461 2661 2583 2716 quae
2613 2642 2920 2714 acccipiens
2945 2657 3089 2707 eam,
3123 2636 3375 2695 ascendit
3395 2637 3451 2691 in
3468 2632 3685 2690 catechu-

449 2728 571 2793 Quo
592 2728 784 2784 audito
806 2734 1032 2784 sanctus
1056 2731 1291 2785 Nonnus
1319 2731 1629 2803 episcopus,
1649 2733 1864 2788 vocavit
1894 2735 1964 2789 ad
1982 2751 2042 2789 se
2125 2750 2355 2788 menum
2389 2732 2516 2804 (l2),
2549 2750 2614 2787 eo
2645 2732 2794 2803 quod
2833 2736 2889 2786 et
2913 2747 3014 2785 nos
3041 2729 3120 2784 ibi
3163 2741 3532 2784 maneremus.
3556 2723 3684 2777 Tunc

448 2834 643 2873 omnes
658 2819 755 2890 qui
774 2819 886 2872 illic
899 2819 1136 2874 aderant
1151 2820 1456 2892 episcopos,
1485 2827 1542 2875 et
1551 2823 1724 2892 jussit
1745 2840 1870 2877 eam
1886 2825 2045 2879 veni-
2127 2823 2261 2877 dicit
2289 2823 2359 2876 ad
2387 2840 2476 2877 me
2506 2828 2730 2877 sanctus
2760 2823 2995 2875 Nonnus
3033 2818 3332 2891 cpiscopus
3375 2835 3386 2870 :
3418 2813 3535 2870 Tibi
3559 2812 3676 2873 dico,

444 2923 506 2960 re
544 2907 615 2961 ad
644 2924 721 2961 se.
755 2907 889 2972 Quae
917 2909 1183 2963 accedens
1201 2909 1296 2963 ubi
1310 2911 1637 2981 congregati
1655 2918 1816 2966 erant
1837 2915 2046 2984 episco-
2128 2911 2300 2966 frater
2328 2912 2578 2977 diacone,
2635 2912 2890 2966 laetemur
2918 2909 3082 2963 hodie
3113 2925 3245 2963 cum
3274 2905 3481 2977 angelis
3508 2901 3615 2967 Dei,
3640 2903 3686 2952 et

445 2995 522 3068 pi,
540 2997 777 3068 jactavit
806 3014 866 3051 se
886 2998 944 3052 in
969 2998 1371 3069 pavimentum,
1398 3006 1454 3054 et
1477 3002 1850 3072 apprehendit
1875 3003 2043 3074 pedes
2068 3061 2106 3074 η
2127 3001 2312 3056 oleum
2341 3007 2498 3056 extra
2532 3000 2993 3056 consuetudinem
3012 3013 3306 3052 sumamus
3335 2996 3391 3050 in
3418 2991 3547 3058 cibo,
3563 2993 3612 3045 et
3626 2987 3686 3041 vi-

444 3061 594 3141 beati
611 3087 798 3141 Nonni
827 3061 1305 3160 episcbpi.dicens:
1330 3061 1484 3160 Rogo
1504 3061 1579 3156 ié,
1607 3091 1833 3146 domine
1855 3061 2031 3157 meus,
2063 3061 2107 3124 θ
2128 3107 2264 3145 num
2288 3108 2416 3146 cum
2447 3091 2641 3145 laetitia
2670 3089 2908 3162 spiritali
2931 3089 3291 3160 accipiamus,
3324 3087 3540 3158 propter
3564 3079 3683 3134 salu-
3782 3100 3786 3106 ι

443 3175 668 3230 imitare
681 3177 1008 3248 magistrum
1021 3183 1182 3232 tuum
1195 3179 1496 3234 Dominum
1517 3182 1545 3234 J
1551 3197 1708 3234 esum
1731 3182 2037 3249 Christum,
2128 3186 2242 3236 tem
2265 3182 2432 3251 hujus
2461 3181 2678 3251 puellae.

445 3269 504 3319 et
530 3265 753 3320 effunde
781 3283 952 3337 super
976 3283 1064 3320 me
1077 3272 1233 3321 tuam
1256 3267 1586 3334 bonitatem,
1602 3273 1659 3323 et
1677 3269 1768 3323 fac
1788 3287 1876 3324 me
1889 3271 2046 3324 Chri-
2200 3268 2870 3325 CAp.IX.—Sumentibus
2880 3284 3010 3322 vero
3025 3267 3185 3322 nobis
3207 3261 3682 3331 cibum,audiuntur

447 3353 710 3408 stianam.
740 3355 854 3425 Ego
872 3355 1024 3410 enim
1038 3372 1185 3422 sum,
1221 3357 1446 3412 domine
1466 3375 1644 3425 meus,
1669 3360 1900 3430 pelagus
1920 3378 2044 3431 pec-
2127 3375 2285 3414 voces
2315 3359 2518 3427 subito,
2553 3361 2705 3414 velut
2729 3359 2970 3413 hominis
2999 3358 3096 3429 qui
3115 3355 3435 3411 violentiam
3463 3351 3676 3425 patitur:

445 3448 698 3498 catorum
727 3449 782 3498 et
811 3443 1045 3517 abyssus
1073 3446 1409 3517 iniquitatis.
1450 3449 1587 3502 Peto
1625 3465 1716 3503 me
1747 3448 2040 3520 baptizari.
2125 3449 2379 3504 diabolus
2404 3450 2555 3504 enim
2577 3449 2858 3515 clamavit,
2882 3447 3107 3503 dicens:
3156 3447 3278 3513 Vae,
3309 3445 3420 3500 vaa!
3449 3441 3569 3515 quid
3600 3453 3681 3510 pa-

521 3532 650 3587 CAP.
688 3533 836 3589 VIII.
874 3565 939 3575 —
972 3535 1112 3590 Cum
1144 3535 1233 3589 vix
1263 3553 1388 3591 eam
1412 3538 1786 3608 persuasisset
1811 3545 2042 3593 sanctus
2123 3539 2235 3594 tior
2267 3557 2302 3593 a
2337 3540 2621 3611 decrepito
2651 3556 2786 3593 sene
2817 3539 2927 3594 isto
2973 3538 2998 3591 ’ἶ
3031 3539 3155 3592 Non
3186 3536 3292 3592 tibi
3321 3532 3588 3590 sufﬁciunt
3607 3526 3685 3582 tri-

445 3622 680 3677 Nonnus
703 3624 994 3694 episcOpus
1012 3641 1244 3695 surgere
1270 3642 1304 3679 a
1340 3626 1575 3697 pedibus
1594 3628 1730 3694 suis,
1769 3645 1894 3682 cum
1917 3646 2042 3683 sur-
2124 3628 2285 3699 ginta
2314 3629 2490 3683 millia
2519 3630 2978 3694 Sarracenorum,
3012 3644 3150 3699 quos
3183 3625 3327 3680 mihi
3355 3617 3622 3693 abripuisti
3642 3619 3687 3669 et

445 3711 698 3781 ruisset,
731 3713 868 3767 dicit
895 3714 966 3767 ad
995 3731 1116 3768 eam
1144 3733 1154 3767 :
1213 3715 1471 3770 Canones
1525 3715 1636 3786 (10)
1669 3719 2044 3773 sacerdotales
2128 3717 2442 3789 baptizasti,
2471 3723 2529 3772 et
2557 3718 2810 3773 obtulisti
2830 3719 2946 3773 Deo
2961 3722 3058 3772 tuo
3080 3717 3251 3771 ?Non
3283 3713 3385 3770 tibi
3414 3705 3685 3767 sufﬁciebat

447 3800 737 3854 continent
756 3818 867 3856 non
881 3802 1152 3873 baptizari
1175 3805 1664 3871 meretricem,nisi
1687 3807 2043 3878 ﬁdejussores
2133 3808 2456 3880 Heliopolis,
2491 3808 2755 3879 quoniam
2779 3825 2905 3862 cum
2927 3807 3115 3878 etipsa
3129 3822 3260 3860 mea
3283 3807 3442 3866 esset,
3463 3805 3686 3855 etomnes

446 3888 789 3958 praestiterit,
814 3895 878 3944 ut
906 3907 1019 3945 non
1045 3908 1104 3946 se
1131 3891 1340 3949 iterum
1359 3893 1417 3949 in
1437 3894 1572 3966 ipsis
1593 3895 1754 3950 malis
1773 3899 2037 3952 revolvat.
2127 3897 2222 3968 qui
2253 3896 2312 3951 in
2341 3913 2409 3951 ea
2435 3897 2783 3964 habitabant,
2816 3913 2906 3952 me
2945 3897 3268 3961 adorarent,
3325 3899 3387 3948 tu
3411 3889 3540 3945 mihi
3565 3882 3684 3940 abri-

448 3976 582 4040 Quae
601 3977 834 4033 audiens
853 3979 1025 4033 talem
1045 3981 1291 4052 episc0pi
1331 3984 1688 4050 sententiam,
1718 3986 1953 4056 jactavit
1982 4004 2042 4042 se
2125 3987 2297 4058 puisti
2327 3992 2385 4041 et
2410 3986 2662 4042 obtulisti
2701 3988 2816 4041 Deo
2839 3992 2936 4040 tuo
2961 3987 2985 4039 ?
3017 3986 3125 4041 Sed
3155 3990 3215 4039 et
3244 3999 3394 4040 nunc
3421 3977 3682 4036 maximam

447 4066 654 4121 iterum
674 4067 730 4122 in
753 4068 1155 4140 pavimentum.
1180 4075 1236 4125 et
1258 4072 1630 4143 apprehendit
1655 4075 1825 4145 pedes
1856 4076 2037 4130 sancti
2125 4093 2282 4148 spem
2309 4093 2491 4131 meam
2520 4076 2800 4130 abstulisti
2819 4093 2854 4130 a
2880 4093 2988 4142 me,
3015 4077 3136 4146 jam
3157 4091 3310 4129 nunc
3336 4087 3446 4126 non
3461 4069 3566 4124 fero
3590 4079 3683 4118 ma-

446 4157 652 4223 Nonni,
685 4163 743 4212 ct
777 4157 926 4229 ipsos
960 4159 1220 4232 lacrymis
1255 4161 1372 4216 suis
1403 4162 1555 4227 lavit,
1596 4169 1651 4217 et
1681 4164 1896 4236 capillis
1925 4165 2043 4219 suis
2127 4164 2473 4220 chinationes
2486 4166 2696 4220 tuas.O
2717 4166 2836 4236 jam
2856 4164 2988 4236 quid
3004 4164 3189 4236 patior
3219 4180 3254 4217 a
3274 4150 3682 4217 damnabiliisto!

446 4247 785 4318 extergebat,
804 4249 1014 4304 dicens:
1036 4250 1334 4306 Rationem
1355 4252 1556 4307 reddas
1596 4253 1711 4307 Deo
1734 4271 1834 4326 pro
1855 4254 2045 4308 anima
2127 4255 2425 4310 Maledicta
2453 4256 2570 4310 dies
2600 4256 2717 4321 illa,
2743 4255 2800 4310 in
2818 4272 2929 4327 qua
2958 4259 3126 4308 natus
3156 4269 3218 4308 es
3251 4258 3314 4307 tu
3339 4271 3350 4305 :
3385 4246 3600 4305 ﬁumina
3622 4242 3684 4294 la-

445 4343 658 4401 mea,et
675 4337 774 4392 tibi
797 4339 1074 4394 ascribam
1094 4339 1421 4411 iniquitates
1453 4340 1729 4397 factorum
1762 4359 2038 4411 meorum,
2126 4360 2446 4415 crymarum
2469 4345 2692 4398 inﬁrmo
2721 4343 2960 4415 hospitio
2977 4341 3276 4408 inundant,
3299 4342 3420 4412 jam
3447 4351 3564 4408 spes
3581 4343 3684 4386 mea

446 4425 496 4480 si
527 4425 814 4480 distuleris
855 4444 942 4481 me
971 4428 1222 4500 iniquam
1246 4435 1304 4483 et
1320 4431 1705 4502 turpissimam
1730 4432 2033 4504 baptizare.
2063 4427 2405 4488 Dabstracta
2436 4441 2536 4488 est.
2578 4435 2690 4489 Ista
2717 4433 2907 4488 omnia
2933 4432 3215 4488 clamabat
3243 4429 3514 4493 diabolus,
3543 4429 3594 4477 et
3616 4421 3683 4473 la-

448 4517 574 4572 Non
605 4517 856 4571 invenias
900 4517 1217 4588 portionem
1265 4519 1412 4589 apud
1444 4521 1624 4575 Deum
1653 4538 1780 4576 cum
1813 4523 2038 4589 sanctis,
2124 4523 2483 4579 mentabatur
2501 4525 2863 4594 antejanuas,
2887 4520 3292 4578 etaudiebatur
3313 4521 3431 4592 ipse
3457 4514 3522 4570 ab
3540 4506 3685 4567 omni-

446 4606 653 4660 nisime
686 4623 834 4661 nunc
854 4605 1048 4662 feceris
1068 4607 1310 4662 alienam
1331 4609 1610 4664 malorum
1631 4628 1866 4682 operum
1888 4629 2043 4667 meo-
2126 4613 2227 4668 bus
2256 4613 2596 4667 hominibus.
2631 4614 2698 4666 Et
2725 4613 2930 4667 iterum
2959 4615 3239 4683 repetens,
3279 4609 3351 4664 ad
3382 4605 3683 4677 neophytam

444 4697 788 4768 rum.Neges
817 4697 1014 4764 Deum,
1041 4703 1098 4752 et
1117 4696 1268 4752 idola
1286 4698 1503 4765 adores,
1532 4699 1641 4754 nisi
1678 4717 1768 4754 me
1799 4701 1965 4756 hodie
1984 4702 2041 4756 in
2125 4703 2370 4774 puellam
2392 4703 2554 4757 dixit:
2595 4702 2718 4757 Haec
2741 4702 2878 4756 mihi
2907 4701 3063 4767 facis,
3087 4700 3454 4754 dominamea
3469 4687 3681 4761 Pelagia,

445 4800 712 4855 sponsam
742 4787 951 4842 Christi
982 4788 1199 4843 renasci
1245 4788 1461 4851 feceris,
1515 4794 1571 4842 et
1608 4788 1874 4844 obtuleris
1900 4792 2034 4845 Deo.
2125 4797 2182 4846 et
2208 4797 2270 4846 tu
2301 4808 2490 4845 meum
2518 4791 2721 4846 Judam
2750 4790 3022 4845 imitaris?
3044 4789 3143 4844 Ille
3162 4788 3317 4843 enim
3344 4784 3520 4858 gloria
3539 4786 3589 4835 et
3608 4779 3686 4830 h0-

441 4873 600 4927 Tunc
628 4891 822 4930 omnes
843 4876 1086 4949 episcopi
1110 4884 1168 4932 et
1189 4878 1374 4933 clerici
1405 4877 1500 4950 qui
1525 4885 1922 4946 convenerunt,
1956 4881 2038 4934 vi-
2123 4897 2259 4935 nore
2280 4886 2661 4948 coronatus,et
2680 4879 2962 4952 apostolus
2981 4879 3344 4944 constitutus,
3363 4873 3583 4932 tradidit
3601 4869 3688 4923 Do-

441 4961 638 5016 dentes
649 4964 821 5018 talem
843 4967 1208 5036 peccatricem
1225 4985 1326 5039 pro
1348 4969 1586 5024 Deitatis
1605 4968 1884 5024 desiderio
1905 4971 2042 5025 talia
2123 4970 2340 5026 minum
2369 4988 2554 5036 suum,
2591 4969 2671 5024 ita
2699 4977 2756 5025 et
2783 4976 2846 5025 tu
2875 4969 3016 5024 mihi
3055 4969 3258 5024 fecisti.
3304 4968 3459 5022 Tunc
3488 4961 3608 5019 dicit
3629 4956 3686 5012 ad

441 5049 786 5121 loquentem,
816 5055 1158 5112 admirantes
1185 5057 1445 5112 dicebant
1463 5075 1753 5131 nunquam
1783 5077 1842 5114 se
1866 5061 2039 5115 talem
2123 5076 2246 5115 eam
2267 5067 2494 5116 sanctus
2515 5061 2750 5115 Nonnus
2771 5060 3070 5132 episcopus
3089 5077 3099 5111 :
3130 5059 3374 5130 Signate
3391 5070 3543 5112 cruce
3555 5046 3686 5105 Chri-

439 5137 641 5195 vidisse
667 5141 835 5195 ﬁdem
856 5143 1262 5201 etdesiderium
1282 5147 1649 5214 salutis,sicut
1663 5149 1830 5218 hujus
1863 5166 2040 5204 mere—
2120 5149 2212 5214 sti,
2257 5156 2314 5205 et
2367 5150 2707 5205 abrenuntia
2734 5150 2804 5204 ei.
2840 5151 2974 5214 Quae
3013 5147 3254 5220 signavit
3284 5165 3345 5202 se
3398 5147 3456 5200 in
3492 5139 3686 5197 nomine

441 5227 614 5283 tricis.
640 5231 708 5284 Et
717 5231 906 5286 statim
938 5250 1028 5289 me
1037 5237 1472 5293 transmiserunt
1488 5243 1835 5310 peccatorem
1847 5239 2038 5294 diaco-
2119 5240 2346 5304 Christi,
2362 5246 2420 5295 et
2433 5239 2736 5295 insuﬂlavit
2746 5240 2804 5294 in
2816 5240 3126 5295 daemonem
3135 5279 3148 5306 ,
3166 5243 3224 5292 et
3239 5235 3430 5292 statim
3441 5242 3685 5302 nusquam

439 5334 577 5374 num
601 5320 673 5374 ad
693 5320 1013 5392 episcopum
1061 5323 1320 5392 civitatis,
1351 5334 1416 5382 ut
1444 5329 1560 5383 haec
1589 5329 1777 5384 omnia
1814 5329 1866 5383 ei
1898 5329 2036 5384 insi-
2117 5331 2450 5402 comparuit.

439 5425 694 5475 nuarem,
735 5414 792 5463 et
840 5427 1013 5466 unam
1058 5413 1128 5468 de
1157 5413 1485 5472 diaconissis
1515 5417 1562 5485 (1
1581 5417 1624 5489 l)
1654 5419 1889 5490 'juberet
1915 5421 2037 5490 ejus
2191 5420 2327 5475 CAP.
2359 5422 2427 5474 X.
2462 5421 2672 5476 —Post
2698 5420 2930 5475 biduum
2963 5436 3116 5492 ergo,
3157 5418 3468 5473 dormiente
3489 5431 3552 5469 ea
3577 5423 3682 5465 cum

441 5496 728 5554 beatitudo
748 5500 1134 5556 transmittere
1154 5506 1514 5571 mecum.Qui
1538 5508 1790 5576 audiens,
1814 5510 2034 5564 laetatus
2116 5514 2310 5565 sancta
2340 5511 2595 5566 Romana
2621 5514 2927 5566 commatre
2958 5526 3063 5565 sua
3089 5510 3145 5564 in
3177 5506 3430 5564 cubiculo
3459 5519 3570 5567 suo,
3599 5515 3683 5569 ap-

440 5593 528 5644 est
551 5589 759 5662 gaudio
795 5605 1022 5663 magno,
1044 5590 1237 5651 dicens
1253 5613 1265 5651 :
1280 5595 1450 5666 Bene,
1481 5603 1642 5671 pater
1670 5599 2029 5668 honorabilis,
2115 5599 2306 5673 paruit
2319 5599 2578 5659 diabolus
2604 5606 2786 5668 nocte,
2820 5606 2878 5656 et
2893 5600 3180 5656 suscitavit
3202 5597 3461 5655 ancillam
3478 5592 3572 5651 Dei
3598 5590 3683 5645 Pe-
