  <div class='ocr_page' id='page_1' title='image "/cluster/home/n/w/nwhite01/storage/ocr_20150623/73/hvd.32044054758776/340.png"; bbox 0 0 3892 6182; ppageno 0'>
   <div class='ocr_carea' id='block_1_1' title="bbox 142 247 1710 325">
    <p class='ocr_par' dir='ltr' id='par_1_1' title="bbox 142 254 1710 314">
     <span class='ocr_line' id='line_1_1' title="bbox 142 254 1710 314; baseline 0 0"><span class='ocrx_word' id='word_1_1' title='bbox 142 254 225 314; x_wconf 84' lang='grc'><strong>669</strong></span> <span class='ocrx_word' id='word_1_2' title='bbox 1061 256 1229 314; x_wconf 79' lang='grc' dir='ltr'><strong>νΙΤΑ</strong></span> <span class='ocrx_word' id='word_1_3' title='bbox 1268 255 1568 314; x_wconf 71' lang='grc' dir='ltr'><strong>ΒΑΝΟΤᾹΞ</strong></span> <span class='ocrx_word' id='word_1_4' title='bbox 1607 257 1710 314; x_wconf 83' lang='lat' dir='ltr'><strong>PE]</strong></span> 
     </span>
    </p>
   </div>
   <div class='ocr_carea' id='block_1_2' title="bbox 1799 247 3389 325">
    <p class='ocr_par' dir='ltr' id='par_1_2' title="bbox 1799 247 3389 325">
     <span class='ocr_line' id='line_1_2' title="bbox 1799 247 3389 325; baseline -0.006 -11"><span class='ocrx_word' id='word_1_5' title='bbox 1799 257 1960 325; x_wconf 71' lang='lat' dir='ltr'><strong>GUE,</strong></span> <span class='ocrx_word' id='word_1_6' title='bbox 2002 257 2456 314; x_wconf 83' lang='lat' dir='ltr'><strong>MERETRICIS.</strong></span> <span class='ocrx_word' id='word_1_7' title='bbox 3287 247 3389 306; x_wconf 87' lang='lat'><strong>670</strong></span> 
     </span>
    </p>
   </div>
   <div class='ocr_carea' id='block_1_3' title="bbox 137 379 3385 457">
    <p class='ocr_par' dir='ltr' id='par_1_3' title="bbox 137 379 3385 457">
     <span class='ocr_line' id='line_1_3' title="bbox 137 379 3385 457; baseline -0.002 -20"><span class='ocrx_word' id='word_1_8' title='bbox 137 383 333 454; x_wconf 63' lang='lat' dir='ltr'><strong>legium,</strong></span> <span class='ocrx_word' id='word_1_9' title='bbox 360 387 418 436; x_wconf 87' lang='lat' dir='ltr'><strong>et</strong></span> <span class='ocrx_word' id='word_1_10' title='bbox 437 382 690 440; x_wconf 87' lang='lat' dir='ltr'><strong>dicebat:</strong></span> <span class='ocrx_word' id='word_1_11' title='bbox 713 384 866 454; x_wconf 86' lang='lat' dir='ltr'><strong>Rogo</strong></span> <span class='ocrx_word' id='word_1_12' title='bbox 892 388 967 448; x_wconf 88' lang='lat' dir='ltr'><strong>te,</strong></span> <span class='ocrx_word' id='word_1_13' title='bbox 986 383 1215 438; x_wconf 89' lang='lat' dir='ltr'><strong>domina</strong></span> <span class='ocrx_word' id='word_1_14' title='bbox 1234 401 1360 438; x_wconf 87' lang='lat' dir='ltr'><strong>mea</strong></span> <span class='ocrx_word' id='word_1_15' title='bbox 1381 385 1697 456; x_wconf 74' lang='lat' dir='ltr'><strong>Hargarita,</strong></span> <span class='ocrx_word' id='word_1_16' title='bbox 1716 388 1766 447; x_wconf 83' lang='grc' dir='ltr'><strong>Α</strong></span> <span class='ocrx_word' id='word_1_17' title='bbox 1784 384 1919 457; x_wconf 85' lang='lat' dir='ltr'>petii</span> <span class='ocrx_word' id='word_1_18' title='bbox 1935 385 2259 457; x_wconf 88' lang='lat' dir='ltr'><strong>episcopum</strong></span> <span class='ocrx_word' id='word_1_19' title='bbox 2289 399 2499 448; x_wconf 91' lang='lat' dir='ltr'><strong>meum,</strong></span> <span class='ocrx_word' id='word_1_20' title='bbox 2522 385 2585 437; x_wconf 88' lang='lat' dir='ltr'><strong>ut</strong></span> <span class='ocrx_word' id='word_1_21' title='bbox 2613 397 2703 436; x_wconf 91' lang='lat' dir='ltr'><strong>me</strong></span> <span class='ocrx_word' id='word_1_22' title='bbox 2728 379 3082 453; x_wconf 80' lang='lat' dir='ltr'><strong>permitteret</strong></span> <span class='ocrx_word' id='word_1_23' title='bbox 3110 379 3210 435; x_wconf 91' lang='lat' dir='ltr'><strong>ire.</strong></span> <span class='ocrx_word' id='word_1_24' title='bbox 3238 379 3385 433; x_wconf 92' lang='lat' dir='ltr'><strong>Dum</strong></span> 
     </span>
    </p>
   </div>
   <div class='ocr_carea' id='block_1_4' title="bbox 139 469 3390 546">
    <p class='ocr_par' dir='ltr' id='par_1_4' title="bbox 139 469 3390 546">
     <span class='ocr_line' id='line_1_4' title="bbox 139 469 3390 546; baseline -0.002 -19"><span class='ocrx_word' id='word_1_25' title='bbox 139 471 359 544; x_wconf 86' lang='lat' dir='ltr'><strong>nunquid</strong></span> <span class='ocrx_word' id='word_1_26' title='bbox 385 488 498 528; x_wconf 89' lang='lat' dir='ltr'><strong>non</strong></span> <span class='ocrx_word' id='word_1_27' title='bbox 528 489 592 528; x_wconf 84' lang='lat' dir='ltr'><strong>ex</strong></span> <span class='ocrx_word' id='word_1_28' title='bbox 621 489 758 528; x_wconf 89' lang='lat' dir='ltr'><strong>auro</strong></span> <span class='ocrx_word' id='word_1_29' title='bbox 789 479 846 527; x_wconf 91' lang='lat' dir='ltr'><strong>et</strong></span> <span class='ocrx_word' id='word_1_30' title='bbox 865 478 1098 544; x_wconf 89' lang='lat' dir='ltr'><strong>argento</strong></span> <span class='ocrx_word' id='word_1_31' title='bbox 1119 473 1298 529; x_wconf 84' lang='lat' dir='ltr'>ditata</span> <span class='ocrx_word' id='word_1_32' title='bbox 1325 491 1383 529; x_wconf 91' lang='lat' dir='ltr'><strong>es</strong></span> <span class='ocrx_word' id='word_1_33' title='bbox 1404 473 1428 527; x_wconf 82' lang='lat'><strong>?</strong></span> <span class='ocrx_word' id='word_1_34' title='bbox 1451 475 1705 546; x_wconf 86' lang='lat' dir='ltr'><strong>nunquid</strong></span> <span class='ocrx_word' id='word_1_35' title='bbox 1787 492 1878 531; x_wconf 90' lang='lat' dir='ltr'><strong>me</strong></span> <span class='ocrx_word' id='word_1_36' title='bbox 1907 475 2254 546; x_wconf 85' lang='lat' dir='ltr'><strong>permisisset</strong></span> <span class='ocrx_word' id='word_1_37' title='bbox 2296 473 2397 539; x_wconf 90' lang='lat' dir='ltr'><strong>ire,</strong></span> <span class='ocrx_word' id='word_1_38' title='bbox 2443 471 2578 526; x_wconf 87' lang='lat' dir='ltr'><strong>dicit</strong></span> <span class='ocrx_word' id='word_1_39' title='bbox 2607 471 2676 526; x_wconf 88' lang='lat' dir='ltr'><strong>ad</strong></span> <span class='ocrx_word' id='word_1_40' title='bbox 2708 487 2797 526; x_wconf 92' lang='lat' dir='ltr'><strong>me</strong></span> <span class='ocrx_word' id='word_1_41' title='bbox 2838 489 2848 523; x_wconf 91' lang='lat'><strong>:</strong></span> <span class='ocrx_word' id='word_1_42' title='bbox 2878 469 3003 525; x_wconf 89' lang='lat' dir='ltr'><strong>Tibi</strong></span> <span class='ocrx_word' id='word_1_43' title='bbox 3033 469 3177 536; x_wconf 88' lang='lat' dir='ltr'><strong>dico,</strong></span> <span class='ocrx_word' id='word_1_44' title='bbox 3210 470 3390 523; x_wconf 77' lang='lat' dir='ltr'><strong>frater</strong></span> 
     </span>
    </p>
   </div>
   <div class='ocr_carea' id='block_1_5' title="bbox 140 555 3386 634">
    <p class='ocr_par' dir='ltr' id='par_1_5' title="bbox 140 555 3386 634">
     <span class='ocr_line' id='line_1_5' title="bbox 140 555 3386 634; baseline -0.002 -18"><span class='ocrx_word' id='word_1_45' title='bbox 140 579 228 617; x_wconf 88' lang='lat' dir='ltr'><strong>non</strong></span> <span class='ocrx_word' id='word_1_46' title='bbox 247 578 304 615; x_wconf 90' lang='lat' dir='ltr'><strong>ex</strong></span> <span class='ocrx_word' id='word_1_47' title='bbox 333 577 472 617; x_wconf 86' lang='lat' dir='ltr'><strong>auro</strong></span> <span class='ocrx_word' id='word_1_48' title='bbox 494 569 551 616; x_wconf 87' lang='lat' dir='ltr'><strong>et</strong></span> <span class='ocrx_word' id='word_1_49' title='bbox 577 562 816 633; x_wconf 87' lang='lat' dir='ltr'><strong>gemmis</strong></span> <span class='ocrx_word' id='word_1_50' title='bbox 846 563 1104 634; x_wconf 89' lang='lat' dir='ltr'><strong>pretiosis</strong></span> <span class='ocrx_word' id='word_1_51' title='bbox 1129 563 1393 617; x_wconf 88' lang='lat' dir='ltr'><strong>adornavi</strong></span> <span class='ocrx_word' id='word_1_52' title='bbox 1424 564 1518 618; x_wconf 82' lang='lat' dir='ltr'><strong>te?</strong></span> <span class='ocrx_word' id='word_1_53' title='bbox 1550 565 1706 634; x_wconf 90' lang='lat' dir='ltr'><strong>Rogo</strong></span> <span class='ocrx_word' id='word_1_54' title='bbox 1787 565 2038 631; x_wconf 89' lang='lat' dir='ltr'><strong>diacone,</strong></span> <span class='ocrx_word' id='word_1_55' title='bbox 2072 565 2206 619; x_wconf 90' lang='lat' dir='ltr'><strong>dum</strong></span> <span class='ocrx_word' id='word_1_56' title='bbox 2238 560 2557 634; x_wconf 87' lang='lat' dir='ltr'><strong>perveneris</strong></span> <span class='ocrx_word' id='word_1_57' title='bbox 2585 560 3009 632; x_wconf 88' lang='lat' dir='ltr'><strong>Jerosolymam,</strong></span> <span class='ocrx_word' id='word_1_58' title='bbox 3047 557 3269 630; x_wconf 86' lang='lat' dir='ltr'><strong>require</strong></span> <span class='ocrx_word' id='word_1_59' title='bbox 3306 555 3386 611; x_wconf 92' lang='lat' dir='ltr'><strong>ibi</strong></span> 
     </span>
    </p>
   </div>
   <div class='ocr_carea' id='block_1_6' title="bbox 138 649 3388 726">
    <p class='ocr_par' dir='ltr' id='par_1_6' title="bbox 138 649 3388 726">
     <span class='ocr_line' id='line_1_6' title="bbox 138 649 3388 726; baseline -0.002 -18"><span class='ocrx_word' id='word_1_60' title='bbox 138 661 197 718; x_wconf 88' lang='lat' dir='ltr'><strong>te,</strong></span> <span class='ocrx_word' id='word_1_61' title='bbox 225 651 346 724; x_wconf 89' lang='lat' dir='ltr'><strong>quid</strong></span> <span class='ocrx_word' id='word_1_62' title='bbox 376 657 431 706; x_wconf 84' lang='lat' dir='ltr'><strong>te</strong></span> <span class='ocrx_word' id='word_1_63' title='bbox 473 651 795 706; x_wconf 89' lang='lat' dir='ltr'><strong>contristavi</strong></span> <span class='ocrx_word' id='word_1_64' title='bbox 821 653 844 704; x_wconf 85' lang='lat'><strong>?</strong></span> <span class='ocrx_word' id='word_1_65' title='bbox 870 652 1163 722; x_wconf 87' lang='lat' dir='ltr'><strong>Responde</strong></span> <span class='ocrx_word' id='word_1_66' title='bbox 1193 653 1350 719; x_wconf 91' lang='lat' dir='ltr'><strong>mihi,</strong></span> <span class='ocrx_word' id='word_1_67' title='bbox 1385 659 1448 706; x_wconf 91' lang='lat' dir='ltr'><strong>ut</strong></span> <span class='ocrx_word' id='word_1_68' title='bbox 1485 653 1705 707; x_wconf 89' lang='lat' dir='ltr'><strong>satisfa-</strong></span> <span class='ocrx_word' id='word_1_69' title='bbox 1789 653 2089 726; x_wconf 83' lang='lat' dir='ltr'><strong>quemdam</strong></span> <span class='ocrx_word' id='word_1_70' title='bbox 2132 652 2362 707; x_wconf 82' lang='lat' dir='ltr'><strong>fratrem</strong></span> <span class='ocrx_word' id='word_1_71' title='bbox 2395 649 2703 721; x_wconf 80' lang='lat' dir='ltr'><strong>Pelagium,</strong></span> <span class='ocrx_word' id='word_1_72' title='bbox 2738 649 3075 702; x_wconf 90' lang='lat' dir='ltr'><strong>monachum</strong></span> <span class='ocrx_word' id='word_1_73' title='bbox 3121 652 3178 701; x_wconf 92' lang='lat' dir='ltr'><strong>et</strong></span> <span class='ocrx_word' id='word_1_74' title='bbox 3205 662 3388 700; x_wconf 86' lang='lat' dir='ltr'><strong>eunu—</strong></span> 
     </span>
    </p>
   </div>
   <div class='ocr_carea' id='block_1_7' title="bbox 141 736 3390 814">
    <p class='ocr_par' dir='ltr' id='par_1_7' title="bbox 141 736 3390 814">
     <span class='ocr_line' id='line_1_7' title="bbox 141 736 3390 814; baseline -0.003 -17"><span class='ocrx_word' id='word_1_75' title='bbox 141 744 257 797; x_wconf 89' lang='lat' dir='ltr'><strong>ciam</strong></span> <span class='ocrx_word' id='word_1_76' title='bbox 273 741 390 805; x_wconf 89' lang='lat' dir='ltr'><strong>tibi,</strong></span> <span class='ocrx_word' id='word_1_77' title='bbox 416 747 639 795; x_wconf 87' lang='lat' dir='ltr'><strong>tantum</strong></span> <span class='ocrx_word' id='word_1_78' title='bbox 660 759 730 795; x_wconf 86' lang='lat' dir='ltr'><strong>ne</strong></span> <span class='ocrx_word' id='word_1_79' title='bbox 753 758 840 796; x_wconf 90' lang='lat' dir='ltr'><strong>me</strong></span> <span class='ocrx_word' id='word_1_80' title='bbox 861 741 1030 796; x_wconf 78' lang='lat' dir='ltr'><strong>facias</strong></span> <span class='ocrx_word' id='word_1_81' title='bbox 1051 741 1413 813; x_wconf 78' lang='lat' dir='ltr'><strong>Opprobrium</strong></span> <span class='ocrx_word' id='word_1_82' title='bbox 1438 743 1708 796; x_wconf 88' lang='lat' dir='ltr'><strong>Christia-</strong></span> <span class='ocrx_word' id='word_1_83' title='bbox 1789 744 1974 809; x_wconf 89' lang='lat' dir='ltr'><strong>chum,</strong></span> <span class='ocrx_word' id='word_1_84' title='bbox 2000 743 2094 814; x_wconf 88' lang='lat' dir='ltr'><strong>qui</strong></span> <span class='ocrx_word' id='word_1_85' title='bbox 2117 743 2322 796; x_wconf 85' lang='lat' dir='ltr'><strong>multos</strong></span> <span class='ocrx_word' id='word_1_86' title='bbox 2336 755 2512 795; x_wconf 88' lang='lat' dir='ltr'><strong>annos</strong></span> <span class='ocrx_word' id='word_1_87' title='bbox 2533 738 2823 794; x_wconf 81' lang='lat' dir='ltr'><strong>habitabat</strong></span> <span class='ocrx_word' id='word_1_88' title='bbox 2843 739 2899 794; x_wconf 89' lang='lat' dir='ltr'><strong>in</strong></span> <span class='ocrx_word' id='word_1_89' title='bbox 2918 736 3218 792; x_wconf 85' lang='lat' dir='ltr'><strong>solitudine</strong></span> <span class='ocrx_word' id='word_1_90' title='bbox 3240 736 3390 790; x_wconf 87' lang='lat' dir='ltr'><strong>clau-</strong></span> 
     </span>
    </p>
   </div>
   <div class='ocr_carea' id='block_1_8' title="bbox 138 824 3385 902">
    <p class='ocr_par' dir='ltr' id='par_1_8' title="bbox 138 824 3385 902">
     <span class='ocr_line' id='line_1_8' title="bbox 138 824 3385 902; baseline -0.003 -15"><span class='ocrx_word' id='word_1_91' title='bbox 138 847 329 887; x_wconf 88' lang='lat' dir='ltr'><strong>norum.</strong></span> <span class='ocrx_word' id='word_1_92' title='bbox 369 831 526 884; x_wconf 90' lang='lat' dir='ltr'><strong>Tunc</strong></span> <span class='ocrx_word' id='word_1_93' title='bbox 577 831 781 884; x_wconf 77' lang='lat' dir='ltr'><strong>ancilla</strong></span> <span class='ocrx_word' id='word_1_94' title='bbox 827 830 927 885; x_wconf 90' lang='lat' dir='ltr'><strong>Dei</strong></span> <span class='ocrx_word' id='word_1_95' title='bbox 984 831 1209 902; x_wconf 87' lang='lat' dir='ltr'><strong>Pelagia</strong></span> <span class='ocrx_word' id='word_1_96' title='bbox 1247 832 1493 901; x_wconf 85' lang='lat' dir='ltr'><strong>signavit</strong></span> <span class='ocrx_word' id='word_1_97' title='bbox 1527 849 1605 897; x_wconf 88' lang='lat' dir='ltr'><strong>se,</strong></span> <span class='ocrx_word' id='word_1_98' title='bbox 1650 837 1708 885; x_wconf 89' lang='lat' dir='ltr'><strong>et</strong></span> <span class='ocrx_word' id='word_1_99' title='bbox 1789 849 1901 898; x_wconf 90' lang='lat' dir='ltr'><strong>sus,</strong></span> <span class='ocrx_word' id='word_1_100' title='bbox 1936 833 2094 902; x_wconf 88' lang='lat' dir='ltr'><strong>quasi</strong></span> <span class='ocrx_word' id='word_1_101' title='bbox 2121 847 2250 886; x_wconf 92' lang='lat' dir='ltr'><strong>eum</strong></span> <span class='ocrx_word' id='word_1_102' title='bbox 2270 831 2628 897; x_wconf 86' lang='lat' dir='ltr'><strong>visitaturus;</strong></span> <span class='ocrx_word' id='word_1_103' title='bbox 2652 844 2776 882; x_wconf 87' lang='lat' dir='ltr'><strong>vere</strong></span> <span class='ocrx_word' id='word_1_104' title='bbox 2805 827 2955 881; x_wconf 91' lang='lat' dir='ltr'><strong>enim</strong></span> <span class='ocrx_word' id='word_1_105' title='bbox 2977 825 3186 898; x_wconf 89' lang='lat' dir='ltr'><strong>poteris</strong></span> <span class='ocrx_word' id='word_1_106' title='bbox 3218 824 3287 878; x_wconf 88' lang='lat' dir='ltr'><strong>ab</strong></span> <span class='ocrx_word' id='word_1_107' title='bbox 3319 839 3385 878; x_wconf 90' lang='lat' dir='ltr'><strong>eo</strong></span> 
     </span>
    </p>
   </div>
   <div class='ocr_carea' id='block_1_9' title="bbox 140 913 3389 994">
    <p class='ocr_par' dir='ltr' id='par_1_9' title="bbox 140 913 3389 994">
     <span class='ocr_line' id='line_1_9' title="bbox 140 913 3389 994; baseline -0.003 -19"><span class='ocrx_word' id='word_1_108' title='bbox 140 919 424 975; x_wconf 79' lang='lat' dir='ltr'><strong>exsuﬂlavit</strong></span> <span class='ocrx_word' id='word_1_109' title='bbox 451 919 510 972; x_wconf 90' lang='lat' dir='ltr'><strong>in</strong></span> <span class='ocrx_word' id='word_1_110' title='bbox 554 920 886 981; x_wconf 65' lang='lat' dir='ltr'><strong>daemonem,</strong></span> <span class='ocrx_word' id='word_1_111' title='bbox 921 919 1112 973; x_wconf 79' lang='lat' dir='ltr'><strong>dicens</strong></span> <span class='ocrx_word' id='word_1_112' title='bbox 1147 937 1157 972; x_wconf 95' lang='lat'><strong>:</strong></span> <span class='ocrx_word' id='word_1_113' title='bbox 1189 921 1339 976; x_wconf 87' lang='lat' dir='ltr'><strong>Deus</strong></span> <span class='ocrx_word' id='word_1_114' title='bbox 1380 937 1556 985; x_wconf 88' lang='lat' dir='ltr'><strong>meus,</strong></span> <span class='ocrx_word' id='word_1_115' title='bbox 1611 921 1705 991; x_wconf 88' lang='lat' dir='ltr'><strong>qui</strong></span> <span class='ocrx_word' id='word_1_116' title='bbox 1783 923 1988 994; x_wconf 87' lang='lat' dir='ltr'><strong>juvari.</strong></span> <span class='ocrx_word' id='word_1_117' title='bbox 2037 924 2165 977; x_wconf 81' lang='lat' dir='ltr'><strong>Haec</strong></span> <span class='ocrx_word' id='word_1_118' title='bbox 2191 926 2383 975; x_wconf 90' lang='lat' dir='ltr'><strong>autem</strong></span> <span class='ocrx_word' id='word_1_119' title='bbox 2419 919 2610 974; x_wconf 89' lang='lat' dir='ltr'><strong>omnia</strong></span> <span class='ocrx_word' id='word_1_120' title='bbox 2640 917 2860 972; x_wconf 89' lang='lat' dir='ltr'><strong>dicebat</strong></span> <span class='ocrx_word' id='word_1_121' title='bbox 2885 915 3025 970; x_wconf 92' lang='lat' dir='ltr'><strong>mihi</strong></span> <span class='ocrx_word' id='word_1_122' title='bbox 3069 916 3136 968; x_wconf 92' lang='lat' dir='ltr'><strong>de</strong></span> <span class='ocrx_word' id='word_1_123' title='bbox 3185 913 3389 969; x_wconf 84' lang='lat' dir='ltr'><strong>ancilla</strong></span> 
     </span>
    </p>
   </div>
   <div class='ocr_carea' id='block_1_10' title="bbox 139 1008 2636 1083">
    <p class='ocr_par' dir='ltr' id='par_1_10' title="bbox 139 1008 2636 1083">
     <span class='ocr_line' id='line_1_10' title="bbox 139 1008 2636 1083; baseline 0 -21"><span class='ocrx_word' id='word_1_124' title='bbox 139 1009 315 1082; x_wconf 83' lang='lat' dir='ltr'><strong>eripuit</strong></span> <span class='ocrx_word' id='word_1_125' title='bbox 341 1025 428 1062; x_wconf 92' lang='lat' dir='ltr'><strong>me</strong></span> <span class='ocrx_word' id='word_1_126' title='bbox 460 1009 530 1062; x_wconf 91' lang='lat' dir='ltr'><strong>de</strong></span> <span class='ocrx_word' id='word_1_127' title='bbox 564 1009 748 1062; x_wconf 89' lang='lat' dir='ltr'><strong>medio</strong></span> <span class='ocrx_word' id='word_1_128' title='bbox 777 1008 1030 1062; x_wconf 83' lang='lat' dir='ltr'><strong>dentium</strong></span> <span class='ocrx_word' id='word_1_129' title='bbox 1050 1014 1296 1075; x_wconf 92' lang='lat' dir='ltr'><strong>tuorum,</strong></span> <span class='ocrx_word' id='word_1_130' title='bbox 1324 1015 1381 1063; x_wconf 93' lang='lat' dir='ltr'><strong>et</strong></span> <span class='ocrx_word' id='word_1_131' title='bbox 1401 1009 1618 1064; x_wconf 81' lang='lat' dir='ltr'><strong>induxit</strong></span> <span class='ocrx_word' id='word_1_132' title='bbox 1648 1010 1706 1064; x_wconf 90' lang='lat' dir='ltr'><strong>in</strong></span> <span class='ocrx_word' id='word_1_133' title='bbox 1789 1014 1890 1068; x_wconf 93' lang='lat' dir='ltr'><strong>Dei</strong></span> <span class='ocrx_word' id='word_1_134' title='bbox 1923 1013 2152 1083; x_wconf 88' lang='lat' dir='ltr'><strong>Pelagia</strong></span> <span class='ocrx_word' id='word_1_135' title='bbox 2179 1029 2290 1066; x_wconf 92' lang='lat' dir='ltr'><strong>non</strong></span> <span class='ocrx_word' id='word_1_136' title='bbox 2321 1010 2636 1065; x_wconf 86' lang='lat' dir='ltr'><strong>manifeste.</strong></span> 
     </span>
    </p>
   </div>
   <div class='ocr_carea' id='block_1_11' title="bbox 139 1094 3388 1171">
    <p class='ocr_par' dir='ltr' id='par_1_11' title="bbox 139 1094 3388 1171">
     <span class='ocr_line' id='line_1_11' title="bbox 139 1094 3388 1171; baseline -0.001 -19"><span class='ocrx_word' id='word_1_137' title='bbox 139 1100 383 1152; x_wconf 68' lang='lat' dir='ltr'><strong>celestem</strong></span> <span class='ocrx_word' id='word_1_138' title='bbox 412 1099 726 1152; x_wconf 87' lang='lat' dir='ltr'><strong>thalamum</strong></span> <span class='ocrx_word' id='word_1_139' title='bbox 747 1115 931 1160; x_wconf 89' lang='lat' dir='ltr'><strong>suum,</strong></span> <span class='ocrx_word' id='word_1_140' title='bbox 957 1099 1075 1169; x_wconf 87' lang='lat' dir='ltr'><strong>ipse</strong></span> <span class='ocrx_word' id='word_1_141' title='bbox 1095 1099 1196 1153; x_wconf 90' lang='lat' dir='ltr'><strong>tibi</strong></span> <span class='ocrx_word' id='word_1_142' title='bbox 1216 1099 1442 1154; x_wconf 85' lang='lat' dir='ltr'><strong>resistet</strong></span> <span class='ocrx_word' id='word_1_143' title='bbox 1461 1116 1562 1171; x_wconf 91' lang='lat' dir='ltr'><strong>pro</strong></span> <span class='ocrx_word' id='word_1_144' title='bbox 1594 1117 1702 1155; x_wconf 90' lang='lat' dir='ltr'><strong>me.</strong></span> <span class='ocrx_word' id='word_1_145' title='bbox 1861 1104 1993 1159; x_wconf 72' lang='lat' dir='ltr'><strong>CAP.</strong></span> <span class='ocrx_word' id='word_1_146' title='bbox 2028 1102 2172 1157; x_wconf 83' lang='lat' dir='ltr'><strong>XIV.</strong></span> <span class='ocrx_word' id='word_1_147' title='bbox 2201 1133 2260 1144; x_wconf 89' lang='lat'><strong><em>—</em></strong></span> <span class='ocrx_word' id='word_1_148' title='bbox 2291 1100 2524 1155; x_wconf 90' lang='lat' dir='ltr'><strong>Perveni</strong></span> <span class='ocrx_word' id='word_1_149' title='bbox 2564 1115 2697 1169; x_wconf 89' lang='lat' dir='ltr'><strong>ergo</strong></span> <span class='ocrx_word' id='word_1_150' title='bbox 2712 1099 2739 1152; x_wconf 79' lang='grc' dir='ltr'><strong>,Ι</strong></span> <span class='ocrx_word' id='word_1_151' title='bbox 2747 1097 3140 1167; x_wconf 88' lang='lat' dir='ltr'><strong>erosolymam,</strong></span> <span class='ocrx_word' id='word_1_152' title='bbox 3166 1100 3223 1148; x_wconf 91' lang='lat' dir='ltr'><strong>et</strong></span> <span class='ocrx_word' id='word_1_153' title='bbox 3250 1094 3388 1148; x_wconf 90' lang='lat' dir='ltr'><strong>ado-</strong></span> 
     </span>
    </p>
   </div>
   <div class='ocr_carea' id='block_1_12' title="bbox 141 1183 3387 1259">
    <p class='ocr_par' dir='ltr' id='par_1_12' title="bbox 141 1183 3387 1259">
     <span class='ocr_line' id='line_1_12' title="bbox 141 1183 3387 1259; baseline -0.001 -18"><span class='ocrx_word' id='word_1_154' title='bbox 141 1189 193 1242; x_wconf 85' lang='lat' dir='ltr'><strong>Et</strong></span> <span class='ocrx_word' id='word_1_155' title='bbox 215 1187 393 1241; x_wconf 86' lang='lat' dir='ltr'><strong>statim</strong></span> <span class='ocrx_word' id='word_1_156' title='bbox 420 1203 701 1258; x_wconf 89' lang='lat' dir='ltr'><strong>nusquam</strong></span> <span class='ocrx_word' id='word_1_157' title='bbox 731 1189 1046 1259; x_wconf 89' lang='lat' dir='ltr'><strong>comparuit</strong></span> <span class='ocrx_word' id='word_1_158' title='bbox 1073 1187 1343 1243; x_wconf 87' lang='lat' dir='ltr'><strong>diabolus.</strong></span> <span class='ocrx_word' id='word_1_159' title='bbox 1788 1195 1906 1246; x_wconf 88' lang='lat' dir='ltr'><strong>ravi</strong></span> <span class='ocrx_word' id='word_1_160' title='bbox 1949 1198 2198 1246; x_wconf 88' lang='lat' dir='ltr'><strong>sanctam</strong></span> <span class='ocrx_word' id='word_1_161' title='bbox 2246 1190 2711 1245; x_wconf 84' lang='lat' dir='ltr'><strong>resurrectionem</strong></span> <span class='ocrx_word' id='word_1_162' title='bbox 2758 1185 2981 1242; x_wconf 91' lang='lat' dir='ltr'><strong>Domini</strong></span> <span class='ocrx_word' id='word_1_163' title='bbox 3025 1183 3203 1239; x_wconf 86' lang='lat' dir='ltr'><strong>nostri</strong></span> <span class='ocrx_word' id='word_1_164' title='bbox 3255 1185 3387 1238; x_wconf 92' lang='lat' dir='ltr'><strong>Jesu</strong></span> 
     </span>
    </p>
   </div>
   <div class='ocr_carea' id='block_1_13' title="bbox 196 1273 3386 1351">
    <p class='ocr_par' dir='ltr' id='par_1_13' title="bbox 196 1273 3386 1351">
     <span class='ocr_line' id='line_1_13' title="bbox 196 1273 3386 1351; baseline -0.002 -19"><span class='ocrx_word' id='word_1_165' title='bbox 196 1277 311 1332; x_wconf 77' lang='lat' dir='ltr'><strong>CAP.</strong></span> <span class='ocrx_word' id='word_1_166' title='bbox 455 1306 520 1316; x_wconf 91' lang='lat'>—</span> <span class='ocrx_word' id='word_1_167' title='bbox 545 1277 735 1330; x_wconf 88' lang='lat' dir='ltr'><strong>Tertia</strong></span> <span class='ocrx_word' id='word_1_168' title='bbox 759 1294 888 1330; x_wconf 87' lang='lat' dir='ltr'><strong>vero</strong></span> <span class='ocrx_word' id='word_1_169' title='bbox 919 1277 1028 1342; x_wconf 88' lang='lat' dir='ltr'><strong>die,</strong></span> <span class='ocrx_word' id='word_1_170' title='bbox 1038 1284 1403 1348; x_wconf 87' lang='lat' dir='ltr'><strong>posteaquam</strong></span> <span class='ocrx_word' id='word_1_171' title='bbox 1423 1278 1706 1350; x_wconf 86' lang='lat' dir='ltr'><strong>baptizata</strong></span> <span class='ocrx_word' id='word_1_172' title='bbox 1789 1282 1994 1338; x_wconf 87' lang='lat' dir='ltr'><strong>Christi</strong></span> <span class='ocrx_word' id='word_1_173' title='bbox 2018 1302 2029 1336; x_wconf 94' lang='lat'>:</span> <span class='ocrx_word' id='word_1_174' title='bbox 2056 1287 2112 1335; x_wconf 90' lang='lat' dir='ltr'><strong>et</strong></span> <span class='ocrx_word' id='word_1_175' title='bbox 2135 1281 2244 1334; x_wconf 91' lang='lat' dir='ltr'><strong>alia</strong></span> <span class='ocrx_word' id='word_1_176' title='bbox 2265 1281 2354 1333; x_wconf 91' lang='lat' dir='ltr'><strong>die</strong></span> <span class='ocrx_word' id='word_1_177' title='bbox 2379 1279 2643 1351; x_wconf 87' lang='lat' dir='ltr'><strong>requisivi</strong></span> <span class='ocrx_word' id='word_1_178' title='bbox 2672 1294 2894 1332; x_wconf 86' lang='lat' dir='ltr'><strong>servum</strong></span> <span class='ocrx_word' id='word_1_179' title='bbox 2915 1275 3036 1330; x_wconf 86' lang='lat' dir='ltr'><strong>Dei.</strong></span> <span class='ocrx_word' id='word_1_180' title='bbox 3068 1275 3136 1328; x_wconf 90' lang='lat' dir='ltr'><strong>Et</strong></span> <span class='ocrx_word' id='word_1_181' title='bbox 3158 1273 3386 1338; x_wconf 86' lang='lat' dir='ltr'><strong>accessi,</strong></span> 
     </span>
    </p>
   </div>
   <div class='ocr_carea' id='block_1_14' title="bbox 139 1363 3387 1439">
    <p class='ocr_par' dir='ltr' id='par_1_14' title="bbox 139 1363 3387 1439">
     <span class='ocr_line' id='line_1_14' title="bbox 139 1363 3387 1439; baseline -0.001 -20"><span class='ocrx_word' id='word_1_182' title='bbox 139 1371 401 1420; x_wconf 85' lang='lat' dir='ltr'><strong>estsancta</strong></span> <span class='ocrx_word' id='word_1_183' title='bbox 419 1365 886 1436; x_wconf 87' lang='lat' dir='ltr'><strong>Pelagia,rogavit</strong></span> <span class='ocrx_word' id='word_1_184' title='bbox 905 1384 1138 1437; x_wconf 88' lang='lat' dir='ltr'><strong>puerum</strong></span> <span class='ocrx_word' id='word_1_185' title='bbox 1160 1384 1344 1433; x_wconf 87' lang='lat' dir='ltr'><strong>suum,</strong></span> <span class='ocrx_word' id='word_1_186' title='bbox 1362 1368 1706 1439; x_wconf 70' lang='lat' dir='ltr'><strong>quipraeerat</strong></span> <span class='ocrx_word' id='word_1_187' title='bbox 1789 1377 1845 1426; x_wconf 91' lang='lat' dir='ltr'><strong>et</strong></span> <span class='ocrx_word' id='word_1_188' title='bbox 1874 1371 2059 1425; x_wconf 90' lang='lat' dir='ltr'><strong>inveni</strong></span> <span class='ocrx_word' id='word_1_189' title='bbox 2077 1388 2203 1424; x_wconf 90' lang='lat' dir='ltr'><strong>eum</strong></span> <span class='ocrx_word' id='word_1_190' title='bbox 2233 1371 2290 1424; x_wconf 91' lang='lat' dir='ltr'><strong>in</strong></span> <span class='ocrx_word' id='word_1_191' title='bbox 2310 1375 2500 1423; x_wconf 90' lang='lat' dir='ltr'><strong>monte</strong></span> <span class='ocrx_word' id='word_1_192' title='bbox 2531 1367 2750 1432; x_wconf 92' lang='lat' dir='ltr'><strong>Oliveti,</strong></span> <span class='ocrx_word' id='word_1_193' title='bbox 2776 1366 2867 1420; x_wconf 88' lang='lat' dir='ltr'><strong>ubi</strong></span> <span class='ocrx_word' id='word_1_194' title='bbox 2896 1364 3166 1419; x_wconf 89' lang='lat' dir='ltr'><strong>Dominus</strong></span> <span class='ocrx_word' id='word_1_195' title='bbox 3187 1363 3387 1426; x_wconf 90' lang='lat' dir='ltr'><strong>oravit,</strong></span> 
     </span>
    </p>
   </div>
   <div class='ocr_carea' id='block_1_15' title="bbox 137 1454 3386 1529">
    <p class='ocr_par' dir='ltr' id='par_1_15' title="bbox 137 1454 3386 1529">
     <span class='ocr_line' id='line_1_15' title="bbox 137 1454 3386 1529; baseline -0.001 -21"><span class='ocrx_word' id='word_1_196' title='bbox 137 1454 278 1509; x_wconf 87' lang='lat' dir='ltr'><strong>rebus</strong></span> <span class='ocrx_word' id='word_1_197' title='bbox 293 1456 410 1524; x_wconf 85' lang='lat' dir='ltr'><strong>ejus</strong></span> <span class='ocrx_word' id='word_1_198' title='bbox 431 1455 711 1521; x_wconf 88' lang='lat' dir='ltr'><strong>omnibus,</strong></span> <span class='ocrx_word' id='word_1_199' title='bbox 731 1462 788 1509; x_wconf 91' lang='lat' dir='ltr'><strong>et</strong></span> <span class='ocrx_word' id='word_1_200' title='bbox 814 1455 950 1509; x_wconf 88' lang='lat' dir='ltr'><strong>dicit</strong></span> <span class='ocrx_word' id='word_1_201' title='bbox 969 1456 1037 1510; x_wconf 90' lang='lat' dir='ltr'><strong>ad</strong></span> <span class='ocrx_word' id='word_1_202' title='bbox 1058 1473 1188 1510; x_wconf 86' lang='lat' dir='ltr'><strong>eum</strong></span> <span class='ocrx_word' id='word_1_203' title='bbox 1213 1475 1223 1509; x_wconf 93' lang='lat'><strong>:</strong></span> <span class='ocrx_word' id='word_1_204' title='bbox 1255 1457 1407 1510; x_wconf 84' lang='lat' dir='ltr'><strong>Vade</strong></span> <span class='ocrx_word' id='word_1_205' title='bbox 1427 1458 1486 1511; x_wconf 92' lang='lat' dir='ltr'><strong>in</strong></span> <span class='ocrx_word' id='word_1_206' title='bbox 1508 1458 1706 1512; x_wconf 85' lang='lat' dir='ltr'><strong>vestia-</strong></span> <span class='ocrx_word' id='word_1_207' title='bbox 1788 1461 1846 1516; x_wconf 92' lang='lat' dir='ltr'><strong>in</strong></span> <span class='ocrx_word' id='word_1_208' title='bbox 1875 1461 2095 1516; x_wconf 89' lang='lat' dir='ltr'><strong>modica</strong></span> <span class='ocrx_word' id='word_1_209' title='bbox 2125 1461 2329 1514; x_wconf 89' lang='lat' dir='ltr'><strong>cellula</strong></span> <span class='ocrx_word' id='word_1_210' title='bbox 2356 1459 2603 1529; x_wconf 90' lang='lat' dir='ltr'><strong>undique</strong></span> <span class='ocrx_word' id='word_1_211' title='bbox 2641 1459 2848 1512; x_wconf 89' lang='lat' dir='ltr'><strong>circum</strong></span> <span class='ocrx_word' id='word_1_212' title='bbox 2861 1457 3024 1519; x_wconf 71' lang='lat' dir='ltr'><strong>zlusa,</strong></span> <span class='ocrx_word' id='word_1_213' title='bbox 3073 1459 3129 1508; x_wconf 90' lang='lat' dir='ltr'><strong>et</strong></span> <span class='ocrx_word' id='word_1_214' title='bbox 3157 1469 3386 1524; x_wconf 88' lang='lat' dir='ltr'><strong>parvam</strong></span> 
     </span>
    </p>
   </div>
   <div class='ocr_carea' id='block_1_16' title="bbox 137 1542 3386 1619">
    <p class='ocr_par' dir='ltr' id='par_1_16' title="bbox 137 1542 3386 1619">
     <span class='ocr_line' id='line_1_16' title="bbox 137 1542 3386 1619; baseline -0.001 -22"><span class='ocrx_word' id='word_1_215' title='bbox 137 1544 260 1615; x_wconf 85' lang='lat' dir='ltr'><strong>rium</strong></span> <span class='ocrx_word' id='word_1_216' title='bbox 287 1561 491 1610; x_wconf 89' lang='lat' dir='ltr'><strong>meum,</strong></span> <span class='ocrx_word' id='word_1_217' title='bbox 526 1551 584 1598; x_wconf 90' lang='lat' dir='ltr'><strong>et</strong></span> <span class='ocrx_word' id='word_1_218' title='bbox 610 1544 787 1598; x_wconf 89' lang='lat' dir='ltr'><strong>scribe</strong></span> <span class='ocrx_word' id='word_1_219' title='bbox 817 1545 1005 1599; x_wconf 82' lang='lat' dir='ltr'><strong>omnia</strong></span> <span class='ocrx_word' id='word_1_220' title='bbox 1025 1563 1146 1616; x_wconf 72' lang='lat' dir='ltr'><strong>quze</strong></span> <span class='ocrx_word' id='word_1_221' title='bbox 1176 1552 1308 1600; x_wconf 90' lang='lat' dir='ltr'><strong>sunt</strong></span> <span class='ocrx_word' id='word_1_222' title='bbox 1335 1552 1451 1600; x_wconf 88' lang='lat' dir='ltr'><strong>tam</strong></span> <span class='ocrx_word' id='word_1_223' title='bbox 1476 1547 1532 1600; x_wconf 90' lang='lat' dir='ltr'><strong>in</strong></span> <span class='ocrx_word' id='word_1_224' title='bbox 1567 1563 1704 1602; x_wconf 86' lang='lat' dir='ltr'><strong>auro</strong></span> <span class='ocrx_word' id='word_1_225' title='bbox 1789 1551 2134 1606; x_wconf 88' lang='lat' dir='ltr'><strong>fenestellam</strong></span> <span class='ocrx_word' id='word_1_226' title='bbox 2167 1549 2436 1604; x_wconf 86' lang='lat' dir='ltr'><strong>habuerat</strong></span> <span class='ocrx_word' id='word_1_227' title='bbox 2460 1549 2516 1602; x_wconf 91' lang='lat' dir='ltr'><strong>in</strong></span> <span class='ocrx_word' id='word_1_228' title='bbox 2545 1547 2776 1619; x_wconf 88' lang='lat' dir='ltr'><strong>pariete.</strong></span> <span class='ocrx_word' id='word_1_229' title='bbox 2811 1547 2879 1600; x_wconf 86' lang='lat' dir='ltr'><strong>Et</strong></span> <span class='ocrx_word' id='word_1_230' title='bbox 2907 1543 3152 1616; x_wconf 89' lang='lat' dir='ltr'><strong>percussi</strong></span> <span class='ocrx_word' id='word_1_231' title='bbox 3179 1542 3386 1596; x_wconf 90' lang='lat' dir='ltr'><strong>ostium</strong></span> 
     </span>
    </p>
   </div>
   <div class='ocr_carea' id='block_1_17' title="bbox 140 1632 3382 1737">
    <p class='ocr_par' dir='ltr' id='par_1_17' title="bbox 140 1632 3382 1737">
     <span class='ocr_line' id='line_1_17' title="bbox 140 1632 3382 1737; baseline -0.002 -50"><span class='ocrx_word' id='word_1_232' title='bbox 140 1649 282 1703; x_wconf 82' lang='lat' dir='ltr'><strong>quam</strong></span> <span class='ocrx_word' id='word_1_233' title='bbox 301 1633 355 1687; x_wconf 91' lang='lat' dir='ltr'><strong>in</strong></span> <span class='ocrx_word' id='word_1_234' title='bbox 377 1640 633 1703; x_wconf 86' lang='lat' dir='ltr'><strong>argento,</strong></span> <span class='ocrx_word' id='word_1_235' title='bbox 649 1634 733 1688; x_wconf 90' lang='lat' dir='ltr'><strong>vel</strong></span> <span class='ocrx_word' id='word_1_236' title='bbox 762 1634 819 1688; x_wconf 91' lang='lat' dir='ltr'><strong>in</strong></span> <span class='ocrx_word' id='word_1_237' title='bbox 835 1635 1179 1689; x_wconf 88' lang='lat' dir='ltr'><strong>ornamentis</strong></span> <span class='ocrx_word' id='word_1_238' title='bbox 1200 1641 1298 1690; x_wconf 90' lang='lat' dir='ltr'><strong>aut</strong></span> <span class='ocrx_word' id='word_1_239' title='bbox 1319 1635 1564 1690; x_wconf 83' lang='lat' dir='ltr'><strong>vestibus</strong></span> <span class='ocrx_word' id='word_1_240' title='bbox 1585 1654 1706 1708; x_wconf 85' lang='lat' dir='ltr'><strong>pre-</strong></span> <span class='ocrx_word' id='word_1_241' title='bbox 1724 1677 1769 1737; x_wconf 79' lang='grc' dir='ltr'>Β</span> <span class='ocrx_word' id='word_1_242' title='bbox 1788 1641 2166 1705; x_wconf 71' lang='lat' dir='ltr'><strong>fenestellulze,</strong></span> <span class='ocrx_word' id='word_1_243' title='bbox 2189 1645 2245 1694; x_wconf 90' lang='lat' dir='ltr'><strong>et</strong></span> <span class='ocrx_word' id='word_1_244' title='bbox 2263 1639 2452 1694; x_wconf 86' lang='lat' dir='ltr'><strong>statim</strong></span> <span class='ocrx_word' id='word_1_245' title='bbox 2474 1637 2698 1709; x_wconf 89' lang='lat' dir='ltr'><strong>aperuit</strong></span> <span class='ocrx_word' id='word_1_246' title='bbox 2719 1635 2875 1700; x_wconf 91' lang='lat' dir='ltr'><strong>mihi,</strong></span> <span class='ocrx_word' id='word_1_247' title='bbox 2900 1639 2957 1687; x_wconf 93' lang='lat' dir='ltr'><strong>et</strong></span> <span class='ocrx_word' id='word_1_248' title='bbox 2979 1632 3345 1704; x_wconf 83' lang='lat' dir='ltr'><strong>cognovit&#39;me</strong></span> <span class='ocrx_word' id='word_1_249' title='bbox 3372 1649 3382 1682; x_wconf 93' lang='lat'>:</span> 
     </span>
    </p>
   </div>
   <div class='ocr_carea' id='block_1_18' title="bbox 139 1723 3387 1802">
    <p class='ocr_par' dir='ltr' id='par_1_18' title="bbox 139 1723 3387 1802">
     <span class='ocr_line' id='line_1_18' title="bbox 139 1723 3387 1802; baseline -0 -27"><span class='ocrx_word' id='word_1_250' title='bbox 139 1723 290 1788; x_wconf 88' lang='lat' dir='ltr'><strong>tiosis,</strong></span> <span class='ocrx_word' id='word_1_251' title='bbox 319 1729 372 1776; x_wconf 92' lang='lat' dir='ltr'><strong>et</strong></span> <span class='ocrx_word' id='word_1_252' title='bbox 398 1724 537 1777; x_wconf 75' lang='lat' dir='ltr'><strong>affer</strong></span> <span class='ocrx_word' id='word_1_253' title='bbox 555 1723 712 1777; x_wconf 90' lang='lat' dir='ltr'><strong>mihi.</strong></span> <span class='ocrx_word' id='word_1_254' title='bbox 747 1724 896 1778; x_wconf 87' lang='lat' dir='ltr'><strong>Puer</strong></span> <span class='ocrx_word' id='word_1_255' title='bbox 923 1725 1053 1778; x_wconf 91' lang='lat' dir='ltr'><strong>fecit</strong></span> <span class='ocrx_word' id='word_1_256' title='bbox 1078 1726 1220 1780; x_wconf 83' lang='lat' dir='ltr'><strong>sicut</strong></span> <span class='ocrx_word' id='word_1_257' title='bbox 1248 1727 1511 1797; x_wconf 63' lang='lat' dir='ltr'><strong>praecepit</strong></span> <span class='ocrx_word' id='word_1_258' title='bbox 1532 1727 1583 1780; x_wconf 90' lang='lat' dir='ltr'><strong>ei</strong></span> <span class='ocrx_word' id='word_1_259' title='bbox 1605 1727 1704 1780; x_wconf 92' lang='lat' dir='ltr'><strong>do-</strong></span> <span class='ocrx_word' id='word_1_260' title='bbox 1724 1723 1769 1737; x_wconf 79' lang='grc'><strong>“’</strong></span> <span class='ocrx_word' id='word_1_261' title='bbox 1790 1748 1892 1802; x_wconf 85' lang='lat' dir='ltr'><strong>ego</strong></span> <span class='ocrx_word' id='word_1_262' title='bbox 1922 1747 2050 1784; x_wconf 90' lang='lat' dir='ltr'><strong>vero</strong></span> <span class='ocrx_word' id='word_1_263' title='bbox 2075 1748 2184 1785; x_wconf 90' lang='lat' dir='ltr'><strong>non</strong></span> <span class='ocrx_word' id='word_1_264' title='bbox 2206 1729 2436 1800; x_wconf 81' lang='lat' dir='ltr'><strong>cognovi</strong></span> <span class='ocrx_word' id='word_1_265' title='bbox 2465 1745 2608 1782; x_wconf 89' lang='lat' dir='ltr'><strong>eam.</strong></span> <span class='ocrx_word' id='word_1_266' title='bbox 2637 1725 2926 1791; x_wconf 87' lang='lat' dir='ltr'><strong>Quomodo</strong></span> <span class='ocrx_word' id='word_1_267' title='bbox 2955 1723 3103 1778; x_wconf 90' lang='lat' dir='ltr'><strong>enim</strong></span> <span class='ocrx_word' id='word_1_268' title='bbox 3134 1728 3387 1793; x_wconf 87' lang='lat' dir='ltr'><strong>poteram</strong></span> 
     </span>
    </p>
   </div>
   <div class='ocr_carea' id='block_1_19' title="bbox 139 1810 3388 1890">
    <p class='ocr_par' dir='ltr' id='par_1_19' title="bbox 139 1810 3388 1890">
     <span class='ocr_line' id='line_1_19' title="bbox 139 1810 3388 1890; baseline -0.001 -25"><span class='ocrx_word' id='word_1_269' title='bbox 139 1811 271 1865; x_wconf 89' lang='lat' dir='ltr'><strong>mina</strong></span> <span class='ocrx_word' id='word_1_270' title='bbox 297 1829 410 1878; x_wconf 86' lang='lat' dir='ltr'><strong>sua,</strong></span> <span class='ocrx_word' id='word_1_271' title='bbox 439 1819 497 1866; x_wconf 93' lang='lat' dir='ltr'><strong>et</strong></span> <span class='ocrx_word' id='word_1_272' title='bbox 514 1829 736 1867; x_wconf 89' lang='lat' dir='ltr'><strong>omnem</strong></span> <span class='ocrx_word' id='word_1_273' title='bbox 757 1813 1131 1869; x_wconf 87' lang='lat' dir='ltr'><strong>substantiam</strong></span> <span class='ocrx_word' id='word_1_274' title='bbox 1152 1833 1312 1870; x_wconf 87' lang='lat' dir='ltr'><strong>suam</strong></span> <span class='ocrx_word' id='word_1_275' title='bbox 1332 1815 1550 1870; x_wconf 91' lang='lat' dir='ltr'><strong>detulit.</strong></span> <span class='ocrx_word' id='word_1_276' title='bbox 1573 1816 1706 1880; x_wconf 66' lang='lat' dir='ltr'><strong>Quae</strong></span> <span class='ocrx_word' id='word_1_277' title='bbox 1789 1836 2121 1890; x_wconf 87' lang='lat' dir='ltr'><strong>cognoscere</strong></span> <span class='ocrx_word' id='word_1_278' title='bbox 2145 1820 2317 1885; x_wconf 90' lang='lat' dir='ltr'><strong>illam,</strong></span> <span class='ocrx_word' id='word_1_279' title='bbox 2341 1835 2508 1890; x_wconf 91' lang='lat' dir='ltr'><strong>quam</strong></span> <span class='ocrx_word' id='word_1_280' title='bbox 2538 1823 2704 1871; x_wconf 90' lang='lat' dir='ltr'><strong>antea</strong></span> <span class='ocrx_word' id='word_1_281' title='bbox 2731 1816 2979 1869; x_wconf 87' lang='lat' dir='ltr'><strong>videram</strong></span> <span class='ocrx_word' id='word_1_282' title='bbox 3010 1810 3388 1866; x_wconf 70' lang='lat' dir='ltr'><strong>inazstimabili</strong></span> 
     </span>
    </p>
   </div>
   <div class='ocr_carea' id='block_1_20' title="bbox 139 1899 3393 1982">
    <p class='ocr_par' dir='ltr' id='par_1_20' title="bbox 139 1899 3393 1982">
     <span class='ocr_line' id='line_1_20' title="bbox 139 1899 3393 1982; baseline -0.001 -28"><span class='ocrx_word' id='word_1_283' title='bbox 139 1901 304 1955; x_wconf 80' lang='lat' dir='ltr'><strong>statim</strong></span> <span class='ocrx_word' id='word_1_284' title='bbox 324 1902 532 1956; x_wconf 88' lang='lat' dir='ltr'><strong>vocavit</strong></span> <span class='ocrx_word' id='word_1_285' title='bbox 553 1910 807 1959; x_wconf 89' lang='lat' dir='ltr'><strong>sanctum</strong></span> <span class='ocrx_word' id='word_1_286' title='bbox 830 1905 1093 1959; x_wconf 84' lang='lat' dir='ltr'><strong>Nonnum</strong></span> <span class='ocrx_word' id='word_1_287' title='bbox 1114 1906 1436 1976; x_wconf 89' lang='lat' dir='ltr'><strong>episcopum</strong></span> <span class='ocrx_word' id='word_1_288' title='bbox 1463 1922 1569 1978; x_wconf 88' lang='lat' dir='ltr'><strong>per</strong></span> <span class='ocrx_word' id='word_1_289' title='bbox 1583 1921 1710 1959; x_wconf 85' lang='lat' dir='ltr'><strong>san-</strong></span> <span class='ocrx_word' id='word_1_290' title='bbox 1789 1909 2225 1982; x_wconf 86' lang='lat' dir='ltr'><strong>pulchritudine,</strong></span> <span class='ocrx_word' id='word_1_291' title='bbox 2237 1910 2356 1979; x_wconf 90' lang='lat' dir='ltr'><strong>jam</strong></span> <span class='ocrx_word' id='word_1_292' title='bbox 2374 1908 2511 1962; x_wconf 88' lang='lat' dir='ltr'><strong>facie</strong></span> <span class='ocrx_word' id='word_1_293' title='bbox 2533 1906 2840 1961; x_wconf 88' lang='lat' dir='ltr'><strong>marcidam</strong></span> <span class='ocrx_word' id='word_1_294' title='bbox 2856 1904 3059 1958; x_wconf 87' lang='lat' dir='ltr'><strong>factam</strong></span> <span class='ocrx_word' id='word_1_295' title='bbox 3079 1918 3192 1973; x_wconf 68' lang='lat' dir='ltr'><strong>prae</strong></span> <span class='ocrx_word' id='word_1_296' title='bbox 3214 1899 3393 1954; x_wconf 91' lang='lat' dir='ltr'><strong>nimia</strong></span> 
     </span>
    </p>
   </div>
   <div class='ocr_carea' id='block_1_21' title="bbox 139 1989 3388 2066">
    <p class='ocr_par' dir='ltr' id='par_1_21' title="bbox 139 1989 3388 2066">
     <span class='ocr_line' id='line_1_21' title="bbox 139 1989 3388 2066; baseline -0 -23"><span class='ocrx_word' id='word_1_297' title='bbox 139 1995 265 2044; x_wconf 86' lang='lat' dir='ltr'><strong>ctam</strong></span> <span class='ocrx_word' id='word_1_298' title='bbox 292 1992 596 2046; x_wconf 85' lang='lat' dir='ltr'><strong>Romanam</strong></span> <span class='ocrx_word' id='word_1_299' title='bbox 622 1999 987 2048; x_wconf 89' lang='lat' dir='ltr'><strong>commatrcm</strong></span> <span class='ocrx_word' id='word_1_300' title='bbox 1021 2011 1201 2061; x_wconf 91' lang='lat' dir='ltr'><strong>suam,</strong></span> <span class='ocrx_word' id='word_1_301' title='bbox 1234 2000 1293 2049; x_wconf 89' lang='lat' dir='ltr'><strong>et</strong></span> <span class='ocrx_word' id='word_1_302' title='bbox 1321 2011 1544 2050; x_wconf 90' lang='lat' dir='ltr'><strong>omnem</strong></span> <span class='ocrx_word' id='word_1_303' title='bbox 1583 1994 1710 2049; x_wconf 66' lang='lat' dir='ltr'><strong>sub«</strong></span> <span class='ocrx_word' id='word_1_304' title='bbox 1791 1998 2167 2054; x_wconf 79' lang='lat' dir='ltr'><strong>abstinentia?</strong></span> <span class='ocrx_word' id='word_1_305' title='bbox 2198 1998 2356 2054; x_wconf 93' lang='lat' dir='ltr'><strong>Oculi</strong></span> <span class='ocrx_word' id='word_1_306' title='bbox 2387 2013 2515 2051; x_wconf 91' lang='lat' dir='ltr'><strong>vero</strong></span> <span class='ocrx_word' id='word_1_307' title='bbox 2536 1998 2656 2066; x_wconf 91' lang='lat' dir='ltr'><strong>ejus</strong></span> <span class='ocrx_word' id='word_1_308' title='bbox 2682 1995 2826 2048; x_wconf 92' lang='lat' dir='ltr'><strong>sicut</strong></span> <span class='ocrx_word' id='word_1_309' title='bbox 2856 1994 3016 2048; x_wconf 76' lang='lat' dir='ltr'><strong>fossae</strong></span> <span class='ocrx_word' id='word_1_310' title='bbox 3036 1989 3388 2046; x_wconf 86' lang='lat' dir='ltr'><strong>videbantur.</strong></span> 
     </span>
    </p>
   </div>
   <div class='ocr_carea' id='block_1_22' title="bbox 140 2078 3391 2154">
    <p class='ocr_par' dir='ltr' id='par_1_22' title="bbox 140 2078 3391 2154">
     <span class='ocr_line' id='line_1_22' title="bbox 140 2078 3391 2154; baseline -0.001 -20"><span class='ocrx_word' id='word_1_311' title='bbox 140 2080 375 2134; x_wconf 82' lang='lat' dir='ltr'><strong>stantiam</strong></span> <span class='ocrx_word' id='word_1_312' title='bbox 404 2098 565 2136; x_wconf 89' lang='lat' dir='ltr'><strong>suam</strong></span> <span class='ocrx_word' id='word_1_313' title='bbox 598 2083 784 2154; x_wconf 90' lang='lat' dir='ltr'><strong>posuit</strong></span> <span class='ocrx_word' id='word_1_314' title='bbox 805 2082 863 2138; x_wconf 90' lang='lat' dir='ltr'><strong>in</strong></span> <span class='ocrx_word' id='word_1_315' title='bbox 894 2082 1154 2137; x_wconf 88' lang='lat' dir='ltr'><strong>manibus</strong></span> <span class='ocrx_word' id='word_1_316' title='bbox 1174 2085 1316 2152; x_wconf 88' lang='lat' dir='ltr'><strong>ejus,</strong></span> <span class='ocrx_word' id='word_1_317' title='bbox 1341 2083 1531 2138; x_wconf 89' lang='lat' dir='ltr'><strong>dicens</strong></span> <span class='ocrx_word' id='word_1_318' title='bbox 1564 2099 1577 2138; x_wconf 91' lang='lat'><strong>:</strong></span> <span class='ocrx_word' id='word_1_319' title='bbox 1612 2083 1710 2137; x_wconf 69' lang='lat' dir='ltr'><strong>Hae</strong></span> <span class='ocrx_word' id='word_1_320' title='bbox 1793 2088 1928 2153; x_wconf 66' lang='lat' dir='ltr'><strong>Qum</strong></span> <span class='ocrx_word' id='word_1_321' title='bbox 1958 2089 2094 2142; x_wconf 78' lang='lat' dir='ltr'><strong>dicit</strong></span> <span class='ocrx_word' id='word_1_322' title='bbox 2121 2089 2191 2142; x_wconf 79' lang='lat' dir='ltr'><strong>ad</strong></span> <span class='ocrx_word' id='word_1_323' title='bbox 2225 2105 2312 2142; x_wconf 80' lang='lat' dir='ltr'><strong>me</strong></span> <span class='ocrx_word' id='word_1_324' title='bbox 2331 2105 2342 2138; x_wconf 88' lang='lat'>:</span> <span class='ocrx_word' id='word_1_325' title='bbox 2362 2087 2521 2142; x_wconf 82' lang='lat' dir='ltr'><strong>Unde</strong></span> <span class='ocrx_word' id='word_1_326' title='bbox 2553 2085 2725 2150; x_wconf 78' lang='lat' dir='ltr'><strong>venis,</strong></span> <span class='ocrx_word' id='word_1_327' title='bbox 2749 2084 2958 2138; x_wconf 74' lang='lat' dir='ltr'><strong>frater?</strong></span> <span class='ocrx_word' id='word_1_328' title='bbox 2984 2083 3098 2152; x_wconf 85' lang='lat' dir='ltr'><strong>Ego</strong></span> <span class='ocrx_word' id='word_1_329' title='bbox 3130 2078 3391 2151; x_wconf 87' lang='lat' dir='ltr'><strong>respondi</strong></span> 
     </span>
    </p>
   </div>
   <div class='ocr_carea' id='block_1_23' title="bbox 141 2171 1705 2243">
    <p class='ocr_par' dir='ltr' id='par_1_23' title="bbox 141 2171 1705 2243">
     <span class='ocr_line' id='line_1_23' title="bbox 141 2171 1705 2243; baseline 0.003 -20"><span class='ocrx_word' id='word_1_330' title='bbox 141 2177 269 2232; x_wconf 87' lang='lat' dir='ltr'><strong>sunt,</strong></span> <span class='ocrx_word' id='word_1_331' title='bbox 294 2171 535 2234; x_wconf 89' lang='lat' dir='ltr'><strong>domine,</strong></span> <span class='ocrx_word' id='word_1_332' title='bbox 567 2171 773 2226; x_wconf 79' lang='lat' dir='ltr'><strong>divitiae</strong></span> <span class='ocrx_word' id='word_1_333' title='bbox 805 2171 1006 2243; x_wconf 89' lang='lat' dir='ltr'><strong>quibus</strong></span> <span class='ocrx_word' id='word_1_334' title='bbox 1051 2173 1251 2227; x_wconf 87' lang='lat' dir='ltr'><strong>ditavit</strong></span> <span class='ocrx_word' id='word_1_335' title='bbox 1298 2189 1389 2228; x_wconf 87' lang='lat' dir='ltr'><strong>me</strong></span> <span class='ocrx_word' id='word_1_336' title='bbox 1421 2174 1660 2228; x_wconf 89' lang='lat' dir='ltr'><strong>Satanas</strong></span> <span class='ocrx_word' id='word_1_337' title='bbox 1693 2191 1705 2228; x_wconf 93' lang='lat'>:</span> 
     </span>
    </p>
   </div>
   <div class='ocr_carea' id='block_1_24' title="bbox 144 2260 1708 2333">
    <p class='ocr_par' dir='ltr' id='par_1_24' title="bbox 144 2260 1708 2333">
     <span class='ocr_line' id='line_1_24' title="bbox 144 2260 1708 2333; baseline 0.002 -20"><span class='ocrx_word' id='word_1_338' title='bbox 144 2261 228 2313; x_wconf 86' lang='lat' dir='ltr'><strong>has</strong></span> <span class='ocrx_word' id='word_1_339' title='bbox 253 2261 402 2315; x_wconf 88' lang='lat' dir='ltr'><strong>trado</strong></span> <span class='ocrx_word' id='word_1_340' title='bbox 432 2260 489 2314; x_wconf 90' lang='lat' dir='ltr'><strong>in</strong></span> <span class='ocrx_word' id='word_1_341' title='bbox 517 2260 750 2315; x_wconf 90' lang='lat' dir='ltr'><strong>arbitrio</strong></span> <span class='ocrx_word' id='word_1_342' title='bbox 782 2262 1098 2316; x_wconf 87' lang='lat' dir='ltr'><strong>sanctitatis</strong></span> <span class='ocrx_word' id='word_1_343' title='bbox 1125 2267 1254 2327; x_wconf 69' lang='lat' dir='ltr'><strong>tuae,</strong></span> <span class='ocrx_word' id='word_1_344' title='bbox 1290 2267 1347 2316; x_wconf 90' lang='lat' dir='ltr'><strong>et</strong></span> <span class='ocrx_word' id='word_1_345' title='bbox 1386 2263 1532 2333; x_wconf 93' lang='lat' dir='ltr'><strong>quod</strong></span> <span class='ocrx_word' id='word_1_346' title='bbox 1559 2262 1708 2316; x_wconf 90' lang='lat' dir='ltr'><strong>nosti</strong></span> 
     </span>
    </p>
   </div>
   <div class='ocr_carea' id='block_1_25' title="bbox 144 2350 1706 2423">
    <p class='ocr_par' dir='ltr' id='par_1_25' title="bbox 144 2350 1706 2423">
     <span class='ocr_line' id='line_1_25' title="bbox 144 2350 1706 2423; baseline 0.003 -20"><span class='ocrx_word' id='word_1_347' title='bbox 144 2350 387 2420; x_wconf 80' lang='lat' dir='ltr'><strong>expedire,</strong></span> <span class='ocrx_word' id='word_1_348' title='bbox 412 2350 581 2404; x_wconf 81' lang='lat' dir='ltr'><strong>facias</strong></span> <span class='ocrx_word' id='word_1_349' title='bbox 607 2367 670 2403; x_wconf 89' lang='lat' dir='ltr'><strong>ex</strong></span> <span class='ocrx_word' id='word_1_350' title='bbox 692 2350 792 2415; x_wconf 90' lang='lat' dir='ltr'><strong>eis,</strong></span> <span class='ocrx_word' id='word_1_351' title='bbox 816 2351 953 2404; x_wconf 88' lang='lat' dir='ltr'><strong>mihi</strong></span> <span class='ocrx_word' id='word_1_352' title='bbox 975 2351 1124 2405; x_wconf 90' lang='lat' dir='ltr'><strong>enim</strong></span> <span class='ocrx_word' id='word_1_353' title='bbox 1145 2352 1402 2423; x_wconf 70' lang='lat' dir='ltr'><strong>optanda)</strong></span> <span class='ocrx_word' id='word_1_354' title='bbox 1427 2353 1706 2408; x_wconf 81' lang='lat' dir='ltr'><strong>suntdivi-</strong></span> 
     </span>
    </p>
   </div>
   <div class='ocr_carea' id='block_1_26' title="bbox 141 2438 1703 2505">
    <p class='ocr_par' dir='ltr' id='par_1_26' title="bbox 141 2438 1703 2505">
     <span class='ocr_line' id='line_1_26' title="bbox 141 2438 1703 2505; baseline 0.003 -12"><span class='ocrx_word' id='word_1_355' title='bbox 141 2438 438 2494; x_wconf 65' lang='lat' dir='ltr'><strong>timDomini</strong></span> <span class='ocrx_word' id='word_1_356' title='bbox 468 2439 580 2494; x_wconf 91' lang='lat' dir='ltr'><strong>mei</strong></span> <span class='ocrx_word' id='word_1_357' title='bbox 607 2441 738 2494; x_wconf 85' lang='lat' dir='ltr'><strong>Jesu</strong></span> <span class='ocrx_word' id='word_1_358' title='bbox 759 2440 984 2495; x_wconf 88' lang='lat' dir='ltr'><strong>Christi.</strong></span> <span class='ocrx_word' id='word_1_359' title='bbox 1009 2441 1117 2505; x_wconf 89' lang='lat' dir='ltr'><strong>Qui</strong></span> <span class='ocrx_word' id='word_1_360' title='bbox 1147 2441 1339 2496; x_wconf 91' lang='lat' dir='ltr'><strong>statim</strong></span> <span class='ocrx_word' id='word_1_361' title='bbox 1371 2443 1582 2497; x_wconf 88' lang='lat' dir='ltr'><strong>vocavit</strong></span> <span class='ocrx_word' id='word_1_362' title='bbox 1610 2459 1703 2498; x_wconf 91' lang='lat' dir='ltr'><strong>cu-</strong></span> 
     </span>
    </p>
   </div>
   <div class='ocr_carea' id='block_1_27' title="bbox 145 2530 1706 2602">
    <p class='ocr_par' dir='ltr' id='par_1_27' title="bbox 145 2530 1706 2602">
     <span class='ocr_line' id='line_1_27' title="bbox 145 2530 1706 2602; baseline 0.003 -19"><span class='ocrx_word' id='word_1_363' title='bbox 145 2530 331 2584; x_wconf 87' lang='lat' dir='ltr'><strong>stodem</strong></span> <span class='ocrx_word' id='word_1_364' title='bbox 348 2530 589 2584; x_wconf 66' lang='lat' dir='ltr'><strong>ecclesiae</strong></span> <span class='ocrx_word' id='word_1_365' title='bbox 611 2531 888 2584; x_wconf 89' lang='lat' dir='ltr'><strong>seniorem</strong></span> <span class='ocrx_word' id='word_1_366' title='bbox 913 2550 925 2597; x_wconf 89' lang='lat'><strong>;</strong></span> <span class='ocrx_word' id='word_1_367' title='bbox 951 2536 1007 2584; x_wconf 90' lang='lat' dir='ltr'><strong>et</strong></span> <span class='ocrx_word' id='word_1_368' title='bbox 1023 2531 1145 2601; x_wconf 91' lang='lat' dir='ltr'><strong>ipsa</strong></span> <span class='ocrx_word' id='word_1_369' title='bbox 1171 2541 1462 2602; x_wconf 73' lang='lat' dir='ltr'><strong>praesente,</strong></span> <span class='ocrx_word' id='word_1_370' title='bbox 1480 2549 1706 2588; x_wconf 90' lang='lat' dir='ltr'><strong>omnem</strong></span> 
     </span>
    </p>
   </div>
   <div class='ocr_carea' id='block_1_28' title="bbox 143 2619 1700 2690">
    <p class='ocr_par' dir='ltr' id='par_1_28' title="bbox 143 2619 1700 2690">
     <span class='ocr_line' id='line_1_28' title="bbox 143 2619 1700 2690; baseline 0.003 -18"><span class='ocrx_word' id='word_1_371' title='bbox 143 2619 482 2674; x_wconf 81' lang='lat' dir='ltr'><strong>substantiam</strong></span> <span class='ocrx_word' id='word_1_372' title='bbox 503 2621 626 2690; x_wconf 91' lang='lat' dir='ltr'><strong>ejus</strong></span> <span class='ocrx_word' id='word_1_373' title='bbox 648 2620 704 2673; x_wconf 91' lang='lat' dir='ltr'><strong>in</strong></span> <span class='ocrx_word' id='word_1_374' title='bbox 733 2619 989 2674; x_wconf 88' lang='lat' dir='ltr'><strong>manibus</strong></span> <span class='ocrx_word' id='word_1_375' title='bbox 1010 2620 1158 2675; x_wconf 90' lang='lat' dir='ltr'><strong>illius</strong></span> <span class='ocrx_word' id='word_1_376' title='bbox 1189 2621 1440 2687; x_wconf 88' lang='lat' dir='ltr'><strong>tradidit,</strong></span> <span class='ocrx_word' id='word_1_377' title='bbox 1474 2622 1663 2677; x_wconf 90' lang='lat' dir='ltr'><strong>dicens</strong></span> <span class='ocrx_word' id='word_1_378' title='bbox 1688 2641 1700 2676; x_wconf 91' lang='lat'><strong>:</strong></span> 
     </span>
    </p>
   </div>
   <div class='ocr_carea' id='block_1_29' title="bbox 146 2708 1705 2784">
    <p class='ocr_par' dir='ltr' id='par_1_29' title="bbox 146 2708 1705 2784">
     <span class='ocr_line' id='line_1_29' title="bbox 146 2708 1705 2784; baseline 0.004 -24"><span class='ocrx_word' id='word_1_379' title='bbox 146 2708 328 2779; x_wconf 76' lang='lat' dir='ltr'><strong>Adjuro</strong></span> <span class='ocrx_word' id='word_1_380' title='bbox 363 2714 416 2763; x_wconf 86' lang='lat' dir='ltr'><strong>te</strong></span> <span class='ocrx_word' id='word_1_381' title='bbox 444 2726 546 2780; x_wconf 90' lang='lat' dir='ltr'><strong>per</strong></span> <span class='ocrx_word' id='word_1_382' title='bbox 585 2709 1016 2780; x_wconf 88' lang='lat' dir='ltr'><strong>inseparabilem</strong></span> <span class='ocrx_word' id='word_1_383' title='bbox 1061 2709 1412 2777; x_wconf 87' lang='lat' dir='ltr'><strong>Trinitatem,</strong></span> <span class='ocrx_word' id='word_1_384' title='bbox 1459 2728 1528 2766; x_wconf 90' lang='lat' dir='ltr'><strong>ne</strong></span> <span class='ocrx_word' id='word_1_385' title='bbox 1572 2713 1705 2784; x_wconf 88' lang='lat' dir='ltr'><strong>quid</strong></span> 
     </span>
    </p>
   </div>
   <div class='ocr_carea' id='block_1_30' title="bbox 145 2796 1706 2870">
    <p class='ocr_par' dir='ltr' id='par_1_30' title="bbox 145 2796 1706 2870">
     <span class='ocr_line' id='line_1_30' title="bbox 145 2796 1706 2870; baseline 0.004 -20"><span class='ocrx_word' id='word_1_386' title='bbox 145 2796 250 2851; x_wconf 89' lang='lat' dir='ltr'><strong>hinc</strong></span> <span class='ocrx_word' id='word_1_387' title='bbox 267 2799 321 2852; x_wconf 92' lang='lat' dir='ltr'><strong>in</strong></span> <span class='ocrx_word' id='word_1_388' title='bbox 345 2799 682 2870; x_wconf 87' lang='lat' dir='ltr'><strong>episcopium</strong></span> <span class='ocrx_word' id='word_1_389' title='bbox 705 2805 803 2852; x_wconf 89' lang='lat' dir='ltr'><strong>aut</strong></span> <span class='ocrx_word' id='word_1_390' title='bbox 822 2799 880 2852; x_wconf 90' lang='lat' dir='ltr'><strong>in</strong></span> <span class='ocrx_word' id='word_1_391' title='bbox 903 2799 1191 2853; x_wconf 90' lang='lat' dir='ltr'><strong>ecclesiam</strong></span> <span class='ocrx_word' id='word_1_392' title='bbox 1214 2801 1584 2870; x_wconf 79' lang='lat' dir='ltr'><strong>ingrediatur,</strong></span> <span class='ocrx_word' id='word_1_393' title='bbox 1609 2802 1706 2856; x_wconf 89' lang='lat' dir='ltr'><strong>sed</strong></span> 
     </span>
    </p>
   </div>
   <div class='ocr_carea' id='block_1_31' title="bbox 146 2887 3392 2963">
    <p class='ocr_par' dir='ltr' id='par_1_31' title="bbox 146 2887 3392 2963">
     <span class='ocr_line' id='line_1_31' title="bbox 146 2887 3392 2963; baseline -0.006 -1"><span class='ocrx_word' id='word_1_394' title='bbox 146 2888 298 2956; x_wconf 68' lang='lat' dir='ltr'><strong>magis</strong></span> <span class='ocrx_word' id='word_1_395' title='bbox 320 2888 491 2942; x_wconf 63' lang='grc' dir='ltr'><strong>νίάυίε</strong></span> <span class='ocrx_word' id='word_1_396' title='bbox 512 2894 569 2942; x_wconf 59' lang='lat' dir='ltr'><strong>et</strong></span> <span class='ocrx_word' id='word_1_397' title='bbox 598 2888 864 2959; x_wconf 61' lang='lat' dir='ltr'><strong>(“Phanis</strong></span> <span class='ocrx_word' id='word_1_398' title='bbox 895 2894 951 2941; x_wconf 59' lang='grc' dir='ltr'><strong>εἴ</strong></span> <span class='ocrx_word' id='word_1_399' title='bbox 978 2889 1316 2960; x_wconf 76' lang='lat' dir='ltr'><strong>Pauperibus</strong></span> <span class='ocrx_word' id='word_1_400' title='bbox 1339 2897 1623 2960; x_wconf 76' lang='lat' dir='ltr'><strong>erogetur.</strong></span> <span class='ocrx_word' id='word_1_401' title='bbox 1645 2897 1710 2944; x_wconf 77' lang='lat' dir='ltr'><strong>ut</strong></span> <span class='ocrx_word' id='word_1_402' title='bbox 1791 2895 2037 2950; x_wconf 89' lang='lat' dir='ltr'><strong>nasteria</strong></span> <span class='ocrx_word' id='word_1_403' title='bbox 2074 2895 2142 2949; x_wconf 87' lang='lat' dir='ltr'><strong>de</strong></span> <span class='ocrx_word' id='word_1_404' title='bbox 2172 2894 2399 2948; x_wconf 92' lang='lat' dir='ltr'><strong>domino</strong></span> <span class='ocrx_word' id='word_1_405' title='bbox 2430 2892 2656 2963; x_wconf 89' lang='lat' dir='ltr'><strong>Pelagio</strong></span> <span class='ocrx_word' id='word_1_406' title='bbox 2690 2909 2701 2944; x_wconf 90' lang='lat'><strong>:</strong></span> <span class='ocrx_word' id='word_1_407' title='bbox 2749 2895 3047 2962; x_wconf 90' lang='lat' dir='ltr'><strong>propterea</strong></span> <span class='ocrx_word' id='word_1_408' title='bbox 3089 2887 3392 2942; x_wconf 89' lang='lat' dir='ltr'><strong>deliberavi</strong></span> 
     </span>
    </p>
   </div>
   <div class='ocr_carea' id='block_1_32' title="bbox 147 2975 3394 3048">
    <p class='ocr_par' dir='ltr' id='par_1_32' title="bbox 147 2975 3394 3048">
     <span class='ocr_line' id='line_1_32' title="bbox 147 2975 3394 3048; baseline -0 -18"><span class='ocrx_word' id='word_1_409' title='bbox 147 2978 271 3046; x_wconf 88' lang='lat' dir='ltr'><strong>quod</strong></span> <span class='ocrx_word' id='word_1_410' title='bbox 282 2979 416 3031; x_wconf 88' lang='lat' dir='ltr'><strong>male</strong></span> <span class='ocrx_word' id='word_1_411' title='bbox 427 2984 729 3032; x_wconf 89' lang='lat' dir='ltr'><strong>attractum</strong></span> <span class='ocrx_word' id='word_1_412' title='bbox 748 2983 850 3042; x_wconf 87' lang='lat' dir='ltr'><strong>est,</strong></span> <span class='ocrx_word' id='word_1_413' title='bbox 870 2977 1010 3032; x_wconf 89' lang='lat' dir='ltr'><strong>bene</strong></span> <span class='ocrx_word' id='word_1_414' title='bbox 1022 2979 1409 3047; x_wconf 88' lang='lat' dir='ltr'><strong>distribuatur,</strong></span> <span class='ocrx_word' id='word_1_415' title='bbox 1427 2985 1485 3034; x_wconf 91' lang='lat' dir='ltr'><strong>et</strong></span> <span class='ocrx_word' id='word_1_416' title='bbox 1498 2980 1708 3034; x_wconf 69' lang='lat' dir='ltr'><strong>divitia:</strong></span> <span class='ocrx_word' id='word_1_417' title='bbox 1791 2985 1959 3039; x_wconf 88' lang='lat' dir='ltr'><strong>etiam</strong></span> <span class='ocrx_word' id='word_1_418' title='bbox 1993 2985 2195 3038; x_wconf 89' lang='lat' dir='ltr'><strong>iterato</strong></span> <span class='ocrx_word' id='word_1_419' title='bbox 2215 2983 2285 3037; x_wconf 88' lang='lat' dir='ltr'><strong>ad</strong></span> <span class='ocrx_word' id='word_1_420' title='bbox 2309 3000 2435 3037; x_wconf 92' lang='lat' dir='ltr'><strong>eum</strong></span> <span class='ocrx_word' id='word_1_421' title='bbox 2460 2982 2663 3048; x_wconf 79' lang='lat' dir='ltr'><strong>rr—dire,</strong></span> <span class='ocrx_word' id='word_1_422' title='bbox 2691 2986 2748 3038; x_wconf 87' lang='lat' dir='ltr'><strong>et</strong></span> <span class='ocrx_word' id='word_1_423' title='bbox 2766 2978 3106 3034; x_wconf 89' lang='lat' dir='ltr'><strong>salutaribus</strong></span> <span class='ocrx_word' id='word_1_424' title='bbox 3126 2975 3394 3031; x_wconf 90' lang='lat' dir='ltr'><strong>doctrinis</strong></span> 
     </span>
    </p>
   </div>
   <div class='ocr_carea' id='block_1_33' title="bbox 146 3067 3386 3145">
    <p class='ocr_par' dir='ltr' id='par_1_33' title="bbox 146 3067 3386 3145">
     <span class='ocr_line' id='line_1_33' title="bbox 146 3067 3386 3145; baseline -0 -25"><span class='ocrx_word' id='word_1_425' title='bbox 146 3067 434 3134; x_wconf 84' lang='lat' dir='ltr'><strong>peccatricis</strong></span> <span class='ocrx_word' id='word_1_426' title='bbox 461 3069 602 3120; x_wconf 86' lang='lat' dir='ltr'><strong>ﬁant</strong></span> <span class='ocrx_word' id='word_1_427' title='bbox 621 3067 869 3121; x_wconf 88' lang='lat' dir='ltr'><strong>thesauri</strong></span> <span class='ocrx_word' id='word_1_428' title='bbox 893 3067 1212 3137; x_wconf 73' lang='lat' dir='ltr'><strong>justitiae.Si</strong></span> <span class='ocrx_word' id='word_1_429' title='bbox 1241 3085 1370 3124; x_wconf 90' lang='lat' dir='ltr'><strong>vero</strong></span> <span class='ocrx_word' id='word_1_430' title='bbox 1399 3074 1586 3140; x_wconf 90' lang='lat' dir='ltr'><strong>spreto</strong></span> <span class='ocrx_word' id='word_1_431' title='bbox 1617 3087 1708 3123; x_wconf 86' lang='lat' dir='ltr'><strong>sa-</strong></span> <span class='ocrx_word' id='word_1_432' title='bbox 1732 3075 1912 3145; x_wconf 77' lang='lat' dir='ltr'><strong>Cejus</strong></span> <span class='ocrx_word' id='word_1_433' title='bbox 1942 3074 2114 3130; x_wconf 82' lang='lat' dir='ltr'><strong>refici.</strong></span> <span class='ocrx_word' id='word_1_434' title='bbox 2140 3076 2392 3144; x_wconf 90' lang='lat' dir='ltr'><strong>Cumque</strong></span> <span class='ocrx_word' id='word_1_435' title='bbox 2421 3072 2491 3126; x_wconf 88' lang='lat' dir='ltr'><strong>ad</strong></span> <span class='ocrx_word' id='word_1_436' title='bbox 2513 3071 2770 3125; x_wconf 88' lang='lat' dir='ltr'><strong>cellulam</strong></span> <span class='ocrx_word' id='word_1_437' title='bbox 2801 3085 2961 3123; x_wconf 90' lang='lat' dir='ltr'><strong>suam</strong></span> <span class='ocrx_word' id='word_1_438' title='bbox 2989 3067 3386 3140; x_wconf 91' lang='lat' dir='ltr'><strong>pervenissem,</strong></span> 
     </span>
    </p>
   </div>
   <div class='ocr_carea' id='block_1_34' title="bbox 147 3157 3394 3236">
    <p class='ocr_par' dir='ltr' id='par_1_34' title="bbox 147 3157 3394 3236">
     <span class='ocr_line' id='line_1_34' title="bbox 147 3157 3394 3236; baseline 0 -29"><span class='ocrx_word' id='word_1_439' title='bbox 147 3164 417 3220; x_wconf 76' lang='lat' dir='ltr'><strong>cremento,</strong></span> <span class='ocrx_word' id='word_1_440' title='bbox 439 3157 552 3210; x_wconf 89' lang='lat' dir='ltr'><strong>sive</strong></span> <span class='ocrx_word' id='word_1_441' title='bbox 583 3173 683 3227; x_wconf 89' lang='lat' dir='ltr'><strong>per</strong></span> <span class='ocrx_word' id='word_1_442' title='bbox 702 3162 776 3222; x_wconf 89' lang='lat' dir='ltr'><strong>te,</strong></span> <span class='ocrx_word' id='word_1_443' title='bbox 795 3157 910 3210; x_wconf 90' lang='lat' dir='ltr'><strong>sive</strong></span> <span class='ocrx_word' id='word_1_444' title='bbox 938 3174 1038 3228; x_wconf 91' lang='lat' dir='ltr'><strong>per</strong></span> <span class='ocrx_word' id='word_1_445' title='bbox 1057 3157 1366 3228; x_wconf 89' lang='lat' dir='ltr'><strong>quemlibet</strong></span> <span class='ocrx_word' id='word_1_446' title='bbox 1393 3159 1567 3213; x_wconf 89' lang='lat' dir='ltr'><strong>alium</strong></span> <span class='ocrx_word' id='word_1_447' title='bbox 1585 3159 1712 3214; x_wconf 86' lang='lat' dir='ltr'><strong>sub-</strong></span> <span class='ocrx_word' id='word_1_448' title='bbox 1793 3170 1850 3218; x_wconf 91' lang='lat' dir='ltr'><strong>et</strong></span> <span class='ocrx_word' id='word_1_449' title='bbox 1879 3165 2120 3236; x_wconf 89' lang='lat' dir='ltr'><strong>pulsare,</strong></span> <span class='ocrx_word' id='word_1_450' title='bbox 2155 3163 2267 3216; x_wconf 92' lang='lat' dir='ltr'><strong>imo</strong></span> <span class='ocrx_word' id='word_1_451' title='bbox 2297 3161 2628 3216; x_wconf 86' lang='lat' dir='ltr'><strong>nominatim</strong></span> <span class='ocrx_word' id='word_1_452' title='bbox 2654 3175 2780 3214; x_wconf 92' lang='lat' dir='ltr'><strong>eum</strong></span> <span class='ocrx_word' id='word_1_453' title='bbox 2804 3158 3162 3228; x_wconf 90' lang='lat' dir='ltr'><strong>interpellare</strong></span> <span class='ocrx_word' id='word_1_454' title='bbox 3188 3171 3394 3226; x_wconf 75' lang='lat' dir='ltr'><strong>praesu-</strong></span> 
     </span>
    </p>
   </div>
   <div class='ocr_carea' id='block_1_35' title="bbox 147 3245 3394 3323">
    <p class='ocr_par' dir='ltr' id='par_1_35' title="bbox 147 3245 3394 3323">
     <span class='ocr_line' id='line_1_35' title="bbox 147 3245 3394 3323; baseline 0 -26"><span class='ocrx_word' id='word_1_455' title='bbox 147 3246 357 3299; x_wconf 79' lang='lat' dir='ltr'><strong>traxeris</strong></span> <span class='ocrx_word' id='word_1_456' title='bbox 371 3246 437 3299; x_wconf 88' lang='lat' dir='ltr'><strong>de</strong></span> <span class='ocrx_word' id='word_1_457' title='bbox 455 3246 542 3299; x_wconf 89' lang='lat' dir='ltr'><strong>his</strong></span> <span class='ocrx_word' id='word_1_458' title='bbox 561 3245 888 3317; x_wconf 90' lang='lat' dir='ltr'><strong>quidquam,</strong></span> <span class='ocrx_word' id='word_1_459' title='bbox 907 3247 1210 3300; x_wconf 91' lang='lat' dir='ltr'><strong>anathema</strong></span> <span class='ocrx_word' id='word_1_460' title='bbox 1239 3248 1589 3318; x_wconf 81' lang='lat' dir='ltr'><strong>ingrediatur</strong></span> <span class='ocrx_word' id='word_1_461' title='bbox 1616 3249 1712 3304; x_wconf 86' lang='lat' dir='ltr'><strong>do-</strong></span> <span class='ocrx_word' id='word_1_462' title='bbox 1793 3271 2024 3318; x_wconf 89' lang='lat' dir='ltr'><strong>merem,</strong></span> <span class='ocrx_word' id='word_1_463' title='bbox 2067 3252 2206 3307; x_wconf 91' lang='lat' dir='ltr'><strong>nihil</strong></span> <span class='ocrx_word' id='word_1_464' title='bbox 2234 3251 2540 3323; x_wconf 90' lang='lat' dir='ltr'><strong>respondit.</strong></span> <span class='ocrx_word' id='word_1_465' title='bbox 2574 3248 2896 3321; x_wconf 87' lang='lat' dir='ltr'><strong>Exspcctavi</strong></span> <span class='ocrx_word' id='word_1_466' title='bbox 2925 3245 3172 3302; x_wconf 89' lang='lat' dir='ltr'><strong>secunda</strong></span> <span class='ocrx_word' id='word_1_467' title='bbox 3209 3245 3300 3298; x_wconf 92' lang='lat' dir='ltr'><strong>die</strong></span> <span class='ocrx_word' id='word_1_468' title='bbox 3336 3248 3394 3298; x_wconf 88' lang='lat' dir='ltr'><strong>et</strong></span> 
     </span>
    </p>
   </div>
   <div class='ocr_carea' id='block_1_36' title="bbox 149 3329 3389 3410">
    <p class='ocr_par' dir='ltr' id='par_1_36' title="bbox 149 3329 3389 3410">
     <span class='ocr_line' id='line_1_36' title="bbox 149 3329 3389 3410; baseline -0.001 -24"><span class='ocrx_word' id='word_1_469' title='bbox 149 3349 278 3388; x_wconf 89' lang='lat' dir='ltr'><strong>mum</strong></span> <span class='ocrx_word' id='word_1_470' title='bbox 301 3337 434 3404; x_wconf 85' lang='lat' dir='ltr'><strong>ejus,</strong></span> <span class='ocrx_word' id='word_1_471' title='bbox 461 3341 664 3390; x_wconf 89' lang='lat' dir='ltr'><strong>etcum</strong></span> <span class='ocrx_word' id='word_1_472' title='bbox 685 3335 794 3389; x_wconf 90' lang='lat' dir='ltr'><strong>illis</strong></span> <span class='ocrx_word' id='word_1_473' title='bbox 816 3335 1019 3390; x_wconf 89' lang='lat' dir='ltr'><strong>habeat</strong></span> <span class='ocrx_word' id='word_1_474' title='bbox 1041 3342 1258 3408; x_wconf 88' lang='lat' dir='ltr'><strong>partem</strong></span> <span class='ocrx_word' id='word_1_475' title='bbox 1289 3337 1385 3408; x_wconf 90' lang='lat' dir='ltr'><strong>qui</strong></span> <span class='ocrx_word' id='word_1_476' title='bbox 1415 3338 1706 3392; x_wconf 82' lang='lat' dir='ltr'><strong>dixerunt:</strong></span> <span class='ocrx_word' id='word_1_477' title='bbox 1792 3340 1958 3394; x_wconf 88' lang='lat' dir='ltr'><strong>tertia</strong></span> <span class='ocrx_word' id='word_1_478' title='bbox 1990 3354 2370 3410; x_wconf 85' lang='lat' dir='ltr'><strong>perseverans,</strong></span> <span class='ocrx_word' id='word_1_479' title='bbox 2393 3343 2451 3390; x_wconf 89' lang='lat' dir='ltr'><strong>et</strong></span> <span class='ocrx_word' id='word_1_480' title='bbox 2477 3335 2702 3408; x_wconf 90' lang='lat' dir='ltr'><strong>proprio</strong></span> <span class='ocrx_word' id='word_1_481' title='bbox 2724 3333 2950 3388; x_wconf 90' lang='lat' dir='ltr'><strong>nomine</strong></span> <span class='ocrx_word' id='word_1_482' title='bbox 2974 3330 3264 3401; x_wconf 86' lang='lat' dir='ltr'><strong>Pelagium</strong></span> <span class='ocrx_word' id='word_1_483' title='bbox 3307 3329 3389 3410; x_wconf 85' lang='lat' dir='ltr'><strong>in-</strong></span> 
     </span>
    </p>
   </div>
   <div class='ocr_carea' id='block_1_37' title="bbox 149 3417 3384 3500">
    <p class='ocr_par' dir='ltr' id='par_1_37' title="bbox 149 3417 3384 3500">
     <span class='ocr_line' id='line_1_37' title="bbox 149 3417 3384 3500; baseline -0.001 -24"><span class='ocrx_word' id='word_1_484' title='bbox 149 3422 501 3494; x_wconf 83' lang='lat' dir='ltr'><strong>Cruciﬁgatur,</strong></span> <span class='ocrx_word' id='word_1_485' title='bbox 523 3423 1165 3494; x_wconf 83' lang='lat' dir='ltr'><strong>cruciﬁgatur.Illavero</strong></span> <span class='ocrx_word' id='word_1_486' title='bbox 1181 3426 1501 3480; x_wconf 88' lang='lat' dir='ltr'><strong>convocavit</strong></span> <span class='ocrx_word' id='word_1_487' title='bbox 1516 3442 1711 3482; x_wconf 87' lang='lat' dir='ltr'><strong>omnes</strong></span> <span class='ocrx_word' id='word_1_488' title='bbox 1793 3429 2115 3500; x_wconf 89' lang='lat' dir='ltr'><strong>terpellans,</strong></span> <span class='ocrx_word' id='word_1_489' title='bbox 2148 3427 2432 3481; x_wconf 90' lang='lat' dir='ltr'><strong>neminem</strong></span> <span class='ocrx_word' id='word_1_490' title='bbox 2470 3425 2676 3479; x_wconf 85' lang='lat' dir='ltr'><strong>audivi.</strong></span> <span class='ocrx_word' id='word_1_491' title='bbox 2711 3425 2896 3488; x_wconf 87' lang='lat' dir='ltr'><strong>Quare</strong></span> <span class='ocrx_word' id='word_1_492' title='bbox 2925 3422 3076 3476; x_wconf 88' lang='lat' dir='ltr'><strong>intra</strong></span> <span class='ocrx_word' id='word_1_493' title='bbox 3113 3436 3204 3474; x_wconf 92' lang='lat' dir='ltr'><strong>me</strong></span> <span class='ocrx_word' id='word_1_494' title='bbox 3233 3417 3384 3474; x_wconf 88' lang='lat' dir='ltr'><strong>dixi:</strong></span> 
     </span>
    </p>
   </div>
   <div class='ocr_carea' id='block_1_38' title="bbox 1793 3512 3394 3584">
    <p class='ocr_par' dir='ltr' id='par_1_38' title="bbox 1793 3512 3394 3584">
     <span class='ocr_line' id='line_1_38' title="bbox 1793 3512 3394 3584; baseline -0.007 -10"><span class='ocrx_word' id='word_1_495' title='bbox 1793 3520 1907 3574; x_wconf 86' lang='lat' dir='ltr'><strong>Aut</strong></span> <span class='ocrx_word' id='word_1_496' title='bbox 1936 3534 2099 3573; x_wconf 88' lang='lat' dir='ltr'><strong>nemo</strong></span> <span class='ocrx_word' id='word_1_497' title='bbox 2127 3523 2212 3572; x_wconf 89' lang='lat' dir='ltr'><strong>est</strong></span> <span class='ocrx_word' id='word_1_498' title='bbox 2253 3517 2360 3582; x_wconf 90' lang='lat' dir='ltr'><strong>hic,</strong></span> <span class='ocrx_word' id='word_1_499' title='bbox 2399 3521 2499 3570; x_wconf 87' lang='lat' dir='ltr'><strong>aut</strong></span> <span class='ocrx_word' id='word_1_500' title='bbox 2527 3514 2754 3570; x_wconf 91' lang='lat' dir='ltr'><strong>recessit</strong></span> <span class='ocrx_word' id='word_1_501' title='bbox 2783 3512 2878 3584; x_wconf 91' lang='lat' dir='ltr'><strong>qui</strong></span> <span class='ocrx_word' id='word_1_502' title='bbox 2914 3512 3006 3566; x_wconf 90' lang='lat' dir='ltr'><strong>hic</strong></span> <span class='ocrx_word' id='word_1_503' title='bbox 3041 3515 3164 3565; x_wconf 89' lang='lat' dir='ltr'><strong>erat</strong></span> <span class='ocrx_word' id='word_1_504' title='bbox 3201 3526 3394 3565; x_wconf 90' lang='lat' dir='ltr'><strong>mona-</strong></span> 
     </span>
    </p>
   </div>
   <div class='ocr_carea' id='block_1_39' title="bbox 1794 3599 3389 3670">
    <p class='ocr_par' dir='ltr' id='par_1_39' title="bbox 1794 3599 3389 3670">
     <span class='ocr_line' id='line_1_39' title="bbox 1794 3599 3389 3670; baseline -0.008 -7"><span class='ocrx_word' id='word_1_505' title='bbox 1794 3609 1949 3663; x_wconf 88' lang='lat' dir='ltr'><strong>chus.</strong></span> <span class='ocrx_word' id='word_1_506' title='bbox 1978 3609 2133 3662; x_wconf 89' lang='lat' dir='ltr'><strong>Nutu</strong></span> <span class='ocrx_word' id='word_1_507' title='bbox 2157 3623 2290 3661; x_wconf 86' lang='lat' dir='ltr'><strong>vero</strong></span> <span class='ocrx_word' id='word_1_508' title='bbox 2311 3606 2410 3661; x_wconf 93' lang='lat' dir='ltr'><strong>Dei</strong></span> <span class='ocrx_word' id='word_1_509' title='bbox 2433 3605 2697 3670; x_wconf 91' lang='lat' dir='ltr'><strong>monitus,</strong></span> <span class='ocrx_word' id='word_1_510' title='bbox 2718 3603 2925 3658; x_wconf 87' lang='lat' dir='ltr'><strong>iterum</strong></span> <span class='ocrx_word' id='word_1_511' title='bbox 2945 3601 3058 3656; x_wconf 85' lang='lat' dir='ltr'><strong>dixi</strong></span> <span class='ocrx_word' id='word_1_512' title='bbox 3086 3618 3097 3653; x_wconf 91' lang='lat'><strong>:</strong></span> <span class='ocrx_word' id='word_1_513' title='bbox 3127 3599 3389 3655; x_wconf 90' lang='lat' dir='ltr'><strong>Conside-</strong></span> 
     </span>
    </p>
   </div>
   <div class='ocr_carea' id='block_1_40' title="bbox 1794 3687 3397 3763">
    <p class='ocr_par' dir='ltr' id='par_1_40' title="bbox 1794 3687 3397 3763">
     <span class='ocr_line' id='line_1_40' title="bbox 1794 3687 3397 3763; baseline -0.006 -13"><span class='ocrx_word' id='word_1_514' title='bbox 1794 3714 1911 3751; x_wconf 88' lang='lat' dir='ltr'><strong>rem</strong></span> <span class='ocrx_word' id='word_1_515' title='bbox 1933 3713 2004 3751; x_wconf 90' lang='lat' dir='ltr'><strong>ne</strong></span> <span class='ocrx_word' id='word_1_516' title='bbox 2032 3696 2175 3750; x_wconf 89' lang='lat' dir='ltr'><strong>forte</strong></span> <span class='ocrx_word' id='word_1_517' title='bbox 2201 3701 2457 3750; x_wconf 89' lang='lat' dir='ltr'><strong>mortuus</strong></span> <span class='ocrx_word' id='word_1_518' title='bbox 2503 3692 2612 3759; x_wconf 84' lang='lat' dir='ltr'><strong>sit;</strong></span> <span class='ocrx_word' id='word_1_519' title='bbox 2646 3698 2703 3747; x_wconf 89' lang='lat' dir='ltr'><strong>et</strong></span> <span class='ocrx_word' id='word_1_520' title='bbox 2731 3691 2922 3763; x_wconf 89' lang='lat' dir='ltr'><strong>aperui</strong></span> <span class='ocrx_word' id='word_1_521' title='bbox 2955 3688 3217 3744; x_wconf 92' lang='lat' dir='ltr'><strong>ostiolum</strong></span> <span class='ocrx_word' id='word_1_522' title='bbox 3247 3687 3397 3742; x_wconf 88' lang='lat' dir='ltr'><strong>fene-</strong></span> 
     </span>
    </p>
   </div>
   <div class='ocr_carea' id='block_1_41' title="bbox 1793 3777 3394 3857">
    <p class='ocr_par' dir='ltr' id='par_1_41' title="bbox 1793 3777 3394 3857">
     <span class='ocr_line' id='line_1_41' title="bbox 1793 3777 3394 3857; baseline -0.007 -16"><span class='ocrx_word' id='word_1_523' title='bbox 1793 3787 2044 3852; x_wconf 70' lang='lat' dir='ltr'><strong>stellulze,</strong></span> <span class='ocrx_word' id='word_1_524' title='bbox 2071 3792 2128 3840; x_wconf 90' lang='lat' dir='ltr'><strong>et</strong></span> <span class='ocrx_word' id='word_1_525' title='bbox 2154 3783 2433 3857; x_wconf 76' lang='lat' dir='ltr'><strong>prospexi,</strong></span> <span class='ocrx_word' id='word_1_526' title='bbox 2457 3789 2512 3837; x_wconf 92' lang='lat' dir='ltr'><strong>et</strong></span> <span class='ocrx_word' id='word_1_527' title='bbox 2531 3783 2644 3836; x_wconf 90' lang='lat' dir='ltr'><strong>vidi</strong></span> <span class='ocrx_word' id='word_1_528' title='bbox 2666 3799 2796 3836; x_wconf 91' lang='lat' dir='ltr'><strong>eum</strong></span> <span class='ocrx_word' id='word_1_529' title='bbox 2818 3784 3122 3845; x_wconf 89' lang='lat' dir='ltr'><strong>mortuum,</strong></span> <span class='ocrx_word' id='word_1_530' title='bbox 3139 3783 3195 3832; x_wconf 92' lang='lat' dir='ltr'><strong>et</strong></span> <span class='ocrx_word' id='word_1_531' title='bbox 3219 3777 3394 3831; x_wconf 89' lang='lat' dir='ltr'><strong>clausi</strong></span> 
     </span>
    </p>
   </div>
   <div class='ocr_carea' id='block_1_42' title="bbox 1793 3866 3395 3944">
    <p class='ocr_par' dir='ltr' id='par_1_42' title="bbox 1793 3866 3395 3944">
     <span class='ocr_line' id='line_1_42' title="bbox 1793 3866 3395 3944; baseline -0.006 -14"><span class='ocrx_word' id='word_1_532' title='bbox 1793 3876 2086 3941; x_wconf 90' lang='lat' dir='ltr'><strong>ostiolum;</strong></span> <span class='ocrx_word' id='word_1_533' title='bbox 2120 3881 2177 3930; x_wconf 93' lang='lat' dir='ltr'><strong>et</strong></span> <span class='ocrx_word' id='word_1_534' title='bbox 2205 3875 2275 3928; x_wconf 92' lang='lat' dir='ltr'><strong>de</strong></span> <span class='ocrx_word' id='word_1_535' title='bbox 2311 3874 2430 3928; x_wconf 92' lang='lat' dir='ltr'><strong>luto</strong></span> <span class='ocrx_word' id='word_1_536' title='bbox 2475 3873 2696 3944; x_wconf 88' lang='lat' dir='ltr'><strong>replens</strong></span> <span class='ocrx_word' id='word_1_537' title='bbox 2723 3871 3041 3942; x_wconf 86' lang='lat' dir='ltr'><strong>diligenter,</strong></span> <span class='ocrx_word' id='word_1_538' title='bbox 3073 3883 3239 3923; x_wconf 89' lang='lat' dir='ltr'><strong>cursu</strong></span> <span class='ocrx_word' id='word_1_539' title='bbox 3269 3866 3395 3922; x_wconf 90' lang='lat' dir='ltr'><strong>veni</strong></span> 
     </span>
    </p>
   </div>
   <div class='ocr_carea' id='block_1_43' title="bbox 1793 3957 3394 4036">
    <p class='ocr_par' dir='ltr' id='par_1_43' title="bbox 1793 3957 3394 4036">
     <span class='ocr_line' id='line_1_43' title="bbox 1793 3957 3394 4036; baseline -0.005 -17"><span class='ocrx_word' id='word_1_540' title='bbox 1793 3965 2216 4036; x_wconf 80' lang='lat' dir='ltr'><strong>Jerosolymam,</strong></span> <span class='ocrx_word' id='word_1_541' title='bbox 2235 3967 2291 4017; x_wconf 93' lang='lat' dir='ltr'><strong>et</strong></span> <span class='ocrx_word' id='word_1_542' title='bbox 2308 3961 2562 4016; x_wconf 88' lang='lat' dir='ltr'><strong>nuntiavi</strong></span> <span class='ocrx_word' id='word_1_543' title='bbox 2583 3958 3085 4024; x_wconf 90' lang='lat' dir='ltr'><strong>commanentibus,</strong></span> <span class='ocrx_word' id='word_1_544' title='bbox 3105 3957 3250 4029; x_wconf 92' lang='lat' dir='ltr'><strong>quod</strong></span> <span class='ocrx_word' id='word_1_545' title='bbox 3268 3973 3394 4012; x_wconf 82' lang='lat' dir='ltr'><strong>san-</strong></span> 
     </span>
    </p>
   </div>
   <div class='ocr_carea' id='block_1_44' title="bbox 1793 4046 3394 4123">
    <p class='ocr_par' dir='ltr' id='par_1_44' title="bbox 1793 4046 3394 4123">
     <span class='ocr_line' id='line_1_44' title="bbox 1793 4046 3394 4123; baseline -0.004 -15"><span class='ocrx_word' id='word_1_546' title='bbox 1793 4060 1916 4109; x_wconf 91' lang='lat' dir='ltr'><strong>ctus</strong></span> <span class='ocrx_word' id='word_1_547' title='bbox 1945 4053 2206 4123; x_wconf 84' lang='lat' dir='ltr'><strong>Pelagius</strong></span> <span class='ocrx_word' id='word_1_548' title='bbox 2234 4052 2543 4106; x_wconf 87' lang='lat' dir='ltr'><strong>monachus</strong></span> <span class='ocrx_word' id='word_1_549' title='bbox 2562 4050 2839 4105; x_wconf 88' lang='lat' dir='ltr'><strong>mirabilia</strong></span> <span class='ocrx_word' id='word_1_550' title='bbox 2865 4049 3072 4104; x_wconf 89' lang='lat' dir='ltr'><strong>faciens</strong></span> <span class='ocrx_word' id='word_1_551' title='bbox 3095 4046 3394 4119; x_wconf 91' lang='lat' dir='ltr'><strong>requievis-</strong></span> 
     </span>
    </p>
   </div>
   <div class='ocr_carea' id='block_1_45' title="bbox 1794 4137 3390 4214">
    <p class='ocr_par' dir='ltr' id='par_1_45' title="bbox 1794 4137 3390 4214">
     <span class='ocr_line' id='line_1_45' title="bbox 1794 4137 3390 4214; baseline -0.006 -15"><span class='ocrx_word' id='word_1_552' title='bbox 1794 4149 1904 4202; x_wconf 90' lang='lat' dir='ltr'><strong>set.</strong></span> <span class='ocrx_word' id='word_1_553' title='bbox 1940 4144 2097 4198; x_wconf 90' lang='lat' dir='ltr'><strong>Tunc</strong></span> <span class='ocrx_word' id='word_1_554' title='bbox 2126 4142 2302 4197; x_wconf 90' lang='lat' dir='ltr'><strong>sancti</strong></span> <span class='ocrx_word' id='word_1_555' title='bbox 2329 4147 2518 4214; x_wconf 88' lang='lat' dir='ltr'><strong>patres</strong></span> <span class='ocrx_word' id='word_1_556' title='bbox 2545 4144 2820 4195; x_wconf 88' lang='lat' dir='ltr'><strong>venerunt</strong></span> <span class='ocrx_word' id='word_1_557' title='bbox 2847 4155 2975 4193; x_wconf 90' lang='lat' dir='ltr'><strong>cum</strong></span> <span class='ocrx_word' id='word_1_558' title='bbox 3005 4137 3238 4192; x_wconf 84' lang='lat' dir='ltr'><strong>diversis</strong></span> <span class='ocrx_word' id='word_1_559' title='bbox 3267 4153 3390 4192; x_wconf 90' lang='lat' dir='ltr'><strong>mo-</strong></span> 
     </span>
    </p>
   </div>
   <div class='ocr_carea' id='block_1_46' title="bbox 145 4226 3390 4302">
    <p class='ocr_par' dir='ltr' id='par_1_46' title="bbox 145 4226 3390 4302">
     <span class='ocr_line' id='line_1_46' title="bbox 145 4226 3390 4302; baseline -0 -22"><span class='ocrx_word' id='word_1_560' title='bbox 145 4229 388 4296; x_wconf 83' lang='lat' dir='ltr'><strong>rantibus,</strong></span> <span class='ocrx_word' id='word_1_561' title='bbox 409 4231 672 4302; x_wconf 89' lang='lat' dir='ltr'><strong>deposuit</strong></span> <span class='ocrx_word' id='word_1_562' title='bbox 696 4237 908 4285; x_wconf 86' lang='lat' dir='ltr'><strong>vestem</strong></span> <span class='ocrx_word' id='word_1_563' title='bbox 938 4231 1291 4302; x_wconf 87' lang='lat' dir='ltr'><strong>baptismatis</strong></span> <span class='ocrx_word' id='word_1_564' title='bbox 1319 4232 1424 4299; x_wconf 92' lang='lat' dir='ltr'><strong>sui,</strong></span> <span class='ocrx_word' id='word_1_565' title='bbox 1451 4239 1506 4288; x_wconf 91' lang='lat' dir='ltr'><strong>et</strong></span> <span class='ocrx_word' id='word_1_566' title='bbox 1531 4233 1716 4288; x_wconf 90' lang='lat' dir='ltr'><strong>induit</strong></span> <span class='ocrx_word' id='word_1_567' title='bbox 1795 4232 2057 4288; x_wconf 89' lang='lat' dir='ltr'><strong>nasteriis</strong></span> <span class='ocrx_word' id='word_1_568' title='bbox 2087 4233 2510 4295; x_wconf 89' lang='lat' dir='ltr'><strong>monachorum,</strong></span> <span class='ocrx_word' id='word_1_569' title='bbox 2543 4235 2600 4285; x_wconf 93' lang='lat' dir='ltr'><strong>et</strong></span> <span class='ocrx_word' id='word_1_570' title='bbox 2627 4229 2706 4283; x_wconf 92' lang='lat' dir='ltr'><strong>sic</strong></span> <span class='ocrx_word' id='word_1_571' title='bbox 2735 4229 2982 4283; x_wconf 90' lang='lat' dir='ltr'><strong>solutum</strong></span> <span class='ocrx_word' id='word_1_572' title='bbox 3009 4231 3096 4282; x_wconf 91' lang='lat' dir='ltr'><strong>est</strong></span> <span class='ocrx_word' id='word_1_573' title='bbox 3128 4226 3390 4281; x_wconf 90' lang='lat' dir='ltr'><strong>ostiolum</strong></span> 
     </span>
    </p>
   </div>
   <div class='ocr_carea' id='block_1_47' title="bbox 143 4315 3391 4393">
    <p class='ocr_par' dir='ltr' id='par_1_47' title="bbox 143 4315 3391 4393">
     <span class='ocr_line' id='line_1_47' title="bbox 143 4315 3391 4393; baseline -0 -23"><span class='ocrx_word' id='word_1_574' title='bbox 143 4319 437 4374; x_wconf 80' lang='lat' dir='ltr'><strong>setunicam</strong></span> <span class='ocrx_word' id='word_1_575' title='bbox 456 4319 873 4390; x_wconf 72' lang='lat' dir='ltr'><strong>tricinam(14),</strong></span> <span class='ocrx_word' id='word_1_576' title='bbox 897 4327 954 4374; x_wconf 90' lang='lat' dir='ltr'><strong>et</strong></span> <span class='ocrx_word' id='word_1_577' title='bbox 970 4321 1306 4393; x_wconf 81' lang='lat' dir='ltr'><strong>birram(15)</strong></span> <span class='ocrx_word' id='word_1_578' title='bbox 1331 4323 1508 4377; x_wconf 86' lang='lat' dir='ltr'><strong>sancti</strong></span> <span class='ocrx_word' id='word_1_579' title='bbox 1530 4325 1715 4378; x_wconf 90' lang='lat' dir='ltr'><strong>Nonni</strong></span> <span class='ocrx_word' id='word_1_580' title='bbox 1796 4324 2037 4390; x_wconf 83' lang='lat' dir='ltr'><strong>cellulae;</strong></span> <span class='ocrx_word' id='word_1_581' title='bbox 2071 4329 2129 4378; x_wconf 89' lang='lat' dir='ltr'><strong>ct</strong></span> <span class='ocrx_word' id='word_1_582' title='bbox 2155 4322 2406 4376; x_wconf 81' lang='lat' dir='ltr'><strong>delatum</strong></span> <span class='ocrx_word' id='word_1_583' title='bbox 2435 4325 2520 4374; x_wconf 91' lang='lat' dir='ltr'><strong>est</strong></span> <span class='ocrx_word' id='word_1_584' title='bbox 2545 4320 2694 4374; x_wconf 86' lang='lat' dir='ltr'><strong>foras</strong></span> <span class='ocrx_word' id='word_1_585' title='bbox 2718 4323 2974 4372; x_wconf 89' lang='lat' dir='ltr'><strong>sanctum</strong></span> <span class='ocrx_word' id='word_1_586' title='bbox 2998 4315 3391 4387; x_wconf 90' lang='lat' dir='ltr'><strong>corpusculum</strong></span> 
     </span>
    </p>
   </div>
   <div class='ocr_carea' id='block_1_48' title="bbox 145 4407 3391 4484">
    <p class='ocr_par' dir='ltr' id='par_1_48' title="bbox 145 4407 3391 4484">
     <span class='ocr_line' id='line_1_48' title="bbox 145 4407 3391 4484; baseline 0.001 -28"><span class='ocrx_word' id='word_1_587' title='bbox 145 4407 375 4479; x_wconf 81' lang='lat' dir='ltr'><strong>episcOpi,</strong></span> <span class='ocrx_word' id='word_1_588' title='bbox 406 4416 467 4463; x_wconf 91' lang='lat' dir='ltr'><strong>et</strong></span> <span class='ocrx_word' id='word_1_589' title='bbox 493 4427 560 4464; x_wconf 86' lang='lat' dir='ltr'><strong>ex</strong></span> <span class='ocrx_word' id='word_1_590' title='bbox 590 4411 686 4464; x_wconf 90' lang='lat' dir='ltr'><strong>illa</strong></span> <span class='ocrx_word' id='word_1_591' title='bbox 711 4410 801 4464; x_wconf 91' lang='lat' dir='ltr'><strong>die</strong></span> <span class='ocrx_word' id='word_1_592' title='bbox 840 4427 1118 4482; x_wconf 87' lang='lat' dir='ltr'><strong>nusquam</strong></span> <span class='ocrx_word' id='word_1_593' title='bbox 1147 4412 1462 4482; x_wconf 89' lang='lat' dir='ltr'><strong>comparuit</strong></span> <span class='ocrx_word' id='word_1_594' title='bbox 1489 4413 1548 4467; x_wconf 93' lang='lat' dir='ltr'><strong>in</strong></span> <span class='ocrx_word' id='word_1_595' title='bbox 1579 4413 1709 4467; x_wconf 91' lang='lat' dir='ltr'><strong>civi-</strong></span> <span class='ocrx_word' id='word_1_596' title='bbox 1727 4408 1776 4468; x_wconf 90' lang='lat' dir='ltr'><strong>D</strong></span> <span class='ocrx_word' id='word_1_597' title='bbox 1795 4415 1934 4484; x_wconf 89' lang='lat' dir='ltr'><strong>ejus,</strong></span> <span class='ocrx_word' id='word_1_598' title='bbox 1961 4413 2107 4484; x_wconf 89' lang='lat' dir='ltr'><strong>quod</strong></span> <span class='ocrx_word' id='word_1_599' title='bbox 2137 4429 2274 4466; x_wconf 85' lang='lat' dir='ltr'><strong>auro</strong></span> <span class='ocrx_word' id='word_1_600' title='bbox 2305 4417 2362 4466; x_wconf 92' lang='lat' dir='ltr'><strong>et</strong></span> <span class='ocrx_word' id='word_1_601' title='bbox 2387 4409 2666 4482; x_wconf 90' lang='lat' dir='ltr'><strong>lapidibus</strong></span> <span class='ocrx_word' id='word_1_602' title='bbox 2695 4408 2954 4481; x_wconf 90' lang='lat' dir='ltr'><strong>pretiosis</strong></span> <span class='ocrx_word' id='word_1_603' title='bbox 2985 4407 3261 4477; x_wconf 88' lang='lat' dir='ltr'><strong>condigne</strong></span> <span class='ocrx_word' id='word_1_604' title='bbox 3296 4421 3391 4477; x_wconf 84' lang='lat' dir='ltr'><strong>po-</strong></span> 
     </span>
    </p>
   </div>
   <div class='ocr_carea' id='block_1_49' title="bbox 1793 2169 3384 2246">
    <p class='ocr_par' dir='ltr' id='par_1_49' title="bbox 1793 2169 3384 2246">
     <span class='ocr_line' id='line_1_49' title="bbox 1793 2169 3384 2246; baseline -0.007 -14"><span class='ocrx_word' id='word_1_605' title='bbox 1793 2183 1850 2232; x_wconf 92' lang='lat' dir='ltr'><strong>et</strong></span> <span class='ocrx_word' id='word_1_606' title='bbox 1873 2178 1986 2232; x_wconf 83' lang='lat' dir='ltr'><strong>dixi</strong></span> <span class='ocrx_word' id='word_1_607' title='bbox 2013 2197 2023 2231; x_wconf 93' lang='lat'>:</span> <span class='ocrx_word' id='word_1_608' title='bbox 2049 2178 2250 2233; x_wconf 89' lang='lat' dir='ltr'><strong>Missus</strong></span> <span class='ocrx_word' id='word_1_609' title='bbox 2271 2195 2397 2232; x_wconf 92' lang='lat' dir='ltr'><strong>sum</strong></span> <span class='ocrx_word' id='word_1_610' title='bbox 2427 2177 2496 2231; x_wconf 91' lang='lat' dir='ltr'><strong>ad</strong></span> <span class='ocrx_word' id='word_1_611' title='bbox 2518 2181 2592 2241; x_wconf 92' lang='lat' dir='ltr'><strong>te,</strong></span> <span class='ocrx_word' id='word_1_612' title='bbox 2620 2174 2853 2246; x_wconf 90' lang='lat' dir='ltr'><strong>jubente</strong></span> <span class='ocrx_word' id='word_1_613' title='bbox 2883 2175 3085 2227; x_wconf 85' lang='lat' dir='ltr'><strong>Nonne</strong></span> <span class='ocrx_word' id='word_1_614' title='bbox 3105 2169 3384 2240; x_wconf 89' lang='lat' dir='ltr'><strong>episcopo.</strong></span> 
     </span>
    </p>
   </div>
   <div class='ocr_carea' id='block_1_50' title="bbox 1791 2262 3392 2338">
    <p class='ocr_par' dir='ltr' id='par_1_50' title="bbox 1791 2262 3392 2338">
     <span class='ocr_line' id='line_1_50' title="bbox 1791 2262 3392 2338; baseline -0.008 -15"><span class='ocrx_word' id='word_1_615' title='bbox 1791 2269 1924 2333; x_wconf 78' lang='lat' dir='ltr'><strong>Quae</strong></span> <span class='ocrx_word' id='word_1_616' title='bbox 1953 2267 2031 2322; x_wconf 88' lang='lat' dir='ltr'><strong>ait</strong></span> <span class='ocrx_word' id='word_1_617' title='bbox 2062 2268 2132 2321; x_wconf 87' lang='lat' dir='ltr'><strong>ad</strong></span> <span class='ocrx_word' id='word_1_618' title='bbox 2151 2285 2240 2321; x_wconf 92' lang='lat' dir='ltr'><strong>me</strong></span> <span class='ocrx_word' id='word_1_619' title='bbox 2265 2285 2276 2320; x_wconf 94' lang='lat'>:</span> <span class='ocrx_word' id='word_1_620' title='bbox 2303 2268 2439 2321; x_wconf 90' lang='lat' dir='ltr'><strong>Oret</strong></span> <span class='ocrx_word' id='word_1_621' title='bbox 2463 2282 2562 2338; x_wconf 92' lang='lat' dir='ltr'><strong>pro</strong></span> <span class='ocrx_word' id='word_1_622' title='bbox 2593 2282 2702 2331; x_wconf 91' lang='lat' dir='ltr'><strong>me,</strong></span> <span class='ocrx_word' id='word_1_623' title='bbox 2725 2262 2991 2336; x_wconf 91' lang='lat' dir='ltr'><strong>quoniam</strong></span> <span class='ocrx_word' id='word_1_624' title='bbox 3017 2275 3144 2314; x_wconf 89' lang='lat' dir='ltr'><strong>vere</strong></span> <span class='ocrx_word' id='word_1_625' title='bbox 3164 2263 3392 2312; x_wconf 87' lang='lat' dir='ltr'><strong>sanctus</strong></span> 
     </span>
    </p>
   </div>
   <div class='ocr_carea' id='block_1_51' title="bbox 1790 2349 3389 2414">
    <p class='ocr_par' dir='ltr' id='par_1_51' title="bbox 1790 2349 3389 2414">
     <span class='ocr_line' id='line_1_51' title="bbox 1790 2349 3389 2414; baseline -0.008 -1"><span class='ocrx_word' id='word_1_626' title='bbox 1790 2358 1892 2413; x_wconf 92' lang='lat' dir='ltr'><strong>Dei</strong></span> <span class='ocrx_word' id='word_1_627' title='bbox 1931 2363 2034 2414; x_wconf 90' lang='lat' dir='ltr'><strong>est.</strong></span> <span class='ocrx_word' id='word_1_628' title='bbox 2070 2359 2138 2412; x_wconf 87' lang='lat' dir='ltr'><strong>Et</strong></span> <span class='ocrx_word' id='word_1_629' title='bbox 2186 2357 2376 2412; x_wconf 87' lang='lat' dir='ltr'><strong>statim</strong></span> <span class='ocrx_word' id='word_1_630' title='bbox 2426 2355 2627 2409; x_wconf 89' lang='lat' dir='ltr'><strong>clausit</strong></span> <span class='ocrx_word' id='word_1_631' title='bbox 2673 2352 2934 2408; x_wconf 91' lang='lat' dir='ltr'><strong>ostiolum</strong></span> <span class='ocrx_word' id='word_1_632' title='bbox 2975 2349 3295 2411; x_wconf 76' lang='lat' dir='ltr'><strong>fenestellae,</strong></span> <span class='ocrx_word' id='word_1_633' title='bbox 3331 2350 3389 2400; x_wconf 92' lang='lat' dir='ltr'><strong>et</strong></span> 
     </span>
    </p>
   </div>
   <div class='ocr_carea' id='block_1_52' title="bbox 1787 2437 3389 2519">
    <p class='ocr_par' dir='ltr' id='par_1_52' title="bbox 1787 2437 3389 2519">
     <span class='ocr_line' id='line_1_52' title="bbox 1787 2437 3389 2519; baseline -0.007 -18"><span class='ocrx_word' id='word_1_634' title='bbox 1787 2447 1955 2519; x_wconf 69' lang='lat' dir='ltr'><strong>coepit</strong></span> <span class='ocrx_word' id='word_1_635' title='bbox 1983 2447 2220 2518; x_wconf 89' lang='lat' dir='ltr'><strong>psallere</strong></span> <span class='ocrx_word' id='word_1_636' title='bbox 2242 2447 2438 2500; x_wconf 91' lang='lat' dir='ltr'><strong>horam</strong></span> <span class='ocrx_word' id='word_1_637' title='bbox 2467 2444 2712 2499; x_wconf 90' lang='lat' dir='ltr'><strong>tertiam.</strong></span> <span class='ocrx_word' id='word_1_638' title='bbox 2747 2443 2860 2512; x_wconf 86' lang='lat' dir='ltr'><strong>Ego</strong></span> <span class='ocrx_word' id='word_1_639' title='bbox 2890 2457 3020 2495; x_wconf 91' lang='lat' dir='ltr'><strong>vero</strong></span> <span class='ocrx_word' id='word_1_640' title='bbox 3049 2437 3202 2494; x_wconf 89' lang='lat' dir='ltr'><strong>oravi</strong></span> <span class='ocrx_word' id='word_1_641' title='bbox 3227 2438 3389 2508; x_wconf 80' lang='lat' dir='ltr'><strong>juxta</strong></span> 
     </span>
    </p>
   </div>
   <div class='ocr_carea' id='block_1_53' title="bbox 1788 2529 3390 2608">
    <p class='ocr_par' dir='ltr' id='par_1_53' title="bbox 1788 2529 3390 2608">
     <span class='ocr_line' id='line_1_53' title="bbox 1788 2529 3390 2608; baseline -0.007 -18"><span class='ocrx_word' id='word_1_642' title='bbox 1788 2537 2063 2608; x_wconf 89' lang='lat' dir='ltr'><strong>parietem</strong></span> <span class='ocrx_word' id='word_1_643' title='bbox 2105 2537 2316 2591; x_wconf 77' lang='lat' dir='ltr'><strong>cellulze</strong></span> <span class='ocrx_word' id='word_1_644' title='bbox 2354 2537 2495 2606; x_wconf 92' lang='lat' dir='ltr'><strong>ejus,</strong></span> <span class='ocrx_word' id='word_1_645' title='bbox 2541 2540 2598 2588; x_wconf 92' lang='lat' dir='ltr'><strong>et</strong></span> <span class='ocrx_word' id='word_1_646' title='bbox 2626 2532 2849 2598; x_wconf 90' lang='lat' dir='ltr'><strong>recessi,</strong></span> <span class='ocrx_word' id='word_1_647' title='bbox 2892 2530 3133 2585; x_wconf 88' lang='lat' dir='ltr'><strong>multum</strong></span> <span class='ocrx_word' id='word_1_648' title='bbox 3160 2529 3390 2599; x_wconf 88' lang='lat' dir='ltr'><strong>juvatus</strong></span> 
     </span>
    </p>
   </div>
   <div class='ocr_carea' id='block_1_54' title="bbox 1789 2618 3390 2698">
    <p class='ocr_par' dir='ltr' id='par_1_54' title="bbox 1789 2618 3390 2698">
     <span class='ocr_line' id='line_1_54' title="bbox 1789 2618 3390 2698; baseline -0.007 -17"><span class='ocrx_word' id='word_1_649' title='bbox 1789 2627 2124 2698; x_wconf 80' lang='lat' dir='ltr'><strong>de&#39;angelica</strong></span> <span class='ocrx_word' id='word_1_650' title='bbox 2144 2626 2354 2680; x_wconf 89' lang='lat' dir='ltr'><strong>visione</strong></span> <span class='ocrx_word' id='word_1_651' title='bbox 2376 2627 2424 2697; x_wconf 90' lang='lat' dir='ltr'><strong>ej</strong></span> <span class='ocrx_word' id='word_1_652' title='bbox 2434 2642 2516 2679; x_wconf 90' lang='lat' dir='ltr'><strong>us.</strong></span> <span class='ocrx_word' id='word_1_653' title='bbox 2532 2625 2805 2679; x_wconf 87' lang='lat' dir='ltr'><strong>Reversus</strong></span> <span class='ocrx_word' id='word_1_654' title='bbox 2819 2637 2948 2676; x_wconf 90' lang='lat' dir='ltr'><strong>vero</strong></span> <span class='ocrx_word' id='word_1_655' title='bbox 2963 2621 2988 2675; x_wconf 87' lang='lat' dir='ltr'><strong>J</strong></span> <span class='ocrx_word' id='word_1_656' title='bbox 2997 2618 3390 2690; x_wconf 88' lang='lat' dir='ltr'><strong>erosolymam,</strong></span> 
     </span>
    </p>
   </div>
   <div class='ocr_carea' id='block_1_55' title="bbox 1789 2708 3297 2788">
    <p class='ocr_par' dir='ltr' id='par_1_55' title="bbox 1789 2708 3297 2788">
     <span class='ocr_line' id='line_1_55' title="bbox 1789 2708 3297 2788; baseline -0.007 -17"><span class='ocrx_word' id='word_1_657' title='bbox 1789 2717 1931 2788; x_wconf 85' lang='lat' dir='ltr'><strong>coepi</strong></span> <span class='ocrx_word' id='word_1_658' title='bbox 1960 2733 2062 2788; x_wconf 87' lang='lat' dir='ltr'><strong>per</strong></span> <span class='ocrx_word' id='word_1_659' title='bbox 2088 2715 2429 2770; x_wconf 89' lang='lat' dir='ltr'><strong>monasteria</strong></span> <span class='ocrx_word' id='word_1_660' title='bbox 2457 2711 2796 2769; x_wconf 89' lang='lat' dir='ltr'><strong>ambulando</strong></span> <span class='ocrx_word' id='word_1_661' title='bbox 2826 2710 3048 2765; x_wconf 88' lang='lat' dir='ltr'><strong>visitare</strong></span> <span class='ocrx_word' id='word_1_662' title='bbox 3075 2708 3297 2763; x_wconf 86' lang='lat' dir='ltr'><strong>fratres.</strong></span> 
     </span>
    </p>
   </div>
   <div class='ocr_carea' id='block_1_56' title="bbox 1862 2799 3394 2876">
    <p class='ocr_par' dir='ltr' id='par_1_56' title="bbox 1862 2799 3394 2876">
     <span class='ocr_line' id='line_1_56' title="bbox 1862 2799 3394 2876; baseline -0.006 -16"><span class='ocrx_word' id='word_1_663' title='bbox 1862 2807 1991 2860; x_wconf 79' lang='lat' dir='ltr'><strong>CAP.</strong></span> <span class='ocrx_word' id='word_1_664' title='bbox 2025 2805 2141 2859; x_wconf 86' lang='lat' dir='ltr'><strong>XV.</strong></span> <span class='ocrx_word' id='word_1_665' title='bbox 2175 2829 2234 2839; x_wconf 93' lang='lat'>—</span> <span class='ocrx_word' id='word_1_666' title='bbox 2258 2805 2455 2876; x_wconf 81' lang='lat' dir='ltr'><strong>Magna</strong></span> <span class='ocrx_word' id='word_1_667' title='bbox 2481 2819 2610 2858; x_wconf 90' lang='lat' dir='ltr'><strong>vero</strong></span> <span class='ocrx_word' id='word_1_668' title='bbox 2638 2801 2925 2857; x_wconf 83' lang='lat' dir='ltr'><strong>ferebatur</strong></span> <span class='ocrx_word' id='word_1_669' title='bbox 2970 2799 3119 2853; x_wconf 81' lang='lat' dir='ltr'><strong>fama</strong></span> <span class='ocrx_word' id='word_1_670' title='bbox 3150 2815 3250 2870; x_wconf 88' lang='lat' dir='ltr'><strong>per</strong></span> <span class='ocrx_word' id='word_1_671' title='bbox 3277 2813 3394 2852; x_wconf 79' lang='lat' dir='ltr'><strong>mo-</strong></span> 
     </span>
    </p>
   </div>
   <div class='ocr_carea' id='block_1_57' title="bbox 149 3514 1710 3585">
    <p class='ocr_par' dir='ltr' id='par_1_57' title="bbox 149 3514 1710 3585">
     <span class='ocr_line' id='line_1_57' title="bbox 149 3514 1710 3585; baseline 0.003 -20"><span class='ocrx_word' id='word_1_672' title='bbox 149 3529 322 3581; x_wconf 78' lang='lat' dir='ltr'><strong>pueros</strong></span> <span class='ocrx_word' id='word_1_673' title='bbox 353 3520 405 3567; x_wconf 89' lang='lat' dir='ltr'><strong>et</strong></span> <span class='ocrx_word' id='word_1_674' title='bbox 440 3515 658 3585; x_wconf 90' lang='lat' dir='ltr'><strong>puellas</strong></span> <span class='ocrx_word' id='word_1_675' title='bbox 702 3531 851 3578; x_wconf 91' lang='lat' dir='ltr'><strong>suas,</strong></span> <span class='ocrx_word' id='word_1_676' title='bbox 885 3519 942 3568; x_wconf 91' lang='lat' dir='ltr'><strong>et</strong></span> <span class='ocrx_word' id='word_1_677' title='bbox 980 3514 1234 3569; x_wconf 89' lang='lat' dir='ltr'><strong>liberavit</strong></span> <span class='ocrx_word' id='word_1_678' title='bbox 1262 3532 1456 3570; x_wconf 90' lang='lat' dir='ltr'><strong>omnes</strong></span> <span class='ocrx_word' id='word_1_679' title='bbox 1489 3534 1500 3569; x_wconf 92' lang='lat'>:</span> <span class='ocrx_word' id='word_1_680' title='bbox 1535 3517 1710 3570; x_wconf 88' lang='lat' dir='ltr'><strong>dona-</strong></span> 
     </span>
    </p>
   </div>
   <div class='ocr_carea' id='block_1_58' title="bbox 147 3601 1705 3672">
    <p class='ocr_par' dir='ltr' id='par_1_58' title="bbox 147 3601 1705 3672">
     <span class='ocr_line' id='line_1_58' title="bbox 147 3601 1705 3672; baseline 0.004 -19"><span class='ocrx_word' id='word_1_681' title='bbox 147 3602 308 3672; x_wconf 82' lang='lat' dir='ltr'><strong>vitque</strong></span> <span class='ocrx_word' id='word_1_682' title='bbox 336 3609 507 3657; x_wconf 90' lang='lat' dir='ltr'><strong>tortos</strong></span> <span class='ocrx_word' id='word_1_683' title='bbox 536 3601 648 3671; x_wconf 83' lang='lat'><strong>(13)</strong></span> <span class='ocrx_word' id='word_1_684' title='bbox 680 3619 879 3657; x_wconf 90' lang='lat' dir='ltr'><strong>aureos</strong></span> <span class='ocrx_word' id='word_1_685' title='bbox 905 3603 984 3657; x_wconf 92' lang='lat' dir='ltr'><strong>eis</strong></span> <span class='ocrx_word' id='word_1_686' title='bbox 1022 3604 1091 3658; x_wconf 88' lang='lat' dir='ltr'><strong>de</strong></span> <span class='ocrx_word' id='word_1_687' title='bbox 1122 3620 1293 3659; x_wconf 91' lang='lat' dir='ltr'><strong>manu</strong></span> <span class='ocrx_word' id='word_1_688' title='bbox 1317 3621 1438 3672; x_wconf 91' lang='lat' dir='ltr'><strong>sua,</strong></span> <span class='ocrx_word' id='word_1_689' title='bbox 1469 3605 1660 3660; x_wconf 91' lang='lat' dir='ltr'><strong>dicens</strong></span> <span class='ocrx_word' id='word_1_690' title='bbox 1694 3623 1705 3659; x_wconf 93' lang='lat'>:</span> 
     </span>
    </p>
   </div>
   <div class='ocr_carea' id='block_1_59' title="bbox 148 3688 1708 3768">
    <p class='ocr_par' dir='ltr' id='par_1_59' title="bbox 148 3688 1708 3768">
     <span class='ocr_line' id='line_1_59' title="bbox 148 3688 1708 3768; baseline 0.006 -25"><span class='ocrx_word' id='word_1_691' title='bbox 148 3688 412 3758; x_wconf 72' lang='lat' dir='ltr'><strong>Festinate,</strong></span> <span class='ocrx_word' id='word_1_692' title='bbox 445 3699 503 3747; x_wconf 88' lang='lat' dir='ltr'><strong>et</strong></span> <span class='ocrx_word' id='word_1_693' title='bbox 543 3692 777 3746; x_wconf 88' lang='lat' dir='ltr'><strong>liberate</strong></span> <span class='ocrx_word' id='word_1_694' title='bbox 822 3709 918 3747; x_wconf 82' lang='lat' dir='ltr'><strong>vos</strong></span> <span class='ocrx_word' id='word_1_695' title='bbox 949 3693 1018 3747; x_wconf 89' lang='lat' dir='ltr'><strong>de</strong></span> <span class='ocrx_word' id='word_1_696' title='bbox 1059 3693 1166 3748; x_wconf 89' lang='lat' dir='ltr'><strong>hoc</strong></span> <span class='ocrx_word' id='word_1_697' title='bbox 1207 3694 1406 3750; x_wconf 83' lang='lat' dir='ltr'><strong>saeculo</strong></span> <span class='ocrx_word' id='word_1_698' title='bbox 1443 3712 1708 3768; x_wconf 91' lang='lat' dir='ltr'><strong>nequam,</strong></span> 
     </span>
    </p>
   </div>
   <div class='ocr_carea' id='block_1_60' title="bbox 147 3780 1706 3853">
    <p class='ocr_par' dir='ltr' id='par_1_60' title="bbox 147 3780 1706 3853">
     <span class='ocr_line' id='line_1_60' title="bbox 147 3780 1706 3853; baseline 0.006 -21"><span class='ocrx_word' id='word_1_699' title='bbox 147 3780 284 3848; x_wconf 85' lang='lat' dir='ltr'><strong>pleno</strong></span> <span class='ocrx_word' id='word_1_700' title='bbox 311 3781 568 3853; x_wconf 84' lang='lat' dir='ltr'><strong>peccatis,</strong></span> <span class='ocrx_word' id='word_1_701' title='bbox 599 3787 665 3836; x_wconf 92' lang='lat' dir='ltr'><strong>ut</strong></span> <span class='ocrx_word' id='word_1_702' title='bbox 683 3782 826 3836; x_wconf 70' lang='lat' dir='ltr'><strong>sicut</strong></span> <span class='ocrx_word' id='word_1_703' title='bbox 859 3781 1067 3838; x_wconf 87' lang='lat' dir='ltr'><strong>fuimus</strong></span> <span class='ocrx_word' id='word_1_704' title='bbox 1094 3782 1152 3837; x_wconf 91' lang='lat' dir='ltr'><strong>in</strong></span> <span class='ocrx_word' id='word_1_705' title='bbox 1175 3783 1279 3838; x_wconf 92' lang='lat' dir='ltr'><strong>hoc</strong></span> <span class='ocrx_word' id='word_1_706' title='bbox 1300 3785 1500 3839; x_wconf 64' lang='lat' dir='ltr'><strong>saeculo</strong></span> <span class='ocrx_word' id='word_1_707' title='bbox 1521 3786 1706 3853; x_wconf 92' lang='lat' dir='ltr'><strong>simul,</strong></span> 
     </span>
    </p>
   </div>
   <div class='ocr_carea' id='block_1_61' title="bbox 145 3868 1710 3949">
    <p class='ocr_par' dir='ltr' id='par_1_61' title="bbox 145 3868 1710 3949">
     <span class='ocr_line' id='line_1_61' title="bbox 145 3868 1710 3949; baseline 0.007 -29"><span class='ocrx_word' id='word_1_708' title='bbox 145 3868 208 3922; x_wconf 84' lang='lat' dir='ltr'><strong>ita</strong></span> <span class='ocrx_word' id='word_1_709' title='bbox 231 3871 388 3925; x_wconf 85' lang='lat' dir='ltr'><strong>simul</strong></span> <span class='ocrx_word' id='word_1_710' title='bbox 413 3887 844 3942; x_wconf 88' lang='lat' dir='ltr'><strong>permaneamus</strong></span> <span class='ocrx_word' id='word_1_711' title='bbox 872 3871 994 3926; x_wconf 90' lang='lat' dir='ltr'><strong>sine</strong></span> <span class='ocrx_word' id='word_1_712' title='bbox 1022 3871 1213 3926; x_wconf 90' lang='lat' dir='ltr'><strong>dolore</strong></span> <span class='ocrx_word' id='word_1_713' title='bbox 1243 3872 1301 3928; x_wconf 91' lang='lat' dir='ltr'><strong>in</strong></span> <span class='ocrx_word' id='word_1_714' title='bbox 1330 3872 1445 3929; x_wconf 88' lang='lat' dir='ltr'><strong>vita</strong></span> <span class='ocrx_word' id='word_1_715' title='bbox 1472 3873 1570 3929; x_wconf 90' lang='lat' dir='ltr'><strong>illa</strong></span> <span class='ocrx_word' id='word_1_716' title='bbox 1589 3892 1710 3949; x_wconf 73' lang='lat' dir='ltr'><strong>quae</strong></span> 
     </span>
    </p>
   </div>
   <div class='ocr_carea' id='block_1_62' title="bbox 146 3959 576 4020">
    <p class='ocr_par' dir='ltr' id='par_1_62' title="bbox 146 3959 576 4020">
     <span class='ocr_line' id='line_1_62' title="bbox 146 3959 576 4020; baseline 0.016 -7"><span class='ocrx_word' id='word_1_717' title='bbox 146 3965 212 4013; x_wconf 83' lang='lat' dir='ltr'><strong>est</strong></span> <span class='ocrx_word' id='word_1_718' title='bbox 239 3959 576 4020; x_wconf 87' lang='lat' dir='ltr'><strong>beatissima.</strong></span> 
     </span>
    </p>
   </div>
   <div class='ocr_carea' id='block_1_63' title="bbox 200 4050 1713 4122">
    <p class='ocr_par' dir='ltr' id='par_1_63' title="bbox 200 4050 1713 4122">
     <span class='ocr_line' id='line_1_63' title="bbox 200 4050 1713 4122; baseline 0.005 -19"><span class='ocrx_word' id='word_1_719' title='bbox 200 4050 318 4104; x_wconf 73' lang='lat' dir='ltr'><strong>CAP.</strong></span> <span class='ocrx_word' id='word_1_720' title='bbox 345 4052 462 4106; x_wconf 79' lang='lat' dir='ltr'><strong>XII.</strong></span> <span class='ocrx_word' id='word_1_721' title='bbox 491 4083 558 4094; x_wconf 92' lang='lat'>—</span> <span class='ocrx_word' id='word_1_722' title='bbox 580 4051 788 4106; x_wconf 89' lang='lat' dir='ltr'><strong>Octava</strong></span> <span class='ocrx_word' id='word_1_723' title='bbox 806 4067 936 4106; x_wconf 88' lang='lat' dir='ltr'><strong>vero</strong></span> <span class='ocrx_word' id='word_1_724' title='bbox 966 4051 1076 4118; x_wconf 92' lang='lat' dir='ltr'><strong>die,</strong></span> <span class='ocrx_word' id='word_1_725' title='bbox 1107 4052 1332 4122; x_wconf 86' lang='lat' dir='ltr'><strong>quando</strong></span> <span class='ocrx_word' id='word_1_726' title='bbox 1358 4053 1601 4110; x_wconf 87' lang='lat' dir='ltr'><strong>habebat</strong></span> <span class='ocrx_word' id='word_1_727' title='bbox 1621 4055 1713 4110; x_wconf 87' lang='lat' dir='ltr'><strong>de-</strong></span> 
     </span>
    </p>
   </div>
   <div class='ocr_carea' id='block_1_64' title="bbox 144 4139 1714 4215">
    <p class='ocr_par' dir='ltr' id='par_1_64' title="bbox 144 4139 1714 4215">
     <span class='ocr_line' id='line_1_64' title="bbox 144 4139 1714 4215; baseline 0.005 -24"><span class='ocrx_word' id='word_1_728' title='bbox 144 4139 448 4206; x_wconf 75' lang='lat' dir='ltr'><strong>positionem</strong></span> <span class='ocrx_word' id='word_1_729' title='bbox 461 4141 718 4196; x_wconf 85' lang='lat' dir='ltr'><strong>albarum</strong></span> <span class='ocrx_word' id='word_1_730' title='bbox 732 4141 931 4208; x_wconf 86' lang='lat' dir='ltr'><strong>facere,</strong></span> <span class='ocrx_word' id='word_1_731' title='bbox 948 4159 1183 4212; x_wconf 87' lang='lat' dir='ltr'><strong>surgens</strong></span> <span class='ocrx_word' id='word_1_732' title='bbox 1195 4143 1544 4210; x_wconf 90' lang='lat' dir='ltr'><strong>nocte,nobis</strong></span> <span class='ocrx_word' id='word_1_733' title='bbox 1559 4145 1714 4215; x_wconf 88' lang='lat' dir='ltr'><strong>igno-</strong></span> 
     </span>
    </p>
   </div>
   <div class='ocr_carea' id='block_1_65' title="bbox 141 4499 1714 4563">
    <p class='ocr_par' dir='ltr' id='par_1_65' title="bbox 141 4499 1714 4563">
     <span class='ocr_line' id='line_1_65' title="bbox 141 4499 1714 4563; baseline 0.004 -13"><span class='ocrx_word' id='word_1_734' title='bbox 141 4500 237 4550; x_wconf 79' lang='lat' dir='ltr'><strong>tate</strong></span> <span class='ocrx_word' id='word_1_735' title='bbox 261 4499 574 4553; x_wconf 77' lang='lat' dir='ltr'><strong>Antiochia.</strong></span> <span class='ocrx_word' id='word_1_736' title='bbox 595 4500 774 4563; x_wconf 88' lang='lat' dir='ltr'><strong>Quam</strong></span> <span class='ocrx_word' id='word_1_737' title='bbox 794 4505 987 4554; x_wconf 88' lang='lat' dir='ltr'><strong>sancta</strong></span> <span class='ocrx_word' id='word_1_738' title='bbox 1003 4501 1255 4554; x_wconf 88' lang='lat' dir='ltr'><strong>Romana</strong></span> <span class='ocrx_word' id='word_1_739' title='bbox 1285 4501 1454 4556; x_wconf 83' lang='lat' dir='ltr'><strong>flebat</strong></span> <span class='ocrx_word' id='word_1_740' title='bbox 1477 4503 1714 4557; x_wconf 84' lang='lat' dir='ltr'><strong>amaris-</strong></span> 
     </span>
    </p>
   </div>
   <div class='ocr_carea' id='block_1_66' title="bbox 144 4584 1709 4658">
    <p class='ocr_par' dir='ltr' id='par_1_66' title="bbox 144 4584 1709 4658">
     <span class='ocr_line' id='line_1_66' title="bbox 144 4584 1709 4658; baseline 0.006 -21"><span class='ocrx_word' id='word_1_741' title='bbox 144 4584 281 4653; x_wconf 79' lang='lat' dir='ltr'><strong>sime,</strong></span> <span class='ocrx_word' id='word_1_742' title='bbox 307 4595 364 4642; x_wconf 89' lang='lat' dir='ltr'><strong>et</strong></span> <span class='ocrx_word' id='word_1_743' title='bbox 390 4593 621 4643; x_wconf 90' lang='lat' dir='ltr'><strong>sanctus</strong></span> <span class='ocrx_word' id='word_1_744' title='bbox 649 4589 882 4643; x_wconf 89' lang='lat' dir='ltr'><strong>Nonnus</strong></span> <span class='ocrx_word' id='word_1_745' title='bbox 903 4589 1296 4645; x_wconf 88' lang='lat' dir='ltr'><strong>consolabatur</strong></span> <span class='ocrx_word' id='word_1_746' title='bbox 1315 4607 1459 4658; x_wconf 90' lang='lat' dir='ltr'><strong>eam,</strong></span> <span class='ocrx_word' id='word_1_747' title='bbox 1484 4593 1672 4646; x_wconf 90' lang='lat' dir='ltr'><strong>dicens</strong></span> <span class='ocrx_word' id='word_1_748' title='bbox 1698 4611 1709 4645; x_wconf 91' lang='lat'>:</span> 
     </span>
    </p>
   </div>
   <div class='ocr_carea' id='block_1_67' title="bbox 140 4674 1713 4752">
    <p class='ocr_par' dir='ltr' id='par_1_67' title="bbox 140 4674 1713 4752">
     <span class='ocr_line' id='line_1_67' title="bbox 140 4674 1713 4752; baseline 0.007 -26"><span class='ocrx_word' id='word_1_749' title='bbox 140 4674 244 4729; x_wconf 71' lang='lat' dir='ltr'><strong>Noli</strong></span> <span class='ocrx_word' id='word_1_750' title='bbox 280 4679 432 4742; x_wconf 82' lang='lat' dir='ltr'><strong>ﬂere,</strong></span> <span class='ocrx_word' id='word_1_751' title='bbox 464 4679 601 4744; x_wconf 87' lang='lat' dir='ltr'><strong>filia,</strong></span> <span class='ocrx_word' id='word_1_752' title='bbox 634 4679 732 4732; x_wconf 89' lang='lat' dir='ltr'><strong>sed</strong></span> <span class='ocrx_word' id='word_1_753' title='bbox 752 4679 940 4733; x_wconf 72' lang='lat' dir='ltr'><strong>lzetare</strong></span> <span class='ocrx_word' id='word_1_754' title='bbox 965 4680 1172 4750; x_wconf 88' lang='lat' dir='ltr'><strong>gaudio</strong></span> <span class='ocrx_word' id='word_1_755' title='bbox 1200 4697 1426 4751; x_wconf 88' lang='lat' dir='ltr'><strong>magno,</strong></span> <span class='ocrx_word' id='word_1_756' title='bbox 1449 4683 1713 4752; x_wconf 89' lang='lat' dir='ltr'><strong>quoniam</strong></span> 
     </span>
    </p>
   </div>
   <div class='ocr_carea' id='block_1_68' title="bbox 138 4763 1712 4842">
    <p class='ocr_par' dir='ltr' id='par_1_68' title="bbox 138 4763 1712 4842">
     <span class='ocr_line' id='line_1_68' title="bbox 138 4763 1712 4842; baseline 0.005 -24"><span class='ocrx_word' id='word_1_757' title='bbox 138 4763 340 4837; x_wconf 84' lang='lat' dir='ltr'><strong>Pelagia</strong></span> <span class='ocrx_word' id='word_1_758' title='bbox 353 4768 626 4840; x_wconf 78' lang='lat' dir='ltr'><strong>Optimam</strong></span> <span class='ocrx_word' id='word_1_759' title='bbox 648 4768 962 4839; x_wconf 91' lang='lat' dir='ltr'><strong>portionem</strong></span> <span class='ocrx_word' id='word_1_760' title='bbox 979 4769 1164 4838; x_wconf 86' lang='lat' dir='ltr'><strong>elegit,</strong></span> <span class='ocrx_word' id='word_1_761' title='bbox 1181 4770 1328 4824; x_wconf 90' lang='lat' dir='ltr'><strong>sicut</strong></span> <span class='ocrx_word' id='word_1_762' title='bbox 1339 4771 1526 4838; x_wconf 83' lang='lat' dir='ltr'><strong>Maria,</strong></span> <span class='ocrx_word' id='word_1_763' title='bbox 1544 4789 1712 4842; x_wconf 89' lang='lat' dir='ltr'><strong>quam</strong></span> 
     </span>
    </p>
   </div>
   <div class='ocr_carea' id='block_1_69' title="bbox 135 4853 1713 4931">
    <p class='ocr_par' dir='ltr' id='par_1_69' title="bbox 135 4853 1713 4931">
     <span class='ocr_line' id='line_1_69' title="bbox 135 4853 1713 4931; baseline 0.005 -23"><span class='ocrx_word' id='word_1_764' title='bbox 135 4853 386 4912; x_wconf 80' lang='lat' dir='ltr'><strong>Dominus</strong></span> <span class='ocrx_word' id='word_1_765' title='bbox 416 4858 641 4929; x_wconf 65' lang='lat' dir='ltr'><strong>praefert</strong></span> <span class='ocrx_word' id='word_1_766' title='bbox 670 4859 904 4913; x_wconf 66' lang='lat' dir='ltr'><strong>Marthae</strong></span> <span class='ocrx_word' id='word_1_767' title='bbox 945 4858 1003 4912; x_wconf 92' lang='lat' dir='ltr'><strong>in</strong></span> <span class='ocrx_word' id='word_1_768' title='bbox 1047 4860 1363 4931; x_wconf 88' lang='lat' dir='ltr'><strong>Evangelio.</strong></span> <span class='ocrx_word' id='word_1_769' title='bbox 1394 4861 1497 4915; x_wconf 88' lang='lat' dir='ltr'><strong>Illa</strong></span> <span class='ocrx_word' id='word_1_770' title='bbox 1523 4868 1713 4916; x_wconf 87' lang='lat' dir='ltr'><strong>autem</strong></span> 
     </span>
    </p>
   </div>
   <div class='ocr_carea' id='block_1_70' title="bbox 134 4943 1713 5019">
    <p class='ocr_par' dir='ltr' id='par_1_70' title="bbox 134 4943 1713 5019">
     <span class='ocr_line' id='line_1_70' title="bbox 134 4943 1713 5019; baseline 0.007 -22"><span class='ocrx_word' id='word_1_771' title='bbox 134 4943 255 4999; x_wconf 78' lang='lat' dir='ltr'><strong>abiit</strong></span> <span class='ocrx_word' id='word_1_772' title='bbox 301 4948 735 5019; x_wconf 81' lang='lat' dir='ltr'><strong>Jerosolymam,</strong></span> <span class='ocrx_word' id='word_1_773' title='bbox 775 4954 832 5002; x_wconf 91' lang='lat' dir='ltr'><strong>et</strong></span> <span class='ocrx_word' id='word_1_774' title='bbox 876 4949 1187 5004; x_wconf 86' lang='lat' dir='ltr'><strong>construxit</strong></span> <span class='ocrx_word' id='word_1_775' title='bbox 1215 4949 1320 5004; x_wconf 91' lang='lat' dir='ltr'><strong>sibi</strong></span> <span class='ocrx_word' id='word_1_776' title='bbox 1350 4951 1608 5006; x_wconf 90' lang='lat' dir='ltr'><strong>cellulam</strong></span> <span class='ocrx_word' id='word_1_777' title='bbox 1653 4951 1713 5008; x_wconf 92' lang='lat' dir='ltr'><strong>in</strong></span> 
     </span>
    </p>
   </div>
   <div class='ocr_carea' id='block_1_71' title="bbox 133 5037 1226 5104">
    <p class='ocr_par' dir='ltr' id='par_1_71' title="bbox 133 5037 1226 5104">
     <span class='ocr_line' id='line_1_71' title="bbox 133 5037 1226 5104; baseline 0.004 -16"><span class='ocrx_word' id='word_1_778' title='bbox 133 5042 301 5090; x_wconf 87' lang='lat' dir='ltr'><strong>monte</strong></span> <span class='ocrx_word' id='word_1_779' title='bbox 332 5037 560 5104; x_wconf 86' lang='lat' dir='ltr'><strong>Oliveti,</strong></span> <span class='ocrx_word' id='word_1_780' title='bbox 595 5037 688 5092; x_wconf 92' lang='lat' dir='ltr'><strong>ubi</strong></span> <span class='ocrx_word' id='word_1_781' title='bbox 718 5038 990 5093; x_wconf 88' lang='lat' dir='ltr'><strong>Dominus</strong></span> <span class='ocrx_word' id='word_1_782' title='bbox 1028 5039 1226 5094; x_wconf 88' lang='lat' dir='ltr'><strong>oravit.</strong></span> 
     </span>
    </p>
   </div>
   <div class='ocr_carea' id='block_1_72' title="bbox 191 5125 1717 5202">
    <p class='ocr_par' dir='ltr' id='par_1_72' title="bbox 191 5125 1717 5202">
     <span class='ocr_line' id='line_1_72' title="bbox 191 5125 1717 5202; baseline 0.005 -24"><span class='ocrx_word' id='word_1_783' title='bbox 191 5125 314 5181; x_wconf 76' lang='lat' dir='ltr'><strong>CAP.</strong></span> <span class='ocrx_word' id='word_1_784' title='bbox 331 5127 488 5182; x_wconf 81' lang='lat' dir='ltr'><strong>XIII.</strong></span> <span class='ocrx_word' id='word_1_785' title='bbox 506 5158 570 5168; x_wconf 89' lang='lat'><strong>—</strong></span> <span class='ocrx_word' id='word_1_786' title='bbox 590 5128 725 5182; x_wconf 89' lang='lat' dir='ltr'><strong>Post</strong></span> <span class='ocrx_word' id='word_1_787' title='bbox 735 5127 1086 5199; x_wconf 89' lang='lat' dir='ltr'><strong>aliquantum</strong></span> <span class='ocrx_word' id='word_1_788' title='bbox 1100 5145 1230 5184; x_wconf 87' lang='lat' dir='ltr'><strong>vero</strong></span> <span class='ocrx_word' id='word_1_789' title='bbox 1243 5131 1512 5202; x_wconf 90' lang='lat' dir='ltr'><strong>temporis</strong></span> <span class='ocrx_word' id='word_1_790' title='bbox 1521 5147 1624 5186; x_wconf 91' lang='lat' dir='ltr'><strong>con</strong></span> <span class='ocrx_word' id='word_1_791' title='bbox 1631 5147 1717 5186; x_wconf 93' lang='lat' dir='ltr'><strong>vo-</strong></span> 
     </span>
    </p>
   </div>
   <div class='ocr_carea' id='block_1_73' title="bbox 131 5213 1716 5292">
    <p class='ocr_par' dir='ltr' id='par_1_73' title="bbox 131 5213 1716 5292">
     <span class='ocr_line' id='line_1_73' title="bbox 131 5213 1716 5292; baseline 0.008 -27"><span class='ocrx_word' id='word_1_792' title='bbox 131 5213 256 5269; x_wconf 77' lang='lat' dir='ltr'><strong>cavit</strong></span> <span class='ocrx_word' id='word_1_793' title='bbox 282 5216 582 5288; x_wconf 90' lang='lat' dir='ltr'><strong>episcopus</strong></span> <span class='ocrx_word' id='word_1_794' title='bbox 611 5217 853 5272; x_wconf 82' lang='lat' dir='ltr'><strong>civitatis</strong></span> <span class='ocrx_word' id='word_1_795' title='bbox 873 5235 1066 5273; x_wconf 91' lang='lat' dir='ltr'><strong>omnes</strong></span> <span class='ocrx_word' id='word_1_796' title='bbox 1096 5219 1404 5292; x_wconf 87' lang='lat' dir='ltr'><strong>episcopos,</strong></span> <span class='ocrx_word' id='word_1_797' title='bbox 1439 5226 1504 5276; x_wconf 91' lang='lat' dir='ltr'><strong>ut</strong></span> <span class='ocrx_word' id='word_1_798' title='bbox 1540 5237 1716 5277; x_wconf 89' lang='lat' dir='ltr'><strong>unus-</strong></span> 
     </span>
    </p>
   </div>
   <div class='ocr_carea' id='block_1_74' title="bbox 131 5303 1718 5380">
    <p class='ocr_par' dir='ltr' id='par_1_74' title="bbox 131 5303 1718 5380">
     <span class='ocr_line' id='line_1_74' title="bbox 131 5303 1718 5380; baseline 0.006 -24"><span class='ocrx_word' id='word_1_799' title='bbox 131 5303 348 5377; x_wconf 86' lang='lat' dir='ltr'><strong>quisque</strong></span> <span class='ocrx_word' id='word_1_800' title='bbox 380 5312 763 5362; x_wconf 86' lang='lat' dir='ltr'><strong>reverteretur</strong></span> <span class='ocrx_word' id='word_1_801' title='bbox 790 5309 860 5362; x_wconf 91' lang='lat' dir='ltr'><strong>ad</strong></span> <span class='ocrx_word' id='word_1_802' title='bbox 890 5308 1135 5380; x_wconf 87' lang='lat' dir='ltr'><strong>propria.</strong></span> <span class='ocrx_word' id='word_1_803' title='bbox 1167 5314 1358 5376; x_wconf 75' lang='lat'><strong>380</strong></span> <span class='ocrx_word' id='word_1_804' title='bbox 1385 5312 1520 5366; x_wconf 90' lang='lat' dir='ltr'><strong>Post</strong></span> <span class='ocrx_word' id='word_1_805' title='bbox 1547 5311 1718 5366; x_wconf 87' lang='lat' dir='ltr'><strong>trien-</strong></span> 
     </span>
    </p>
   </div>
   <div class='ocr_carea' id='block_1_75' title="bbox 130 5392 1718 5472">
    <p class='ocr_par' dir='ltr' id='par_1_75' title="bbox 130 5392 1718 5472">
     <span class='ocr_line' id='line_1_75' title="bbox 130 5392 1718 5472; baseline 0.006 -25"><span class='ocrx_word' id='word_1_806' title='bbox 130 5392 267 5449; x_wconf 89' lang='lat' dir='ltr'><strong>nium</strong></span> <span class='ocrx_word' id='word_1_807' title='bbox 283 5401 386 5451; x_wconf 89' lang='lat' dir='ltr'><strong>aut</strong></span> <span class='ocrx_word' id='word_1_808' title='bbox 407 5396 844 5468; x_wconf 84' lang='lat' dir='ltr'><strong>quadriennium</strong></span> <span class='ocrx_word' id='word_1_809' title='bbox 869 5398 1158 5470; x_wconf 90' lang='lat' dir='ltr'><strong>temporis,</strong></span> <span class='ocrx_word' id='word_1_810' title='bbox 1181 5399 1490 5454; x_wconf 90' lang='lat' dir='ltr'><strong>desideravi</strong></span> <span class='ocrx_word' id='word_1_811' title='bbox 1515 5403 1718 5472; x_wconf 88' lang='lat' dir='ltr'><strong>egoJa-</strong></span> 
     </span>
    </p>
   </div>
   <div class='ocr_carea' id='block_1_76' title="bbox 127 5481 1719 5560">
    <p class='ocr_par' dir='ltr' id='par_1_76' title="bbox 127 5481 1719 5560">
     <span class='ocr_line' id='line_1_76' title="bbox 127 5481 1719 5560; baseline 0.006 -24"><span class='ocrx_word' id='word_1_812' title='bbox 127 5481 280 5540; x_wconf 82' lang='lat' dir='ltr'><strong>cobus</strong></span> <span class='ocrx_word' id='word_1_813' title='bbox 309 5486 588 5541; x_wconf 86' lang='lat' dir='ltr'><strong>diaconus</strong></span> <span class='ocrx_word' id='word_1_814' title='bbox 605 5487 882 5559; x_wconf 77' lang='lat' dir='ltr'><strong>proficisci</strong></span> <span class='ocrx_word' id='word_1_815' title='bbox 911 5488 1418 5560; x_wconf 81' lang='lat' dir='ltr'><strong>Jerosolymam,ut</strong></span> <span class='ocrx_word' id='word_1_816' title='bbox 1437 5489 1511 5544; x_wconf 91' lang='lat' dir='ltr'><strong>ibi</strong></span> <span class='ocrx_word' id='word_1_817' title='bbox 1523 5491 1719 5546; x_wconf 86' lang='lat' dir='ltr'><strong>adora-</strong></span> 
     </span>
    </p>
   </div>
   <div class='ocr_carea' id='block_1_77' title="bbox 129 5576 1720 5650">
    <p class='ocr_par' dir='ltr' id='par_1_77' title="bbox 129 5576 1720 5650">
     <span class='ocr_line' id='line_1_77' title="bbox 129 5576 1720 5650; baseline 0.006 -22"><span class='ocrx_word' id='word_1_818' title='bbox 129 5587 235 5631; x_wconf 83' lang='lat' dir='ltr'><strong>rem</strong></span> <span class='ocrx_word' id='word_1_819' title='bbox 264 5576 739 5635; x_wconf 83' lang='lat' dir='ltr'><strong>resurrectionem</strong></span> <span class='ocrx_word' id='word_1_820' title='bbox 768 5577 990 5635; x_wconf 89' lang='lat' dir='ltr'><strong>Domini</strong></span> <span class='ocrx_word' id='word_1_821' title='bbox 1014 5579 1190 5635; x_wconf 90' lang='lat' dir='ltr'><strong>nostri</strong></span> <span class='ocrx_word' id='word_1_822' title='bbox 1230 5580 1260 5636; x_wconf 91' lang='lat' dir='ltr'><strong>J</strong></span> <span class='ocrx_word' id='word_1_823' title='bbox 1265 5595 1364 5637; x_wconf 85' lang='lat' dir='ltr'><strong>esu</strong></span> <span class='ocrx_word' id='word_1_824' title='bbox 1402 5579 1628 5650; x_wconf 85' lang='lat' dir='ltr'><strong>Christi,</strong></span> <span class='ocrx_word' id='word_1_825' title='bbox 1664 5586 1720 5640; x_wconf 90' lang='lat' dir='ltr'><strong>et</strong></span> 
     </span>
    </p>
   </div>
   <div class='ocr_carea' id='block_1_78' title="bbox 1797 4500 3391 4570">
    <p class='ocr_par' dir='ltr' id='par_1_78' title="bbox 1797 4500 3391 4570">
     <span class='ocr_line' id='line_1_78' title="bbox 1797 4500 3391 4570; baseline -0.005 -13"><span class='ocrx_word' id='word_1_826' title='bbox 1797 4508 2050 4557; x_wconf 86' lang='lat' dir='ltr'><strong>suerunt.</strong></span> <span class='ocrx_word' id='word_1_827' title='bbox 2073 4503 2145 4557; x_wconf 83' lang='lat' dir='ltr'><strong>Et</strong></span> <span class='ocrx_word' id='word_1_828' title='bbox 2169 4502 2303 4556; x_wconf 91' lang='lat' dir='ltr'><strong>dum</strong></span> <span class='ocrx_word' id='word_1_829' title='bbox 2325 4500 2501 4555; x_wconf 89' lang='lat' dir='ltr'><strong>sancti</strong></span> <span class='ocrx_word' id='word_1_830' title='bbox 2516 4505 2704 4570; x_wconf 89' lang='lat' dir='ltr'><strong>patres</strong></span> <span class='ocrx_word' id='word_1_831' title='bbox 2723 4502 3006 4569; x_wconf 89' lang='lat' dir='ltr'><strong>ungerent</strong></span> <span class='ocrx_word' id='word_1_832' title='bbox 3024 4514 3224 4568; x_wconf 89' lang='lat' dir='ltr'><strong>corpus</strong></span> <span class='ocrx_word' id='word_1_833' title='bbox 3242 4512 3391 4567; x_wconf 89' lang='lat' dir='ltr'><strong>myr-</strong></span> 
     </span>
    </p>
   </div>
   <div class='ocr_carea' id='block_1_79' title="bbox 1797 4585 3396 4662">
    <p class='ocr_par' dir='ltr' id='par_1_79' title="bbox 1797 4585 3396 4662">
     <span class='ocr_line' id='line_1_79' title="bbox 1797 4585 3396 4662; baseline -0.006 -15"><span class='ocrx_word' id='word_1_834' title='bbox 1797 4593 1919 4657; x_wconf 89' lang='lat' dir='ltr'><strong>rha,</strong></span> <span class='ocrx_word' id='word_1_835' title='bbox 1947 4597 2081 4647; x_wconf 91' lang='lat' dir='ltr'><strong>tunc</strong></span> <span class='ocrx_word' id='word_1_836' title='bbox 2112 4595 2493 4662; x_wconf 89' lang='lat' dir='ltr'><strong>cognoverunt</strong></span> <span class='ocrx_word' id='word_1_837' title='bbox 2514 4589 2662 4661; x_wconf 89' lang='lat' dir='ltr'><strong>quod</strong></span> <span class='ocrx_word' id='word_1_838' title='bbox 2693 4588 2890 4643; x_wconf 90' lang='lat' dir='ltr'><strong>fuisset</strong></span> <span class='ocrx_word' id='word_1_839' title='bbox 2917 4587 3152 4641; x_wconf 88' lang='lat' dir='ltr'><strong>mulier:</strong></span> <span class='ocrx_word' id='word_1_840' title='bbox 3179 4585 3274 4658; x_wconf 90' lang='lat' dir='ltr'><strong>qui</strong></span> <span class='ocrx_word' id='word_1_841' title='bbox 3303 4601 3396 4638; x_wconf 91' lang='lat' dir='ltr'><strong>vo-</strong></span> 
     </span>
    </p>
   </div>
   <div class='ocr_carea' id='block_1_80' title="bbox 1797 4675 3393 4748">
    <p class='ocr_par' dir='ltr' id='par_1_80' title="bbox 1797 4675 3393 4748">
     <span class='ocr_line' id='line_1_80' title="bbox 1797 4675 3393 4748; baseline -0.006 -12"><span class='ocrx_word' id='word_1_842' title='bbox 1797 4683 1975 4736; x_wconf 90' lang='lat' dir='ltr'><strong>lentes</strong></span> <span class='ocrx_word' id='word_1_843' title='bbox 2017 4682 2348 4736; x_wconf 90' lang='lat' dir='ltr'><strong>miraculum</strong></span> <span class='ocrx_word' id='word_1_844' title='bbox 2378 4680 2737 4745; x_wconf 88' lang='lat' dir='ltr'><strong>abscondere,</strong></span> <span class='ocrx_word' id='word_1_845' title='bbox 2780 4678 2877 4732; x_wconf 90' lang='lat' dir='ltr'><strong>sed</strong></span> <span class='ocrx_word' id='word_1_846' title='bbox 2908 4677 3178 4748; x_wconf 90' lang='lat' dir='ltr'><strong>populum</strong></span> <span class='ocrx_word' id='word_1_847' title='bbox 3208 4675 3393 4746; x_wconf 89' lang='lat' dir='ltr'><strong>ipsum</strong></span> 
     </span>
    </p>
   </div>
   <div class='ocr_carea' id='block_1_81' title="bbox 1796 4763 3394 4842">
    <p class='ocr_par' dir='ltr' id='par_1_81' title="bbox 1796 4763 3394 4842">
     <span class='ocr_line' id='line_1_81' title="bbox 1796 4763 3394 4842; baseline -0.006 -16"><span class='ocrx_word' id='word_1_848' title='bbox 1796 4773 1973 4826; x_wconf 88' lang='lat' dir='ltr'><strong>latere</strong></span> <span class='ocrx_word' id='word_1_849' title='bbox 2000 4788 2112 4826; x_wconf 90' lang='lat' dir='ltr'><strong>non</strong></span> <span class='ocrx_word' id='word_1_850' title='bbox 2143 4777 2379 4842; x_wconf 89' lang='lat' dir='ltr'><strong>poterat,</strong></span> <span class='ocrx_word' id='word_1_851' title='bbox 2415 4770 2870 4824; x_wconf 87' lang='lat' dir='ltr'><strong>exclamaverunt</strong></span> <span class='ocrx_word' id='word_1_852' title='bbox 2898 4781 3028 4820; x_wconf 90' lang='lat' dir='ltr'><strong>voce</strong></span> <span class='ocrx_word' id='word_1_853' title='bbox 3056 4781 3280 4835; x_wconf 85' lang='lat' dir='ltr'><strong>magna,</strong></span> <span class='ocrx_word' id='word_1_854' title='bbox 3305 4763 3394 4818; x_wconf 88' lang='lat' dir='ltr'><strong>di-</strong></span> 
     </span>
    </p>
   </div>
   <div class='ocr_carea' id='block_1_82' title="bbox 1796 4853 3392 4926">
    <p class='ocr_par' dir='ltr' id='par_1_82' title="bbox 1796 4853 3392 4926">
     <span class='ocr_line' id='line_1_82' title="bbox 1796 4853 3392 4926; baseline -0.006 -10"><span class='ocrx_word' id='word_1_855' title='bbox 1796 4867 2017 4917; x_wconf 87' lang='lat' dir='ltr'><strong>centes:</strong></span> <span class='ocrx_word' id='word_1_856' title='bbox 2047 4862 2238 4916; x_wconf 89' lang='lat' dir='ltr'><strong>Gloria</strong></span> <span class='ocrx_word' id='word_1_857' title='bbox 2267 4859 2386 4926; x_wconf 91' lang='lat' dir='ltr'><strong>tibi,</strong></span> <span class='ocrx_word' id='word_1_858' title='bbox 2420 4858 2656 4914; x_wconf 91' lang='lat' dir='ltr'><strong>Domine</strong></span> <span class='ocrx_word' id='word_1_859' title='bbox 2685 4858 2816 4912; x_wconf 90' lang='lat' dir='ltr'><strong>Jesu</strong></span> <span class='ocrx_word' id='word_1_860' title='bbox 2846 4854 3086 4922; x_wconf 88' lang='lat' dir='ltr'><strong>Christe,</strong></span> <span class='ocrx_word' id='word_1_861' title='bbox 3128 4853 3223 4926; x_wconf 93' lang='lat' dir='ltr'><strong>qui</strong></span> <span class='ocrx_word' id='word_1_862' title='bbox 3250 4853 3392 4908; x_wconf 89' lang='lat' dir='ltr'><strong>mul-</strong></span> 
     </span>
    </p>
   </div>
   <div class='ocr_carea' id='block_1_83' title="bbox 1794 4944 3392 5018">
    <p class='ocr_par' dir='ltr' id='par_1_83' title="bbox 1794 4944 3392 5018">
     <span class='ocr_line' id='line_1_83' title="bbox 1794 4944 3392 5018; baseline -0.005 -12"><span class='ocrx_word' id='word_1_863' title='bbox 1794 4957 1882 5006; x_wconf 88' lang='lat' dir='ltr'><strong>tas</strong></span> <span class='ocrx_word' id='word_1_864' title='bbox 1903 4951 2124 5006; x_wconf 89' lang='lat' dir='ltr'><strong>divitias</strong></span> <span class='ocrx_word' id='word_1_865' title='bbox 2141 4950 2437 5005; x_wconf 90' lang='lat' dir='ltr'><strong>absconsas</strong></span> <span class='ocrx_word' id='word_1_866' title='bbox 2457 4948 2630 5002; x_wconf 89' lang='lat' dir='ltr'><strong>habes</strong></span> <span class='ocrx_word' id='word_1_867' title='bbox 2643 4962 2812 5018; x_wconf 89' lang='lat' dir='ltr'><strong>super</strong></span> <span class='ocrx_word' id='word_1_868' title='bbox 2831 4951 3060 5011; x_wconf 85' lang='lat' dir='ltr'><strong>terram,</strong></span> <span class='ocrx_word' id='word_1_869' title='bbox 3075 4960 3188 4999; x_wconf 89' lang='lat' dir='ltr'><strong>non</strong></span> <span class='ocrx_word' id='word_1_870' title='bbox 3210 4944 3392 4999; x_wconf 87' lang='lat' dir='ltr'><strong>solum</strong></span> 
     </span>
    </p>
   </div>
   <div class='ocr_carea' id='block_1_84' title="bbox 1798 5035 3394 5107">
    <p class='ocr_par' dir='ltr' id='par_1_84' title="bbox 1798 5035 3394 5107">
     <span class='ocr_line' id='line_1_84' title="bbox 1798 5035 3394 5107; baseline -0.004 -12"><span class='ocrx_word' id='word_1_871' title='bbox 1798 5042 2004 5107; x_wconf 89' lang='lat' dir='ltr'><strong>viriles,</strong></span> <span class='ocrx_word' id='word_1_872' title='bbox 2020 5041 2118 5096; x_wconf 89' lang='lat' dir='ltr'><strong>sed</strong></span> <span class='ocrx_word' id='word_1_873' title='bbox 2148 5040 2318 5095; x_wconf 90' lang='lat' dir='ltr'><strong>etiam</strong></span> <span class='ocrx_word' id='word_1_874' title='bbox 2350 5037 2666 5093; x_wconf 89' lang='lat' dir='ltr'><strong>muliebres.</strong></span> <span class='ocrx_word' id='word_1_875' title='bbox 2701 5035 3062 5106; x_wconf 88' lang='lat' dir='ltr'><strong>Divulgatum</strong></span> <span class='ocrx_word' id='word_1_876' title='bbox 3091 5038 3177 5089; x_wconf 92' lang='lat' dir='ltr'><strong>est</strong></span> <span class='ocrx_word' id='word_1_877' title='bbox 3203 5039 3394 5090; x_wconf 88' lang='lat' dir='ltr'><strong>autem</strong></span> 
     </span>
    </p>
   </div>
   <div class='ocr_carea' id='block_1_85' title="bbox 1799 5123 3396 5202">
    <p class='ocr_par' dir='ltr' id='par_1_85' title="bbox 1799 5123 3396 5202">
     <span class='ocr_line' id='line_1_85' title="bbox 1799 5123 3396 5202; baseline -0.006 -16"><span class='ocrx_word' id='word_1_878' title='bbox 1799 5131 1950 5186; x_wconf 90' lang='lat' dir='ltr'><strong>omni</strong></span> <span class='ocrx_word' id='word_1_879' title='bbox 1980 5130 2201 5202; x_wconf 88' lang='lat' dir='ltr'><strong>populo,</strong></span> <span class='ocrx_word' id='word_1_880' title='bbox 2237 5133 2295 5183; x_wconf 89' lang='lat' dir='ltr'><strong>et</strong></span> <span class='ocrx_word' id='word_1_881' title='bbox 2329 5131 2604 5182; x_wconf 89' lang='lat' dir='ltr'><strong>venerunt</strong></span> <span class='ocrx_word' id='word_1_882' title='bbox 2630 5124 2820 5180; x_wconf 90' lang='lat' dir='ltr'><strong>omnia</strong></span> <span class='ocrx_word' id='word_1_883' title='bbox 2859 5123 3200 5179; x_wconf 86' lang='lat' dir='ltr'><strong>monasteria</strong></span> <span class='ocrx_word' id='word_1_884' title='bbox 3228 5123 3396 5194; x_wconf 85' lang='lat' dir='ltr'><strong>virgi-</strong></span> 
     </span>
    </p>
   </div>
   <div class='ocr_carea' id='block_1_86' title="bbox 1799 5212 3394 5287">
    <p class='ocr_par' dir='ltr' id='par_1_86' title="bbox 1799 5212 3394 5287">
     <span class='ocr_line' id='line_1_86' title="bbox 1799 5212 3394 5287; baseline -0.007 -10"><span class='ocrx_word' id='word_1_885' title='bbox 1799 5237 1954 5287; x_wconf 92' lang='lat' dir='ltr'><strong>num,</strong></span> <span class='ocrx_word' id='word_1_886' title='bbox 1982 5225 2100 5274; x_wconf 90' lang='lat' dir='ltr'><strong>tam</strong></span> <span class='ocrx_word' id='word_1_887' title='bbox 2130 5220 2199 5274; x_wconf 91' lang='lat' dir='ltr'><strong>de</strong></span> <span class='ocrx_word' id='word_1_888' title='bbox 2226 5217 2467 5284; x_wconf 88' lang='lat' dir='ltr'><strong>Jericho,</strong></span> <span class='ocrx_word' id='word_1_889' title='bbox 2501 5232 2671 5287; x_wconf 88' lang='lat' dir='ltr'><strong>quam</strong></span> <span class='ocrx_word' id='word_1_890' title='bbox 2700 5231 2764 5269; x_wconf 85' lang='lat' dir='ltr'><strong>ex</strong></span> <span class='ocrx_word' id='word_1_891' title='bbox 2794 5213 3058 5280; x_wconf 90' lang='lat' dir='ltr'><strong>Jordane,</strong></span> <span class='ocrx_word' id='word_1_892' title='bbox 3080 5212 3176 5267; x_wconf 90' lang='lat' dir='ltr'><strong>ubi</strong></span> <span class='ocrx_word' id='word_1_893' title='bbox 3197 5213 3394 5268; x_wconf 89' lang='lat' dir='ltr'><strong>Domi-</strong></span> 
     </span>
    </p>
   </div>
   <div class='ocr_carea' id='block_1_87' title="bbox 1799 5303 3391 5382">
    <p class='ocr_par' dir='ltr' id='par_1_87' title="bbox 1799 5303 3391 5382">
     <span class='ocr_line' id='line_1_87' title="bbox 1799 5303 3391 5382; baseline -0.006 -16"><span class='ocrx_word' id='word_1_894' title='bbox 1799 5329 1905 5366; x_wconf 91' lang='lat' dir='ltr'><strong>nus</strong></span> <span class='ocrx_word' id='word_1_895' title='bbox 1925 5310 2238 5382; x_wconf 89' lang='lat' dir='ltr'><strong>baptizatus</strong></span> <span class='ocrx_word' id='word_1_896' title='bbox 2259 5313 2362 5374; x_wconf 88' lang='lat' dir='ltr'><strong>est,</strong></span> <span class='ocrx_word' id='word_1_897' title='bbox 2397 5321 2525 5362; x_wconf 91' lang='lat' dir='ltr'><strong>cum</strong></span> <span class='ocrx_word' id='word_1_898' title='bbox 2551 5304 2744 5370; x_wconf 90' lang='lat' dir='ltr'><strong>cereis,</strong></span> <span class='ocrx_word' id='word_1_899' title='bbox 2768 5303 3120 5376; x_wconf 88' lang='lat' dir='ltr'><strong>lampadibus</strong></span> <span class='ocrx_word' id='word_1_900' title='bbox 3147 5308 3203 5357; x_wconf 87' lang='lat' dir='ltr'><strong>et</strong></span> <span class='ocrx_word' id='word_1_901' title='bbox 3232 5304 3391 5374; x_wconf 87' lang='lat' dir='ltr'><strong>hym—</strong></span> 
     </span>
    </p>
   </div>
   <div class='ocr_carea' id='block_1_88' title="bbox 1799 5394 3392 5470">
    <p class='ocr_par' dir='ltr' id='par_1_88' title="bbox 1799 5394 3392 5470">
     <span class='ocr_line' id='line_1_88' title="bbox 1799 5394 3392 5470; baseline -0.007 -14"><span class='ocrx_word' id='word_1_902' title='bbox 1799 5403 1913 5467; x_wconf 88' lang='lat' dir='ltr'><strong>nis;</strong></span> <span class='ocrx_word' id='word_1_903' title='bbox 1947 5406 2005 5455; x_wconf 91' lang='lat' dir='ltr'><strong>et</strong></span> <span class='ocrx_word' id='word_1_904' title='bbox 2021 5399 2100 5454; x_wconf 92' lang='lat' dir='ltr'><strong>sic</strong></span> <span class='ocrx_word' id='word_1_905' title='bbox 2126 5397 2391 5470; x_wconf 72' lang='lat' dir='ltr'><strong>depositae</strong></span> <span class='ocrx_word' id='word_1_906' title='bbox 2418 5400 2550 5452; x_wconf 90' lang='lat' dir='ltr'><strong>sunt</strong></span> <span class='ocrx_word' id='word_1_907' title='bbox 2579 5400 2783 5450; x_wconf 85' lang='lat' dir='ltr'><strong>sanctae</strong></span> <span class='ocrx_word' id='word_1_908' title='bbox 2814 5394 3065 5466; x_wconf 67' lang='lat' dir='ltr'><strong>reliquiae</strong></span> <span class='ocrx_word' id='word_1_909' title='bbox 3092 5394 3232 5464; x_wconf 91' lang='lat' dir='ltr'><strong>ejus,</strong></span> <span class='ocrx_word' id='word_1_910' title='bbox 3261 5407 3392 5464; x_wconf 89' lang='lat' dir='ltr'><strong>por-</strong></span> 
     </span>
    </p>
   </div>
   <div class='ocr_carea' id='block_1_89' title="bbox 1799 5486 2513 5560">
    <p class='ocr_par' dir='ltr' id='par_1_89' title="bbox 1799 5486 2513 5560">
     <span class='ocr_line' id='line_1_89' title="bbox 1799 5486 2513 5560; baseline -0.007 -14"><span class='ocrx_word' id='word_1_911' title='bbox 1799 5495 1930 5546; x_wconf 59' lang='lat' dir='ltr'><strong>tata</strong></span> <span class='ocrx_word' id='word_1_912' title='bbox 1955 5507 1988 5544; x_wconf 88' lang='lat' dir='ltr'><strong>a</strong></span> <span class='ocrx_word' id='word_1_913' title='bbox 2014 5487 2222 5545; x_wconf 84' lang='lat' dir='ltr'><strong>sanctis</strong></span> <span class='ocrx_word' id='word_1_914' title='bbox 2243 5486 2513 5560; x_wconf 87' lang='lat' dir='ltr'><strong>patribus.</strong></span> 
     </span>
    </p>
   </div>
   <div class='ocr_carea' id='block_1_90' title="bbox 1871 5571 3389 5647">
    <p class='ocr_par' dir='ltr' id='par_1_90' title="bbox 1871 5571 3389 5647">
     <span class='ocr_line' id='line_1_90' title="bbox 1871 5571 3389 5647; baseline -0.011 -7"><span class='ocrx_word' id='word_1_915' title='bbox 1871 5581 2002 5640; x_wconf 83' lang='lat' dir='ltr'><strong>Haec</strong></span> <span class='ocrx_word' id='word_1_916' title='bbox 2037 5579 2153 5637; x_wconf 83' lang='lat' dir='ltr'><strong>vita</strong></span> <span class='ocrx_word' id='word_1_917' title='bbox 2183 5577 2516 5646; x_wconf 87' lang='lat' dir='ltr'><strong>meretricis,</strong></span> <span class='ocrx_word' id='word_1_918' title='bbox 2556 5577 2675 5634; x_wconf 82' lang='lat' dir='ltr'><strong>haec</strong></span> <span class='ocrx_word' id='word_1_919' title='bbox 2703 5575 3050 5636; x_wconf 81' lang='lat' dir='ltr'><strong>conversatio</strong></span> <span class='ocrx_word' id='word_1_920' title='bbox 3085 5571 3389 5647; x_wconf 75' lang='lat' dir='ltr'><strong>desperatae</strong></span> 
     </span>
    </p>
   </div>
  </div>
