3954 6190
186 316 297 376 673
926 259 1123 368 .VITA
1161 309 1461 367 SANCTE
1498 305 1750 367 MARDE
1785 297 2257 368 EGYPTIACE,
2299 297 2749 356 MERETRICIS.
3393 301 3496 362 674
3538 358 3541 359 ,

178 443 490 515 judicium,
540 441 638 514 qui
694 456 730 494 a
764 437 991 494 domino
1039 437 1318 492 talentum
1362 435 1660 509 accipiens,
1692 431 1908 488 fodiens
1956 428 2016 491 in
2062 431 2275 508 terram
2312 426 2621 493 abscondit,
2672 431 2729 481 et
2760 426 2956 482 datum
3000 425 3071 481 ad
3107 427 3492 499 operationem

181 532 393 588 celavit
428 538 587 587 extra
611 528 1055 601 negotiationem
1094 527 1314 598 (Matth.
1349 528 1496 596 xxv),
1530 540 1744 580 sacram
1788 521 1858 575 ad
1888 535 1977 574 me
2008 518 2285 590 prolatam
2321 516 2706 573 narrationem
2752 533 3108 588 nequaquam
3140 516 3335 573 silebo.
3383 518 3492 575 Sed

183 622 384 677 nullus
423 620 564 676 mihi
585 620 659 676 sit
685 618 1008 674 incredulus
1039 615 1306 671 scribenti
1335 616 1404 671 de
1432 615 1512 670 eis
1543 631 1665 686 quae
1695 609 1900 675 audivi,
1931 624 2033 663 nec
2074 609 2373 679 quisquam
2403 623 2501 668 me,
2522 607 2751 662 mentiri
2774 607 3029 675 aestimet,
3063 608 3133 662 de
3163 608 3243 663 rei
3272 611 3494 681 magni-

183 711 392 766 tudine
420 709 706 766 dubitans.
734 707 871 764 Mihi
913 706 1066 761 enim
1101 704 1250 761 absit
1278 705 1450 761 sacris
1482 701 1707 759 mentiri
1736 698 1924 765 rebus,
1949 703 2006 751 et
2035 697 2342 751 adulterari
2368 697 2620 762 verbum,
2652 696 2747 751 ubi
2777 697 2926 752 Deus
2955 704 3325 753 memoratur.
3358 700 3493 771 Ejus

183 804 407 866 autem,
432 801 529 872 qui
562 799 801 854 minima
835 796 1119 867 intelligit,
1150 800 1208 851 et
1244 795 1528 865 indignius
1558 794 1627 848 de
1655 790 1757 848 Dei
1790 786 2197 858 magnitudine,
2230 786 2325 858 qui
2356 803 2580 841 carnem
2613 787 2939 857 assumpsit,
2973 791 3029 841 et
3058 788 3379 843 incredulus
3409 795 3494 845 est

184 890 301 945 ista
327 890 562 957 dicenti,
596 905 709 943 non
739 887 878 942 mihi
910 884 1216 958 pertinebit
1241 884 1571 956 periculum.
1606 882 1663 937 Si
1697 881 1793 952 qui
1823 882 2013 932 autem
2051 875 2133 930 illi
2176 881 2307 930 sunt
2335 875 2430 946 qui
2463 876 2632 946 hujus
2670 875 2962 946 scripturae
2988 876 3229 947 legerint
3256 882 3491 946 textum,

185 979 615 1051 gloriosamque
646 978 731 1031 rei
760 975 1192 1031 admirationem
1221 990 1357 1028 sane
1386 973 1613 1027 credere
1640 970 1950 1034 renuerint,
1999 976 2055 1024 et
2089 968 2198 1021 illis
2233 966 2508 1022 Dominus
2556 968 2910 1035 misereatur,
2951 967 3231 1040 faciatque
3261 987 3494 1043 capaces

183 1068 374 1123 sancti
400 1067 574 1133 verbi,
604 1083 674 1121 ne
705 1066 787 1119 rei
830 1064 1073 1119 existant
1100 1063 1203 1117 Dei
1233 1062 1658 1127 miraculorum,
1696 1077 1818 1131 quae
1852 1060 2015 1131 plura
2044 1058 2102 1113 in
2134 1057 2249 1113 suis
2279 1057 2403 1111 ﬁeri
2433 1057 2850 1128 praedestinavit
2879 1057 3070 1112 electis
3097 1080 3107 1113 :
3142 1061 3406 1131 quoniam
3439 1067 3496 1118 et

184 1156 298 1228 ipsi
320 1157 589 1211 humana:
616 1161 835 1209 natura:
864 1153 1092 1207 infirma
1121 1150 1557 1217 considerantes,
1585 1148 1953 1221 impossibilia
1982 1149 2297 1204 decernunt
2325 1164 2391 1202 ea
2426 1164 2548 1219 quae
2580 1147 2649 1201 de
2674 1146 2999 1203 hominibus
3029 1148 3234 1203 sanctis
3251 1150 3497 1220 gloriosa

185 1245 486 1303 dicuntur.
509 1246 810 1299 Assumam
845 1242 914 1297 de
941 1247 1141 1297 caetero
1173 1240 1574 1305 narrationem,
1610 1238 1791 1310 ipsam
1840 1255 1963 1293 rem
2000 1238 2267 1300 referens,
2312 1254 2440 1309 quae:
2465 1237 2523 1291 in
2553 1237 2659 1291 hac
2705 1241 2899 1292 nostra
2942 1237 3307 1308 generatione
3353 1240 3501 1297 facta

185 1335 568 1407 dignoscitur,
602 1349 771 1405 quam
798 1348 958 1386 sacer
1002 1330 1106 1396 vir,
1139 1329 1329 1384 divina
1371 1334 1429 1384 et
1461 1345 1627 1399 agere
1672 1333 1728 1382 et
1768 1328 1966 1383 docere
2014 1328 2302 1395 educatus,
2342 1327 2611 1381 narravit.
2656 1326 2767 1381 Sed
2810 1331 2875 1381 ut
2921 1344 3092 1399 supra
3133 1328 3347 1383 dictum
3392 1336 3495 1399 est,

186 1424 387 1480 nullus
418 1424 537 1479 haec
566 1423 637 1478 ad
664 1420 1116 1477 incredulitatem
1136 1419 1345 1486 trahat,
1379 1418 1738 1473 considerans
1766 1416 2111 1488 impossibile
2141 1417 2263 1470 ﬁeri
2294 1416 2352 1470 in
2384 1417 2488 1470 hac
2514 1420 2710 1471 nostra
2739 1417 3105 1487 generatione
3134 1422 3253 1472 tam
3282 1419 3499 1489 grande

187 1515 560 1581 miraculum,
595 1513 727 1586 quia
764 1511 949 1583 gratia
980 1509 1084 1565 Dei
1113 1526 1216 1581 per
1242 1524 1437 1564 omnes
1466 1506 1862 1578 generationes
1888 1506 1946 1560 in
1975 1510 2199 1560 sanctas
2235 1506 2618 1578 pertransiens
2648 1506 2883 1575 animas,
2918 1507 3127 1562 amicos
3152 1508 3255 1562 Dei
3281 1507 3414 1563 facit
3443 1514 3501 1565 et

188 1606 523 1679 prophetas,
552 1601 1030 1676 quemadmodum
1053 1600 1319 1656 Salomon
1344 1597 1655 1652 secundum
1676 1596 1858 1651 Deum
1877 1594 2097 1649 edocuit
2122 1594 2268 1667 (Sap.
2296 1602 2414 1665 vn).
2438 1597 2681 1669 Tempus
2699 1614 2943 1670 namque
2966 1603 3051 1652 est
3066 1613 3237 1652 sacrae
3258 1598 3496 1668 prodere

190 1694 544 1752 narrationis
581 1693 827 1759 initium,
859 1706 1135 1762 magnum
1161 1688 1430 1760 virileque
1469 1691 1761 1742 certamen
1787 1685 2123 1742 venerabilis
2152 1686 2345 1742 Mariae
2374 1686 2721 1761 [Egyptiacae
2750 1687 3009 1745 videlicet
3039 1689 3282 1761 qualiter
3307 1689 3497 1761 exple-

192 1786 343 1842 verit
364 1791 627 1857 tempora
668 1783 796 1838 vitae
824 1797 959 1837 suae.

1567 2038 2146 2175 ἮΤΑ.

276 2234 475 2293 CAPUT
484 2248 722 2291 PRIMUM.
740 2267 804 2277 —
816 2234 882 2291 In
894 2234 1235 2290 monasterio
1255 2232 1686 2289 Palaestinorum
1707 2230 1816 2287 fuit
1827 2232 1879 2289 Α
1901 2234 1965 2283 ut
1981 2230 2061 2285 ita
2079 2230 2280 2299 dicam,
2303 2232 2576 2288 maternis
2590 2233 2737 2289 ulnis
2757 2234 2816 2289 in
2835 2234 2940 2290 hoc
2949 2252 3009 2291 se
3020 2252 3141 2292 esse
3158 2238 3500 2295 monasterio

201 2326 291 2381 vir
317 2326 449 2381 vitae
471 2325 721 2380 moribus
742 2331 799 2380 et
828 2324 993 2380 verbo
1007 2330 1259 2391 ornatus,
1284 2323 1380 2396 qui
1400 2322 1471 2377 ab
1491 2322 1628 2394 ipsis
1651 2339 1819 2377 cuna-

201 2415 379 2482 bulis,
408 2415 753 2470 monachicis‘
783 2420 868 2470 est
915 2414 1131 2470 actibus
1160 2414 1457 2486 diligenter
1486 2412 1812 2475 instructus,

205 2510 268 2560 et
293 2503 816 2562 conversationibus
840 2504 1112 2559 veraciter
1143 2504 1431 2570 educatus,
1460 2501 1686 2556 nomine
1714 2502 1815 2555 Zo-

204 2594 387 2649 simas
418 2592 515 2663 (6).
549 2594 619 2648 Et
644 2593 834 2649 nullus
877 2610 978 2648 nos
1024 2593 1266 2649 aestimet
1301 2592 1485 2647 dicere
1540 2591 1817 2646 Zosimam

208 2683 379 2739 illum
397 2684 459 2738 in
488 2683 900 2755 praedicationis
930 2697 1177 2737 erroneae
1206 2681 1561 2753 dogmatibus
1592 2698 1819 2736 accusa-

204 2779 337 2828 tum
364 2779 531 2828 sectae
560 2773 827 2829 alterius:
861 2772 1006 2827 alius
1030 2772 1179 2827 enim
1222 2772 1328 2839 hic,
1363 2778 1419 2827 et
1448 2772 1591 2826 alius
1619 2772 1732 2837 ille,
1765 2775 1822 2825 et

205 2863 398 2918 multa
429 2863 577 2917 inter
604 2867 875 2934 utrosque
899 2862 1183 2929 distantia,
1217 2861 1349 2916 licet
1378 2878 1554 2916 unum
1584 2866 1820 2932 uterque

206 2951 405 3006 sortiti
434 2951 551 3007 sint
576 2950 828 3006 vocabuli
858 2968 1083 3006 nomen.
1120 2951 1223 3005 Hic
1253 2951 1445 3023 itaque
1476 2950 1721 3005 Zosimas
1750 2949 1819 3005 ab

206 3040 382 3096 initio
402 3041 461 3095 in
486 3058 595 3096 uno
614 3040 1043 3095 Palaestinorum
1064 3046 1423 3095 conversatus
1443 3045 1529 3095 est
1543 3044 1821 3095 monaste-

208 3130 322 3196 rio,
338 3135 398 3184 et
407 3147 634 3185 omnem
646 3130 1026 3202 pertransiens
1044 3130 1427 3185 monachicam
1447 3130 1817 3202 disciplinam,

208 3220 273 3275 in
301 3220 662 3275 abstinentiae
690 3236 857 3291 opere
888 3219 1139 3275 omnium
1162 3219 1347 3275 factus
1368 3225 1454 3275 est
1489 3219 1818 3293 probatissi-

209 3326 368 3365 mus.
403 3308 586 3364 Omne
618 3310 769 3364 enim
799 3314 1138 3381 praeceptum
1167 3308 1273 3363 sibi
1301 3309 1570 3364 traditum
1590 3310 1820 3364 canonis

212 3397 289 3453 ab
320 3398 410 3451 his
438 3399 534 3469 qui
554 3397 624 3453 ab
652 3397 888 3453 infantia
903 3398 1124 3453 educati
1151 3404 1303 3465 sunt,
1326 3399 1532 3453 luctam
1563 3398 1821 3471 perfectae

213 3486 531 3558 disciplina:
562 3489 902 3543 monachicae
932 3488 1498 3560 irreprehensibiliter
1525 3505 1819 3544 conserva-

1900 2322 2192 2389 traditum,
2228 2327 2285 2377 et
2328 2340 2506 2395 usque
2553 2325 2624 2379 ad
2680 2324 3209 2397 quinquagesimum
3264 2328 3500 2384 tertium

1902 2427 2114 2466 annum
2140 2412 2198 2466 in
2227 2429 2293 2468 eo
2326 2430 2551 2468 cursum
2580 2414 2969 2469 monachicum
3013 2416 3317 2487 peregisse.
3367 2418 3504 2473 Post

1901 2501 2019 2557 haec
2049 2507 2238 2557 autem
2268 2502 2522 2575 pulsatus
2544 2510 2629 2558 est
2650 2521 2684 2558 a
2698 2503 3032 2576 quibusdam
3045 2506 3499 2577 cogitationibus,

1903 2592 2062 2662 quasi
2085 2594 2207 2664 jam
2235 2592 2294 2646 in
2323 2593 2580 2647 omnibus
2611 2598 2758 2649 esset
2782 2593 3080 2666 perfectus,
3113 2595 3347 2651 alterius
3388 2615 3504 2653 non

1901 2681 2159 2753 indigens
2188 2681 2248 2740 in
2271 2683 2386 2737 ullo
2412 2682 2686 2738 doctrina.
2710 2684 2842 2738 Haec
2869 2688 3080 2753 autem,
3099 2689 3164 2739 ut
3184 2685 3420 2754 dicebat,
3445 2686 3505 2741 in

1902 2786 1961 2825 se
1993 2770 2310 2842 cogitabat:
2345 2772 2615 2843 Nunquid
2646 2778 2732 2827 est
2758 2773 2818 2827 in
2846 2774 3015 2828 terris
3046 2775 3374 2843 monachus,
3408 2775 3506 2847 qui

1903 2877 2108 2915 novum
2131 2861 2344 2933 aliquid
2364 2862 2542 2932 possit
2560 2861 2785 2916 tradere
2805 2862 2964 2930 mihi,
2984 2864 3183 2934 juvare
3208 2880 3298 2918 me
3316 2864 3505 2920 valens

1902 2948 1960 3004 in
1993 2950 2180 3021 aliquo
2210 2950 2358 3022 quod
2384 2950 2774 3021 ignorem,aut
2794 2952 2941 3022 quod
2963 2968 3066 3022 ego
3087 2952 3146 3006 in
3176 2953 3502 3009 monachico

1902 3054 2015 3093 non
2045 3039 2379 3111 explevexﬁm
2396 3040 2598 3110 opere?
2616 3041 2885 3112 Nunquid
2904 3040 3189 3096 invenitur
3199 3057 3394 3096 eorum
3409 3042 3507 3113 qui

1904 3128 2268 3183 solitudinem
2291 3129 2577 3184 duxerunt
2598 3129 2684 3183 vir
2709 3130 2806 3201 qui
2835 3130 2990 3202 prior
3000 3130 3160 3185 mein
3176 3130 3391 3186 actibus
3405 3130 3507 3185 sit?

1904 3219 2033 3274 Haec
2053 3226 2111 3274 et
2135 3219 2223 3273 his
2240 3224 2428 3285 383
2454 3219 2662 3275 similia
2675 3236 2739 3274 eo
2759 3220 3061 3291 cogitante,
3076 3221 3257 3275 astitit
3273 3219 3506 3292 quidam

1903 3315 1959 3363 et
1986 3308 2127 3363 dixit
2156 3308 2207 3363 ei
2242 3327 2253 3362 :
2278 3308 2323 3364 Ο
2352 3309 2589 3377 Zosima,
2622 3308 2763 3363 bene
2794 3308 3041 3380 quidem,
3074 3317 3130 3364 et
3160 3310 3302 3365 sicut
3332 3310 3507 3381 possi-

1901 3398 2013 3454 bile
2042 3398 2147 3453 fuit
2175 3398 2409 3465 homini,
2443 3398 2762 3465 decertasti,
2795 3397 2938 3454 bene
2965 3417 3194 3454 cursum
3223 3399 3508 3454 monachi-

1904 3505 2032 3542 cum
2070 3487 2494 3542 consummasti.
2527 3488 2739 3542 Tamen
2766 3487 2955 3542 nullus
2985 3492 3070 3542 est
3094 3488 3152 3541 in
3182 3487 3506 3542 hominibus

214 3576 337 3631 bat.
370 3576 552 3631 Multa
578 3577 747 3632 etiam
774 3583 831 3632 et
858 3577 978 3648 ipse
999 3576 1104 3631 sibi
1125 3577 1395 3648 adjiciens
1415 3578 1817 3648 superaddidit,
1834 3590 1885 3653 Β
1908 3577 2003 3650 qui
2034 3595 2093 3632 se
2122 3577 2429 3649 perfectum
2451 3594 2570 3632 esse
2584 3576 2952 3633 demonstret.
2976 3577 3157 3648 Major
3177 3576 3327 3631 enim
3354 3577 3508 3631 lucta

216 3666 457 3738 cupiens
486 3683 714 3721 carnem
740 3667 964 3738 spiritui
979 3665 1301 3738 subjugare.
1328 3666 1444 3720 Nec
1467 3667 1616 3720 enim
1640 3667 1699 3721 in
1725 3667 1824 3722 ali-

218 3773 334 3829 quo
366 3756 666 3811 otfenzlisse
682 3754 1097 3828 comprobatur.
1132 3758 1220 3812 Ita
1242 3755 1390 3811 enim
1407 3756 1511 3811 fuit
1532 3756 1592 3810 in
1612 3757 1824 3812 cunctis

218 3844 506 3917 perfectus
526 3844 865 3901 monachicis
887 3844 1123 3913 actibus,
1141 3851 1205 3901 ut
1220 3846 1506 3901 multoties
1524 3846 1685 3901 multi
1702 3863 1827 3901 mo-

219 3934 394 3990 nachi
425 3934 495 3988 de
525 3934 775 4006 praedicti
800 3934 907 3989 loci
934 3935 1291 3991 monasteriis
1321 3940 1378 3989 et
1404 3935 1473 3989 de
1502 3935 1824 4008 longinquis

220 4022 483 4097 partibus
506 4024 578 4078 ad
609 4040 740 4079 eum
772 4025 1138 4091 conﬂuentes,
1175 4026 1297 4096 ejus
1344 4025 1611 4097 exemplis
1657 4030 1826 4096 atque

220 4112 501 4168 doctrinis
519 4129 578 4168 se
606 4113 1075 4184 constringerent,
1110 4120 1166 4168 et
1185 4116 1258 4170 ad
1286 4115 1437 4170 illius
1454 4114 1828 4169 imitationem

223 4202 586 4259 abstinentiae
615 4219 676 4257 se
707 4203 884 4257 multo
915 4203 1094 4274 magis
1118 4202 1505 4275 subjugarent.

299 4293 435 4347 CAP.
471 4291 543 4347 II.
578 4317 640 4328 —
666 4291 795 4346 Haec
816 4291 1007 4363 itaque
1028 4293 1218 4346 omnia
1245 4293 1304 4347 in
1325 4310 1383 4347 se
1407 4292 1638 4361 habens,
1665 4311 1697 4348 a
1719 4311 1832 4349 me-

226 4380 508 4437 ditatione
550 4380 694 4435 sacri
743 4380 950 4452 eloquii
996 4398 1285 4452 nunquam
1325 4381 1596 4451 discessit,
1634 4384 1731 4438 sed
1774 4383 1833 4437 in

227 4476 415 4526 stratu
434 4486 495 4523 su
506 4487 535 4523 ο
551 4469 859 4541 quiescens,
877 4469 991 4524 sive
1006 4486 1264 4541 surgens,
1284 4476 1383 4526 aut
1392 4488 1621 4544 operam
1635 4478 1833 4528 tenens

230 4558 515 4626 manibus,
547 4559 633 4613 vel
661 4558 864 4626 cibum,
893 4558 938 4613 si
968 4559 1332 4615 conveniebat
1350 4569 1415 4616 ut
1442 4567 1707 4629 sumeret,
1742 4563 1835 4617 bo-

228 4665 392 4715 num,
412 4664 523 4721 quo
544 4647 638 4702 ille
659 4647 742 4703 uti
754 4654 1137 4717 consueverat,
1161 4649 1528 4722 spiritualiter
1548 4651 1830 4720 utebatur,

228 4754 413 4793 unum
436 4754 578 4809 opus
592 4735 837 4793 habebat
856 4738 1154 4795 intacitum
1174 4745 1231 4795 et
1248 4757 1535 4813 nunquam
1549 4741 1831 4811 deficiens,

227 4827 476 4900 psallere
497 4826 822 4900 frequenter
841 4832 898 4884 et
917 4829 1341 4884 meditationem
1364 4831 1544 4885 facere
1565 4831 1708 4885 sacri
1729 4832 1837 4886 elo-

1906 3684 2152 3739 praesens
2169 3683 2338 3740 quam
2351 3667 2447 3721 illa
2476 3684 2598 3739 qua
2626 3666 2918 3739 praeteriit,
2942 3666 3073 3721 licet
3095 3673 3158 3720 tu
3180 3665 3410 3720 nescias.
3435 3665 3511 3721 Ut

1906 3763 2097 3812 autem
2124 3773 2428 3829 cognoscas
2457 3762 2680 3828 quantae
2721 3757 2836 3811 sint
2877 3761 2935 3811 et
2975 3756 3099 3811 aliae
3135 3756 3237 3810 viae
3286 3755 3505 3824 salutis,

1908 3847 2174 3918 egredere
2202 3846 2273 3901 de
2292 3853 2445 3902 terra
2474 3852 2530 3901 et
2559 3847 2628 3901 de
2656 3845 2989 3917 cognatione
3019 3851 3135 3915 tua,
3170 3851 3227 3901 et
3245 3846 3314 3901 de
3343 3845 3509 3900 domo

1908 3936 2085 4008 patris
2110 3936 2213 4005 tui,
2246 3943 2312 3992 ut
2338 3935 2621 3991 Abraham
2661 3936 2756 3990 ille
2787 3936 3235 4007 patriarcharum
3275 3934 3511 3991 eximius

1913 4027 2058 4096 (Gen.
2090 4032 2215 4093 xu),
2249 4032 2309 4080 et
2334 4025 2457 4080 veni
2483 4025 2554 4080 ad
2584 4026 2991 4081 monasterium
3022 4026 3169 4098 quod
3194 4027 3355 4096 juxta
3384 4026 3510 4080 Jo‘r-

1911 4116 2115 4171 danem
2144 4116 2364 4187 adjacet
2396 4115 2626 4169 ﬂumen.

1984 4205 2115 4259 CAP.
2141 4205 2241 4259 III.
2265 4233 2322 4241 —
2346 4204 2472 4258 Mc-x
2497 4203 2671 4274 igitur
2691 4209 2917 4258 secutus
2938 4204 3237 4269 dicentem,
3253 4218 3513 4273 egressus

1912 4292 1983 4348 de
2013 4291 2372 4359 monasterio,
2399 4293 2459 4346 in
2492 4307 2602 4362 quo
2628 4291 2698 4345 ab
2728 4291 2964 4346 infantia
2997 4297 3356 4346 conversatus
3404 4297 3508 4361 est,

1915 4388 1969 4437 et
1999 4383 2329 4455 perveniens
2349 4380 2421 4435 ad
2450 4380 2773 4447 Jordanem,
2804 4380 3034 4436 ﬂuvium
3077 4381 3332 4436 omnium
3379 4397 3514 4435 san-

1915 4474 2168 4540 ctiorem,
2202 4469 2465 4540 dirigitur
2483 4468 2554 4523 ab
2572 4486 2638 4525 eo
2660 4470 2755 4542 qui
2773 4469 2990 4526 vocavit
3002 4487 3132 4525 eum
3149 4470 3207 4524 in
3227 4474 3513 4524 monaste-

1917 4562 2064 4617 rium
2091 4562 2150 4616 in
2179 4560 2325 4632 quod
2354 4560 2514 4614 illum
2554 4560 2705 4614 Deus
2732 4560 2921 4615 venire
2949 4559 3231 4632 praecepit.
3275 4559 3515 4616 Pulsans

1918 4651 2092 4723 igitur
2120 4648 2449 4704 monasterii
2475 4650 2733 4720 januam,
2767 4648 3017 4721 loquitur
3044 4647 3201 4720 prius
3240 4650 3515 4706 monacho

1920 4740 2015 4812 qui
2038 4741 2272 4812 januam
2288 4738 2635 4806 observabat,
2664 4744 2723 4793 et
2740 4738 2832 4793 ille
2860 4737 3139 4793 nuntiavit
3162 4754 3291 4793 eum
3303 4738 3514 4794 abbati.

1919 4829 2027 4895 Qui
2057 4828 2362 4900 suspiciens
2393 4845 2542 4895 eum,
2564 4827 2872 4899 habituque
2891 4832 2949 4881 et
2968 4827 3151 4899 specie
3189 4828 3517 4900 religiosum

226 4916 375 4991 quii.
401 4915 681 4973 Multoties
699 4918 848 4973 enim
873 4925 1134 4974 asserunt
1153 4920 1285 4991 quia
1301 4925 1357 4974 et
1375 4919 1572 4975 divinae
1594 4921 1837 4975 illustra-
1856 4912 1902 4974 C
1918 4919 2281 4990 conspiciens,
2305 4923 2609 4991 postquam
2631 4917 2785 4973 ﬂexit
2800 4934 2970 4988 genu,
2994 4922 3059 4972 ut
3079 4934 3201 4973 mos
3220 4924 3307 4973 est
3326 4935 3519 4975 mona-

228 5007 412 5062 tionis
441 5007 643 5079 dignus
673 5008 919 5077 effectus,
956 5026 989 5064 a
1033 5011 1148 5065 Deo
1178 5010 1284 5065 sibi
1324 5010 1561 5065 visiones
1601 5017 1835 5067 ostensae

231 5100 394 5161 sunt,
420 5100 479 5150 et
505 5097 713 5151 mirum
742 5112 856 5151 non
886 5102 971 5151 est
989 5114 1092 5152 nec
1112 5098 1454 5153 incredibile.
1488 5099 1546 5154 Si
1576 5098 1744 5166 enim,
1777 5103 1838 5153 ut

225 5184 316 5239 ait
337 5183 628 5252 Dominus,
652 5183 802 5239 beati
823 5185 1033 5239 mundo
1047 5186 1230 5254 corde,
1246 5187 1512 5258 quoniam
1534 5186 1640 5258 ipsi
1658 5187 1836 5243 Deum

226 5270 503 5327 videbunt
533 5274 741 5341 (Matth.
774 5276 826 5343 v)
854 5292 867 5342 ;
909 5278 1120 5345 quanto
1143 5275 1322 5345 magis
1344 5275 1440 5347 qui
1460 5291 1617 5330 suam
1648 5278 1838 5347 puriﬁ-

222 5361 486 5418 caverint
513 5378 761 5431 carnem,
796 5362 967 5419 sobrii
996 5380 1235 5436 semper,
1254 5364 1686 5438 animorumque
1716 5384 1837 5438 per-

222 5452 454 5524 vigiles,
517 5454 707 5508 oculos
761 5453 960 5511 divinae
1025 5454 1376 5526 prospiciunt
1423 5455 1830 5523 illustrationis,

218 5539 470 5597 visionis
497 5540 766 5597 indicium
794 5530 926 5598 hinc
964 5549 1292 5615 praeparatae
1329 5542 1531 5600 futura:
1570 5543 1839 5602 bonitatis

221 5628 615 5703 accipientes?
643 5631 875 5690 Dicebat
892 5640 1084 5691 autem
1107 5634 1228 5707 ipse
1265 5636 1533 5708 Zosimas,
1577 5635 1649 5691 ab
1680 5637 1835 5710 ipsis,

1919 5009 2055 5076 chis,
2089 5013 2318 5080 accepta
2346 5008 2620 5075 oratione,
2652 5008 2757 5062 hoc
2772 5024 2903 5063 eum
2925 5007 3325 5079 interrogavit:
3358 5008 3521 5064 Unde

1916 5099 2109 5164 frater,
2143 5097 2464 5153 advenisti?
2496 5102 2554 5152 et
2577 5114 2747 5169 quam
2774 5097 2844 5152 ob
2870 5114 2991 5153 rem
3021 5097 3169 5170 apud
3198 5097 3442 5153 humiles
3462 5104 3521 5155 te

1919 5188 2255 5259 conjunxisti
2280 5186 2632 5241 monachos?
2660 5187 2906 5242 Zosimas
2953 5191 3143 5242 autem
3190 5186 3515 5259 respondit:

1920 5278 2077 5334 Unde
2104 5276 2329 5349 quidem
2368 5275 2514 5344 veni,
2550 5293 2662 5331 non
2706 5281 2842 5349 puto
2872 5275 3253 5351 necessarium
3296 5277 3518 5345 dicere;

1918 5366 2302 5423 aediﬁcationis
2330 5371 2520 5421 autem
2542 5366 2744 5437 gratia,
2764 5366 2951 5435 Pater,
2976 5366 3195 5421 adveni.
3227 5366 3429 5421 Audivi
3451 5363 3523 5419 de

1919 5458 2075 5513 vobis
2114 5456 2396 5527 magnalia
2424 5462 2481 5509 et
2501 5456 2664 5510 laude
2680 5456 2867 5528 digna,
2892 5461 2949 5511 et
2958 5472 3120 5529 posse
3141 5456 3259 5511 Deo
3275 5455 3525 5509 animam

1922 5546 2139 5604 sociari.
2174 5545 2326 5601 Dixit
2354 5550 2548 5599 autem
2578 5544 2627 5599 ei
2645 5544 2851 5602 abbas:
2883 5547 3053 5612 Deus,
3084 5544 3275 5610 frater,
3306 5541 3401 5615 qui
3429 5556 3523 5593 so-

1921 5632 2010 5698 lus
2036 5640 2201 5694 sanat
2226 5635 2429 5692 animae
2461 5634 2872 5708 inﬁrmitatem,
2894 5635 3015 5709 ipse
3040 5639 3096 5689 te
3122 5639 3181 5688 et
3206 5648 3308 5688 nos
3327 5626 3527 5686 doceat
