3892 6182
500 301 606 359 675

1525 297 1618 351 DE
1657 297 1844 352 VITIS
1882 297 2177 352 PATRUM
2214 299 2428 354 LIBER
2467 300 2756 356 PRIMUS.

3595 323 3680 381 676

497 428 687 484 divina
715 425 1000 487 mandata,
1035 428 1092 478 et
1119 423 1327 494 dirigat
1372 438 1567 477 omnes
1615 422 1687 477 ad
1726 437 1792 476 ea
1838 420 2094 475 facienda
2113 420 3129 492 Abant,etpsallentesconsonavoce:
3147 428 3684 504 Dominusillumimﬁo

497 536 620 589 quae
643 521 957 587 opportuna
968 518 1119 568 sunt.
1149 514 1330 567 Homo
1355 512 1504 567 enim
1517 511 1803 566 hominem
1818 510 2093 565 aedificare

494 624 608 661 non
624 606 786 670 valet,
807 604 916 658 nisi
933 603 1321 674 unusquisque
1333 601 1590 657 attendat
1605 601 1967 672 semetipsum
1990 600 2094 654 fre-

495 701 750 766 quenter,
785 699 842 748 et
856 693 1040 748 sobrio
1059 693 1343 746 intellectu
1363 692 1511 762 quod
1533 690 1840 762 expedibile
1861 696 1945 743 est
1966 706 2093 760 ope-

493 789 669 847 retur,
693 781 1095 837 Deumhabens
1108 786 1548 851 cooperatorem.
1567 780 1643 832 Ta
1652 795 1778 832 men
1800 777 2086 848 quoniam,

494 879 558 926 ut
587 871 795 938 dixisti,
827 871 1073 925 Charitas
1092 870 1300 924 Christi
1321 875 1377 923 te
1393 869 1579 922 videre
1597 885 1698 922 nos
1723 867 1962 921 humiles
1975 883 2092 920 mo-

492 961 701 1016 nachos
729 961 1010 1032 perduxit,
1040 976 1204 1014 mane
1236 958 1545 1023 nobiscum,
1573 958 1617 1011 si
1642 957 1711 1011 ob
1741 957 1846 1010 hoc
1865 955 2086 1020 venisti,

491 1055 556 1106 ut
574 1067 770 1105 omnes
792 1067 893 1104 nos
923 1049 1135 1104 nutriet
1162 1053 1355 1120 pastor
1397 1047 1576 1101 bonus
1629 1045 1806 1100 sancti
1849 1044 2090 1116 Spiritus

492 1140 581 1196 sui
608 1140 808 1211 gratia,
835 1139 929 1210 qui
951 1139 1199 1193 animam
1230 1154 1389 1192 suam
1407 1137 1562 1190 dedit
1582 1135 1969 1190 liberationem
1988 1149 2090 1204 pro

491 1229 671 1295 nobis,
707 1235 765 1284 et
783 1229 1036 1300 proprias
1058 1245 1185 1282 oves
1215 1232 1374 1281 vocat
1401 1242 1466 1280 ex
1489 1225 1715 1280 nomine
1748 1225 1962 1289 (Matth.
1984 1240 2087 1290 xx;

489 1321 650 1374 Joan.
685 1321 756 1389 κ).
791 1320 922 1373 Haec
949 1318 1166 1372 dicente
1195 1316 1414 1384 abbate,
1449 1317 1678 1370 flectens
1709 1315 1916 1368 iterum
1937 1312 2089 1366 Zosi-

492 1425 615 1463 mas
641 1425 845 1480 genua,
877 1414 1108 1478 accepta
1143 1407 1412 1473 oratione,
1457 1403 1747 1476 respondit
1784 1404 1985 1469 Amen,
2034 1407 2091 1456 et

492 1499 703 1553 mansit
729 1499 788 1552 in
815 1499 1011 1552 eodem
1050 1497 1411 1551 monasterio.

565 1589 695 1642 CAP.
728 1588 822 1642 IV.
854 1615 920 1625 —
947 1587 1103 1641 Vidit
1123 1591 1315 1641 autem
1332 1585 1408 1639 ibi
1439 1584 1686 1639 seniores
1701 1581 1916 1637 actibus
1937 1585 1994 1635 et
2011 1579 2088 1634 vi-

489 1675 645 1730 sione
672 1676 1049 1747 splendentes,
1083 1675 1284 1747 spiritu
1313 1673 1608 1739 ferventes,
1636 1679 1692 1726 et
1714 1672 1954 1726 Domino
1966 1686 2084 1724 ser-

2175 526 2304 564 mea
2328 517 2384 565 et
2409 512 2560 566 salus
2585 529 2730 578 mea,
2760 530 2928 584 quem
2947 515 3191 570 timebo?
3221 520 3457 580 Dominus
3475 529 3684 588 defensor

2175 599 2299 654 vitae
2321 617 2478 667 meae,
2513 619 2547 655 a
2576 620 2685 673 quo
2709 604 3028 674 trepidabo?
3051 611 3149 661 etc.
3218 610 3366 679 (Psal.
3410 623 3554 688 xxvi),
3595 624 3686 676 exi-

2174 688 2312 743 bant
2338 707 2513 745 unum
2546 693 2831 746 multoties
2860 699 2960 748 aut
2987 695 3125 749 duos
3152 703 3449 756 monasterii
3475 711 3684 765 custodes

2174 778 2573 863 relinquentes,
2606 797 2718 834 non
2747 787 2812 835 ut
2833 783 3174 839 custodirent
3190 803 3251 840 ea
3279 805 3391 859 quae
3410 791 3542 847 intus
3563 805 3690 853 erant

2173 867 2420 937 reposita
2447 868 2586 939 (non
2615 869 2762 923 enim
2794 877 2956 925 erant
2985 873 3133 943 apud
3170 873 3287 929 illos
3313 878 3483 948 aliqua
3518 882 3688 940 furibus

2173 955 2462 1027 congrua),
2496 959 2591 1011 sed
2615 975 2683 1012 ne
2712 961 3021 1015 oratorium
3045 961 3246 1033 absque
3265 965 3449 1020 divinis
3467 971 3692 1042 relinque-

2174 1051 2302 1098 rent
2319 1046 2622 1101 solemniis.
2639 1048 3034 1120 Unusquisque
3044 1057 3229 1106 autem
3243 1071 3299 1107 se
3317 1058 3600 1114 annonabat
3616 1059 3687 1128 ιθ),

2173 1140 2342 1204 prout
2364 1141 2586 1205 poterat
2612 1143 2712 1191 aut
2733 1138 2969 1194 volebat.
3004 1141 3146 1194 Nam
3174 1158 3313 1198 unus
3340 1145 3570 1215 portabat
3595 1165 3693 1204 cor-

2174 1223 2296 1292 pori
2315 1224 2386 1277 ad
2415 1241 2739 1280 mensuram
2756 1227 3041 1283 sufﬁciens
3068 1228 3191 1298 (10),
3206 1232 3342 1286 alius
3355 1250 3569 1305 carycas,
3581 1239 3693 1293 alius

2173 1313 2486 1382 palmarum
2530 1317 2745 1369 fructus
2784 1317 3056 1388 dactylos,
3109 1320 3248 1374 alius
3295 1338 3413 1375 vero
3460 1325 3694 1395 legumina

2172 1406 2356 1467 884
2371 1403 2898 1474 aquisinfusa,alius
2911 1407 3252 1479 nihilpraater
3260 1427 3445 1482 corpus
3457 1415 3695 1484 prOprium

2171 1495 2228 1544 et
2255 1490 2650 1547 vestimentum
2682 1511 2791 1565 quo
2813 1494 3099 1551 utebatur.
3126 1499 3508 1555 Nutriebantur
3523 1509 3692 1571 autem,

2171 1580 2392 1651 quando
2404 1583 2706 1638 necessitas
2730 1584 2986 1655 exigebat
3001 1591 3214 1641 naturae
3241 1588 3418 1643 herbis
3428 1607 3536 1662 quae
3549 1608 3697 1664 nasce-

2170 1668 2374 1723 bantur
2394 1688 2494 1740 per
2507 1672 2887 1728 solitudinem.
2914 1675 3108 1729 Canon
3127 1683 3312 1731 autem
3322 1685 3434 1733 erat
3446 1683 3696 1752 unusquis-

490 1765 720 1821 vientes.
747 1765 1050 1820 Psallentia
1093 1765 1159 1833 (7)
1206 1763 1284 1818 ibi
1329 1770 1469 1826 erat,
1513 1761 1870 1816 incessabiles
1913 1760 2087 1813 totius
2105 1750 2148 1810 Β
2176 1775 2283 1828 que
2305 1759 2409 1812 sibi
2439 1761 2544 1830 ipsi
2574 1767 2629 1814 et
2658 1762 2743 1815 lex
2772 1763 2982 1834 absque
3025 1767 3484 1836 praevaricatione,
3527 1750 3696 1824 utnon

490 1854 670 1909 noctis
697 1854 911 1909 habens
953 1853 1308 1919 stabilitates,
1357 1857 1414 1906 et
1458 1852 1516 1905 in
1560 1850 1818 1905 manibus
1867 1865 2089 1919 semper

491 1943 763 2014 Operatio,
797 1949 854 1997 et
871 1944 930 1997 in
951 1957 1046 1996 ore
1069 1941 1453 2014 psalmidivini
1469 1940 1679 2010 absque
1691 1938 2082 1992 diminutione.

492 2033 689 2087 Sermo
719 2031 794 2087 ibi
807 2033 1017 2087 otiosus
1045 2048 1157 2086 non
1186 2029 1544 2102 proficiebat:
1578 2028 1840 2099 cogitatio
1857 2027 1979 2081 auri
2000 2043 2088 2080 ar-

488 2121 776 2193 gentique,
810 2127 910 2176 aut
938 2123 1020 2176 rei
1049 2121 1288 2192 alicujus
1315 2120 1461 2191 apud
1492 2120 1615 2174 illos
1659 2135 1772 2172 non
1799 2123 1920 2172 erat
1944 2136 1956 2184 ;
1988 2133 2085 2171 ex-

485 2227 660 2282 pensa
687 2211 822 2266 anni
852 2211 1044 2278 totius,
1077 2216 1178 2266 aut
1201 2226 1487 2276 mensura,
1517 2209 1600 2262 vel
1625 2207 2086 2278 temporalisvitae

485 2301 900 2367 meditationes,
935 2300 1220 2355 doloribus
1255 2317 1534 2370 congruae,
1568 2315 1668 2352 nec
1698 2314 1904 2351 nomen
1935 2296 2085 2367 apud

483 2388 612 2445 illos
637 2390 1075 2462 cognoscebatur
1101 2409 1115 2458 ;
1147 2390 1244 2444 sed
1272 2406 1448 2444 unum
1470 2394 1592 2443 erat
1616 2387 1861 2459 primum
1878 2387 2085 2440 solum—

485 2479 672 2547 modo,
691 2481 839 2551 quod
851 2479 1225 2534 festinabatur
1234 2478 1303 2533 ab
1315 2477 1575 2533 omnibus
1591 2496 1603 2544 ;
1624 2483 1688 2531 ut
1698 2475 2083 2547 unusquisque

483 2575 741 2624 mortuus
774 2574 923 2623 esset
947 2585 1198 2640 corpore,
1237 2567 1381 2622 sicut
1418 2567 1591 2622 semel
1631 2566 1850 2632 saeculo,
1901 2571 1956 2619 et
2003 2564 2082 2618 eis

485 2674 610 2728 quae
633 2655 692 2712 in
719 2658 919 2712 saeculo
950 2663 1083 2712 sunt
1110 2657 1500 2723 mortiﬁcatus,
1535 2662 1592 2710 et
1606 2657 1724 2726 jam
1737 2672 1847 2709 non
1870 2655 2076 2708 vivens.

485 2746 687 2801 Cibum
709 2753 898 2802 autem
915 2747 1200 2802 habebant
1221 2747 1649 2811 indeficientem,
1673 2744 1952 2799 divinitati
1972 2744 2082 2798 elo-

487 2837 620 2907 quia
642 2856 654 2904 ;
689 2836 1014 2893 nutriebant
1039 2854 1168 2892 vero
1185 2854 1386 2908 corpus
1408 2853 1551 2908 pane
1567 2841 1622 2890 et
1642 2852 1807 2907 aqua,
1828 2834 2080 2889 utmulto

481 2926 661 2997 magis
675 2927 824 2999 apud
836 2927 1081 2981 divinam
1090 2927 1446 2982 clementiam
1458 2931 1795 2998 apparerent
1807 2925 2076 2979 efﬁcaces.

551 3015 681 3070 CAP.
716 3017 782 3070 V.
814 3043 876 3052 —
903 3017 1033 3071 Haec
1061 3017 1327 3082 Zosimas,
1357 3023 1420 3070 ut
1446 3014 1682 3082 dicebat,
1718 3014 2076 3086 perspiciens,

2169 1855 2528 1917 cognosceret
2559 1851 2762 1921 aliquis
2791 1855 3130 1920 consocium,
3166 1857 3398 1926 qualiter
3417 1857 3692 1923 abstinebat,

2169 1942 2270 1990 aut
2299 1939 2578 2008 quomodo
2609 1939 2828 2010 agebat.
2860 1942 3163 1997 Jordanem
3210 1945 3358 1999 enim
3402 1961 3520 2000 mox
3560 1953 3700 2000 trans-

2169 2032 2441 2094 meantes,
2457 2029 2620 2099 longe
2634 2029 2704 2082 ab
2718 2030 2954 2085 invicem
2967 2049 3027 2086 se
3042 2034 3475 2104 sequestrabant,
3491 2040 3542 2090 et
3553 2037 3698 2090 nullus

2153 2109 2227 2169 se
2251 2116 2528 2187 jungebat
2550 2119 2622 2171 ad
2649 2119 2882 2187 socium,
2917 2121 3198 2176 civitatem
3213 2123 3533 2177 astimantes
3545 2123 3699 2178 solitu-

2168 2204 2377 2260 dinem.
2414 2207 2523 2261 Sed
2552 2212 2608 2262 et
2635 2207 2682 2262 si
2703 2224 2850 2263 unus
2866 2225 2935 2264 ex
2953 2211 3090 2282 ipsis
3107 2227 3141 2265 a
3169 2212 3331 2283 longe
3349 2213 3628 2268 venientem
3644 2212 3695 2266 ad

2169 2311 2228 2347 se
2255 2295 2500 2366 aliquem
2533 2295 2773 2364 videbat,
2807 2316 2932 2352 mox
2973 2300 3290 2355 declinabat
3335 2302 3401 2355 de
3435 2301 3625 2367 itinere,
3659 2306 3699 2354 et

2166 2383 2236 2437 ad
2267 2384 2436 2438 aliam
2465 2392 2681 2456 partem
2715 2387 3002 2458 pergebat.
3051 2389 3285 2444 Vivebat
3325 2395 3502 2445 autem
3537 2390 3624 2443 sibi
3659 2395 3700 2442 et

2164 2471 2300 2538 Deo,
2335 2474 2578 2544 psallens
2598 2475 2923 2546 frequenter
2945 2484 3002 2531 et
3027 2479 3334 2533 constituto
3359 2484 3570 2550 gustans
3592 2483 3699 2531 tem-

2163 2578 2298 2633 pore
2323 2562 2528 2617 cibum.
2560 2564 2644 2618 Ita
2670 2565 2860 2620 omnia
2883 2567 2960 2638 jej
2972 2568 3104 2622 unia
3136 2567 3490 2635 celebrantes,
3512 2571 3701 2622 reverte

2164 2649 2370 2706 bantur
2397 2653 2467 2706 ad
2496 2655 2899 2709 monasterium
2930 2661 3065 2711 ante
3090 2657 3365 2711 viviﬁcum
3394 2656 3527 2710 diem
3553 2671 3700 2708 resur-

2163 2741 2424 2796 rectionis
2453 2743 2679 2797 Domini
2705 2749 2762 2798 et
2790 2745 3098 2800 Salvatoris
3148 2747 3324 2801 nostri
3360 2747 3484 2800 Jesu
3520 2742 3700 2806 Christi,

2164 2847 2335 2901 quam
2363 2831 2564 2886 festam
2589 2833 2935 2888 Dominicam
2954 2852 3085 2890 cum
3108 2837 3282 2890 ramis
3292 2836 3579 2907 palmarum
3597 2831 3702 2885 cele-

2163 2919 2329 2974 brare
2357 2928 2552 2977 sancta
2573 2923 2787 2994 accepit
2803 2924 3066 2979 Ecclesia.
3098 2925 3701 2985 Revertebanturautem,

2162 3010 2547 3082 unusquisque
2577 3011 2786 3066 habens
2808 3013 3016 3085 proprii
3034 3013 3246 3070 laboris
3256 3021 3450 3069 testem
3471 3011 3703 3085 propriam

478 3105 862 3162 aediﬁcabatur
888 3107 1066 3173 valde,
1096 3075 1448 3178 praetendens
1479 3124 1536 3160 se
1567 3107 1635 3160 ad
1655 3075 2072 3177 perfectionem,
2096 3075 2138 3134 C
2159 3075 2579 3168 conscientiam,
2625 3075 3055 3173 cognoscentem
3089 3105 3333 3176 qualiter
3355 3075 3594 3176 operatus
3623 3105 3702 3164 est,

477 3202 537 3251 et
563 3212 811 3251 crescere
841 3196 1049 3250 faciens
1085 3197 1374 3268 proprium
1405 3213 1653 3263 cursum,
1686 3200 2076 3265 coaperatores

2158 3192 2213 3242 et
2240 3190 2431 3259 qualia
2459 3189 2716 3244 laborum
2746 3192 2961 3246 semina
2990 3194 3310 3248 seminavit.
3342 3194 3408 3247 Et
3432 3192 3598 3246 nullus
3615 3188 3703 3242 ullo

361 4477 376 4494 ρ
467 4443 617 4498 Deus
645 4444 920 4499 Zosimam
951 4444 1212 4516 perduxit
1237 4446 1293 4499 in
1322 4446 1471 4500 idem
1500 4447 1930 4502 monasterium.

474 3283 781 3353 inveniens,
823 3285 1035 3357 optime
1065 3286 1317 3340 divinum
1357 3287 1688 3340 innovantes
1730 3285 2071 3356 paradisum.
2158 3278 2324 3332 modo
2355 3279 2740 3351 interrogabat
2768 3282 2959 3348 alium,
2983 3283 3270 3353 quomodo
3298 3288 3396 3338 aut
3423 3280 3633 3352 qualiter
3647 3277 3706 3330 la-

475 3375 795 3430 Transactis
841 3381 1030 3430 autem
1077 3376 1291 3447 aliquot
1337 3375 1554 3442 diebus,
1607 3373 2077 3446 appropinquavit
2158 3365 2308 3422 boris
2337 3371 2649 3424 certamina
2682 3379 3155 3427 cousummasset.

473 3470 716 3536 tempus,
753 3466 976 3536 quando
1001 3482 1160 3519 sacra
1191 3465 1410 3536 jejunia
1440 3463 1773 3520 Christianis
1802 3463 2074 3517 traditum
2229 3457 2358 3512 CAP.
2375 3458 2496 3514 VII.
2515 3488 2572 3498 -
2595 3461 2697 3514 Hic
2716 3467 2802 3515 est
2822 3461 3012 3533 itaque
3025 3463 3203 3534 hujus
3225 3458 3702 3521 monasteriicanon,

475 3559 564 3608 est
591 3554 894 3621 celebrare,
915 3561 972 3609 et
993 3554 1289 3626 puriﬁcarc
1309 3554 1522 3625 seipsos
1543 3553 1611 3607 ob
1641 3553 1841 3607 divinae
1867 3551 2076 3622 passio-
2157 3551 2216 3599 et
2234 3546 2316 3600 ita
2339 3549 2579 3618 perfecte
2601 3555 2659 3603 et
2669 3551 2876 3620 optime
2898 3551 3345 3606 custodiebatur.
3365 3545 3704 3618 Unusquisque

471 3643 559 3697 nis
587 3644 735 3698 diem
764 3644 1300 3715 resurrectionisque
1355 3643 1770 3697 salutationem.
1803 3639 1974 3711 Regia
2006 3637 2073 3714 (8)
2158 3634 2328 3701 enim,
2361 3643 2425 3692 ut
2449 3638 2657 3693 dictum
2678 3645 2781 3706 est,
2813 3657 2914 3710 per
2942 3639 3312 3695 solitudinem
3345 3640 3456 3694 Deo
3475 3632 3703 3708 jungeba-

475 3738 665 3787 autem
687 3733 1016 3787 monasterii
1035 3750 1324 3804 nunquam
1345 3731 1722 3804 aperiebatur,
1745 3731 1841 3785 sed
1854 3746 2076 3802 semper
2157 3733 2268 3796 tur,
2301 3737 2357 3784 et
2376 3729 2434 3783 in
2460 3730 2759 3802 semetipso
2779 3730 3126 3798 decertabat,
3154 3749 3226 3786 ne
3249 3729 3552 3785 hominibus
3565 3726 3706 3797 place-

474 3827 598 3874 erat
626 3821 834 3889 clausa,
860 3827 917 3876 et
946 3822 1156 3892 absque
1183 3823 1300 3875 ulla
1347 3821 1765 3893 perturbatione
1814 3820 2072 3874 monachi
2155 3825 2260 3885 ret,
2294 3819 2391 3873 sed
2423 3820 2526 3874 soli
2553 3821 2687 3874 Deo.
2714 3820 2816 3874 Illa
2853 3820 3002 3874 enim
3033 3838 3162 3892 qua
3219 3828 3444 3893 propter
3497 3815 3704 3871 homines

475 3925 701 3963 cursum
731 3925 894 3964 suum
916 3911 1212 3982 explebant
1231 3931 1242 3978 ;
1261 3927 1363 3965 nec
1387 3911 1533 3965 enim
1555 3916 1677 3965 erat
1704 3910 1918 3965 licitum
1945 3926 2072 3981 ape—
2154 3909 2315 3975 ﬁunt,
2349 3915 2406 3963 et
2435 3926 2556 3979 quae
2581 3915 2644 3964 ut
2670 3909 2991 3964 hominibus
3022 3912 3291 3982 placeant
3341 3913 3586 3980 aguntur,
3619 3916 3704 3956 non

478 3997 589 4053 rire
621 3999 944 4070 aliquando,
979 4000 1087 4053 nisx
1117 4000 1370 4055 fortassis
1399 4001 1706 4055 monachus
1735 4000 2071 4072 prOpterali-
2153 3998 2334 4052 solum
2364 4015 2476 4052 non
2503 3999 2812 4069 proderunt
2841 3999 3201 4066 facientibus,
3235 4000 3334 4053 sed
3365 4004 3420 4053 et
3449 4012 3540 4069 per
3565 3991 3704 4047 multa

474 4087 623 4157 quod
653 4103 792 4158 opus
818 4088 1198 4142 necessarium
1224 4088 1573 4142 adveniebat.
1603 4087 1896 4142 Solitarius
1918 4087 2069 4140 enim
2152 4085 2359 4141 damna
2397 4088 2716 4142 efﬁciuntur
2745 4089 3042 4159 agentibus
3073 4089 3337 4144 obnoxia.
3368 4089 3514 4142 Tunc
3556 4085 3706 4150 itaque

473 4180 596 4229 erat
625 4177 778 4231 locus
799 4177 912 4244 ille,
937 4182 994 4231 et
1014 4177 1271 4248 plurimis
1293 4177 1599 4233 vicinorum
1617 4195 1727 4232 non
1745 4179 1927 4231 solum
1949 4176 2071 4230 inu-
2152 4174 2398 4231 Zosimas
2420 4183 2689 4232 consueta
2709 4177 3037 4232 monasterii
3071 4179 3197 4249 lege
3228 4172 3575 4232 transmeavit
3608 4169 3705 4222 Jor-

467 4263 690 4332 sitatus,
715 4266 810 4321 sed
828 4272 884 4320 et
905 4267 1236 4337 incognitus.
1263 4269 1456 4322 Canon
1476 4275 1664 4322 autem
1681 4268 1809 4322 talis
1826 4285 1857 4321 a
1872 4267 2068 4339 priscis
2151 4265 2374 4332 danem,
2407 4267 2686 4322 modicum
2719 4267 2852 4338 quid
2885 4284 2985 4338 pro
3017 4268 3278 4339 corporis
3309 4265 3615 4322 necessitate
3639 4257 3710 4310 de-

467 4353 794 4410 servabatur
810 4355 1188 4426 temporibus:
1216 4363 1447 4428 prOpter
1474 4357 1640 4428 quod,
1666 4362 1730 4410 ut
1747 4355 2059 4424 considero,
2087 4400 2132 4428 n
2149 4361 2381 4426 portans
2407 4373 2672 4426 congrua,
2709 4363 2766 4410 et
2792 4362 3002 4410 vestem
3026 4373 3145 4428 qua
3174 4356 3468 4420 utebatur;
3497 4357 3546 4406 et
3569 4361 3706 4402 cano-

2149 4460 2278 4498 nem
2293 4445 2518 4515 quidem
2546 4445 2881 4512 celebrabat,
2897 4446 3271 4500 solitudinem
3285 4440 3652 4518 pertransiens.
3667 4439 3711 4486 et

540 4535 670 4589 CAP.
705 4535 799 4590 VI.
827 4561 887 4570 —-
917 4535 1130 4591 Dehinc
1157 4551 1290 4606 ergo
1319 4535 1557 4590 referam
1607 4535 1849 4607 qualiter
1891 4535 2066 4607 ipsius
2146 4538 2399 4606 tempore
2429 4552 2567 4590 escae
2595 4536 2984 4590 necessitatem
3024 4536 3276 4590 faciebat
3304 4541 3535 4590 naturae.
3571 4525 3706 4582 δεδε-

464 4624 793 4679 monasterii
823 4623 1151 4678 servabatur
1172 4625 1418 4678 traditio.
1443 4625 1736 4679 Dominica
1757 4642 1926 4696 quam
1955 4625 2066 4697 pri-
2147 4622 2244 4677 bat
2273 4630 2463 4678 autem
2501 4630 2661 4680 nocte
2699 4626 2757 4680 in
2789 4632 2959 4692 terra,
3001 4626 3299 4681 modicum
3350 4624 3633 4696 quiescens,
3667 4616 3710 4667 εί

465 4731 616 4768 mam
641 4714 989 4786 jejuniorum
1020 4713 1430 4769 hebdomadam
1474 4714 1753 4768 nominari
1799 4733 1918 4769 mos
1957 4721 2059 4781 est,
2146 4730 2408 4768 somnum
2436 4714 2506 4768 ad
2532 4715 2814 4769 modicum
2840 4720 3099 4785 gustans,
3139 4729 3474 4788 quocunque
3488 4725 3601 4765 eum
3619 4719 3709 4755 ves.

465 4803 778 4874 agebantur
805 4803 993 4859 divina
1019 4809 1373 4859 sacramenta
1390 4810 1672 4870 consuete,
1694 4811 1749 4859 et
1769 4805 2065 4876 unusquis-
2145 4803 2429 4875 pertinum
2461 4803 3029 4876 reperiebattempus.
3064 4805 3335 4860 Diluculo
3353 4808 3532 4858 autem
3544 4808 3708 4870 prope-

467 4907 574 4962 que
603 4894 882 4966 particeps
913 4894 1261 4949 efﬁciebatur
1290 4894 1489 4949 viviﬁci
1519 4911 1585 4948 ac
1604 4894 1925 4950 intemerati
1947 4911 2064 4950 cor-
2146 4909 2272 4947 rare
2315 4892 2629 4965 incipiebat,
2678 4910 2902 4966 semper
2949 4894 3293 4966 incessabile
3337 4894 3483 4949 idem
3536 4884 3708 4941 habens

465 4981 617 5051 poris
648 4988 705 5036 et
733 4984 1022 5054 sanguinis
1053 4983 1276 5040 Domini
1307 4984 1484 5038 nostri
1527 4985 1658 5038 Jesu
1707 4984 1936 5039 Christi.
1995 4985 2064 5039 Et
2145 4982 2579 5054 propositum,in
2593 4983 2931 5038 desiderium
2947 4970 3707 5048 habens,utdicebat,introire

465 5068 629 5124 solito
659 5071 944 5126 modicum
995 5072 1181 5127 cibum
1220 5079 1524 5138 sumentes,
1575 5071 2063 5144 congregabantur
2143 5070 2202 5126 in
2239 5072 2623 5136 solitudinem,
2651 5089 2883 5144 sperans
2911 5073 3173 5129 invenire
3195 5074 3444 5146 aliquem
3467 5061 3709 5142 patremin

465 5174 660 5214 omnes
687 5159 747 5214 in
776 5163 1105 5228 oratorium,
1139 5169 1196 5217 et
1223 5163 1464 5218 curvatis
1491 5162 1748 5234 genibus,
1801 5163 2060 5234 factaque
2143 5177 2208 5215 ea
2238 5160 2603 5223 habitantem.
2639 5163 2734 5233 qui
2773 5179 2900 5217 eum
2945 5168 3144 5233 posset
3196 5161 3412 5235 aliquid
3455 5155 3706 5215 aediﬁcare.

466 5247 793 5319 suppliciter
808 5250 1078 5316 oratione,
1104 5251 1498 5306 salutabantse
1518 5252 1752 5306 invicem
1780 5252 2056 5320 monachi,
2142 5250 2286 5304 sicut
2309 5249 2680 5318 desiderabat,
2712 5257 2769 5305 et
2793 5251 2915 5306 sine
2944 5252 3270 5306 cessatione
3299 5253 3408 5306 iter
3444 5245 3639 5318 agebat,
3661 5253 3710 5292 δε

465 5340 522 5390 et
550 5336 934 5408 unusquisque
958 5341 1252 5408 genuﬂexo
1282 5339 1499 5411 publice
1511 5341 1953 5412 amplectebatur
1967 5341 2060 5395 ab-
2141 5340 2187 5394 si
2201 5339 2347 5410 apud
2361 5340 2605 5411 aliquem
2631 5341 2990 5395 manifestum
3001 5340 3310 5396 festinans.
3338 5336 3541 5411 Viginti
3555 5339 3708 5388 autem

461 5422 667 5494 batem,
708 5427 1057 5498 postulantes
1087 5429 1417 5498 orationem,
1454 5439 1516 5484 ut
1544 5430 1815 5486 haberent
1866 5432 1936 5484 ad
1964 5431 2055 5485 in-
2141 5426 2360 5483 dierum
2391 5429 2615 5500 exigens
2638 5430 2764 5497 iter,
2793 5447 2916 5484 cum
2939 5436 3115 5486 sextae
3148 5432 3306 5486 horae
3335 5437 3549 5499 tempus
3574 5421 3710 5475 adve-

462 5511 726 5567 choatum
755 5518 1039 5568 certamen
1069 5530 1197 5568 eum
1227 5522 1645 5586 cooperatorem
1675 5523 1729 5571 et
1758 5517 2054 5571 comitato-
2137 5518 2332 5586 nisset,
2365 5519 2520 5574 stetit
2549 5520 2829 5575 modicum
2858 5520 2928 5574 ab
2957 5520 3172 5575 itinere
3198 5540 3210 5574 :
3248 5527 3307 5576 et
3334 5529 3613 5574 conversus
3654 5503 3710 5561 ad

458 5618 600 5690 rem.
626 5603 726 5659 His
744 5602 825 5659 ita
850 5619 910 5660 se
932 5602 1285 5673 habentibus,
1307 5604 1454 5661 fores
1472 5606 1799 5668 monasterii
1828 5608 2056 5679 pateﬁe-
2138 5607 2446 5678 Orientem,
2483 5609 2687 5682 agebat
2722 5611 2946 5666 solitam
2983 5611 3334 5667 orationem.
3377 5600 3709 5666 Consueveral
