3954 6190
249 286 359 342 ϋῘἹ

1001 285 1165 341 VlTA
1209 287 1506 341 SANCTKE
1544 287 1791 342 MARI/E
1829 286 2296 351 IEGYPTJACJE,
2341 287 2797 345 MERE’I‘RICIS.

3326 247 3327 250 γ
3431 296 3537 358 678

249 413 409 469 enim
434 413 740 469 constituto
770 413 883 469 diei
902 418 1156 486 tempore
1178 413 1349 485 ﬁgere
1369 412 1588 468 itineris
1607 429 1853 480 cursum,
1875 412 1927 473 Α
1947 411 2099 482 piam
2151 411 2452 466 orationes.
2484 413 2640 468 Tunc
2672 421 2882 472 tremor
2907 416 3231 492 nimiusque
3260 426 3443 478 metus
3482 429 3540 481 et

251 508 315 558 et
343 508 502 559 stans
539 504 796 576 psallere,
829 510 888 559 et
919 504 1218 576 genuflexo
1269 521 1448 558 orare.
1483 504 1630 558 Dum
1667 508 1856 558 autem

251 594 543 665 psalleret,
563 599 620 648 et
647 595 705 648 in
732 595 933 648 ccelum
964 593 1264 665 inspiceret
1288 593 1520 649 intentis
1548 592 1852 659 obtutibus,

252 683 398 738 vidit
424 701 460 737 a
488 689 647 756 parte
669 683 882 749 dextra,
916 682 1011 737 ubi
1039 683 1254 748 orabat,
1282 682 1538 737 umbram
1567 682 1725 753 quasi
1757 683 1857 736 hu-

252 774 415 828 mani
442 774 690 845 corporis
709 778 1103 846 apparentem;
1129 778 1185 827 et
1201 772 1381 844 primo
1393 772 1618 843 quidem
1636 776 1858 826 contur-

248 863 423 918 batus
438 869 541 929 est,
557 880 620 917 ac
649 863 1006 927 contremuit,
1040 862 1400 933 phantasiam
1431 863 1668 932 alicujus
1696 862 1856 934 spiri-

249 959 350 1008 tus
371 952 698 1008 existimans
728 970 787 1007 se
802 952 1021 1016 vidisse,
1051 952 1213 1022 signo
1233 958 1421 1006 autem
1443 952 1627 1006 crucis
1658 969 1716 1006 se
1733 969 1857 1006 mu-

247 1043 440 1110 niens,
461 1047 518 1097 et
547 1059 579 1096 a
608 1060 667 1097 se
697 1043 955 1097 timorem
986 1041 1287 1113 projiciens
1305 1043 1446 1112 (jam
1475 1042 1626 1095 enim
1653 1047 1708 1095 et
1738 1058 1859 1095 ora-

245 1132 428 1187 tionis
449 1133 572 1203 ejus
592 1131 720 1186 finis
742 1131 1024 1200 instabat),
1044 1136 1374 1186 convertens
1395 1131 1748 1197 oculos,vidit
1761 1130 1859 1185 ali-

248 1238 426 1294 quem
449 1222 510 1276 in
531 1222 764 1276 veritate
783 1225 1176 1292 properantem
1199 1221 1497 1291 adpartem
1518 1220 1853 1274 Occidentis.

246 1312 463 1366 Mulier
500 1317 690 1366 autem
721 1316 864 1376 erat,
895 1310 1044 1381 quod
1074 1309 1384 1374 videbatur,
1417 1325 1649 1380 corpore
1677 1309 1858 1379 niger-

247 1400 422 1467 rimo,
453 1417 568 1472 prae
588 1401 723 1455 solis
743 1399 944 1454 ardore
972 1399 1286 1469 denigrata,
1313 1405 1370 1453 et
1401 1399 1628 1469 capillos
1658 1399 1855 1469 capitis

246 1489 473 1545 habens
489 1495 553 1545 ut
582 1490 711 1544 lana
729 1489 905 1556 albos,
927 1488 1175 1543 modicos
1204 1493 1261 1542 et
1288 1488 1457 1558 ipsos,
1481 1504 1593 1542 non
1614 1487 1854 1558 amplius

247 1596 424 1650 quam
456 1597 634 1651 usque
665 1579 736 1633 ad
767 1579 1036 1632 cervicem
1063 1577 1491 1632 descendentes.

322 1670 464 1724 CAP.
500 1669 649 1724 VIII.
674 1697 733 1708 -
759 1669 875 1723 Hoc
899 1668 1090 1738 itaque
1105 1667 1350 1721 Zosimas
1378 1667 1591 1732 videns,
1625 1671 1682 1721 et
1707 1668 1855 1722 desi-

1937 501 2144 556 mentis
2173 517 2430 556 excessus
2475 503 2688 573 accepit
2739 506 3036 562 Zosimam.
3071 509 3346 568 Strenuus
3385 514 3538 572 enim

1940 591 2152 645 eratvir
2165 590 2258 645 ille
2277 591 2454 657 valde,
2476 598 2534 645 et
2561 593 2865 650 divinitatis
2880 597 3026 652 dono
3041 601 3532 670 prudentissimus,

1938 685 1996 734 et
2022 681 2278 750 cognovit
2298 681 2428 751 quia
2447 699 2512 736 ex
2542 683 2769 738 nomine
2799 702 2912 740 non
2936 696 3185 744 vocasset
3214 707 3344 746 eum
3369 710 3536 764 quem
3593 753 3596 757 λ

1937 785 2228 841 nunquam
2257 771 2493 839 viderat,
2511 772 2579 826 de
2602 790 2712 843 quo
2734 790 2836 828 nec
2853 793 3100 846 unquam
3119 781 3395 846 audierat,
3428 783 3537 837 nisi

1938 860 2390 915 manifestissime
2421 861 2778 931 providentiae
2797 865 2981 934 gratia
3001 867 3196 921 fuisset
3233 869 3533 926 illustrata.

1940 949 2095 1002 Fecit
2124 955 2313 1005 autem
2343 967 2470 1004 cum
2500 951 2856 1006 festinatione
2892 956 3039 1024 quod
3088 957 3312 1026 jussum
3342 966 3445 1029 est,
3480 968 3537 1016 et

1941 1054 2147 1092 exuens
2176 1056 2234 1092 se
2255 1039 2422 1110 pallio
2453 1057 2561 1110 quo
2586 1046 2707 1095 erat
2729 1041 2978 1110 indutus,
3015 1049 3176 1115 terga
3201 1065 3392 1103 versus
3412 1067 3538 1121 pro-

1935 1127 2075 1197 jecit
2102 1128 2172 1184 ei.
2190 1129 2293 1182 Illa
2310 1129 2607 1200 accipiens,
2625 1130 2684 1183 in
2705 1137 2980 1201 quantum
3007 1135 3395 1207 potuittegens
3412 1156 3536 1211 par-

1938 1221 2057 1270 tem
2079 1218 2345 1288 corporis,
2376 1235 2545 1289 quam
2576 1225 2797 1291 oportet
2825 1221 2948 1292 plus
2976 1223 3090 1294 tegi
3125 1227 3358 1292 caeteris,
3389 1245 3536 1298 prae-

1939 1305 2111 1360 cinxit
2138 1323 2216 1373 se,
2253 1313 2311 1361 et
2337 1325 2606 1362 conversa
2632 1310 2701 1364 ad
2733 1311 3030 1380 Zosimam,
3047 1313 3126 1368 ait
3146 1315 3197 1368 ei
3221 1334 3232 1369 :
3256 1315 3402 1379 Quid
3435 1316 3537 1372 tibi

1937 1395 2116 1450 visum
2136 1401 2238 1462 est,
2253 1396 2414 1464 abba,
2449 1399 2812 1468 peccatricem
2823 1401 3011 1456 videre
3024 1404 3318 1460 mulierem
3339 1405 3364 1459 ?
3393 1407 3539 1470 Quid

1940 1487 2145 1556 quaeris
2175 1503 2209 1540 a
2241 1503 2329 1541 me
2360 1487 2543 1542 videre
2580 1495 2679 1543 aut
2715 1489 2947 1557 discere,
2994 1493 3128 1562 quia
3169 1500 3394 1549 tantum
3423 1511 3537 1552 non

1938 1575 2216 1646 pigritasti
2245 1577 2486 1632 tolerare
2515 1577 2803 1633 laborem?
2823 1581 2922 1635 Ille
2941 1586 3131 1635 autem
3161 1583 3221 1636 in
3241 1589 3396 1639 terra
3410 1563 3536 1657 pro-

1937 1669 2166 1730 stratus,
2200 1665 2462 1736 poscebat
2491 1666 2936 1724 benedictionem
2964 1672 3272 1727 secundum
3315 1690 3534 1730 morem

245 1758 462 1813 derata
494 1757 803 1812 dulcedinis
831 1757 1056 1828 gavisus
1075 1757 1322 1824 effectus,
1339 1756 1506 1827 coepit
1526 1755 1856 1811 festinanter
1875 1815 1920 1835 ἢ
1937 1753 2204 1825 accipere.
2230 1755 2541 1811 Prostravit
2569 1762 2760 1812 autem
2779 1775 2838 1813 se
2864 1765 2923 1815 et
2947 1760 3088 1831 ipsa,
3122 1767 3179 1815 et
3201 1763 3427 1834 utrique
3450 1765 3536 1835 ja-

242 1864 478 1903 currere
504 1849 564 1902 in
593 1864 718 1902 eam
749 1852 988 1919 partem,
1020 1844 1115 1901 ubi
1143 1851 1202 1900 et
1228 1846 1382 1901 aliud
1412 1846 1560 1917 quod
1591 1846 1854 1917 apparuit
1875 1815 2135 1898 Bcebant
2162 1844 2220 1898 in
2249 1850 2422 1912 terra,
2438 1863 2586 1901 unus
2605 1865 2670 1902 ex
2687 1849 2796 1903 alio
2817 1848 3262 1905 benedictionem
3276 1815 3530 1924 pdscens.

241 1937 569 1992 festinabat.
593 1937 889 1992 Gaudebat
911 1937 1060 1991 enim
1078 1936 1285 2007 gaudio
1310 1952 1534 2006 magno.
1553 1937 1677 1990 Non
1699 1936 1848 1990 enim

237 2027 464 2082 viderat
492 2028 550 2082 in
579 2027 760 2099 spatio
803 2026 1023 2081 dierum
1051 2026 1278 2080 illorum
1307 2025 1548 2096 speciem
1581 2025 1844 2092 hominis,

239 2117 706 2183 autanimalium,
727 2117 1132 2184 velvelucrum,
1148 2115 1569 2185 bestiarumque
1581 2115 1818 2169 formam
1829 2155 1841 2169 .

241 2206 612 2263 Desiderabat
632 2207 784 2261 enim
821 2222 1156 2277 cognoscere
1186 2223 1307 2277 quae
1337 2204 1420 2259 vel
1453 2205 1633 2276 qualis
1666 2204 1848 2259 bestia

241 2301 398 2351 esset
417 2314 540 2368 quae
554 2295 866 2362 videbatur,
885 2312 1118 2367 sperans
1148 2294 1414 2366 quoniam
1438 2296 1715 2365 majorum
1744 2295 1849 2349 ali-

241 2386 411 2456 cujus
431 2385 746 2441 efficeretur
775 2385 1072 2457 protectus.
1099 2385 1200 2440 Illa
1226 2389 1416 2438 autem
1435 2390 1500 2438 ut
1513 2384 1852 2438 viditcontra

241 2475 528 2530 Zosimam
560 2475 892 2541 venientem,
908 2475 1076 2545 coepit
1101 2474 1321 2544 fugiens
1347 2490 1570 2528 currere
1592 2474 1741 2544 apud
1761 2473 1849 2528 in-

243 2564 514 2619 feriorem
539 2565 919 2619 solitudinem.
952 2563 1198 2618 Zosimas
1241 2569 1431 2617 autem
1475 2563 1656 2618 artatis
1685 2579 1848 2618 sene-

244 2659 400 2708 ctam
430 2653 774 2720 obliviscens,
803 2659 860 2708 et
891 2653 1140 2708 laborem
1171 2669 1283 2708 non
1311 2658 1577 2724 reputans
1606 2652 1843 2718 itineris,

243 2743 496 2797 tetendit
532 2743 886 2814 rapidissimo
928 2759 1116 2808 cursu,
1154 2742 1479 2796 desiderans
1525 2742 1847 2813 conspicere

240 2831 584 2902 fugientem.
607 2832 711 2886 Hic
725 2832 875 2886 enim
897 2831 1366 2904 persequebatur;
1399 2831 1496 2886 illa
1511 2836 1701 2885 autem
1726 2847 1850 2901 pro-

239 2921 629 2992 grediebatur.
655 2921 789 2975 Erat
806 2925 996 2975 autem
1026 2937 1222 2975 cursus
1256 2919 1487 2976 Zosimae
1514 2920 1773 2987 velocior,
1794 2926 1850 2974 et

241 3011 452 3082 pauloe
461 3013 484 3063 ἴ
481 3009 1268 3082 iiciebaturpmpinquior.Ubi
1280 3015 1468 3065 autem
1475 3026 1646 3081 appro
1652 3010 1844 3080 piavit,
1866 3061 1906 3084 η

244 3107 314 3159 ut
330 3103 454 3171 jam
476 3100 642 3155 etiam
666 3105 856 3172 posset
866 3117 964 3154 vox
975 3100 1177 3166 audiri,
1197 3099 1382 3171 coepit,
1400 3100 1500 3153 has
1512 3099 1843 3154 vocesemit-

240 3196 396 3254 tens,
421 3191 666 3245 clamare
679 3190 926 3244 Zosimas
952 3206 1080 3250 cum
1109 3189 1370 3260 lacrymis
1396 3208 1406 3242 :
1434 3189 1548 3244 Cur
1575 3206 1666 3243 me
1693 3188 1842 3260 fugis

241 3279 597 3351 decrepitum
622 3296 686 3334 ac
713 3285 1080 3350 peccatorem,
1115 3295 1271 3334 serve
1299 3279 1438 3333 Dei?
1459 3279 1603 3334 Vere
1632 3279 1848 3333 sustine

244 3386 338 3424 me
368 3386 472 3440 per
485 3369 1017 3441 Deum,quicunque
1048 3386 1126 3435 es,
1150 3385 1252 3440 pro
1277 3369 1438 3440 cujus
1466 3369 1692 3422 nomine
1704 3368 1848 3422 hanc

244 3458 534 3514 inhabitas
567 3458 946 3513 solitudinem.
983 3458 1210 3513 Sustine
1239 3476 1328 3512 me
1353 3458 1642 3512 infirmum
1673 3462 1729 3512 et
1757 3457 1847 3511 in-

246 3549 505 3619 dignum.
540 3548 767 3604 Sustine
792 3565 881 3603 me
914 3564 1014 3619 pro
1037 3564 1155 3619 spe,
1181 3564 1349 3618 quam
1379 3546 1551 3602 habes
1581 3564 1682 3618 pro
1703 3546 1847 3601 tanti

245 3637 463 3692 laboris
494 3638 966 3694 remuneratione.
999 3638 1116 3704 Sta,
1153 3643 1211 3691 et
1239 3637 1420 3692 tribue
1451 3637 1763 3691 orationem
1793 3641 1850 3691 et

245 3727 694 3783 benedictionem
707 3728 828 3782 seni
840 3727 1244 3799 perDeum,qui
1256 3728 1536 3781 neminem
1548 3727 1850 3798 aliquando

247 3817 510 3891 projecit.
541 3818 671 3872 Haec
694 3833 819 3872 cum
847 3817 1112 3888 lacrymis
1140 3816 1359 3870 Zosima
1385 3817 1724 3888 postulante,
1755 3833 1850 3870 ve-

246 3913 461 3963 nerunt
487 3913 778 3962 currentes
799 3907 858 3961 in
889 3907 1189 3977 quemdam
1220 3906 1424 3969 locum,
1456 3907 1515 3959 in
1547 3922 1656 3976 quo
1688 3905 1848 3976 quasi

245 3997 443 4052 aridus
462 4002 684 4052 torrens
702 3996 1120 4066 designabatur,
1141 3996 1198 4049 in
1219 4012 1328 4067 quo
1350 3995 1520 4050 fuisse
1540 4000 1850 4050 torrentem

243 4086 644 4153 consideravit;
676 4085 773 4140 sed
800 4086 954 4140 locus
982 4085 1074 4138 ille
1103 4085 1273 4138 talem
1295 4085 1569 4150 convenit,
1593 4090 1656 4138 ut
1685 4084 1851 4139 habe-

2005 1932 2215 1987 CAP.X.
2241 1965 2305 1974 —
2331 1934 2464 1989 Post
2493 1936 2799 1992 multarum
2829 1943 3021 1993 autem
3048 1938 3318 1995 horarum
3349 1943 3533 2013 spatia

1929 2020 2069 2074 dixit
2088 2022 2290 2077 mulier
2316 2025 2387 2078 ad
2414 2025 2723 2080 Zosimam:
2753 2026 2915 2082 Abba
2930 2029 3286 2098 Zosima,tibi
3306 2047 3533 2102 compe-

1927 2110 1998 2164 tit
2026 2110 2354 2168 benedicere
2385 2120 2442 2168 et
2466 2131 2627 2169 orare
2651 2135 2663 2183 ;
2686 2121 2750 2170 tu
2779 2117 2931 2171 enim
2953 2118 3290 2190 presbyterii
3319 2121 3532 2176 honore

1929 2199 2103 2254 fultus
2132 2218 2210 2268 es,
2243 2209 2299 2256 et
2327 2203 2583 2274 plurimis
2612 2207 2733 2275 jam
2773 2207 2936 2260 annis
2981 2214 3173 2263 sancto
3201 2209 3418 2265 assistis
3448 2210 3535 2264 al-

1931 2290 2060 2354 tari,
2086 2296 2143 2344 et
2168 2292 2330 2346 donis
2355 2292 2661 2347 divinitatis
2675 2295 2882 2350 Christi
2903 2302 3120 2351 secreta
3141 2297 3384 2353 rimaris.
3399 2300 3532 2354 Haec

1931 2377 2100 2433 verba
2128 2380 2403 2435 Zosimam
2445 2383 2503 2436 in
2535 2399 2804 2454 magnum
2845 2385 3109 2440 timorem
3159 2391 3214 2441 et
3243 2394 3532 2444 certamen

1933 2469 2114 2540 magis
2139 2470 2497 2538 inducebant,
2531 2479 2587 2526 et
2613 2478 2865 2529 tremens
2892 2491 3065 2529 senex
3103 2477 3324 2531 sudoris
3351 2479 3530 2548 guttis

1934 2557 2353 2614 infundebatur.
2388 2560 2534 2616 Dicit
2589 2567 2782 2617 autem
2829 2564 2882 2618 ei
2935 2564 3184 2620 defessus
3236 2566 3446 2621 viribus
3472 2572 3530 2623 et

1933 2648 2091 2718 quasi
2120 2648 2297 2704 halitu
2337 2651 2457 2720 jam
2505 2653 2832 2707 conclusus:
2857 2653 3157 2708 Manifesta
3169 2656 3288 2726 jam
3305 2657 3531 2727 quidem

1932 2754 1991 2792 es
2019 2754 2084 2791 ex
2107 2737 2230 2808 ipsa
2258 2739 2484 2807 visione,
2509 2757 2540 2794 ο
2587 2741 2897 2812 spiritualis
2942 2749 3146 2809 mater,
3170 2746 3438 2816 quoniam
3466 2752 3531 2802 tu

1931 2826 2002 2880 ad
2025 2827 2325 2882 Dominum
2354 2827 2599 2900 profecta
2628 2848 2706 2898 es,
2758 2838 2816 2886 et
2868 2831 3086 2888 fortiori
3116 2841 3275 2906 parte
3305 2841 3530 2892 mortua

1932 2933 2008 2970 es.
2042 2916 2338 2972 Manifesta
2379 2924 2569 2972 autem
2613 2920 2739 2991 plus
2777 2922 3030 2976 omnium
3062 2923 3276 2978 tributa
3303 2930 3389 2979 est
3425 2925 3530 2981 tibi

1928 3005 2130 3076 gratia,
2149 3011 2213 3060 ut
2232 3023 2321 3061 me
2343 3024 2568 3063 vocares
2589 3025 2654 3063 ex
2685 3010 2930 3073 nomine,
2957 3028 3125 3082 quem
3147 3029 3434 3085 nunquam
3455 3015 3532 3070 vi-

1935 3095 2086 3165 di‘i.
2122 3096 2228 3151 Sed
2259 3096 2390 3167 quia
2411 3098 2597 3166 gratia
2625 3115 2737 3153 non
2757 3116 2822 3153 ex
2851 3099 3126 3171 dignitate
3154 3105 3526 3173 cognoscitur,

1933 3185 2031 3239 sed
2062 3202 2128 3239 ex
2172 3185 2489 3240 animarum
2526 3187 2741 3244 actibus
2769 3189 3073 3260 significari
3128 3199 3396 3248 consueta
3425 3198 3528 3264 est,

1931 3273 2164 3329 benedic
2188 3280 2418 3347 propter
2445 3277 2644 3345 Deum,
2676 3284 2734 3332 et
2771 3279 3084 3334 orationem
3132 3281 3318 3337 tribue
3343 3283 3526 3339 indul-

1926 3364 2131 3434 gentiae
2160 3370 2269 3419 tuae
2288 3365 2663 3436 perfectionis.
2687 3368 2993 3424 Stabilitati
3023 3375 3213 3425 autem
3233 3372 3384 3428 senis
3404 3389 3531 3428 san-

1929 3454 2004 3507 cti
2034 3471 2340 3526 compassa,
2376 3456 2522 3510 dixit
2553 3475 2564 3509 :
2601 3457 2934 3514 Benedictus
2975 3459 3265 3529 Dominus,
3303 3463 3396 3533 qui
3434 3480 3526 3518 sa-

1929 3543 2106 3598 lutem
2137 3551 2400 3615 procurat
2423 3546 2774 3615 animarum,
2813 3554 2870 3602 et
2909 3549 3128 3603 Zosima
3157 3553 3529 3624 respondente

1932 3633 2131 3701 Amen,
2163 3641 2528 3690 surrexerunt
2555 3636 2779 3708 utrique
2805 3637 2874 3691 de
2923 3643 3094 3693 terra.
3121 3640 3192 3694 Et
3217 3641 3298 3696 ait
3329 3643 3530 3698 mulier

1934 3723 2055 3777 seni
2080 3743 2090 3778 :
2121 3724 2320 3792 Homo,
2356 3741 2526 3796 quam
2564 3725 2634 3780 ob
2665 3725 2795 3781 rem
2813 3726 2884 3780 ad
2911 3743 3001 3782 me
3045 3731 3414 3799 peccatricem
3439 3749 3527 3786 ve-

1933 3812 2066 3867 nisti
2083 3814 2108 3866 ?
2129 3814 2338 3868 Tamen
2351 3815 2616 3885 quoniam
2632 3816 2860 3886 quidem
2877 3818 3131 3888 tegratia
3148 3820 3392 3891 Spiritus
3404 3838 3529 3875 san-

1932 3902 2007 3956 cti
2027 3903 2247 3969 direxit,
2281 3909 2344 3957 ut
2388 3904 2615 3975 aliquod
2662 3905 3038 3961 ministerium
3097 3909 3358 3964 exhibeas
3388 3927 3528 3966 meae

1932 3991 2253 4061 exiguitatis
2299 3994 2518 4064 corpori
2562 4010 2894 4064 congruum,
2929 3997 3020 4050 die
3058 3998 3216 4064 mihi,
3248 3999 3528 4069 quomodo

1933 4080 2096 4134 hodie
2127 4081 2606 4137 Christianissima
2640 4085 2858 4153 regitur
2883 4085 3081 4152 tribus,
3118 4088 3396 4156 quomodo
3427 4089 3530 4142 im-

246 4182 336 4232 ret
347 4175 800 4242 similitudinem,
829 4174 1107 4245 quomodo
1138 4175 1194 4228 in
1217 4179 1368 4228 terra
1389 4174 1486 4228 illa
1517 4173 1843 4245 apparebat.
1932 4175 2236 4241 peratores,
2271 4173 2548 4242 quomodo
2566 4177 2771 4227 sanctae
2792 4173 3046 4228 Ecclesiae
3077 4176 3326 4246 pascitur
3347 4178 3528 4246 grex?

246 4266 324 4322 Ut
343 4271 622 4320 venerunt
646 4265 837 4336 itaque
861 4265 920 4318 in
950 4263 1279 4335 praedictum
1308 4264 1514 4329 locum,
1537 4263 1675 4317 illud
1702 4263 1852 4334 quod
1932 4259 2176 4314 Zosimas
2205 4266 2394 4314 autem
2431 4261 2720 4332 respondit
2742 4262 2846 4315 hoc
2877 4261 3105 4317 verbum
3130 4283 3140 4317 :
3180 4265 3378 4331 Mater,
3412 4266 3526 4320 tuis

244 4352 1409 4424 fugiebatdescendit,etiterumascenditin
1422 4359 1641 4423 partem
1655 4351 1847 4406 aliam.
1868 4389 1916 4447 D
1933 4349 2278 4404 orationibus
2305 4351 2513 4404 sanctis
2559 4366 2753 4421 pacem
2804 4349 3064 4406 stabilem
3092 4352 3240 4407 Deus
3290 4353 3529 4424 largitus

246 4444 496 4498 Zosima:-
519 4448 709 4498 autem
724 4443 972 4498 clamans
994 4447 1052 4496 et
1073 4458 1349 4514 nusquam
1363 4441 1623 4514 progredi
1636 4441 1844 4508 valens,
1869 4438 1912 4447 ”
1931 4444 2043 4504 est;
2061 4440 2159 4494 sed
2193 4439 2411 4510 suscipe
2453 4438 2670 4509 indigni
2695 4440 2954 4494 monachi
2982 4441 3440 4511 consolationem,
3469 4449 3528 4498 et

245 4533 409 4588 stetit
437 4533 498 4587 in
529 4533 699 4588 aliam
730 4539 948 4602 partem
977 4533 1262 4598 torrentis,
1298 4532 1388 4603 qui
1422 4531 1662 4603 speciem
1693 4530 1847 4586 vide-

245 4621 421 4676 batur
445 4621 652 4676 habere
679 4622 973 4688 torrentis,
1007 4628 1064 4676 et
1109 4621 1325 4676 addidit
1347 4625 1534 4687 385
1573 4622 1849 4693 lacrymas

246 4711 536 4783 lacrymis,
581 4717 638 4765 et
666 4712 910 4782 suspiria
936 4711 1190 4783 suspiriis
1233 4710 1540 4781 ampliavit,
1577 4715 1639 4765 ut
1668 4711 1848 4764 multo

244 4800 433 4872 magis
463 4817 528 4855 ex
554 4801 870 4873 propinquo
898 4801 1136 4856 stridore
1167 4800 1347 4854 luctus
1377 4800 1614 4854 audiret.

319 4891 458 4946 CAP.
493 4890 587 4945 XI.
614 4921 678 4930 —
707 4891 865 4946 Tunc
893 4891 1029 4945 illud
1057 4906 1256 4960 corpus
1289 4889 1436 4959 quod
1456 4889 1723 4960 fugiebat,
1749 4907 1844 4944 vo-

240 4996 372 5036 cem
429 4981 601 5036 talem
657 4981 880 5036 emisit:
936 4979 1096 5034 Abba
1143 4979 1381 5046 Zosima,
1430 4980 1654 5050 ignosce
1705 4978 1845 5033 mihi

240 5076 482 5144 propter
505 5071 704 5138 Deum,
753 5069 1018 5142 quoniam
1056 5069 1416 5124 manifestare
1459 5086 1548 5123 me
1577 5068 1680 5124 tibi
1709 5087 1842 5124 con-

238 5177 411 5216 versa
437 5177 549 5216 mn
580 5177 828 5232 possum.
861 5159 1063 5214 Mulier
1089 5159 1239 5214 enim
1268 5177 1411 5225 sum,
1444 5165 1500 5212 et
1528 5159 1682 5212 omni
1719 5175 1842 5213 cor-

235 5266 417 5323 poreo
430 5249 680 5320 tegmine
706 5249 1083 5320 nuda,utipse
1107 5249 1277 5314 vides,
1305 5254 1362 5302 et
1388 5248 1635 5319 corporis
1659 5248 1842 5318 turpi-

1930 4546 2031 4601 per
2049 4528 2351 4583 Dominum
2383 4544 2482 4583 ora
2503 4545 2602 4599 pro
2619 4530 2772 4583 omni
2794 4531 3024 4598 mundo,
3041 4537 3096 4586 et
3114 4548 3215 4603 pro
3231 4549 3319 4587 me
3334 4549 3526 4604 pecca-

1930 4624 2068 4683 tore,
2106 4623 2163 4672 et
2189 4635 2300 4672 non
2329 4617 2500 4689 hujus
2522 4635 2718 4674 cursus
2747 4624 2805 4674 et
2831 4620 3048 4676 itineris
3072 4621 3233 4676 labor
3254 4622 3374 4677 sine
3403 4622 3522 4678 fru-

1931 4715 2022 4764 ctu
2045 4708 2181 4763 mihi
2212 4708 2489 4762 efficiatur
2517 4713 2690 4764 tantae
2713 4709 3032 4764 solitudinis
3052 4711 3159 4765 via.
3195 4712 3264 4766 Et
3291 4712 3392 4766 illa
3429 4727 3522 4769 re-

1930 4798 2156 4870 spondit
2183 4798 2252 4852 ad
2276 4815 2405 4853 eum
2438 4818 2450 4852 :
2483 4799 2560 4852 Te
2590 4797 2816 4869 quidem
2841 4804 3077 4871 oportet,
3113 4799 3258 4855 abba
3280 4801 3518 4871 Zosima,

1929 4888 2313 4954 sacerdotii,ut
2327 4887 2766 4952 dixi,habentem
2780 4887 3177 4961 honorem,pro
3191 4890 3450 4947 omnibus
3465 4898 3524 4949 et

1927 4994 2028 5049 pro
2049 4995 2138 5032 me
2159 4994 2338 5043 orare,
2373 4977 2432 5030 in
2460 4976 2564 5031 hoc
2595 4977 2746 5031 enim
2782 4982 2839 5032 et
2876 4984 3100 5034 vocatus
3129 4997 3188 5035 es
3214 5000 3226 5048 ;
3251 4981 3350 5036 sed
3389 4982 3523 5055 quia

1926 5067 2252 5122 obedientiaa
2274 5070 2615 5138 praeceptum
2643 5063 2933 5134 habemus,
2952 5068 3101 5139 quod
3123 5069 3260 5124 mihi
3281 5087 3315 5124 a
3332 5077 3389 5126 te
3402 5073 3524 5143 jus-

1926 5175 2051 5212 sum
2073 5164 2176 5222 est,
2209 5155 2355 5210 bona
2393 5155 2594 5208 faciam
2624 5155 2928 5210 voluntate.
2973 5156 3043 5212 Et
3065 5158 3181 5212 haec
3206 5159 3417 5228 dicens,
3450 5162 3524 5217 ad

1930 5247 2217 5302 Orientem
2242 5262 2524 5311 conversa,
2559 5249 2616 5299 et
2645 5244 2872 5300 elevatis
2901 5246 2959 5301 in
2989 5249 3271 5303 excelsum
3323 5251 3521 5320 oculis,

238 5340 502 5396 tudinem
529 5338 740 5392 habens
759 5337 1045 5392 intectam.
1080 5339 1187 5393 Sed
1215 5337 1261 5391 si
1293 5338 1373 5391 vis
1405 5337 1698 5408 peccatrici
1725 5353 1845 5392 mu-
1928 5335 2298 5406 manibusque
2329 5334 2590 5401 extensis,
2619 5335 2786 5405 coepit
2812 5353 2973 5391 orare
3004 5342 3160 5393 motu
3191 5344 3413 5395 tantum
3436 5340 3521 5394 la-

241 5428 375 5485 lieri
395 5429 706 5484 orationem
722 5444 850 5482 vere
877 5427 1142 5493 tribuere,
1162 5427 1371 5498 projice
1397 5427 1532 5480 mihi
1555 5427 1847 5482 indumen-
1927 5425 2148 5480 biorum
2169 5425 2227 5478 in
2248 5424 2495 5490 silentio,
2514 5441 2729 5495 voxque
2743 5426 2966 5496 penitus
2988 5444 3098 5482 non
3111 5429 3446 5484 audiebatur
3460 5435 3525 5482 ut

242 5526 376 5574 tum
402 5535 512 5589 quo
537 5518 917 5573 circumdatus
947 5534 1026 5585 es,
1060 5522 1124 5572 ut
1152 5517 1359 5589 possim
1392 5516 1719 5572 muliebrem
1759 5518 1848 5572 in-
1931 5522 2117 5588 posset
2144 5514 2401 5584 intelligi.
2435 5513 2593 5568 Unde
2615 5520 2673 5568 et
2699 5515 2945 5570 Zosimas
2967 5517 3122 5570 nulla
3148 5518 3330 5588 potuit
3357 5514 3524 5570 verba

242 5607 582 5669 firmitatem
625 5609 844 5681 operire
874 5608 945 5672 ad
988 5613 1042 5664 te
1074 5614 1421 5677 convertens,
1455 5612 1511 5663 et
1538 5613 1667 5663 tuas
1703 5609 1848 5664 acci-
1931 5625 1996 5662 ex
2026 5607 2148 5679 ipsa
2167 5604 2422 5661 oratione
2451 5619 2774 5676 agnoscere.
2801 5605 2999 5662 Stabat
3017 5603 3529 5677 autem,utdicebat
