3892 6182
457 292 564 355 679
1483 289 1578 346 DE
1613 287 1804 346 VITIS
1842 285 2141 346 PATRUM
2177 287 2391 345 LIBER
2427 289 2716 347 PRIMUS.
3563 299 3648 362 630

456 431 728 488 tremens,
758 425 970 476 terram
1000 415 1366 488 conspiciens,
1395 419 1454 471 et
1478 417 1619 472 nihil
1645 417 1762 472 ullo
1790 417 1957 472 modo
1977 416 2120 476 lo-A
2141 432 2268 471 sum
2287 422 2536 489 operata.
2570 417 2762 472 Dicam
2783 415 3138 484 autem,nihil
3155 433 3366 490 negans,
3394 425 3478 480 sed
3501 429 3652 487 verius

461 531 657 587 quens.
669 513 695 566 J
703 509 904 567 arabat
918 506 1316 573 autem,Deum
1329 507 1535 562 testem
1551 506 1700 560 verbi
1718 522 2056 578 proponens,
2141 507 2728 578 referam,supplicans
2743 513 2798 561 te
2820 507 2975 578 prius
2992 513 3058 562 ut
3076 524 3181 562 non
3193 509 3398 567 deficias
3413 531 3551 573 orare
3571 537 3652 590 pro

461 603 727 675 quoniam
753 605 818 654 ut
847 597 984 652 vidit
1033 613 1160 650 eam
1210 601 1661 666 perseverantem
1706 596 1764 650 in
1792 593 2060 650 orationis
2142 613 2250 662 me,
2275 602 2340 651 ut
2365 596 2807 651 misericordiam
2837 609 3051 651 merear
3067 603 3124 651 et
3149 597 3404 656 inveniam
3425 604 3475 658 in
3493 607 3568 661 die
3580 611 3654 678 ju-

458 689 790 754 constantia,
817 687 1111 759 paululum
1148 686 1376 740 elevatis
1404 685 1474 738 ab
1503 691 1730 756 aspectu
1755 692 1918 750 terra:
1935 701 2062 738 ocu-
2142 685 2289 740 dicii.
2319 686 2387 739 Et
2406 703 2574 740 senex
2595 687 2837 740 sull‘usus
2881 687 3160 757 lacrymis,
3179 688 3352 744 ﬂebat.
3371 693 3508 748 Tunc
3524 699 3658 768 cmpit

458 781 545 848 lis,
575 779 714 834 vidit
740 794 866 832 eam
895 777 1168 830 elevatam
1199 775 1361 844 quasi
1397 773 1651 828 cubitum
1678 789 1854 828 unum
1882 791 1918 828 a
1943 781 2064 827 ter-
2142 775 2346 828 mulier
2373 792 2604 830 narrare
2635 793 2700 830 ea
2726 793 2848 847 quae
2878 777 2946 830 de
2975 793 3034 830 se
3063 783 3236 845 erant,
3266 779 3340 834 ita
3359 781 3556 837 dicens:

457 886 541 935 ra,
572 874 631 923 et
654 868 714 922 in
743 883 872 920 aere
902 865 1240 938 pendentem
1262 879 1442 917 orare.
1465 863 1564 918 Hic
1585 868 1776 918 autem
1808 868 1872 916 ut
1900 863 2056 928 vidit,
2215 865 2344 919 CAP.
2367 865 2921 936 XIII.—Ego,Pater.
2936 865 3174 937 patriam
3188 867 3396 937 quidem
3411 871 3660 944 Egyptum

460 959 637 1014 nimio
668 973 870 1029 pavore
895 965 1202 1026 correptus,
1225 953 1527 1025 prostravit
1551 970 1610 1007 se
1640 953 1697 1007 in
1725 959 2062 1018 terram,su-
2140 952 2312 1008 habui
2340 973 2351 1008 :
2386 955 2712 1026 parentibus
2742 961 2931 1010 autem
2957 956 3096 1010 meis
3125 957 3432 1025 viventibus,
3453 960 3665 1017 duodeci.

459 1049 594 1104 dore
617 1047 882 1112 suffusus,
917 1051 976 1099 et
1020 1043 1258 1098 nimium
1305 1042 1659 1114 perterritus,
1693 1042 1833 1096 nihil
1871 1041 2056 1095 dicere
2142 1059 2296 1098 mum
2326 1061 2499 1114 agens
2527 1045 2708 1100 aetatis
2735 1059 2968 1114 annum,
2998 1045 3250 1100 affectum
3297 1047 3498 1102 illorum
3538 1067 3664 1121 sper-

460 1135 855 1211 praasumebat,
889 1135 947 1188 in
971 1134 1156 1205 seipso
1183 1136 1373 1186 autem
1399 1131 1620 1186 dicebat
1649 1150 1660 1185 :
1696 1129 2058 1198 Domine,mi—
2139 1149 2298 1198 nens,
2327 1134 2723 1188 Alexandriam
2744 1134 2890 1201 veni,
2915 1140 2972 1188 et
2995 1135 3266 1206 quomodo
3300 1136 3506 1206 quidem
3529 1139 3667 1210 virgi-

459 1244 648 1284 serere
677 1226 808 1280 mei.
2139 1223 2378 1277 nitatem
2403 1239 2588 1278 meam
2619 1224 2677 1278 in
2709 1224 2905 1296 primis
2925 1223 3260 1292 violaverim,
3293 1230 3348 1279 et
3372 1227 3584 1297 qualiter
3605 1229 3670 1284 in-

535 1318 667 1372 er.
683 1317 855 1371 XL—
877 1315 944 1369 In
963 1317 1116 1368 terra
1133 1317 1322 1367 autem
1339 1314 1656 1382 prostratus
1663 1311 1876 1381 jacens.
1897 1324 2058 1364 scan-
2141 1312 2464 1367 desinenter
2484 1318 2541 1367 et
2564 1313 2960 1369 insatiabiliter
3001 1314 3136 1369 vitio
3163 1313 3396 1370 libidinis
3420 1315 3672 1388 subjugata

462 1405 811 1462 dalizabatur
837 1404 898 1458 in
917 1408 1125 1468 mente,
1143 1407 1348 1473 putans
1367 1417 1439 1454 ne
1457 1399 1688 1471 spiritus
1711 1405 1859 1454 esset
1887 1399 1984 1470 qui
2003 1413 2062 1453 se
2137 1401 2435 1472 jacuerim,
2455 1401 2721 1458 erubesco
2740 1404 3114 1458 considerare.
3137 1404 3250 1458 Hoc
3261 1405 3400 1458 enim
3416 1420 3516 1459 non
3539 1405 3672 1461 breve

463 1497 705 1567 ﬁngeret
723 1493 1195 1550 orare.Conversa
1210 1496 1401 1545 autem
1416 1489 1640 1554 mulier,
1665 1489 1841 1543 erexit
1866 1504 2062 1544 mona-
2144 1495 2232 1544 est
2257 1491 2474 1546 dicere:
2509 1492 2648 1546 illud
2677 1497 2866 1548 autem
2895 1492 3061 1547 citius
3099 1492 3296 1558 dicam,
3323 1499 3383 1547 ut
3420 1494 3577 1566 possis
3599 1511 3674 1549 co-

462 1587 632 1642 chum
659 1575 848 1640 dicens
875 1602 888 1638 :
923 1582 1070 1648 Quid
1095 1587 1172 1648 te,
1205 1579 1368 1647 abba,
1397 1579 1765 1650 cogitationes
1793 1584 1905 1634 tua;
1941 1595 2065 1650 per-
2144 1597 2410 1652 gnoscere
2431 1581 2804 1637 insatiabilem
2823 1581 2943 1636 vitii
2967 1581 3079 1636 mei
3095 1582 3521 1654 ardorem,quem
3539 1582 3676 1638 habui

461 1675 699 1732 turbant
743 1671 1107 1728 scandalizari
1136 1671 1196 1725 in
1227 1687 1337 1731 me,
1391 1669 1525 1741 quia
1568 1669 1800 1740 spiritus
1841 1685 1986 1734 sum,
2010 1672 2068 1722 et
2148 1670 2204 1724 in
2216 1687 2465 1725 amorem
2481 1672 2680 1742 stupri.
2709 1673 2911 1728 Decem
2927 1676 2984 1726 et
2996 1677 3209 1744 septem
3225 1673 3575 1743 eteoamplius
3598 1689 3678 1727 an-

461 1767 654 1822 ﬁctam
675 1763 990 1819 orationem
1002 1760 1144 1814 iacio
1164 1760 1188 1813 ?
1209 1759 1542 1814 Satisfactus
1571 1764 1710 1824 esto,
1735 1758 2061 1829 homo,pec-
2081 1775 2129 1835 Β
2152 1777 2250 1814 nos
2269 1761 2518 1831 transegi
2541 1761 2758 1832 publice
2776 1761 2831 1816 in
2853 1761 3109 1816 incendio
3123 1763 3309 1832 jacens
3327 1763 3554 1816 luxuriae.
3581 1763 3678 1816 Non

463 1855 730 1912 catricem
757 1869 850 1908 me
895 1867 1020 1907 esse
1065 1849 1472 1914 mulierculam,
1507 1853 1698 1902 tamen
1737 1863 1897 1902 sacro
1935 1864 2060 1900 sum
2149 1855 2378 1920 propter
2404 1851 2641 1921 alicujus
2669 1851 2878 1906 donum
2901 1851 3278 1922 virginitatem
3296 1867 3466 1905 meam
3483 1850 3679 1922 perdidi;

463 1943 811 2001 circumdata
822 1941 1162 2014 baptismate
1187 1957 1200 2007 ;
1236 1943 1294 1994 et
1318 1953 1432 1992 non
1459 1954 1585 1992 sum
1613 1937 1968 2008 spiritus,scd
1979 1935 2063 1990 fa-
2150 1955 2331 2010 neque
2360 1939 2507 1994 enim
2525 1940 2596 1994 ab
2611 1940 2894 2012 aliquibus
2923 1941 3057 1996 dare
3083 1940 3391 1996 volentibus
3417 1939 3601 2012 aliquid
3619 1955 3684 1994 ac-

463 2035 596 2089 villa
615 2038 673 2088 et
693 2031 835 2088 cinis
855 2035 914 2086 et
929 2035 1112 2086 totum
1131 2045 1281 2095 caro,
1301 2033 1358 2083 et
1377 2027 1519 2082 nihil
1539 2027 1847 2098 spiritualis
1881 2027 2064 2097 phan-
2149 2027 2424 2100 cipiebam
2449 2048 2460 2096 ;
2499 2030 2604 2084 hoc
2632 2031 2784 2084 enim
2813 2030 3059 2085 libidinis
3087 2031 3275 2086 furore
3315 2046 3558 2085 succensa
3579 2045 3684 2084 con-

463 2123 622 2180 tasia:
631 2121 936 2194 aliquando
949 2121 1032 2176 vel
1047 2120 1114 2174 ad
1131 2123 1382 2174 mentem
1393 2117 1682 2172 reducens.
1704 2117 1831 2171 Haec
1850 2116 2061 2182 dicens,
2151 2119 2486 2179 siderabam,
2503 2125 2568 2174 ut
2593 2120 2835 2191 amplius
2847 2121 2917 2174 ad
2949 2138 3039 2176 me
3057 2121 3298 2176 facerem
3319 2117 3688 2190 currere,gratis

465 2213 629 2286 signo
642 2211 824 2268 crucis
835 2209 1270 2282 signatfrontem
1283 2223 1464 2275 suam,
1491 2208 1790 2278 oculosque
1813 2211 1870 2260 et
1883 2205 2063 2273 labia;
2148 2209 2389 2280 implens
2417 2209 2599 2280 stupri
2627 2209 2738 2264 mei
2782 2215 2839 2265 et
2885 2211 3112 2266 sceleris
3161 2209 3506 2265 desiderium.
3535 2209 3687 2278 Neque

462 2303 746 2374 simulque
773 2310 832 2357 et
858 2300 1071 2373 pectori
1099 2298 1361 2353 vexillum
1391 2297 1572 2351 crucis
1599 2296 1857 2366 infigens,
1878 2296 1960 2350 ita
1989 2295 2070 2348 di-
2149 2314 2280 2352 vero
2309 2299 2628 2354 consideres
2653 2299 2786 2370 quia
2813 2317 2914 2371 pro
2945 2300 3158 2355 divitiis
3187 2299 3327 2354 nihil
3364 2296 3688 2370 accipiebam;

462 2393 580 2448 xit:
611 2393 780 2459 Deus,
803 2391 948 2445 abba
976 2389 1214 2455 Zosima,
1241 2388 1310 2441 de
1334 2386 1653 2440 adversario
1679 2393 1736 2439 et
1765 2385 2068 2439 immissio-
2151 2388 2478 2442 mendicans
2506 2389 2656 2442 enim
2707 2389 2973 2454 vivebam,
3003 2396 3104 2444 aut
3151 2389 3430 2444 multoties
3479 2393 3690 2458 stuppam

467 2483 634 2538 nibus
665 2483 789 2552 ejus
841 2479 1042 2533 liberet
1091 2495 1214 2543 nos,
1253 2476 1520 2546 quoniam
1550 2476 1730 2530 multa
1771 2491 1942 2546 super
1969 2491 2071 2528 nos
2153 2477 2380 2532 ﬁlando.
2403 2478 2754 2532 Desiderium
2787 2480 3039 2544 enim,ut
3061 2479 3200 2545 dixi,
3224 2476 3487 2532 habebam
3511 2474 3695 2530 insatia-

465 2577 554 2627 est
581 2570 795 2625 invidia
817 2569 958 2639 ejus.
993 2568 1122 2621 Haec
1151 2565 1387 2620 audiens
1433 2581 1624 2633 senex,
1655 2563 1959 2636 prosternit
1987 2581 2066 2629 se,
2153 2565 2282 2633 bile,
2316 2567 2396 2621 ita
2431 2572 2496 2622 ut
2514 2567 2899 2622 indesinenter
2926 2585 3017 2622 me
3049 2568 3112 2622 in
3141 2566 3484 2638 sterquilinio
3509 2562 3694 2619 luxuria:

472 2667 533 2716 et
554 2657 929 2732 apprehendit
975 2657 1146 2728 pedes
1176 2656 1317 2725 ejus,
1352 2654 1545 2708 dicens
1591 2669 1717 2708 cum
1767 2653 2064 2724 lacrymis:
2153 2657 2484 2710 volutarem.
2512 2657 2579 2712 Et
2616 2658 2721 2711 hoc
2749 2657 2888 2711 mihi
2924 2667 3049 2712 erat
3066 2656 3361 2728 placabile,
3386 2660 3439 2709 et
3451 2655 3546 2709 hoc
3563 2653 3696 2706 vitam

468 2749 719 2806 Obsecro
747 2753 806 2802 te
835 2763 936 2818 per
987 2744 1287 2800 Dominum
1316 2744 1508 2798 Jesum
1542 2743 1851 2808 Christum,
1879 2758 2070 2796 verum
2153 2745 2561 2813 existimabam,
2595 2747 2643 2800 si
2672 2747 3054 2801 indesinenter
3079 2753 3302 2802 natura;
3330 2745 3574 2816 injuriam
3606 2754 3700 2812 per-

466 2843 664 2907 ago
677 2837 977 2893 Dominum
999 2833 1380 2904 nostrum,qui
1391 2833 1460 2886 de
1481 2832 1696 2902 virgine
1717 2831 1870 2886 nasci
1881 2832 2074 2902 digna-
2155 2836 2414 2905 egissem.
2443 2837 2559 2890 Hoc
2573 2837 2738 2890 modo
2753 2853 2844 2890 me
2858 2836 3028 2890 vitam
3042 2835 3420 2902 ducente,vidi
3437 2835 3490 2888 in
3503 2830 3699 2904 quodam

467 2932 562 2983 tus
589 2931 693 2993 est,
723 2941 825 2996 pro
850 2941 960 2996 quo
995 2923 1138 2977 hanc
1166 2921 1365 2976 induta
1385 2937 1443 2974 es
1477 2919 1811 2986 nuditatem,
1835 2935 1937 2990 pro
1959 2935 2072 2989 quo
2153 2933 2322 2980 aestus
2350 2930 2603 2996 tempore
2627 2925 3046 2980 multitudinem
3066 2925 3378 2999 Libyorum
3395 2929 3450 2978 et
3466 2919 3702 2993 [Egyptia-

359 3002 364 3012 ’
467 3017 572 3072 has
590 3031 788 3070 carnes
805 3013 1138 3084 expendisti,
1153 3017 1220 3066 ut
1237 3009 1378 3064 nihil
1390 3009 1698 3064 abscondas
1718 3025 1752 3063 a
1771 3025 1930 3063 servo
1950 3013 2070 3076 tuo,
2095 3076 2130 3086 _
2155 3031 2280 3068 rum
2311 3015 2472 3085 quasi
2500 3015 2568 3070 ad
2603 3031 2758 3070 mare
2773 3021 3227 3070 εοηοωιι-θηιθω,
3240 3013 3438 3086 Reperi
3455 3013 3620 3082 itaque
3631 3006 3705 3061 an.

469 3122 593 3178 quae
623 3122 702 3169 es,
732 3109 790 3159 et
814 3076 982 3169 unde,
1017 3108 1071 3156 et
1091 3076 1316 3173 quando
1339 3100 1426 3154 vel
1455 3098 1526 3154 ob
1541 3115 1712 3170 quam
1739 3076 2132 3155 causamOo-C
2157 3076 2346 3175 quem:
2385 3109 2444 3159 et
2494 3090 2870 3180 interrogavi:
2928 3103 3034 3159 Ubi
3063 3076 3345 3160 festinant
3387 3102 3483 3156 viri
3510 3076 3606 3164 isti,
3633 3094 3706 3167 qui

468 3194 765 3251 litudinem
791 3194 936 3247 hanc
948 3190 1298 3252 inhabitasti,
1317 3189 1414 3244 sed
1435 3195 1493 3243 et
1506 3188 1844 3259 omnia,quae
1859 3188 2006 3242 circa
2017 3194 2075 3242 te
2155 3199 2392 3248 currunt
2409 3193 2434 3247 ‘?
2451 3194 2607 3248 Dixit
2626 3200 2816 3248 autem
2833 3193 2971 3247 mihi
2995 3212 3006 3246 :
3043 3195 3111 3248 In
3140 3193 3534 3264 Jerosolymam
3550 3201 3705 3242 omnes

467 3291 620 3350 sunt,
635 3282 840 3338 edicito
870 3281 1029 3348 mihi,
1051 3285 1118 3336 ut
1140 3279 1240 3334 Dei
1270 3278 1553 3349 magnalia
1573 3277 2070 3332 faciasmanifesta.
2157 3283 2467 3337 ascendunt
2486 3281 2556 3337 ob
2582 3289 2788 3338 sancta;
2813 3282 2992 3338 crucis
3022 3283 3445 3348 exalmtionem,
3475 3296 3584 3351 qua
3608 3279 3708 3348 post

469 3372 764 3445 Sapientia
789 3371 938 3425 enim
995 3368 1320 3424 abscondita
1368 3373 1423 3422 et
1473 3367 1774 3421 thesaurus
1825 3367 2076 3421 occultus
2157 3371 2374 3443 aliquot
2401 3372 2522 3426 dies
2538 3371 2701 3426 solito
2716 3371 3048 3425 celebratur.
3070 3371 3199 3426 Dixi
3230 3376 3418 3425 autem
3438 3369 3486 3422 ei
3512 3373 3564 3420 et
3586 3379 3669 3434 ego
3694 3375 3705 3414 2

469 3479 592 3535 quae
619 3461 837 3517 utilitas
874 3459 934 3514 in
962 3457 1258 3529 utrisque?
1295 3457 1441 3511 sicut
1479 3456 1750 3527 scriptum
1781 3461 1868 3510 est
1887 3457 2070 3525 (Eccli.
2158 3461 2330 3515 Putas
2354 3461 2658 3532 suscipient
2683 3477 2791 3527 me,
2825 3461 2876 3514 si
2903 3461 3136 3515 voluero
3185 3461 3270 3514 ire
3299 3476 3426 3513 cum
3475 3453 3630 3528 ipsis?
3660 3449 3713 3504 Et

469 3551 596 3620 xx)?
616 3551 718 3604 Dic
740 3549 880 3604 mihi
919 3547 1110 3603 omnia
1142 3551 1374 3618 propter
1403 3546 1581 3600 Deum
1605 3563 1618 3612 ;
1643 3561 1746 3599 nec
1775 3545 1926 3599 enim
1974 3561 2076 3616 pro
2157 3547 2252 3604 ille
2281 3550 2422 3604 dixit
2450 3569 2460 3603 :
2493 3550 2550 3604 Si
2580 3549 2752 3606 habes
2781 3551 3036 3614 naulum,
3081 3551 3277 3605 nullus
3323 3555 3378 3603 te
3423 3540 3708 3618 prohibebit.

469 3639 805 3711 gloriatione
858 3643 960 3692 aut
1010 3636 1384 3692 ostentatione
1427 3634 1641 3705 aliquid
1696 3633 1852 3700 dicis,
1889 3634 1986 3688 sed
2011 3640 2077 3689 ut
2158 3638 2283 3694 Dixi
2305 3639 2394 3694 ei:
2430 3640 2592 3705 Vere,
2614 3639 2804 3704 frater,
2828 3639 3062 3694 naulum
3093 3640 3181 3693 vel
3203 3642 3488 3710 sumptum
3513 3648 3613 3688 non
3635 3630 3713 3684 ha-

470 3729 612 3783 mihi
641 3727 953 3786 satisfacias
978 3725 1257 3797 peccaturi
1303 3730 1361 3779 et
1415 3724 1665 3794 indigno.
1703 3723 1884 3778 Credo
1923 3723 2075 3778 enim
2157 3728 2281 3782 beo.
2310 3728 2525 3783 Vadam
2551 3734 2741 3784 autem
2786 3735 2843 3784 et
2894 3728 3202 3783 ascendam
3255 3728 3315 3782 in
3356 3741 3520 3781 unam
3545 3719 3711 3780 navim,

2159 3835 2330 3890 quam
2361 3819 2766 3873 conduxerunt.
2801 3819 2867 3872 Et
2901 3815 3034 3872 licet
3079 3822 3351 3882 renuant,
3376 3810 3714 3881 memetipsam

2157 3909 2412 3976 tradam;
2439 3925 2640 3980 corpus
2668 3908 2818 3962 enim
2847 3924 3036 3962 meum
3073 3907 3136 3962 in
3167 3910 3446 3978 potestate
3472 3900 3714 3956 habentes.

471 3818 610 3884 Deo,
642 3816 732 3870 cui
764 3815 920 3880 vivis,
953 3831 1082 3868 cum
1113 3830 1222 3884 quo
1251 3818 1311 3867 et
1337 3813 1990 3884 conversaris,quoniam
2004 3813 2075 3866 ob

468 3903 857 3976 hujuscemodi
885 3920 1006 3957 rem
1038 3903 1286 3958 directus
1314 3918 1441 3957 sum
1462 3901 1522 3956 in
1539 3901 1684 3956 hanc
1714 3901 2075 3956 solitudinem

467 3998 535 4050 ut
559 4011 627 4049 ea
652 4010 775 4066 quae
803 3991 952 4046 circa
980 3998 1035 4046 te
1065 3997 1198 4047 sunt
1235 3993 1382 4047 Deus
1405 3991 1575 4046 faciat
1612 3991 1927 4046 manifesta.
1951 3991 2077 4046 Non
2157 4014 2260 4069 pro
2280 3998 2449 4052 naulo
2479 3997 2774 4070 accipient.
2790 3998 3100 4068 Propterea
3131 4001 3330 4051 autem
3360 4009 3484 4050 cum
3511 3990 3583 4044 eis
3603 3981 3716 4040 volui

469 4085 622 4140 enim
649 4089 856 4139 nostra
886 4082 1108 4137 virtutis
1138 4088 1225 4136 est
1256 4082 1485 4154 judiciis
1515 4082 1775 4138 resistere
1803 4082 1924 4136 Dei.
1956 4080 2077 4136 Nisi
2159 4086 2449 4142 ambulare
2481 4086 2645 4154 (abba
2674 4103 2851 4151 meus,
2882 4087 3129 4157 ignosce)
3163 4093 3231 4141 ut
3274 4085 3479 4139 multos
3501 4077 3719 4134 haberem

468 4174 670 4230 fuisset
685 4172 1030 4244 acceptabile
1059 4172 1282 4227 Christo
1313 4172 1551 4226 Domino
1569 4172 1930 4226 manifestare
1949 4177 2007 4225 te
2021 4175 2080 4225 et
2158 4183 2546 4248 cooperatores
2567 4177 2625 4230 in
2648 4193 2785 4231 mea;
2809 4176 3059 4231 libidinis
3087 4175 3375 4248 passione.

470 4273 716 4346 qualiter
743 4269 1062 4336 decertasti,
1095 4286 1198 4324 nec
1236 4270 1476 4342 teipsam
1525 4270 1858 4342 permiserat
1901 4267 2077 4322 videri
2233 4267 2363 4322 Car.
2396 4267 2540 4321 XIV.
2571 4291 2635 4303 -—
2663 4265 2786 4320 Dixi
2817 4265 2936 4328 tibi,
2962 4265 3037 4318 mi
3067 4264 3308 4320 domine
3337 4277 3516 4324 senex,
3539 4259 3724 4328 ignosce

469 4363 540 4418 ab
569 4362 778 4434 aliquo,
812 4377 915 4415 nec
964 4377 1053 4414 me
1109 4360 1452 4414 confortaret
1497 4365 1715 4414 tantam
1775 4374 2079 4430 properare
2161 4356 2318 4423 mihi,
2345 4373 2416 4410 ne
2445 4356 2748 4427 compellas
2777 4355 2866 4409 me
2913 4369 3100 4408 meam
3143 4353 3338 4408 dicere
3367 4348 3718 4406 confusionem.

469 4454 640 4518 viam,
666 4467 946 4523 nusquam
973 4449 1250 4503 valentem
1283 4449 1564 4521 progredi,
1589 4455 1690 4503 aut
1703 4453 1990 4520 potentem
2007 4448 2076 4502 de
2096 4443 2146 4504 D
2161 4445 2544 4502 Contremisco
2561 4445 2730 4510 enim,
2752 4445 2904 4498 novit
2914 4443 3212 4508 Dominus,
3237 4442 3520 4497 maculant
3537 4435 3665 4492 enim
3682 4435 3725 4483 et

469 4542 611 4599 cella
637 4557 766 4596 mea
784 4539 1104 4613 procedere.
2157 4536 2340 4608 ipsum
2365 4551 2551 4590 aerem
2575 4535 2666 4589 isti
2689 4547 2979 4588 sermones
3014 4533 3150 4587 mei.
3171 4533 3426 4586 Zosimas
3444 4533 3616 4583 autem
3637 4527 3724 4575 ter-

543 4633 683 4686 CAP.
713 4608 1050 4686 lilia—Haec
1077 4644 1142 4682 eo
1158 4627 1398 4694 dicente,
1431 4627 1528 4682 sed
1556 4633 1614 4682 et
1642 4627 1752 4682 alia
1783 4627 2076 4699 plura,ele-
2159 4642 2280 4680 ram
2321 4625 2581 4696 lacrymis
2629 4623 2950 4689 infundens,
2996 4621 3302 4693 respondit
3347 4621 3418 4674 ad
3472 4633 3586 4673 eam
3613 4633 3623 4666 :
3649 4608 3727 4664 Dic

468 4737 606 4778 vans
626 4738 758 4776 eum
779 4717 1176 4785 mulier,dixit:
1199 4717 1344 4771 Vere
1363 4717 1649 4783 erubesco,
1678 4717 2079 4788 ignosce,abba
2160 4720 2390 4786 propter
2409 4716 2609 4778 Deum,
2631 4730 2664 4767 ο
2694 4718 2878 4766 mater
2902 4727 3050 4777 mea,
3073 4711 3191 4778 dic,
3209 4717 3270 4765 et
3282 4727 3355 4764 ne
3381 4700 3726 4788 praetermittas

471 4826 651 4877 meus,
674 4809 861 4865 dicere
881 4808 984 4864 tibi
1002 4806 1412 4879 turpitudidem
1435 4823 1692 4861 meorum
1705 4786 1973 4874 actuum;
1997 4813 2078 4862 ta-
2160 4805 2511 4876 sequentiam
2524 4809 2640 4858 tam
2659 4801 2960 4857 salutifera:
2980 4799 3340 4856 narrationis
3365 4799 3648 4855 Illaautem
3657 4786 3731 4842 ad-

473 4914 604 4953 men
627 4898 966 4970 quia/vidisti
987 4897 1202 4952 nudum
1235 4912 1406 4968 orpus
1426 4913 1635 4963 meum,
1659 4895 1953 4951 denudabo
1975 4896 2076 4950 tibi
2153 4895 2398 4964 jungens
2419 4892 2591 4964 priori
2645 4889 2976 4955 narrationi,
3027 4889 3198 4944 addit
3245 4889 3367 4943 haec
3399 4885 3530 4941 :Ille
3574 4885 3730 4970 autem

473 4991 534 5041 et
546 5001 981 5058 operameorum
1001 4992 1252 5050 actuum,
1279 4990 1344 5039 ut
1362 5002 1666 5056 cognoscas
1695 5001 1862 5056 quam
1892 4984 2076 5054 turpis

472 5074 706 5130 luxuriae
739 5081 797 5129 et
823 5074 1123 5146 opprobrio
1149 5074 1494 5130 confusionis
1524 5074 1740 5146 repleta
1765 5078 1853 5128 est
1889 5073 2079 5127 anima

473 5180 618 5220 mea.
647 5165 773 5218 Non
793 5164 963 5232 enim,
989 5171 1054 5220 ut
1073 5172 1136 5220 tu
1159 5164 1278 5236 ipse
1303 5163 1691 5230 considerasti,
1723 5168 1952 5234 pr0pter
1979 5163 2078 5217 ali-

476 5269 648 5327 quam
667 5253 925 5324 gloriam,
943 5269 1064 5325 quae
1081 5254 1228 5309 circa
1238 5270 1329 5308 me
1349 5259 1502 5320 sunt,
1534 5253 1656 5308 volo
1673 5252 2078 5316 narrare.Quid

472 5343 624 5400 enim
636 5348 830 5416 potero
842 5342 1090 5412 gloriari,
1100 5359 1222 5414 quae
1237 5343 1492 5399 diabolus
1507 5360 1603 5398 vas
1613 5343 1693 5398 fui
1705 5341 1992 5398 electionis
2004 5342 2078 5396 ef-

470 5433 644 5491 fecta?
669 5431 796 5488 Scio
811 5437 1002 5486 autem
1019 5433 1151 5502 quia
1169 5432 1216 5486 si
1235 5448 1454 5503 coepero
1470 5449 1703 5487 narrare
1719 5449 1786 5487 ea
1803 5449 1932 5503 quae
1944 5438 2078 5487 sunt

474 5524 545 5580 de
574 5539 684 5591 me,
702 5521 885 5593 fugies
913 5537 948 5574 a
979 5536 1088 5589 me,
1109 5521 1268 5591 quasi
1291 5523 1416 5592 quis
1435 5523 1618 5594 fugiat
1636 5539 1670 5576 a
1691 5521 1830 5576 facie
1844 5537 2076 5594 serpen-

471 5614 568 5683 tis,
598 5611 829 5669 auribus
849 5626 961 5666 non
976 5610 1169 5666 valens
1188 5609 1402 5678 audire,
1434 5611 1505 5667 ob
1523 5611 1922 5686 inexpedibilia
1950 5629 2072 5684 qua

2159 4983 2481 5037 adolescens
2507 4980 2742 5036 audiens
2772 4994 3102 5034 sermonum
3148 4993 3418 5033 meorum
3463 4967 3730 5030 obscurita-

2161 5078 2273 5128 tem
2299 5072 2428 5143 (Η),
2453 5071 2644 5126 ridens
2671 5069 2945 5124 discessit.
2991 5068 3110 5138 Ego
3144 5074 3348 5122 autem
3375 5065 3571 5129 fusum,
3599 5069 3731 5130 quem

2159 5179 2329 5218 manu
2357 5160 2640 5226 tenebam,
2675 5158 2973 5231 projiciens
3007 5156 3187 5228 (hunc
3215 5157 3373 5212 enim
3401 5159 3528 5228 post
3551 5157 3734 5218 ιεωριιε

2159 5249 2527 5306 conveniebat
2555 5265 2644 5304 me
2677 5251 2912 5316 tenere),
2934 5245 3164 5300 cucurri
3197 5246 3273 5300 ad
3307 5261 3484 5308 mare,
3525 5239 3612 5296 ubi
3637 5236 3737 5290 illos

2159 5340 2416 5413 perspexi
2437 5343 2746 5400 currentes,
2770 5341 2829 5392 et
2848 5334 2956 5390 vidi
2971 5336 3220 5406 juvenes
3256 5335 3477 5406 aliquot
3503 5331 3557 5386 in
3583 5327 3737 5383 littore

2159 5436 2393 5496 stantes,
2420 5444 2652 5484 numero
2673 5425 2836 5498 quasi
2859 5425 3072 5491 decem,
3090 5424 3242 5479 satis
3254 5438 3490 5496 corpore
3509 5419 3738 5484 vultuque

2158 5521 2480 5586 acerrimos,
2507 5524 2566 5574 et
2589 5518 2658 5572 ad
2691 5517 2746 5572 id
2779 5515 2927 5588 quod
2951 5513 3092 5568 mihi
3143 5517 3280 5569 emt
3309 5509 3590 5586 placabile,
3613 5501 3735 5577 opti-

2158 5627 2298 5666 mos.
2331 5611 2506 5666 Erant
2529 5612 2717 5664 autem
2769 5612 2827 5662 et
2865 5605 2984 5672 alii,
3019 5603 3119 5674 qui
3157 5605 3287 5674 jam
3317 5619 3488 5660 naves
3515 5593 3739 5655 ascende-
