3892 6182
215 284 304 344 681

944 285 1116 341 VITA
1154 286 1453 343 SANCTE
1489 287 1741 354 MARIIE
1776 288 2239 351 «EGYPTIACJE
2264 295 2728 369 .MERETRICIS.

3363 313 3469 374 682

211 419 330 467 rant
370 412 954 483 Impudenterautem,
979 417 1045 467 ut
1056 412 1195 467 mihi
1214 414 1556 469 consuetudo
1577 420 1718 480 erat,
1740 415 1797 469 in
1814 418 1862 477 A
1878 419 2141 489 progredi
2171 421 2360 476 valens
2390 422 2616 491 (factum
2632 426 2839 498 quippe
2856 428 3041 484 fuerat
3065 448 3267 505 corpus
3278 444 3470 494 meum

212 502 381 557 medio
405 518 599 556 eorum
631 518 721 557 me
760 501 1044 557 irruenter
1081 502 1232 568 dedi,
1277 503 1466 557 dicens
1498 523 1508 557 :
1542 505 1789 575 Accipite

210 598 259 646 et
286 607 371 645 me
412 590 694 645 vobiscum
726 607 836 662 quo
872 591 1123 662 pergitis,
1173 608 1287 646 non
1328 593 1480 646 enim
1510 608 1605 647 ero
1636 592 1789 647 vobis

211 678 583 750 implacabilis.
616 679 725 734 Sed
753 685 811 734 et
840 680 983 735 alios
1007 680 1345 735 sordidiores
1373 682 1661 751 proferens
1678 699 1792 736 ser-

210 785 409 833 mones,
453 784 653 822 omnes
691 767 765 821 ad
809 769 1106 823 ridendum
1137 770 1428 827 commovi.
1472 770 1559 825 Illi
1601 776 1791 825 autem

209 856 674 911 inerubescentem
700 863 917 911 motum
947 874 1136 912 meum
1160 858 1430 923 videntes,
1453 859 1789 930 accipientes

212 950 379 1011 33$
404 962 514 1011 me,
545 946 606 1000 in
622 945 937 1000 naviculam
964 952 1344 1018 portaverunt.
1372 948 1581 1002 Exinde
1599 954 1790 1002 autem

210 1034 609 1105 navigationem
637 1035 923 1107 cepimus.
971 1036 1105 1099 Quae
1133 1042 1321 1091 autem
1355 1043 1483 1107 post
1520 1037 1638 1092 haec
1666 1042 1793 1091 acta

209 1130 344 1187 sunt,
385 1124 669 1194 quomodo
696 1124 799 1178 tibi
839 1140 1105 1179 enarrare
1145 1130 1360 1195 potero,
1396 1142 1428 1179 o
1460 1126 1626 1179 homo
1654 1126 1793 1180 Dei?

211 1212 329 1275 Qua»
354 1212 553 1283 lingua
575 1213 761 1267 dicere
791 1218 995 1284 potest,
1042 1214 1126 1268 vel
1155 1216 1309 1268 auris
1336 1215 1481 1268 valet
1503 1214 1698 1269 audire
1728 1232 1796 1269 ea

210 1317 318 1372 quae
342 1301 399 1355 in
426 1301 687 1355 navicula
698 1302 785 1356 vel
814 1301 1017 1356 itinere
1041 1302 1191 1357 facta
1221 1303 1388 1357 sunt?
1418 1305 1697 1374 quomodo
1724 1304 1796 1358 ad

208 1390 541 1460 peccandum
565 1396 624 1444 et
648 1391 840 1445 volens
868 1392 1104 1445 miseros
1134 1408 1236 1462 ego
1261 1392 1661 1463 compellebam
1692 1409 1796 1447 no-

209 1479 389 1533 lentes.
423 1479 554 1533 Non
584 1485 672 1534 est
683 1479 1000 1539 narrabilis.
1034 1480 1130 1534 sed
1161 1480 1553 1534 inenarrabilis
1576 1482 1799 1552 nequis-

209 1568 339 1621 sima
374 1568 612 1638 species,
658 1570 821 1639 cujus
857 1574 994 1623 tunc
1034 1584 1161 1623 sum
1190 1569 1502 1636 infelicibus
1530 1571 1802 1641 magistra

1872 522 1906 560 a
1933 507 1986 560 vi
2029 510 2525 580 comprimentium
2571 515 2731 569 valde
2773 518 3157 587 confractum),
3202 527 3483 583 recedens-

1871 595 2120 663 discessi,
2154 605 2212 653 et
2236 599 2368 654 steti
2395 601 2454 655 in
2481 603 2724 673 quodam
2753 608 2958 676 angulo
2987 610 3117 665 atrii
3146 615 3338 684 templi
3363 635 3377 683 ;
3414 623 3473 672 et

1871 684 1959 738 vix
1987 686 2309 757 aliquando,
2335 688 2406 743 ob
2451 707 2620 760 quam
2657 709 2883 749 causam
2912 699 3251 768 prohibebar
3280 704 3467 761 videre

1872 773 2150 829 viviﬁcum
2192 776 2410 847 lignum
2461 779 2520 833 in
2571 781 2968 851 cogitationem
3008 789 3223 845 reduxi.
3260 793 3471 865 Tetigit

1872 863 2022 916 enim
2046 870 2294 920 mentem
2323 871 2379 921 et
2397 869 2580 923 cordis
2609 871 2721 925 mei
2752 874 2941 929 oculos
2967 875 3282 935 intellectus
3312 863 3466 938 salu-

1868 951 1964 1016 tis,
1985 954 2299 1023 recogitans
2318 956 2453 1026 quia
2464 959 2724 1029 squalida
2742 967 2971 1017 actuum
2988 981 3241 1023 meorum
3260 972 3473 1028 scelera

1875 1040 2013 1094 mihi
2057 1041 2383 1098 introeundi
2429 1046 2645 1101 aditum
2685 1048 3039 1108 obserabant.
3086 1056 3241 1128 Coepi
3276 1059 3471 1132 itaque

1877 1128 2017 1183 ﬂens
2059 1131 2299 1186 nimium
2329 1134 2653 1189 conturbari
2683 1142 2741 1191 et
2788 1143 2983 1209 pectus
3012 1144 3268 1213 tundere,
3302 1128 3472 1220 atciue

1879 1218 2123 1289 suspiria
2160 1220 2229 1274 de
2276 1222 2551 1293 profundo
2581 1226 2765 1280 cordis
2810 1229 3118 1299 proferens,
3153 1240 3210 1288 et
3243 1218 3476 1305 gemens

1880 1306 2209 1379 ejulansque
2238 1312 2494 1382 prospexi
2518 1313 2577 1367 in
2600 1314 2721 1369 loco
2741 1315 2801 1370 in
2837 1334 2947 1388 quo
2976 1319 3215 1389 stabam,
3250 1340 3476 1381 sursum

1877 1393 2177 1465 imaginem
2205 1405 2409 1453 sanctae
2438 1401 2539 1454 Dei
2565 1404 2854 1472 genitricis
2880 1412 3144 1477 stantem,
3178 1417 3235 1466 et
3264 1414 3373 1481 aio,
3408 1416 3482 1471 ad

1882 1500 2007 1538 eam
2031 1485 2331 1541 intendens
2360 1493 2417 1543 et
2449 1489 2856 1548 indeclinanter
2882 1499 3205 1555 attendens:
3239 1503 3482 1559 Domina

1884 1573 2055 1643 virgo,
2084 1591 2208 1645 qua;
2239 1576 2419 1630 Deum
2459 1580 2706 1648 genuisti
2740 1585 3049 1642 secundum
3086 1605 3330 1658 carnem,
3365 1593 3479 1649 scio

210 1656 499 1711 sceleribus
528 1657 743 1711 effecta.
786 1658 932 1728 Ergo
965 1673 1115 1712 nunc
1144 1658 1463 1714 satisfactus
1496 1665 1635 1725 esto,
1669 1660 1859 1742 quia_
1883 1661 2015 1731 quia
2040 1679 2143 1717 nec
2159 1665 2467 1722 condecens
2492 1684 2595 1722 nec
2636 1677 3017 1742 opportunum
3043 1676 3118 1731 sit
3144 1695 3235 1733 me
3260 1656 3341 1735 sic
3354 1682 3484 1736 hor-

210 1750 473 1816 stupesco,
508 1745 789 1817 quomodo
818 1763 972 1801 meas
1013 1764 1168 1801 mare
1202 1747 1341 1802 illud
1374 1748 1643 1804 sustinuit
1689 1731 1863 1803 ini-B
1884 1750 2067 1805 ridam
2086 1753 2322 1808 adorare
2342 1754 2650 1826 imaginem
2853 1763 2938 1816 vel
2966 1731 3336 1839 contemplari
3354 1731 3487 1827 ocu-

210 1833 477 1903 quitatum
526 1834 796 1901 luxurias,
842 1836 1122 1905 quomodo
1150 1842 1307 1890 terra
1345 1853 1457 1891 non
1487 1837 1708 1908 aperuit
1739 1854 1800 1892 os

209 1936 376 1987 suum,
409 1926 471 1976 et
512 1921 573 1976 in
618 1922 903 1977 infernum
932 1923 1205 1977 viventem
1236 1940 1326 1978 me
1357 1924 1642 1991 demersit,
1676 1942 1800 1996 quae

208 2013 379 2064 tantas
406 2010 470 2065 in
517 2011 782 2083 laqueum
827 2015 1027 2066 mortis
1075 2012 1268 2066 induxi
1292 2013 1530 2066 animas.
1562 2013 1690 2081 Sed,
1737 2020 1802 2068 ut

209 2097 453 2164 arbitror,
488 2116 672 2154 meam
701 2100 870 2164 Deus,
893 2102 988 2172 qui
1018 2100 1301 2155 neminem
1321 2102 1440 2155 vult
1465 2102 1667 2172 perire.
1701 2103 1799 2157 sed

209 2203 386 2242 omnes
413 2188 542 2242 ﬁeri
573 2189 754 2243 salvos
788 2190 846 2260 (Ι
877 2191 1016 2244 Tim.
1051 2196 1134 2257 ιι),
1170 2189 1494 2261 requirebat
1521 2191 1798 2261 paeniten-

209 2275 349 2331 tiam.
380 2277 515 2331 Non
534 2277 687 2331 enim
712 2277 832 2331 vult
860 2284 1101 2332 mortem
1126 2279 1453 2349 peccatoris,
1476 2280 1575 2333 sed
1603 2280 1797 2350 longa-

207 2364 417 2419 nimiter
445 2371 752 2437 exspectat,
795 2366 1081 2421 sustinens
1120 2368 1537 2423 conversionem
1589 2370 1801 2435 (Επειδὴ.

207 2456 365 2520 mu).
400 2454 500 2509 Sic
528 2454 719 2525 itaque
748 2471 877 2509 cum
924 2472 1133 2527 magna
1161 2456 1520 2511 festinatione
1548 2458 1803 2512 ascendi—

209 2558 320 2596 mus
345 2544 793 2615 Jerosolymam;
819 2550 877 2598 et
905 2550 1145 2615 quantos
1167 2545 1393 2616 quidem
1424 2546 1542 2600 dies
1567 2552 1698 2601 ante
1719 2547 1802 2601 fe-

207 2630 503 2686 stivitatem
553 2632 613 2686 in
659 2632 885 2687 civitate
933 2640 1281 2688 commorata
1320 2651 1473 2700 sum,
1526 2634 1802 2690 similibus

206 2720 556 2790 nequissimis
600 2722 787 2775 vacavi
833 2721 1113 2793 operibus,
1162 2723 1454 2795 magisque
1492 2724 1799 2795 pejoribus.

206 2807 317 2861 Non
343 2809 499 2863 enim
543 2809 827 2865 sufﬁciens
866 2810 947 2864 fui
987 2811 1289 2882 juvenibus
1327 2828 1542 2866 mecum
1572 2812 1631 2867 in
1660 2813 1803 2866 mari

205 2895 610 2951 luxuriantibus
639 2903 697 2951 et
722 2899 782 2951 in
810 2898 1035 2966 itinere,
1068 2900 1166 2954 sed
1195 2906 1251 2954 et
1280 2900 1419 2955 alios
1464 2902 1671 2957 multos
1702 2919 1801 2973 pe-

204 2986 442 3055 regrinos
474 2993 536 3040 et
572 2987 719 3041 cives
752 2987 812 3041 in
853 2988 965 3042 mei
1005 2989 1214 3043 scelere
1244 2995 1402 3044 actus
1432 3007 1796 3062 congregans,

202 3072 546 3145 coinquinavi
572 3076 868 3131 seducens.

267 3163 395 3216 CAP.
443 3164 568 3218 XV.
604 3196 668 3205 —
699 3165 934 3229 Quando
972 3171 1161 3220 autem
1190 3166 1344 3221 venit
1371 3172 1576 3223 sanctae
1596 3168 1804 3222 exalta-

205 3250 357 3305 tionis
390 3252 670 3307 festivitas
711 3254 970 3325 pretiosae
997 3255 1201 3320 crucis,
1243 3271 1346 3326 ego
1378 3256 1625 3327 quidem,
1659 3257 1805 3311 sicut

205 3341 449 3412 etprius,
495 3341 784 3413 praeibam,
823 3343 1095 3413 juvenum
1134 3344 1450 3415 illaqueans
1478 3350 1536 3399 et
1578 3345 1801 3417 capiens

205 3427 423 3483 animas.
460 3429 592 3482 Vidi
622 3435 812 3484 autem
838 3431 1018 3501 primo
1049 3430 1274 3485 diliculo
1306 3448 1501 3486 omnes
1529 3432 1599 3486 ad
1632 3434 1803 3488 eccle-

205 3516 333 3571 siam
360 3517 714 3572 unanimiter
753 3524 1173 3575 concurrentes.
1212 3519 1338 3573 Abii
1394 3526 1451 3574 et
1495 3537 1620 3591 ego,
1669 3538 1799 3576 cur-

206 3620 322 3659 rens
346 3624 476 3661 cum
519 3607 894 3674 currentibus,
929 3613 985 3662 et
1026 3608 1153 3662 veni
1182 3624 1312 3662 cum
1340 3608 1449 3664 illis
1495 3609 1555 3663 in
1593 3611 1801 3665 atrium

207 3695 420 3767 templi;
456 3702 518 3750 et
559 3712 689 3750 cum
733 3696 979 3751 venisset
1017 3686 1156 3751 hora
1193 3697 1547 3753 exaltationis
1596 3699 1799 3755 divinae

209 3784 390 3849 crucis,
430 3783 819 3855 impingebam
868 3790 925 3839 et
969 3784 1340 3857 impingebar,
1382 3787 1802 3859 repellebarque

211 3874 638 3942 quodammodo,
686 3874 956 3929 festinans
991 3875 1211 3946 ingredi
1240 3892 1368 3929 cum
1412 3877 1636 3948 populo,
1671 3894 1801 3932 coa-

214 3966 316 4015 ctor
359 3980 543 4035 usque
588 3963 661 4017 ad
692 3965 926 4034 januam
960 3964 1156 4036 templi
1199 3980 1327 4018 cum
1356 3965 1442 4019 his
1476 3965 1570 4036 qui
1612 3966 1801 4037 ingre-

213 4046 518 4116 diebantur,
554 4069 683 4106 cum
709 4069 916 4124 magna
961 4052 1165 4108 laboris
1193 4052 1554 4108 tribulatione
1596 4072 1801 4127 appro-

213 4136 480 4210 pinquans
511 4146 572 4195 et
598 4157 701 4212 ego
727 4142 919 4196 infelix
951 4161 963 4196 :
989 4142 1212 4213 quando
1241 4148 1433 4196 autem
1462 4143 1682 4213 ingredi
1711 4161 1802 4199 vo-

212 4223 400 4294 lebam,
434 4230 520 4283 illi
552 4229 781 4301 quidem
813 4247 1007 4286 omnes
1035 4231 1156 4286 sine
1190 4230 1591 4303 impedimento
1612 4233 1801 4304 ingre-

212 4314 516 4384 diebantur,
534 4335 625 4372 me
645 4325 836 4374 autem
854 4320 1044 4374 divina
1055 4320 1245 4392 aliqua
1257 4321 1430 4374 virtus
1449 4321 1796 4392 prohibebat,

1883 1839 1952 1928 lis
1972 1840 2146 1895 tantis
2169 1842 2427 1898 sordibus
2455 1846 2700 1915 pollutis,
2727 1866 2849 1920 qua:
2874 1866 2994 1907 esse
3025 1852 3175 1925 virgo
3194 1856 3486 1928 dignosce-

1883 1927 1961 1982 ris
1988 1934 2046 1983 et
2072 1935 2245 1997 casta,
2280 1949 2404 2003 quae
2424 1949 2624 2005 corpus
2663 1941 2721 1989 et
2737 1938 2983 1993 animam
3012 1942 3183 1997 habes
3208 1927 3485 2003 immacu-

1883 2016 2057 2072 latam
2090 2037 2101 2071 :
2128 2021 2350 2090 justum
2379 2027 2467 2077 est
2494 2040 2584 2078 me
2616 2024 2960 2082 luxuriosam
2992 2046 3026 2084 a
3053 2036 3152 2086 tua
3181 2035 3487 2105 purissima

1882 2106 2154 2161 castitatis
2177 2110 2454 2165 munditia
2470 2111 2784 2169 abominari
2806 2121 2864 2171 et
2881 2119 3098 2189 projici.
3121 2122 3334 2179 Tamen
3353 2142 3489 2197 quo-

1881 2194 2054 2261 niam,
2100 2201 2166 2250 ut
2208 2198 2414 2264 audivi,
2458 2199 2528 2253 ob
2563 2201 2670 2257 hoc
2706 2204 2935 2260 effectus
2975 2214 3060 2262 est
3096 2210 3247 2266 Deus
3293 2194 3482 2284 homo,

1882 2299 2049 2353 quem
2078 2284 2202 2355 ipsa
2229 2286 2399 2357 digna
2425 2289 2688 2359 genuisti,
2714 2297 2779 2346 ut
2807 2300 3127 2365 peccatores
3162 2308 3386 2358 vocaret
3412 2304 3486 2359 ad

1886 2372 2296 2442 paenitentiam,
2320 2376 2409 2446 adj
2421 2394 2525 2431 uva
2544 2395 2633 2433 me
2646 2380 2954 2438 solitariam
2970 2390 3027 2439 et
3045 2387 3263 2444 nullum
3282 2390 3491 2448 haben-

1887 2464 2003 2514 tem
2039 2461 2405 2532 adjutorium,
2460 2466 2682 2538 percipe
2730 2470 3137 2530 confessionem
3180 2494 3385 2546 meam,
3431 2486 3491 2536 et

1886 2548 2025 2602 mihi
2071 2550 2357 2606 licentiam
2392 2553 2579 2609 tribue
2619 2557 2863 2613 ecclesiae
2894 2563 3235 2632 patefactum
3271 2566 3491 2639 ingredi

1888 2637 2123 2705 aditum,
2148 2644 2205 2694 et
2228 2657 2341 2695 non
2368 2642 2579 2697 efficiar
2596 2645 2782 2701 aliena
2811 2648 3069 2706 avisione
3098 2637 3492 2724 pretiosissimi

1888 2725 2044 2796 ligni,
2078 2727 2138 2781 in
2181 2745 2292 2799 quo
2328 2730 2527 2786 afﬁxus
2557 2734 2705 2789 Deus
2750 2736 2938 2804 homo,
2981 2756 3150 2811 quem
3174 2746 3493 2817 concipiens

1885 2813 2009 2884 ipsa
2036 2815 2190 2886 virgo
2222 2820 2507 2889 peperisti,
2542 2826 2598 2875 et
2636 2826 2926 2896 proprium
2956 2831 3302 2903 sanguinem.
3333 2813 3493 2891 dedit

1887 2919 1989 2973 pro
2010 2920 2136 2958 mea
2161 2904 2508 2963 liberatione.
2546 2910 2706 2978 Jube,
2742 2930 2774 2967 o
2803 2915 3061 2983 Domina,
3099 2926 3157 2974 et
3185 2922 3323 2977 mihi
3349 2924 3493 2978 indi-

1884 3008 2009 3061 gnae
2039 2992 2109 3046 ob
2124 2993 2323 3049 divinae
2343 2998 2523 3051 crucis
2542 2999 2941 3058 salutationem
2955 3006 3192 3074 januam
3212 3012 3489 3080 patefieri,

1885 3086 1938 3170 et
1966 3086 2021 3133 te
2051 3097 2120 3134 ex
2151 3086 2206 3135 te
2229 3083 2423 3153 genito
2453 3085 2677 3141 Christo
2728 3089 3119 3160 dignissimam
3160 3097 3231 3151 do
3269 3099 3494 3170 ﬁdejus-

1885 3166 2089 3237 sorem,
2116 3170 2246 3240 quia
2278 3188 2569 3244 nunquam
2598 3175 2748 3230 ultra
2775 3194 2961 3234 meam
2988 3199 3215 3239 carnem
3243 3166 3491 3259 coinqui-

1885 3255 2031 3311 nabo
2059 3275 2160 3329 per
2202 3259 2431 3315 horrida
2479 3262 2889 3322 immistionum
2917 3269 3192 3341 ludibria;
3222 3276 3321 3330 sed
3364 3255 3493 3334 mox

1884 3351 1950 3399 ut
1976 3346 2077 3400 ﬁlii
2105 3347 2209 3415 tui,
2252 3348 2426 3419 Virgo
2457 3357 2667 3418 sancta,
2701 3354 2893 3411 videro
2936 3358 3173 3430 lignum,
3206 3366 3406 3419 saeculo
3436 3372 3495 3422 et

1886 3434 2102 3489 actibus
2127 3438 2269 3507 ejus,
2304 3442 2362 3491 et
2401 3439 2662 3495 omnibus
2685 3459 2807 3513 quae
2849 3445 2908 3500 in
2938 3463 3002 3502 eo
3029 3455 3162 3504 sunt
3207 3455 3489 3524 renuntio,

1886 3529 1943 3578 et
1986 3525 2253 3613 continuo
2292 3528 2554 3597 egredior
2580 3529 2899 3604 ubicunque
2935 3536 3060 3608 ipsa
3084 3544 3150 3594 ut
3194 3541 3494 3613 ﬁdejussor

1882 3629 1973 3666 me
2009 3612 2251 3668 duxeris.

1957 3701 2086 3756 CAP.
2121 3702 2294 3757 XVII.
2320 3733 2377 3746 -
2410 3705 2541 3761 Haec
2567 3707 2775 3777 dicens,
2808 3716 2865 3766 et
2884 3714 3044 3784 quasi
3059 3715 3307 3789 aliquam
3330 3722 3493 3777 satiso

1883 3788 2183 3845 factionem
2204 3792 2498 3864 recipiens,
2529 3796 2660 3850 fidei
2683 3814 2951 3855 succensa
2970 3788 3172 3873 calore,
3197 3813 3255 3862 et
3282 3808 3351 3863 de
3378 3811 3494 3881 pie-

1884 3878 2017 3933 tatis
2046 3879 2351 3937 visceribus
2374 3882 2475 3936 Dei
2496 3885 2787 3953 genitricis
2818 3906 3185 3962 praesumens,
3220 3878 3491 3955 movi—me

1884 3966 1952 4021 de
1980 3968 2178 4023 eodem
2207 3970 2348 4038 loco,
2390 3972 2449 4027 in
2482 3990 2593 4045 quo
2623 3980 2779 4031 stans
2810 3977 2917 4033 feci
2949 3982 3370 4054 orationem;et
3396 4005 3494 4044 ve-

1883 4055 2062 4123 niens,
2088 4058 2294 4113 iterum
2309 4059 2758 4131 ingredientibus
2778 4084 2869 4122 me
2890 4069 3107 4138 miscui,
3133 4077 3191 4127 et
3210 4075 3359 4131 ultra
3378 4093 3495 4133 non

1884 4150 2007 4198 erat
2028 4145 2127 4238 qui
2148 4163 2237 4201 me
2257 4149 2569 4219 repelleret,
2597 4168 2781 4224 neque
2810 4156 2906 4226 qui
2936 4174 3025 4214 me
3056 4161 3380 4230 prohiberet
3397 4182 3496 4238 ap-

1883 4233 2262 4305 propinquare
2285 4236 2494 4306 januis,
2525 4239 2726 4309 quibus
2754 4241 2813 4295 in
2851 4246 3127 4316 templum
3154 4233 3487 4309 introibant.

1882 4323 2111 4394 Accepit
2139 4340 2271 4394 ergo
2302 4342 2391 4379 me
2420 4332 2634 4381 tremor
2658 4330 2874 4386 validus
2897 4339 3084 4401 388
3106 4341 3163 4392 et
3176 4340 3406 4407 extasis,
3433 4348 3492 4399 et

213 4416 312 4458 non
345 4405 650 4477 indulgens
696 4408 1007 4462 introitum.
1049 4409 1177 4463 Mox
1206 4409 1379 4480 igitur
1422 4409 1666 4480 repulsa,
1702 4410 1800 4481 eji-
1819 4399 2000 4465 Dtota
2027 4428 2091 4465 ex
2122 4413 2381 4468 omnibus
2406 4415 2777 4473 tremebunda
2805 4399 3097 4478 turbabar.
3132 4427 3329 4499 Itaque
3360 4399 3490 4486 con-

209 4491 383 4549 ciebar
416 4494 592 4553 foras:
643 4501 701 4550 et
754 4498 952 4567 ejecta,
1009 4496 1332 4551 inveniebar
1381 4496 1502 4551 sola
1548 4498 1608 4552 in
1655 4499 1799 4553 atrio

212 4584 369 4635 stans.
398 4583 779 4639 Considamus
807 4590 996 4640 autem
1020 4602 1122 4657 per
1149 4584 1482 4640 muliebrem
1502 4585 1802 4642 inﬁrmita-

208 4674 313 4722 tem
340 4668 449 4725 hoc
475 4672 618 4726 mihi
637 4673 906 4741 accidere,
927 4674 1132 4729 iterum
1159 4674 1282 4729 aliis
1298 4691 1388 4728 me
1415 4674 1798 4743 immiscendo,

208 4754 310 4810 vim
358 4760 499 4813 mihi
530 4762 944 4832 quodammodo
990 4762 1261 4819 faciebam
1298 4763 1641 4831 introeundi,
1705 4764 1803 4819 sed

210 4845 349 4901 enim
376 4848 706 4905 laborabam
733 4851 791 4906 in
820 4868 1074 4907 vacuum.

272 4934 407 4989 CAP.
446 4937 595 4992 XVI.
622 4972 684 4982 —-
717 4939 791 4995 Ut
818 4941 969 4995 enim
999 4940 1190 4995 limina
1234 4940 1467 5012 vestigio
1512 4941 1803 5013 continge-

206 5017 345 5092 bam,
366 5042 565 5081 omnes
590 5027 828 5084 interius
845 5029 1275 5101 recipiebantur,
1296 5030 1513 5084 nullum
1532 5029 1802 5086 habentes

206 5108 686 5185 impedimentum,
720 5135 810 5173 me
852 5128 1042 5174 autem
1093 5118 1268 5173 solam
1312 5136 1425 5173 non
1454 5119 1797 5191 recipiebat;

205 5200 293 5254 sed
318 5204 484 5273 quasi
520 5205 780 5261 militaris
810 5207 1112 5262 multitudo
1160 5213 1308 5261 esset
1344 5212 1535 5262 taxata
1571 5213 1636 5263 ut
1665 5209 1802 5264 mihi

204 5286 541 5360 ingredienti
552 5294 768 5349 aditum
780 5296 1082 5363 clauderet,
1099 5296 1180 5351 ita
1199 5313 1288 5351 me
1306 5296 1602 5367 repentina
1614 5298 1805 5369 aliqua

203 5378 535 5447 prohibebat
561 5383 757 5448 virtus,
782 5390 839 5439 et
857 5386 1061 5441 iterum
1085 5384 1410 5440 inveniebar
1437 5384 1494 5438 in
1505 5385 1667 5439 atrio.
1689 5387 1806 5442 Hoc

204 5470 287 5521 ter
313 5476 373 5523 et
408 5477 615 5541 quater
640 5489 805 5546 passa
830 5479 887 5529 et
934 5475 1115 5530 facere
1142 5491 1368 5540 conans,
1401 5472 1649 5545 nihilque
1682 5492 1807 5546 pro-

208 5551 420 5626 ﬁciens,
457 5558 757 5633 desperans
785 5562 855 5618 de
904 5568 1121 5631 caetero,
1158 5570 1215 5619 et
1260 5561 1501 5635 amplius
1525 5579 1804 5635 nusquam

468 5657 730 5723 ΡΑι-ιιοῐ..
776 5662 1051 5724 LXXIII.

1879 4499 2123 4570 jungens
2164 4517 2254 4557 me
2293 4502 2364 4556 ad
2405 4505 2660 4574 januam,
2696 4509 2857 4579 cujus
2904 4511 3044 4566 mihi
3091 4514 3278 4571 aditus
3306 4519 3491 4590 primo

1887 4588 2253 4644 claudebatur
2286 4592 2463 4663 (quasi
2512 4594 2694 4650 omnis
2721 4596 2899 4653 virtus
2940 4617 3062 4671 quae
3090 4604 3247 4674 prius
3270 4588 3493 4678 ingredi

1886 4693 1977 4731 me
2006 4678 2357 4767 prohibebat,
2393 4687 2521 4753 post
2549 4690 2742 4739 autem
2771 4686 2918 4741 viam
2948 4688 3302 4760 ingrediendi
3328 4713 3490 4767 para-

1885 4769 2014 4835 ret),
2047 4767 2127 4821 ita
2151 4766 2362 4839 absque
2392 4770 2783 4842 impedimenti
2822 4774 3011 4831 labore
3048 4778 3295 4850 introivi,
3328 4766 3387 4840 et
3415 4787 3495 4843 sic

1886 4854 2037 4909 intra
2082 4863 2277 4912 sancta
2305 4865 2627 4914 sanctorum
2657 4868 2883 4933 reperta
2912 4881 3056 4931 sum,
3089 4874 3146 4923 et
3164 4872 3397 4942 pretiosi
3425 4892 3492 4931 ac

1884 4942 2085 4998 viviﬁci
2115 4946 2295 5028 crucis
2322 4945 2460 5017 ligni
2480 4947 2716 5002 adorare
2741 4953 3075 5022 mysterium
3097 4956 3267 5028 digna
3298 4960 3494 5020 habita

1885 5047 2009 5086 sum
2039 5052 2050 5086 :
2086 5036 2143 5086 et
2169 5039 2303 5087 tunc
2331 5034 2442 5088 vidi
2469 5035 2567 5090 Dei
2610 5046 2979 5109 sacramenta,
3023 5049 3081 5099 et
3127 5048 3371 5119 qualiter
3405 5058 3493 5109 est

1884 5124 2115 5190 paratus
2144 5121 2426 5193 suscipere
2463 5125 2824 5195 poenitentes.
2857 5129 3015 5186 Tunc
3056 5136 3357 5207 projiciens
3399 5157 3491 5197 me

1885 5225 2073 5263 coram
2101 5210 2160 5264 in
2182 5215 2412 5277 terram,
2447 5218 2504 5266 et
2529 5219 2788 5270 sanctum
2818 5217 2957 5274 illud
2987 5225 3314 5282 exosculans
3341 5229 3495 5299 pavi-

1889 5303 2165 5363 mentum,
2200 5299 2437 5353 exibam.
2474 5302 2718 5358 Currens
2739 5311 2931 5363 autem
2964 5309 3036 5364 ad
3064 5311 3221 5369 illam
3251 5333 3373 5387 qua:
3398 5333 3489 5371 me

1888 5386 2156 5452 ﬁdedixit,
2194 5387 2316 5442 veni
2345 5395 2582 5445 restans.
2609 5393 2887 5465 Conjunxi
2917 5398 3094 5469 igitur
3121 5419 3211 5458 me
3239 5386 3298 5459 in
3328 5405 3489 5459 illum

1886 5474 2071 5529 locum
2101 5475 2195 5529 ubi
2225 5476 2598 5534 ﬁdedictionis
2627 5486 3007 5557 conscriptum
3043 5497 3166 5545 erat
3202 5492 3490 5562 chirogra-

1887 5563 2083 5634 phum,
2111 5568 2165 5617 et
2178 5581 2328 5635 genu
2350 5583 2587 5623 curvans
2616 5586 2805 5627 coram
2836 5576 2992 5631 vultu
3018 5584 3223 5634 sanctae
3244 5578 3490 5651 Virginis

3171 5678 3250 5737 22
