3966 6184
467 273 573 334 683
1470 265 1566 324 DE
1601 264 1792 324 VITIS
1828 261 2126 324 PATRUM
2160 259 2378 320 LIBER
2410 257 2702 317 PRIMUS.
3584 256 3666 317 684

465 404 571 462 Dei
588 399 894 476 genitricis,
911 396 1000 453 his
1016 396 1327 468 imprecata
1337 411 1462 450 sum
1484 395 1692 450 verbis:
1721 397 1806 451 Tu
1827 395 2054 466 quidem
2072 395 2123 455 Α
2136 396 2424 446 tantorum
2443 403 2566 460 quae
2585 381 2826 442 sustinui
2847 379 3241 454 periculorum,
3262 384 3318 434 et
3329 381 3671 452 cogitationum

469 510 710 566 semper,
743 509 775 547 ο
819 486 1218 558 benignissima
1264 485 1522 552 Domina,
1575 491 1734 540 tuam
1769 484 2062 540 ostendisti
2145 498 2268 552 quae
2293 479 2483 549 inique
2512 474 2981 549 perturbaverunt
3011 488 3097 526 me
3130 489 3140 524 :
3177 471 3339 525 timeo
3367 471 3502 525 enim
3529 489 3587 526 ne
3615 473 3670 526 ab

469 561 695 656 pietatis
724 576 1166 635 misericordiam
1199 595 1210 630 :
1242 581 1306 630 tu
1335 591 1448 630 non
1473 575 1764 646 indignam
1787 575 2063 646 supplica-
2145 571 2356 624 eisdem
2385 569 2632 639 aliquam
2675 564 2857 636 patiar
2888 561 3318 617 tribulationem.
3365 561 3504 614 Dixit
3549 563 3672 615 Zosi-

465 673 675 727 tionem
696 667 1006 743 projecisti;
1030 666 1142 720 vidi
1160 665 1400 738 gloriam
1421 681 1589 736 quam
1611 670 1929 736 peccatores
1949 680 2063 717 me-
2143 676 2264 713 mas
2299 677 2312 712 :
2343 657 2497 712 Nihil
2525 656 2829 726 relinquas,
2865 671 2897 708 ο
2927 651 3170 715 domina,
3203 667 3320 721 quae
3354 666 3453 703 non
3480 649 3670 704 indices.

466 762 573 816 rito
596 777 708 815 non
727 759 998 823 videmus,
1022 755 1262 828 gloriam
1293 755 1696 826 omnipotentis
1719 754 1818 809 Dei
1835 753 1931 825 qui
1962 769 2063 824 per
2145 748 2328 804 Semel
2357 747 2508 801 enim
2535 747 2594 800 in
2623 746 2727 799 hoc
2769 750 2825 798 te
2866 741 3220 796 manifestam
3254 739 3578 810 cognovimus
3600 756 3674 793 or-

459 858 517 908 te
545 851 778 923 suscipit
824 855 1177 923 peccatorum
1210 846 1615 920 paenitentiam.
1643 844 1790 910 Quid
1822 843 2061 916 amplius
2143 838 2290 903 dine,
2325 836 2515 890 omnia
2542 841 2598 890 te
2628 833 2964 889 indiminute
2994 835 3212 903 oportet
3228 846 3325 884 nos
3352 829 3573 883 edocere.

460 918 745 1014 peccatrix
784 918 844 996 et
883 940 1092 994 misera
1118 918 1276 992 valeo
1306 935 1588 991 recordari
1617 939 1716 989 aut
1751 933 2061 988 enarrare?
2214 927 2344 980 CAP.
2375 926 2522 980 XIX.
2556 955 2618 964 —
2649 924 2752 980 Illa
2789 928 2979 977 autem
3011 920 3151 975 dixit
3193 921 3244 974 ei
3282 939 3292 973 :
3325 919 3503 985 Crede,
3542 918 3672 985 abba,

457 1008 712 1105 'I‘empus
742 1036 827 1085 est
849 1031 970 1100 jam
989 1028 1222 1099 implere
1246 1041 1372 1097 qum
1398 1023 1642 1088 ﬁdedixi,
1678 1023 1787 1077 fide
1813 1021 2062 1077 dilectio—
2143 1015 2334 1070 decem
2375 1020 2433 1070 et
2460 1019 2674 1086 septem
2701 1013 2865 1067 annis
2884 1011 3016 1066 feris
3036 1009 3414 1064 immansuetis
3431 1014 3482 1062 et
3497 1008 3676 1062 irratio-

461 1122 551 1176 nis
573 1097 684 1176 tuae
704 1097 926 1192 placita.
951 1097 1112 1173 Nunc
1131 1116 1226 1172 ubi
1255 1114 1358 1170 tibi
1387 1114 1714 1185 complacet,
1747 1112 1927 1182 dirige
1945 1129 2054 1166 me.
2141 1104 2362 1159 nalibus
2405 1105 2656 1159 eluctans
2685 1103 2998 1165 desideriis,
3031 1102 3164 1156 dum
3204 1099 3381 1154 cibum
3407 1097 3673 1163 initiabam,

462 1213 595 1267 Esto
625 1186 766 1264 mihi
813 1208 1010 1264 salutis
1049 1199 1321 1273 ducatrix,
1370 1211 1427 1259 et
1462 1203 1712 1258 veritatis
1760 1201 2051 1273 magistra,
2141 1194 2418 1248 desiderio
2445 1194 2582 1248 mihi
2636 1198 2798 1247 erant
2837 1207 3067 1256 carnes;
3120 1186 3496 1259 concupiebam
3530 1186 3675 1256 pisces

461 1300 781 1372 praecedens
810 1315 902 1352 me
945 1298 1004 1352 in
1031 1297 1178 1350 viam
1211 1313 1333 1367 qua:
1361 1293 1515 1348 ducit
1542 1293 1612 1347 ad
1641 1291 2055 1364 pmnitentiam.
2141 1300 2278 1354 quos
2305 1285 2578 1356 Egyptus
2625 1281 2895 1349 habebat;
2929 1278 3310 1335 desiderabam
3339 1275 3494 1332 etiam
3517 1276 3675 1328 vinum

462 1364 535 1444 Iit
560 1390 677 1444 haec
705 1389 912 1452 dicens,
961 1386 1147 1441 audivi
1179 1364 1367 1439 vocem
1408 1383 1645 1452 alicujus
1677 1397 1710 1435 a
1756 1382 1920 1451 longe
1941 1381 2057 1434 cla-
2141 1373 2465 1427 delectabile
2504 1373 2674 1440 mihi;
2708 1373 2946 1426 multum
2971 1371 3122 1424 enim
3149 1366 3455 1422 delectabar
3476 1365 3530 1418 in
3554 1364 3673 1429 vino,

461 1479 670 1533 mantis
694 1497 705 1532 :
741 1477 1040 1533 Iordanem
1071 1476 1120 1529 si
1148 1472 1456 1530 transieris.
1482 1472 1686 1526 bonam
1707 1470 1957 1525 invenies
1975 1487 2058 1523 re-
2139 1468 2193 1515 et
2223 1462 2770 1533 superabundantius
2797 1477 2974 1531 usque
2995 1459 3067 1513 ad
3098 1457 3414 1512 ebrietatem
3440 1453 3675 1516 bibebam.

462 1568 670 1640 quiem.
697 1569 810 1638 Ego
843 1573 1029 1621 autem
1066 1565 1211 1618 hanc
1240 1579 1431 1618 vocem
1459 1562 1714 1626 audiens,
1749 1565 1806 1614 et
1835 1576 1935 1630 pro
1966 1575 2057 1612 me
2141 1557 2196 1605 et
2225 1567 2372 1606 nunc
2402 1552 2539 1606 mihi
2567 1558 2692 1606 erat
2714 1551 2874 1604 valde
2895 1550 2952 1604 in
2981 1546 3277 1612 desiderio,
3311 1563 3372 1600 eo
3401 1544 3532 1616 quod
3560 1543 3680 1596 mul-

459 1658 663 1712 factarn
684 1657 936 1720 credens,
961 1656 1276 1726 lacrymans
1309 1651 1631 1714 exclamavi,
1656 1655 1713 1704 et
1731 1650 1800 1704 ad
1821 1649 1922 1703 Dei
1954 1665 2055 1719 ge-
2074 1721 2107 1726 _
2138 1645 2259 1695 tum
2289 1646 2498 1702 uterer.
2529 1641 2664 1695 dum
2679 1657 2860 1695 essem
2880 1640 2937 1694 in
2953 1639 3175 1693 saeculo.
3191 1637 3292 1690 Hic
3317 1641 3494 1688 autem
3511 1648 3681 1702 aquam

458 1747 674 1801 nitricis
703 1745 1007 1816 imaginem
1044 1743 1393 1815 prospiciens
1423 1739 1714 1794 vociferavi
1746 1757 1756 1791 :
1792 1738 2048 1803 Domina,
2072 1721 2113 1778 Β
2130 1731 2356 1786 omnino
2374 1747 2485 1786 non
2516 1730 2752 1799 habens,
2774 1728 3262 1784 vehementissime
3280 1723 3488 1789 urebar,
3519 1729 3568 1776 et
3588 1738 3684 1775 sus-

458 1836 717 1902 Domina,
742 1812 1146 1905 Reginatotius
1165 1812 1336 1897 orbis,
1369 1847 1470 1902 per
1499 1845 1665 1900 quam
1692 1829 1938 1882 humano
1955 1844 2055 1898 ge-
2138 1820 2386 1875 tinebam
2427 1822 2776 1876 necessitatis
2820 1821 3150 1892 periculum.
3184 1816 3373 1871 Fiebat
3396 1814 3522 1868 mihi
3556 1818 3605 1867 et
3628 1812 3682 1866 de

459 1925 582 1980 neri
605 1925 755 1979 salus
777 1924 1019 1988 advenit,
1044 1921 1160 1976 noli
1179 1938 1268 1975 me
1290 1919 1696 1990 derelinquere.
1731 1919 1799 1972 Et
1819 1918 1937 1972 1133c
1967 1917 2055 1971 di-
2138 1909 2437 1966 luxuriosis
2465 1911 2695 1967 canticis
2735 1911 2971 1965 nimium
3016 1907 3370 1971 desiderium,
3394 1903 3683 1976 perturbans

461 2031 610 2080 cens,
632 2014 701 2068 de
720 2013 862 2068 atrio
880 2012 1077 2083 templi
1097 2027 1222 2066 sum
1253 2026 1499 2081 egressa,
1521 2014 1578 2064 et
1591 2007 1924 2062 festinanter
1941 2023 2057 2061 am-
2139 2005 2197 2054 et
2222 2000 2493 2056 reducens
2513 2001 2583 2056 ad
2615 2001 2945 2056 memoriam
2975 1997 3381 2054 daemoniorum
3401 1993 3594 2048 cantica
3609 1992 3684 2045 de-

459 2103 745 2158 b'u‘labam.
771 2103 1020 2158 Exeunte
1040 2107 1229 2156 autem
1253 2117 1361 2167 me,
1390 2097 1528 2153 vidit
1551 2114 1642 2152 me
1666 2097 1809 2168 quis,
1834 2101 1892 2150 et
1904 2095 2057 2150 dedit
2138 2094 2384 2157 cantare,
2403 2108 2527 2162 quae
2540 2091 2598 2144 in
2611 2091 2811 2145 saeculo
2831 2089 3168 2144 dediceram.
3187 2087 3311 2142 Mox
3336 2090 3514 2139 autem
3532 2083 3684 2152 lacry-

465 2192 604 2246 mihi
625 2197 740 2247 tres
755 2208 1036 2257 nummos,
1069 2191 1288 2245 dicens:
1315 2189 1513 2260 Accipe
1529 2188 1662 2250 hmo,
1686 2201 1876 2241 norma
1903 2183 2009 2255 (12)
2036 2203 2047 2239 :
2137 2194 2316 2244 mans,
2341 2185 2394 2234 et
2426 2185 2619 2251 pectus
2645 2197 2833 2234 meum
2862 2179 3201 2250 percutiens,
3227 2175 3488 2245 meipsam
3515 2171 3573 2224 ad
3594 2185 3684 2223 me-

459 2291 561 2353 ego
591 2287 779 2337 autem
806 2279 1100 2353 accipiens,
1121 2286 1237 2335 tres
1259 2296 1324 2333 ex
1345 2278 1425 2333 eis
1448 2293 1620 2349 panes
1641 2274 1978 2347 comparavi,
1999 2279 2056 2328 et
2136 2267 2370 2323 moriam
2387 2268 3163 2324 reducebamdeconvenienti
3179 2263 3535 2320 ﬁdedictionis
3545 2275 3682 2332 quam

455 2371 558 2426 hos
579 2371 767 2443 accepi
785 2369 1162 2425 ben-edictioni
1185 2368 1296 2422 mei
1317 2367 1539 2422 itineris
1553 2382 1848 2436 congruos.
1878 2362 2056 2418 Inter-
2135 2357 2392 2426 feceram,
2425 2359 2718 2430 egrediens
2742 2363 2937 2414 contra
2954 2359 3100 2412 hanc
3119 2355 3490 2410 solitudinem.
3521 2349 3685 2404 Venie-

454 2459 646 2529 rogavi
677 2441 807 2514 eum
838 2459 933 2530 qui
964 2474 1137 2530 panes
1160 2455 1436 2511 vendebat
1460 2473 1471 2509 :
1492 2454 1654 2509 Unde
1683 2458 1740 2506 et
1768 2451 1948 2523 qualis
1967 2451 2054 2505 via
2135 2446 2264 2502 bam
2294 2457 2483 2503 autem
2514 2467 2616 2521 per
2645 2454 2835 2516 389
2865 2447 3248 2518 cognitionem
3269 2450 3397 2499 ante
3421 2441 3683 2511 imaginem

457 2564 578 2603 esse
595 2549 864 2613 noscitur,
878 2548 1068 2604 homo.
1089 2561 1210 2616 quae
1232 2544 1386 2598 ducit
1404 2544 1474 2597 ad
1494 2541 1837 2597 Iordanem?
1867 2541 1936 2595 Et
1959 2557 2052 2594 co-
2135 2543 2338 2592 sanctae
2358 2538 2459 2593 Dei
2478 2538 2784 2610 genitricis,
2809 2555 2930 2609 quae
2962 2554 3052 2591 me
3091 2541 3147 2590 et
3168 2535 3227 2589 in
3257 2535 3364 2588 ﬁde
3398 2549 3493 2587 sua
3528 2544 3684 2584 susce-

455 2653 728 2708 gmoscens
758 2642 979 2708 portam
1004 2634 1242 2690 civitatis
1278 2649 1400 2704 quae
1421 2632 1480 2687 in
1504 2632 1602 2686 illa
1633 2631 1812 2686 latera
1839 2629 2044 2701 pergit,
2135 2627 2236 2697 pit,
2260 2633 2317 2682 et
2334 2633 2464 2682 ante
2483 2628 2639 2682 illam
2662 2627 2969 2699 plorabam,
3012 2632 3079 2680 ut
3110 2626 3385 2695 effugaret
3411 2639 3443 2676 a
3470 2637 3549 2675 me
3568 2617 3685 2688 cogi-

457 2743 688 2781 currens
711 2726 820 2780 iter
847 2724 1081 2796 agebam
1113 2723 1339 2795 plorans
1353 2767 1366 2780 .
2131 2715 2372 2771 tationes
2389 2734 2510 2788 quae
2529 2717 2901 2771 miserrimam
2915 2732 3098 2771 meam
3114 2715 3364 2768 animam
3382 2708 3680 2781 afﬂigebant.

527 2816 659 2871 CAP.
690 2814 890 2869 XVIII.
915 2843 962 2854 -
992 2811 1427 2884 Interrogationi
1446 2815 1636 2866 autem
1659 2808 2050 2880 interrogatio-
2132 2806 2366 2870 Quando
2384 2813 2574 2862 autem
2594 2807 2876 2878 superflue
2895 2807 3266 2877 dolenterque
3289 2801 3623 2876 lacrymabar,
3643 2803 3686 2852 et

455 2920 584 2959 nem
615 2909 938 2964 annectens,
962 2901 1239 2972 reliquum
1256 2899 1368 2954 diei
1388 2899 1706 2970 consumpsi
1725 2898 1834 2952 iter
1854 2913 2053 2969 prope-
2131 2895 2367 2951 viriliter
2394 2903 2588 2968 pectus
2616 2914 2805 2952 meum
2837 2895 3166 2963 tundebam,
3202 2901 3338 2950 tunc
3364 2893 3596 2948 videbam
3621 2890 3687 2943 lu-

453 3008 613 3049 rans:
642 2999 763 3048 erat
783 2997 971 3047 autem
995 2992 1134 3046 hora
1145 2990 1257 3045 diei
1284 2989 1471 3057 tertia,
1497 2989 1720 3061 quando
1746 2987 2045 3059 pretiosam
2069 3045 2108 3061 η
2132 3002 2262 3040 men
2289 2987 2536 3058 undique
2567 2987 2998 3058 circumfulgens
3029 3004 3136 3045 me.
3173 2993 3231 3041 et
3277 2985 3536 3041 serenitas
3573 2979 3686 3035 mihi

453 3089 514 3137 et
536 3089 787 3138 sanctam
811 3097 1032 3136 crucem
1053 3080 1240 3135 videre
1257 3045 1470 3134 merui:
1485 3045 1554 3133 Fit
1573 3079 1689 3133 sole
1705 3045 1824 3148 jam
1850 3076 1921 3130 ad
1950 3093 2042 3130 oc-
2066 3045 2110 3108 Ο
2132 3076 2385 3146 quaedam
2408 3045 2624 3132 stabilis
2647 3095 2772 3132 mox
2789 3045 2974 3132 fiebat.
2995 3077 3378 3148 Cogitationes
3403 3081 3572 3131 autem
3588 3088 3687 3143 qua

449 3187 638 3228 casum
663 3171 997 3237 declinante,
1027 3169 1316 3225 ecclesiam
1357 3168 1506 3222 beati
1527 3167 1759 3222 Joannis
1781 3165 2048 3237 Baptistae
2129 3166 2198 3219 ad
2216 3166 2638 3221 fornicationem
2664 3168 2870 3222 iterum
2890 3167 3303 3238 compellebant
3320 3183 3424 3232 me,
3449 3161 3687 3237 quomodo

449 3263 688 3335 positam
705 3263 868 3333 juxta
883 3259 1183 3316 Iordanem
1212 3258 1492 3330 conspexi,
1527 3263 1583 3312 et
1603 3257 1660 3311 in
1681 3255 1878 3311 eodem
1901 3260 2046 3308 tcm-
2127 3253 2229 3308 tibi
2242 3271 2506 3311 enarrare
2520 3257 2783 3328 possum?
2803 3257 2977 3321 Abba,
2993 3257 3241 3328 ignosce.
3256 3258 3407 3329 Ignis
3424 3257 3562 3311 intus
3578 3253 3689 3308 infe-

448 3351 542 3423 plo
561 3352 815 3423 ingressa
829 3349 1070 3406 adorans
1088 3350 1352 3405 continuo
1365 3349 1422 3402 in
1435 3347 1739 3402 Jordanem
1760 3343 2042 3408 descendi,
2128 3343 2201 3396 lix
2218 3359 2418 3416 corpus
2437 3361 2625 3400 meum
2644 3346 2812 3401 nimis
2831 3345 3225 3414 succendebat,
3251 3353 3309 3401 et
3326 3352 3498 3401 totam
3516 3360 3594 3398 me
3608 3357 3689 3414 per

449 3446 508 3494 et
527 3457 592 3496 ex
622 3441 718 3495 illa
755 3445 946 3496 sancta
978 3455 1125 3510 aqua
1163 3455 1364 3493 manus
1393 3442 1449 3492 et
1483 3436 1681 3492 faciem
1718 3434 1847 3488 lavi.
1877 3433 2043 3488 Com-
2128 3433 2317 3486 omnia
2335 3434 2619 3502 exurebat,
2648 3439 2705 3489 et
2723 3436 2792 3490 ad
2813 3435 3153 3490 desiderium
3178 3434 3572 3490 commistionis
3589 3448 3689 3503 per-

446 3529 1152 3584 municaviautemviviﬁca
1166 3527 1571 3582 etintemerata
1588 3523 1797 3580 Christi
1822 3521 2046 3578 Domini
2127 3522 2405 3576 trahebat.
2433 3523 2579 3578 Dum
2618 3541 2750 3596 ergo
2782 3525 2920 3579 mihi
2937 3525 3065 3579 talis
3092 3525 3422 3580 ascenderet
3437 3522 3685 3594 cogitatio,

447 3625 818 3685 sacramenta,
833 3618 890 3673 in
907 3618 1103 3672 eadem
1118 3622 1310 3671 sancta
1328 3615 1686 3688 praecursoris
1709 3623 1766 3668 et
1781 3611 2046 3683 Baptistae
2127 3613 2549 3682 prosternebam
2585 3615 2857 3687 meipsam
2887 3616 2944 3670 in
2973 3620 3207 3681 terram,
3242 3621 3299 3670 et
3328 3615 3574 3688 lacrymis
3593 3620 3688 3668 ter-

448 3709 680 3763 Joannis
711 3707 959 3773 basilica,
1003 3712 1061 3761 et
1092 3713 1229 3760 tunc
1265 3705 1434 3760 unius
1475 3704 1639 3776 panis
1681 3702 2042 3757 medietatem
2123 3717 2246 3755 ram
2275 3702 2594 3766 infundens,
2617 3705 2797 3776 ipsam
2814 3705 2951 3759 mihi
2965 3705 3242 3760 veraciter
3269 3711 3450 3760 astare
3470 3718 3684 3776 sperans,

449 3797 686 3864 comedi,
701 3801 831 3850 etex
845 3809 993 3867 aqua
1003 3795 1261 3850 Jordanis
1278 3794 1412 3860 bibi,
1427 3794 1487 3848 in
1505 3801 1660 3848 terra
1679 3797 1840 3847 nocte
1862 3791 2043 3862 quies-
2126 3807 2247 3861 quae
2265 3807 2354 3846 me
2378 3792 2725 3860 fidedixerat,
2749 3795 2988 3849 minanti
3011 3811 3100 3849 me
3120 3795 3542 3868 compellatione
3557 3808 3690 3861 exag-

447 3901 600 3940 cens.
636 3886 973 3940 Lucescente
989 3884 1047 3939 in
1078 3883 1322 3938 crastino
1350 3883 1408 3938 in
1430 3888 1648 3955 partem
1670 3882 1836 3936 aliam
1861 3886 2044 3935 trans-
2123 3895 2322 3949 gerare
2350 3882 2647 3948 furentem,
2667 3885 2826 3955 quasi
2852 3885 3266 3956 praevaricanti,
3301 3893 3359 3940 et
3380 3901 3560 3956 pcenas
3574 3899 3688 3953 prse-

446 3974 540 4042 ivi,
566 3979 621 4029 et
650 3973 857 4029 iterum
887 3973 1021 4045 petii
1051 3973 1354 4028 ductricem
1378 3989 1561 4028 meam
1581 3978 1646 4027 ut
1669 3988 1759 4026 me
1776 3970 2044 4041 dirigeret
2125 3969 2480 4026 varicationis
2509 3973 2648 4027 mihi
2680 3973 3040 4029 imminentes
3076 3974 3165 4028 ira
3214 3975 3493 4030 mucronis
3525 3978 3690 4028 contra

445 4061 543 4118 ubi
573 4063 624 4119 ei
652 4063 922 4136 placitum
951 4068 1114 4118 esset.
1133 4059 1342 4118 Deveni
1372 4068 1560 4118 autem
1590 4062 1647 4116 in
1675 4061 1818 4116 hanc
1844 4059 2043 4114 solitu—
2127 4075 2217 4113 me
2244 4065 2525 4132 agentem.
2543 4061 2668 4118 Non
2690 4063 2840 4118 enim
2861 4069 2990 4118 ante
3009 4063 3313 4136 surgebam
3334 4065 3402 4120 de
3421 4070 3576 4127 terra,
3601 4058 3688 4115 nisi

446 4151 656 4216 dinem,
690 4158 748 4207 et
774 4169 840 4207 ex
888 4157 1024 4207 tunc
1060 4167 1239 4224 usque
1287 4151 1452 4207 hodie
1489 4150 1745 4222 elongavi
1794 4148 2034 4220 fugiens,
2122 4149 2278 4220 prius
2307 4151 2403 4204 illa
2445 4151 2774 4208 dulcissima
2820 4153 2916 4209 lux
2959 4154 3312 4210 illuminaret
3338 4171 3427 4209 me.
3455 4152 3618 4217 solito,
3646 4153 3691 4203 et

446 4248 776 4314 exspectans
800 4244 969 4297 Deum
1002 4241 1324 4313 meum,qui
1346 4241 1526 4296 salvos
1564 4241 1697 4295 facit
1724 4239 1955 4311 pusillos
1985 4241 2041 4292 et
2122 4239 2485 4309 cogitationes
2499 4241 3690 4315 meperturbanteseffugaret.Semperitaque

445 4347 698 4403 magnos,
730 4330 826 4403 qui
855 4337 1256 4387 convertuntur
1276 4331 1347 4386 ad
1376 4347 1504 4386 eum
1535 4333 1697 4398 (Psal.
1730 4335 1862 4398 LIV).
1895 4327 2042 4383 Zosi-
2133 4327 2315 4383 cordis
2345 4329 2452 4383 mei
2478 4332 2666 4385 oculos
2686 4331 2758 4388 ad
2791 4331 2948 4386 illam
2979 4332 3371 4404 ﬁdejussorem
3402 4348 3574 4387 meam
3592 4328 3688 4383 sine

446 4433 568 4476 mas
588 4421 729 4476 dixit
748 4420 819 4475 ad
840 4435 965 4476 eam
979 4437 997 4476 ':
1015 4422 1169 4486 Quot
1187 4421 1319 4475 anni
1345 4426 1493 4485 sunt,
1517 4438 1550 4475 o
1571 4420 1816 4486 domina,
1840 4436 1905 4473 ex
1935 4433 2044 4490 quo
2068 4407 2437 4474 Dcessatione
2469 4420 2772 4492 erigebam,
2806 4421 3111 4494 deprecans
3138 4439 3264 4477 eam
3299 4420 3545 4479 auxiliari
3576 4415 3689 4473 mihi

444 4509 592 4565 hanc
609 4509 890 4565 itnhabitas
915 4509 1300 4566 solitudinem?
1319 4509 1627 4582 Respondit
1639 4508 1871 4564 mulier:
1897 4509 2044 4572 Qua-
2122 4507 2182 4563 in
2211 4508 2316 4564 hac
2335 4509 2636 4566 solitudine
2665 4517 2724 4566 et
2750 4511 3098 4584 poenitentia.
3125 4512 3314 4568 Habui
3337 4529 3466 4585 ergo
3492 4503 3691 4580 adjutri—

447 4597 709 4671 draginta
735 4605 952 4672 septem
979 4599 1113 4654 anni
1144 4604 1297 4661 sunt,
1329 4603 1394 4654 ut
1420 4599 1730 4666 considero,
1755 4615 1819 4653 ex
1838 4613 1947 4669 quo
1973 4597 2044 4651 de
2124 4613 2244 4652 cem
2261 4603 2319 4654 et
2338 4599 2738 4672 coadjutricem
2756 4601 2956 4672 ipsam,
2979 4619 3102 4673 quae
3118 4603 3323 4672 genuit
3340 4599 3596 4658 castitatis
3614 4611 3691 4650 au-

449 4695 643 4744 sancta
670 4689 894 4744 civitate
925 4705 1148 4760 egressa
1179 4706 1324 4744 sum.
1358 4689 1508 4743 Dixit
1535 4695 1725 4744 autem
1755 4687 2002 4742 Zosimas
2026 4704 2037 4740 :
2126 4693 2356 4755 ctorem,
2381 4694 2436 4743 et
2473 4689 2550 4744 sic
2569 4690 2761 4745 decem
2796 4696 2854 4746 et
2894 4697 3108 4762 septem
3128 4708 3411 4747 annorum
3435 4683 3687 4745 curriculis

449 4774 518 4830 Et
542 4778 673 4848 quid
691 4778 942 4834 invenire
962 4780 1031 4834 ad
1062 4796 1218 4834 esum
1241 4778 1492 4850 potuisti,
1522 4795 1554 4832 ο
1575 4778 1670 4844 mi,
1694 4776 2037 4841 autinvenis,
2125 4793 2251 4831 cum
2282 4778 2494 4845 multis,
2523 4785 2586 4834 ut
2614 4779 2752 4848 dixi,
2783 4797 2962 4852 usque
2991 4781 3156 4835 hodie
3188 4780 3454 4853 periculis
3482 4779 3690 4836 eluctata

447 4861 704 4920 Domina.
735 4868 1044 4939 Respondit
1065 4868 1270 4923 mulier
1293 4887 1303 4922 :
1329 4868 1480 4923 Duos
1499 4867 1671 4922 semis
1690 4867 1915 4938 quidem
1947 4884 2042 4938 pa—
2124 4883 2270 4920 sum.
2285 4868 2333 4922 A
2353 4873 2488 4922 tunc
2508 4886 2640 4940 ergo
2651 4870 2994 4940 adjutorium
3008 4887 3194 4925 meum
3206 4871 3310 4926 Dei
3333 4867 3563 4941 genitrix
3580 4861 3688 4918 asti-

447 4967 548 5006 nes
587 4954 886 5010 Jordanem
926 4957 1264 5013 transmeavi
1315 4959 1646 5030 deportans;
1684 4963 1741 5011 et
1777 4957 1869 5029 qui
1917 4961 2041 5028 post
2124 4955 2196 5009 tit
2217 4957 2374 5020 mihi,
2399 4974 2500 5028 per
2518 4957 2707 5012 omnia
2745 4958 2802 5012 in
2833 4957 3090 5012 omnibus
3134 4975 3225 5012 me
3256 4959 3519 5029 dirigens.
3563 4949 3689 5008 Dixit

447 5041 730 5140 modicum
756 5045 982 5101 arefacti
1006 5049 1163 5118 quasi
1185 5048 1398 5119 lapides
1419 5047 1823 5109 obduruerunt,
1858 5052 1914 5101 et
1929 5062 2043 5100 mo-
2124 5049 2314 5099 autem
2344 5045 2591 5101 Zosimas
2617 5067 2628 5102 :
2661 5048 2787 5102 Non
2815 5046 3059 5102 habuisti
3088 5045 3277 5101 cibum
3300 5053 3400 5101 aut
3426 5045 3688 5100 vestimen-

448 5127 632 5185 dicum
661 5133 795 5203 quid
824 5151 1000 5206 usque
1025 5137 1095 5192 ad
1116 5137 1333 5208 aliquos
1361 5153 1539 5192 annos
1567 5137 1864 5192 comedens
1891 5143 2045 5190 tran-
2125 5135 2276 5189 tum?
2304 5136 2373 5190 Et
2399 5136 2496 5190 illa
2537 5136 2676 5190 dixit
2706 5154 2716 5190 :
2752 5136 2932 5190 Panes
2959 5136 3187 5207 quidem
3239 5135 3386 5202 illos,
3437 5135 3570 5189 sicut
3590 5133 3690 5202 jam

448 5219 587 5290 segi.
617 5221 767 5276 Dixit
804 5229 992 5278 autem
1042 5224 1286 5298 Zozimas
1320 5245 1331 5279 :
1375 5227 1444 5281 Et
1480 5227 1559 5281 sic
1612 5227 1821 5298 absque
1850 5226 2042 5280 dolore
2124 5224 2256 5288 dixi,
2289 5223 2482 5279 decem
2514 5231 2570 5280 et
2598 5231 2811 5296 septem
2834 5226 3150 5298 expendens
3180 5225 3366 5291 annis,
3393 5223 3582 5278 deinde
3609 5233 3692 5271 nu-

443 5310 700 5365 transisti
726 5311 871 5365 tanti
901 5314 1167 5384 temporis
1193 5315 1644 5385 longitudinem?
1674 5316 1815 5370 nihil
1839 5331 2042 5386 repen-
2124 5312 2336 5368 triebar
2362 5313 2552 5368 herbis
2582 5331 2704 5386 qua:
2732 5313 3158 5370 inveniebantur
3195 5331 3300 5385 per
3328 5311 3684 5368 solitudinem.

441 5399 576 5455 tium
595 5400 1007 5455 immutationis
1018 5407 1075 5456 et
1085 5402 1526 5460 conturbationis
1541 5404 1763 5461 sensisti
1773 5403 2044 5459 calorem?
2124 5403 2186 5458 In
2193 5402 2521 5458 dumentum
2545 5409 2735 5459 autem
2745 5405 2895 5474 quod
2914 5402 3104 5471 habui,
3122 5408 3468 5459 transmeato
3479 5398 3691 5456 Iordane

438 5489 545 5546 Illa
573 5491 715 5548 dixit
744 5509 756 5546 :
788 5489 928 5548 Rem
960 5508 1110 5547 nunc
1139 5509 1229 5547 me
1267 5491 1599 5567 interrogas,
1643 5512 1812 5568 quam
1842 5495 2032 5551 dicens
2115 5491 2293 5548 nimia
2312 5498 2589 5549 vetustate
2609 5493 2844 5549 scissum
2865 5499 2923 5548 et
2941 5499 3337 5565 consumptum
3355 5497 3457 5547 est.
3483 5487 3691 5545 Multam

431 5579 592 5636 valde
618 5581 1005 5649 contremisco,
1040 5581 1089 5638 si
1118 5581 1189 5637 ad
1218 5584 1809 5642 commemorationem
1827 5601 2031 5641 venero
2113 5597 2246 5653 ergo
2263 5581 2487 5653 glaciali
2513 5583 2719 5656 frigore
2739 5587 2796 5640 et
2817 5587 2984 5640 aestus
3000 5583 3199 5640 ardore
3217 5580 3598 5638 necessitatem
3616 5588 3691 5628 su-
