3966 6184
239 317 344 373 685

989 314 1158 370 VITA
1196 313 1493 370 SANCI‘IE
1531 312 1780 368 MARIAE
1817 311 1847 368 ἐ

1933 307 2283 375 ΥΡΤΙΑΟΛΕ,
2325 305 2374 362 Μ
2378 305 2775 362 ERETRICIS.

3405 303 3512 364 686

239 442 432 501 stinui.
458 445 1031 496 concrementaaestus
1050 440 1328 507 incendio,
1343 444 1398 494 et
1414 439 1588 494 nimio
1612 439 1834 510 frigoris
1852 439 1902 498 A
1920 453 2088 508 quam
2110 451 2288 506 usque
2302 450 2451 489 nunc
2467 431 2924 488 sanctiﬁcationis
2944 431 3113 502 hujus
3132 447 3236 487 usa
3245 448 3371 488 sum
3384 449 3511 505 por-

238 539 496 603 tempore
515 532 645 602 gelu
665 549 684 584 ι
697 530 949 602 igescens
971 535 1028 584 et
1045 535 1316 596 tremens,
1339 529 1623 584 multoties
1651 529 1710 583 in
1729 535 1838 583 ter-

239 639 364 674 ram
387 621 592 675 cadens
612 620 822 690 absque
843 620 1047 690 spiritu
1063 619 1318 690 jacebam
1343 619 1663 685 immobilis,
1688 620 1835 673 mul-

237 711 313 764 tis
334 717 392 764 et
404 711 638 776 diversis
659 709 1084 764 necessitatibus
1111 714 1167 763 et
1186 709 1837 763 tentationibusimmen-

239 801 318 854 sis
349 801 616 863 eluctans,
652 816 754 870 per
782 799 971 852 omnia
995 816 1172 869 usque
1219 799 1276 852 in
1314 800 1459 852 hanc
1485 799 1634 853 diem
1664 799 1839 852 virtus

241 889 346 943 Dei
375 889 567 943 multis
597 888 778 943 modis
793 888 1052 942 miseram
1086 888 1333 942 animam
1353 905 1538 942 meam
1565 893 1621 942 et
1639 905 1839 958 corpus

240 995 433 1032 meum
455 979 769 1033 custodivit.
787 979 1107 1032 Recordans
1121 979 1269 1032 enim
1299 979 1367 1031 de
1389 977 1648 1048 qualibus
1676 976 1840 1030 malis

241 1067 503 1122 liberavit
519 1085 608 1122 me
630 1068 921 1134 Dominus,
949 1084 1074 1121 esca
1096 1067 1316 1121 nutrior
1333 1065 1838 1131 inconsummabili,

241 1164 298 1210 et
327 1157 607 1212 satietatis
634 1157 890 1228 possideo
916 1157 1110 1228 epulas
1147 1173 1301 1227 spem
1333 1155 1530 1209 salutis
1559 1155 1845 1209 meze.Nu-

241 1247 387 1300 trior
404 1253 594 1300 autem
613 1252 671 1300 et
687 1246 980 1316 cooperior
997 1245 1244 1316 tegmine
1268 1244 1418 1298 verbi
1442 1244 1561 1310 Dei,
1586 1244 1682 1314 qui
1711 1260 1843 1298 con-

243 1337 388 1390 tinet
404 1337 594 1390 omnia
615 1339 790 1404 (Deut.
811 1341 949 1403 vm).
981 1337 1108 1390 Non
1130 1335 1280 1388 enim
1319 1334 1378 1387 in
1394 1335 1513 1389 solo
1548 1350 1692 1405 pane
1714 1334 1846 1388 vivit

242 1426 415 1480 homo
448 1426 659 1490 (Matth.
679 1423 783 1494 In),
806 1431 860 1478 et
874 1441 987 1478 non
1008 1423 1278 1478 habentes
1308 1423 1716 1494 operimentum
1745 1440 1845 1494 pe-

241 1522 348 1570 trae
375 1514 708 1570 circumdati
753 1520 887 1568 sunt
915 1514 1161 1584 tegmine
1190 1513 1248 1566 hi
1287 1513 1382 1583 qui
1411 1531 1471 1568 se
1509 1513 1721 1584 peccati
1760 1530 1849 1567 ex-

239 1605 628 1676 spoliaverunt
653 1605 845 1659 tunica
873 1605 1006 1671 (Job.
1035 1618 1183 1668 xxxv,
1209 1606 1378 1672 juxta
1409 1605 1547 1664 Lxxl.

314 1695 452 1750 ΟΑρ.
485 1695 602 1748 XX.
649 1721 704 1734 --
735 1694 983 1748 Audiens
1039 1698 1231 1746 autem
1289 1693 1535 1747 Zosimas
1585 1693 1848 1762 quoniam

1919 528 2107 592 tione;
2143 531 2199 580 et
2225 525 2369 589 ideo,
2394 524 2681 594 deprecor,
2708 540 2890 578 meam
2931 540 3002 577 ne
3029 540 3259 594 spernas
3291 523 3513 594 petitio-

1917 637 2067 683 nem,
2092 619 2283 684 390
2305 617 2402 670 sed
2431 631 2531 686 per
2551 615 2739 669 omnia
2755 615 2877 685 ipsa
2904 615 3119 669 viviﬁca
3139 621 3306 687 atque
3326 616 3518 670 divina.

1922 707 2190 780 mysteria
2219 707 2357 760 aﬂ‘er
2380 705 2436 759 in
2471 723 2538 758 ea
2564 705 2722 769 hora,
2757 721 2866 774 qua
2893 705 3166 759 Dominus
3215 705 3517 776 discipulos

1923 799 2120 852 divinae
2147 813 2317 851 coenae
2346 795 2644 867 participes
2668 794 2815 847 fecit.
2861 795 3062 849 Joanni
3095 801 3282 850 autem
3327 794 3518 851 abbati

1924 887 2268 953 monasterii,
2297 886 2355 939 in
2381 902 2490 956 quo
2518 884 2954 947 habitas,edicto
2983 903 2994 937 :
3027 886 3268 939 Attende
3296 883 3521 955 tibiipsi

1925 984 1982 1033 et
1999 977 2158 1048 gregi
2185 982 2318 1043 tuo;
2350 975 2540 1044 aliqua
2569 973 2714 1028 enim
2749 974 2892 1027 ﬁunt
2919 973 2996 1026 ibi
3026 975 3419 1029 emendatione
3439 973 3524 1027 in-

1925 1067 2193 1138 digentia.
2225 1065 2333 1120 Sed
2361 1064 2490 1118 nolo
2518 1069 2576 1118 te
2601 1064 2719 1119 haec
2745 1080 2894 1117 nunc
2923 1063 2975 1116 ei
3003 1064 3203 1130 dicere,
3237 1064 3334 1118 sed
3349 1080 3524 1134 quan-

1927 1157 1998 1210 do
2027 1156 2128 1211 tibi
2158 1155 2485 1227 praeceperit
2511 1155 2680 1209 Deus.
2723 1155 2853 1208 Haec
2895 1153 3101 1221 dicens,
3135 1154 3446 1208 orationem
3489 1169 3526 1207 a

1926 1263 2057 1300 sene
2088 1246 2444 1317 postulando,
2472 1245 2528 1299 in
2558 1243 2886 1298 interiorem
2905 1243 3267 1298 solitudinem
3281 1243 3524 1298 velocius

1925 1335 2225 1390 festinavit.

1999 1428 2129 1480 CAP.
2162 1427 2289 1480 XXI
2298 1457 2394 1478 .-—
2406 1425 2653 1479 Zosimas
2677 1429 2865 1479 autem
2896 1429 3257 1495 prosternens
3283 1441 3342 1479 se
3371 1439 3528 1479 oscu-

1928 1515 2152 1569 labatur
2180 1521 2344 1568 terras
2372 1515 2578 1581 locum,
2606 1515 2663 1568 in
2679 1530 2788 1585 quo
2817 1515 2938 1583 ejus
2967 1515 3203 1584 vestigia
3231 1520 3525 1583 steterant,

1931 1605 2070 1659 dans
2092 1605 2331 1675 gloriam
2360 1604 2476 1658 Deo
2510 1629 2521 1659 :
2556 1604 2969 1675 immensasque
2997 1604 3183 1674 gratia
3211 1621 3404 1674 agens,
3437 1621 3528 1658 re-

1931 1712 2124 1749 versus
2154 1701 2255 1759 est,
2289 1695 2528 1748 laudans
2557 1699 2614 1746 et
2651 1693 2986 1748 benedicens
3017 1694 3316 1748 Dominum
3347 1695 3527 1747 Deum

242 1784 667 1855 Scripturarum
695 1783 1020 1837 testimonia
1047 1783 1366 1854 proferebat
1394 1799 1459 1836 ex
1488 1781 1645 1836 libris
1670 1763 1908 1854 MoysiB
1932 1789 2186 1838 nostrum
2216 1786 2407 1839 Jesum
2439 1783 2749 1838 Christum.
2783 1785 2992 1838 Iterum
3045 1788 3234 1837 autem
3267 1799 3527 1837 remeans

241 1873 505 1927 videlicet
524 1877 582 1926 et
605 1873 752 1926 beati
772 1873 801 1926 J
806 1871 874 1926 ob
895 1872 1008 1926 sive
1031 1873 1407 1938 Psalmorum,
1433 1872 1572 1926 dixit
1587 1871 1657 1926 ad
1680 1889 1805 1926 eam
1831 1890 1842 1925 :

242 1963 523 2024 Psalmos,
557 1979 590 2016 ο
640 1967 840 2021 mater.
888 1961 1149 2028 didicisti,
1183 1961 1269 2016 vel
1302 1962 1442 2016 alios
1470 1961 1642 2016 libros
1679 1979 1848 2016 sacrae

245 2051 551 2122 Scriptura:
576 2051 799 2121 legisti?
819 2052 923 2106 Illa
953 2057 1142 2105 autem
1164 2051 1270 2105 hoc
1281 2052 1533 2116 audiens,
1552 2050 1847 2105 subridens

244 2141 388 2195 dixit
409 2141 480 2194 ad
500 2157 629 2195 eum
654 2158 664 2192 :
697 2141 872 2194 (irede
895 2140 1052 2205 mihi,
1072 2157 1184 2194 non
1199 2141 1311 2195 vidi
1337 2141 1621 2194 hominem
1643 2157 1707 2193 ex
1739 2156 1849 2210 quo

244 2231 552 2285 Jordanem
579 2229 832 2292 transivi,
857 2229 964 2284 nisi
994 2234 1048 2283 te
1074 2230 1240 2283 hodie
1265 2249 1276 2283 :
1312 2230 1409 2283 sed
1457 2245 1640 2300 neque
1672 2228 1849 2283 feram

246 2326 348 2375 aut
368 2319 522 2374 aliud
540 2319 751 2373 animal
772 2319 1173 2390 qualecunque,
1199 2336 1266 2373 ex
1284 2335 1393 2389 quo
1411 2317 1467 2372 in
1483 2319 1628 2372 hanc
1646 2317 1845 2372 deveni

245 2409 632 2464 solitudinem.
649 2409 890 2462 Litteras
911 2413 1100 2463 autem
1131 2425 1418 2478 nunquam
1431 2407 1634 2461 alicubi
1652 2407 1842 2471 didici,

247 2499 346 2552 sed
368 2515 554 2570 neque
581 2497 912 2570 psallentem
941 2503 1041 2552 aut
1057 2498 1334 2568 legentem
1364 2497 1610 2567 aliquem
1631 2497 1847 2550 auscul-

246 2589 381 2642 tavi.
417 2589 614 2644 Sermo
644 2592 832 2642 autem
861 2587 964 2642 Dei
996 2587 1160 2641 vivus
1184 2593 1240 2640 et
1271 2586 1465 2640 efﬁcax
1495 2587 1846 2641 intellectum

248 2677 588 2731 intrinsecus
644 2677 801 2730 docet
851 2676 1162 2730 humanum
1214 2677 1358 2743 (Heb.
1393 2679 1486 2744 Iv).
1519 2678 1642 2731 Huc
1668 2693 1848 2747 usque

248 2766 378 2819 ﬁnis
407 2782 602 2819 eorum
633 2781 755 2835 quae
780 2781 905 2818 mea
929 2769 1076 2818 sunt.
1118 2766 1279 2819 Nunc
1324 2770 1512 2819 autem
1552 2765 1848 2819 obsecrans

249 2871 440 2925 quaeso
470 2859 528 2907 te
554 2870 655 2924 per
680 2854 1123 2908 incarnationem
1171 2853 1338 2906 Verbi
1376 2854 1476 2907 Dei
1508 2862 1565 2908 et
1593 2870 1716 2908 ores
1748 2871 1847 2925 pro

246 2959 340 2997 me
369 2941 676 2996 luxuriosa.
703 2943 772 2996 Et
813 2959 940 2997 cum
969 2943 1086 2996 haec
1112 2941 1369 3007 dixisset,
1403 2942 1652 2996 cucurrit
1681 2959 1850 2996 senex

247 3038 306 3086 et
330 3048 487 3101 genu
515 3031 656 3085 ﬂexo
699 3049 758 3085 se
794 3031 852 3085 in
877 3038 1087 3086 terram
1138 3037 1512 3101 prosternere,
1543 3031 1848 3086 vociferans

1932 1873 2184 1944 ejusdem
2215 1874 2532 1928 solitudinis
2559 1873 2684 1941 iter,
2718 1891 2830 1943 quo
2870 1879 3117 1940 venerat,
3151 1874 3439 1944 conjunxit
3468 1873 3529 1927 in

1931 1963 2273 2018 monasterio
2304 1980 2370 2017 eo
2397 1969 2670 2034 tempore,
2701 1980 2811 2034 quo
2852 1968 3256 2017 consueverant
3279 1963 3318 2016 ii
3344 1962 3439 2033 qui
3468 1963 3529 2016 in

1933 2052 2126 2106 eodem
2159 2053 2541 2107 morabantur.
2569 2054 2638 2107 Et
2664 2057 2847 2106 totum
2878 2053 3101 2124 quidem
3133 2069 3344 2106 annum
3367 2052 3529 2106 illum

1931 2142 2124 2207 tacuit,
2157 2143 2387 2196 minime
2415 2142 2629 2197 audens
2661 2143 2948 2213 quidpiam
2977 2143 3162 2196 dicere
3191 2160 3256 2196 ex
3286 2141 3372 2195 his
3406 2158 3529 2212 quae

1932 2231 2175 2298 viderat;
2201 2231 2260 2284 in
2283 2231 2463 2302 seipso
2480 2236 2671 2286 autem
2692 2231 3306 2302 deprecabaturDeum,
3326 2237 3391 2285 ut
3419 2230 3529 2284 ite-

1930 2336 2056 2374 rum
2075 2321 2124 2374 ei
2137 2322 2458 2375 ostenderet
2475 2320 2902 2375 desiderabilem
2928 2321 3164 2375 vultum.
3199 2319 3531 2391 Suspirabat

1928 2414 2138 2474 autem,
2154 2409 2327 2464 annui
2349 2426 2541 2467 cursus
2561 2409 3274 2480 consideranstarditatem.
3292 2408 3528 2472 Quando

1929 2503 2117 2552 autem
2149 2499 2372 2553 advenit
2400 2515 2561 2553 sacra
2584 2499 2931 2570 jejuniorum
2961 2498 3185 2553 initiata
3216 2497 3400 2570 prima
3422 2499 3530 2553 Do-

1931 2588 2152 2655 minica,
2200 2605 2327 2642 mox
2374 2594 2502 2659 post
2549 2589 2772 2643 solitam
2811 2588 3123 2642 orationem
3155 2588 3252 2642 alii
3303 2588 3530 2659 quidem

1929 2678 2230 2748 psallentes
2253 2678 2510 2733 exierunt
2537 2697 2548 2731 :
2583 2678 2702 2750 ipse
2723 2683 2913 2733 autem
2934 2679 3153 2733 modica
3179 2677 3348 2732 febris
3364 2678 3528 2732 inﬁr-

1930 2766 2126 2820 mitate
2147 2764 2427 2833 detentus,
2453 2767 2827 2822 mansitintus
2857 2767 2916 2820 in
2938 2766 3297 2821 monasterio.
3319 2767 3529 2820 Recor-

1931 2857 2095 2911 datus
2123 2862 2209 2911 est
2236 2862 2425 2912 autem
2454 2857 2698 2911 Zosimas
2728 2857 2834 2911 sibi
2864 2857 3193 2927 praedictum
3232 2862 3439 2910 sanctae
3468 2854 3533 2909 il-

1930 2946 2059 3012 lius,
2086 2947 2217 3016 quia
2245 2963 2430 3018 neque
2456 2947 2646 3000 volens
2667 2947 2817 3000 exire
2833 2945 3063 3000 valebis.
3087 2945 3405 3016 Aliquantis
3433 2955 3551 2999 au-‘

1930 3040 2046 3089 tem
2071 3036 2273 3106 elapsis
2287 3035 2502 3102 diebus,
2521 3034 2590 3089 ab
2621 3035 2948 3089 inﬁrmitate
2979 3034 3318 3098 sublevatus,
3333 3035 3392 3087 in
3414 3050 3531 3088 mo-

248 3127 306 3175 et
333 3121 528 3175 dicens
553 3139 564 3174 :
588 3121 920 3176 Benedictus
941 3119 1214 3174 Dominus
1236 3121 1385 3175 Deus
1407 3121 1502 3192 qui
1531 3122 1665 3175 facit
1683 3120 1848 3174 mira-
1872 3125 1914 3185 C
1932 3125 2176 3179 nasterio
2207 3124 2656 3180 conversabatur.
2683 3125 2916 3188 Quando
2946 3124 3155 3178 reversi
3183 3128 3316 3177 sunt
3344 3138 3536 3177 mona-

248 3210 389 3265 bilia
417 3226 626 3279 magna
649 3210 818 3273 solus,
852 3207 1098 3278 gloriosa
1121 3215 1178 3264 et
1193 3210 1554 3264 vehementer
1573 3210 1852 3280 stupenda

252 3299 459 3370 quibus
487 3315 602 3352 non
653 3305 738 3352 est
785 3313 1053 3351 numerus
1087 3300 1222 3365 (Job,
1257 3297 1354 3366 lx).
1405 3299 1736 3353 Benedictus
1767 3316 1846 3366 es,

249 3389 493 3444 Domine
513 3388 681 3453 Deus,
704 3387 798 3457 qui
817 3387 1112 3441 ostendisti
1133 3387 1272 3441 mihi
1298 3394 1509 3458 quanta
1530 3388 1754 3458 largiris
1784 3388 1853 3442 ti-

249 3475 538 3532 mentibus
557 3480 630 3530 te.
674 3475 816 3530 Vere
845 3475 996 3530 enim
1027 3493 1139 3531 non
1168 3476 1508 3548 derelinquis
1538 3483 1852 3548 quaerentes

251 3573 326 3631 te,
352 3565 591 3620 Domine
606 3567 770 3626 (Psal.
797 3572 893 3624 Ix).
919 3565 1024 3620 Illa
1063 3570 1254 3620 autem
1295 3566 1722 3636 apprehendens
1761 3584 1851 3621 se-

251 3674 406 3723 nem,
429 3672 543 3710 non
563 3655 820 3728 permisit
837 3656 895 3710 in
914 3661 1125 3710 terram
1151 3655 1393 3727 perfecte
1420 3657 1718 3727 prosterni,
1755 3657 1850 3712 sed

252 3746 396 3801 dixit
422 3746 476 3800 ei
510 3765 521 3799 :
557 3747 689 3800 Haec
743 3763 867 3818 quae
896 3746 1120 3808 audisti,
1153 3746 1338 3812 homo,
1373 3744 1622 3800 obtestor
1657 3752 1714 3801 te
1752 3763 1854 3818 per

252 3836 558 3891 Dominum
572 3835 915 3891 Salvatorem
929 3841 1184 3889 nostrum
1199 3836 1227 3889 J
1233 3851 1392 3889 esum
1418 3835 1721 3900 Christum,
1757 3852 1852 3890 ne-

253 3926 392 3980 mini
415 3926 644 3991 dixeris,
665 3924 1028 3996 quoadusque
1050 3924 1201 3978 Deus
1220 3923 1289 3978 de
1310 3925 1532 3978 vinculo
1547 3925 1732 3979 carnis
1755 3924 1852 3978 ab-

253 4016 434 4070 solvat
463 4033 574 4071 me.
607 4015 706 4070 His
730 4013 987 4068 omnibus
1018 4013 1257 4084 acceptis
1287 4014 1345 4068 in
1375 4030 1528 4084 pace,
1562 4019 1620 4068 et
1647 4013 1853 4068 iterum

252 4105 358 4158 hoc
375 4105 574 4160 eodem
598 4112 848 4175 tempore
876 4102 1206 4157 adveniente
1238 4119 1384 4157 anno
1413 4102 1693 4174 apparebo
1723 4103 1844 4168 tibi,

255 4194 537 4248 etvidebis
559 4211 666 4259 me,
689 4193 789 4247 Dei
805 4209 904 4246 nos
924 4191 1276 4262 gubernante
1295 4192 1500 4262 gratia.
1520 4192 1630 4246 Fac
1661 4198 1851 4247 autem

254 4291 490 4354 pmpter
508 4281 828 4339 Dominum.
852 4281 997 4353 quod
1019 4298 1168 4335 nunc
1195 4281 1298 4336 tibi
1320 4281 1396 4352 inj
1407 4299 1574 4353 ungo,
1600 4287 1664 4336 ut
1681 4283 1852 4336 sacris

249 4372 487 4442 jejuniis
506 4370 921 4426 recurrentibus
943 4369 1077 4424 anni
1105 4370 1325 4424 venturi
1345 4387 1460 4425 non
1471 4376 1725 4426 transeas
1736 4371 1854 4426 Jor-

1932 3213 2020 3267 chi
2051 3219 2280 3269 sacratae
2302 3231 2473 3268 coenae
2500 3230 2747 3285 vespere,
2779 3213 2911 3267 fecit
2928 3213 3073 3284 quod
3097 3212 3146 3266 ei
3173 3213 3393 3282 jussum
3415 3217 3527 3267 est:

1936 3307 1993 3357 et
2023 3303 2251 3358 mittens
2281 3303 2339 3358 in
2372 3303 2591 3358 modico
2607 3303 2776 3356 calice
2799 3302 3117 3356 intemerati
3150 3301 3398 3373 corporis
3408 3318 3534 3372 por-

1934 3392 2148 3446 tionem
2179 3397 2237 3447 et
2289 3393 2517 3464 pretiosi
2573 3391 2862 3463 sanguinis
2918 3391 3144 3446 Domini
3183 3392 3360 3445 nostri
3400 3391 3534 3446 Jesu

1935 3481 2163 3546 Christi,
2200 3482 2387 3552 posuit
2413 3482 2473 3535 in
2503 3481 2746 3536 canistro
2774 3497 3001 3553 carycas
3013 3497 3216 3552 paucas
3247 3485 3304 3535 et
3325 3481 3537 3552 palma-

1935 3587 2063 3624 rum
2092 3570 2325 3636 fructus,
2347 3570 2406 3625 id
2426 3575 2514 3625 est
2537 3571 2806 3642 dactylos,
2825 3575 2882 3625 et
2911 3587 3113 3642 parum
3139 3569 3417 3624 lenticulae
3447 3569 3531 3624 in-

1935 3659 2072 3714 fusa
2118 3658 2176 3713 in
2205 3659 2365 3731 aquis
2390 3678 2402 3727 ;
2455 3664 2511 3715 et
2537 3659 2689 3714 venit
2724 3659 2904 3726 tarde,
2931 3663 2989 3714 et
3017 3659 3089 3713 ad
3119 3658 3300 3730 ripam
3329 3657 3531 3713 Jorda-

1933 3748 2020 3802 nis
2051 3747 2299 3816 sedebat,
2333 3749 2634 3804 adventum
2665 3752 2870 3804 sanctae
2889 3747 3237 3820 praestolans.
3270 3746 3536 3801 Beatissi-

1934 3854 2029 3891 ma
2056 3843 2246 3893 autem
2271 3838 2367 3892 illa
2409 3838 2671 3893 tardante
2714 3837 2971 3905 muliere,
2996 3837 3244 3892 Zosimas
3265 3852 3380 3891 non
3410 3835 3537 3890 dor-

1934 3925 2172 3992 mitavit,
2201 3926 2300 3981 sed
2321 3927 2556 3982 sollicite
2585 3926 2914 3982 attendebat
2941 3926 3322 3991 solitudinem,
3360 3922 3534 3980 susti-

1934 4031 2074 4069 nens
2117 4016 2266 4085 quod
2313 4017 2502 4071 videre
2549 4015 2923 4071 desiderabat.
2975 4015 3208 4070 Dicebat
3252 4019 3442 4069 autem
3471 4014 3532 4068 in

1933 4104 2234 4176 semetipso
2269 4123 2280 4156 :
2309 4104 2576 4176 Nunquid
2603 4105 2850 4171 veniens,
2879 4104 3018 4158 dum
3047 4120 3117 4158 ne
3146 4119 3259 4157 non
3297 4103 3528 4170 invenit,

1934 4209 2162 4247 reversa
2188 4193 2314 4246 est?
2343 4194 2476 4248 Haec
2504 4193 2711 4259 dicens,
2744 4191 2952 4260 ﬂebat;
2989 4197 3046 4246 et
3083 4192 3304 4246 elevans
3332 4191 3390 4245 in
3419 4208 3526 4245 cae-

1933 4281 2052 4335 lum
2081 4281 2284 4345 oculos,
2307 4283 2634 4353 suppliciter
2655 4282 2838 4336 Deum
2855 4279 3278 4351 deprecabatur,
3301 4279 3523 4334 dicens:

1934 4370 2061 4424 Non
2085 4386 2176 4424 me
2212 4371 2440 4437 alienes,
2473 4368 2726 4436 Domine,
2759 4368 2966 4423 iterum
2989 4367 3197 4434 videre,
3232 4384 3402 4439 quam
3434 4384 3527 4422 me

254 4460 482 4528 danem,
528 4466 593 4516 ut
620 4460 1080 4516 consuetudinem
1128 4459 1346 4513 habetis
1389 4459 1447 4514 in
1481 4460 1842 4516 monasterio.
1863 4443 1912 4504 D
1937 4457 2122 4514 videre
2152 4459 2419 4515 tribuisti.
2470 4459 2597 4513 Non
2631 4459 2834 4513 vadam
2878 4474 3104 4526 vacuus,
3136 4462 3365 4530 peccata
3399 4473 3529 4512 mea

256 4548 534 4621 Stupebat
559 4556 748 4604 autem
771 4549 1038 4615 Zosimas,
1056 4547 1290 4602 audiens
1305 4547 1569 4618 quoniam
1601 4553 1658 4602 et
1683 4565 1851 4604 cano-

253 4655 385 4694 nem
407 4639 734 4694 monasterii
750 4638 928 4693 inscia
956 4637 1114 4709 quasi
1136 4654 1258 4708 quae
1276 4643 1466 4692 nosset
1493 4637 1738 4705 dicebat;
1772 4638 1854 4692 ni-

254 4731 451 4801 hilque
480 4728 631 4784 aliud
661 4727 938 4782 clamabat
965 4726 1070 4780 nisi
1093 4727 1328 4796 gloriam
1360 4728 1598 4799 Dei,_qui
1636 4729 1852 4798 majora

254 4835 428 4890 quam
457 4816 669 4889 petitur
689 4814 1049 4887 diligentibus
1067 4832 1128 4869 se
1150 4815 1405 4885 largitur.
1428 4817 1529 4870 Illa
1551 4821 1741 4870 autem
1770 4815 1850 4869 di-

252 4909 335 4963 xit
364 4927 375 4960 :
404 4909 632 4963 Sustine
650 4913 715 4961 ut
731 4907 866 4970 dim,
886 4905 1048 4970 abl-a,
1069 4907 1125 4961 in
1140 4906 1476 4961 monasterio
1502 4924 1515 4974 ;
1543 4922 1725 4976 neque
1745 4905 1851 4961 etsi

253 4998 410 5053 exire
429 4997 668 5051 volueris
686 5013 986 5068 quoquam,
1006 4995 1230 5050 valebis.
1264 4996 1508 5067 Vespere
1537 5002 1727 5050 autem
1767 5013 1851 5050 sa-

251 5087 572 5141 cratissimo
598 5085 900 5141 Dominicae
941 5101 1128 5149 coena,
1162 5084 1334 5139 divini
1365 5086 1611 5156 corporis
1638 5089 1696 5139 et
1719 5084 1851 5139 vivi-

252 5178 345 5232 fici
361 5174 654 5246 sanguinis
670 5174 982 5246 portionem
1002 5173 1060 5227 in
1080 5189 1208 5227 vase
1230 5191 1386 5228 sacro
1404 5174 1689 5245 dignoque
1703 5174 1848 5228 tanti

250 5264 514 5339 mysterii
540 5266 696 5330 aﬂ‘er,
729 5270 786 5318 et
813 5263 1024 5318 sustine
1050 5279 1140 5316 me
1168 5262 1226 5316 in
1255 5270 1416 5333 parte
1427 5264 1686 5318 Jordanis
1726 5281 1848 5334 quae

249 5355 622 5426 conjungitur
644 5353 862 5417 saeculo,
890 5358 946 5407 et
974 5351 1200 5406 veniens
1229 5351 1444 5406 viviﬁca
1467 5353 1733 5424 accipiam
1754 5353 1852 5407 do-

249 5463 348 5501 na.
376 5445 454 5499 Ex
485 5461 598 5516 quo
627 5445 772 5499 enim
803 5443 864 5496 in
911 5441 1143 5496 ecclesia
1195 5439 1508 5497 beatissimi
1541 5443 1850 5497 Praecurso-

249 5535 351 5597 ris,
385 5533 718 5604 priusquam
741 5529 1044 5586 transirem
1070 5528 1392 5598 Jordanem,
1424 5530 1846 5599 communicavi,

247 5622 524 5694 deinceps
552 5637 728 5693 usque
756 5636 906 5676 nunc
924 5634 1212 5689 nunquam
1249 5619 1672 5687 communicavi,
1703 5637 1851 5676 nun-

1934 4553 2164 4620 portans
2189 4549 2246 4603 in
2268 4548 2669 4621 increpatione.

2006 4639 2131 4693 ΟΑι).
2163 4640 2337 4693 XXII.
2370 4666 2430 4676 —
2461 4639 2592 4694 Haec
2620 4655 2788 4694 orans
2819 4654 2946 4694 cum
3001 4635 3280 4708 lacrymis,
3324 4636 3436 4691 alia
3473 4636 3533 4691 in

1933 4742 2065 4781 eum
2081 4728 2342 4799 cogitatio
2355 4727 2569 4784 incidit.
2593 4728 2740 4794 Quid
2759 4728 2948 4799 itaque
2969 4726 3016 4781 si
3051 4725 3281 4791 venerit,
3307 4723 3476 4780 faciet
3503 4726 3529 4778 ?

1933 4817 2213 4886 quomodo
2243 4817 2477 4872 transiet
2494 4817 2815 4885 Jordanem,
2846 4815 2978 4887 quia
2997 4812 3252 4868 navicula
3273 4829 3383 4868 non
3401 4819 3488 4868 est
3505 4813 3532 4868 ?

1935 4905 2176 4975 qualiter
2195 4905 2264 4960 ad
2287 4923 2376 4959 me
2413 4905 2708 4975 indignum
2726 4901 3048 4976 perveniet?
3072 4901 3195 4956 Heu
3225 4917 3314 4956 me
3341 4900 3522 4956 infeli-

1932 5010 2049 5048 cem
2077 4995 2088 5047 !
2122 4995 2231 5049 heu
2254 4995 2377 5065 quis
2391 5011 2480 5048 me
2501 4999 2616 5048 tam
2634 4995 2799 5064 justas
2819 4991 3022 5063 speciei
3068 4989 3368 5044 alienavit?
3395 4992 3532 5048 Haec

1933 5099 2065 5138 sene
2095 5083 2393 5154 cogitante,
2423 5099 2549 5138 ecce
2580 5088 2773 5137 sancta
2801 5081 2898 5136 illa
2926 5079 3168 5146 advenit,
3198 5084 3255 5134 et
3281 5079 3341 5134 in
3365 5086 3528 5152 parte

1933 5172 2044 5226 alia
2064 5172 2310 5227 ﬂuminis
2324 5173 2498 5238 stetit,
2523 5172 2672 5227 unde
2693 5169 3198 5226 venerat.Zosimas
3228 5174 3421 5224 autem
3450 5171 3530 5226 vi-

1931 5260 2068 5315 dens
2098 5278 2240 5327 eam,
2265 5261 2507 5316 surrexit
2530 5261 2802 5332 gaudens,
2837 5265 2894 5314 et
2921 5258 3176 5313 exultans
3205 5258 3374 5314 nimis
3401 5260 3528 5330 glo-

1931 5348 2185 5405 riﬁcabat
2199 5351 2397 5405 Deum.
2418 5352 2592 5406 Lucta
2616 5356 2807 5406 autem
2837 5347 3158 5404 certaminis
3185 5346 3246 5402 in
3271 5349 3394 5419 ejus
3423 5349 3526 5403 flu-

1932 5439 2158 5495 ctuabat
2186 5439 2538 5511 cogitationis
2566 5439 2898 5506 intentione,
2915 5437 3046 5510 quia
3075 5452 3188 5491 non
3212 5438 3526 5508 potestJor-

1933 5529 2092 5585 danis
2106 5529 2348 5585 transire
2378 5531 2608 5586 ﬂuenta.
2633 5531 2702 5585 Et
2721 5527 3024 5601 respiciens
3052 5525 3380 5591 senex,vidit
3399 5538 3527 5578 eam

1934 5618 2132 5676 vexillo
2181 5617 2362 5674 crucis
2413 5636 2586 5691 aquas
2643 5617 2904 5675 Jordanis
2958 5616 3297 5686 signantem.
3331 5609 3528 5667 Totius
