3966 6184
489 242 598 302 687

493 372 647 430 enim
671 374 805 426 tunc
833 364 1011 422 noctis
1043 361 1306 418 tenebras
1331 361 1596 434 splendor
1622 359 1979 415 illuminabat
2001 361 2083 415 lu-

490 478 594 524 nae,
605 461 734 532 quia
757 463 977 528 tempus
995 469 1255 508 recursus
1274 451 1424 507 illius
1439 450 1787 506 erat.Statim
1810 455 1997 504 autem
2018 454 2083 503 ut

489 551 712 621 signum
745 545 923 602 crucis
949 543 1253 615 impressit,
1288 541 1537 597 ascendit
1570 557 1740 612 super
1771 556 1981 611 aquas;
2025 543 2082 592 et

490 637 782 692 ambulans
813 651 981 712 super
994 632 1266 704 liquidum
1289 630 1528 702 mquoris
1555 626 2082 693 fluctum,veniebat

485 725 645 799 quasi
677 742 778 796 per
804 723 1047 778 solidum
1075 721 1201 775 iter.
1227 720 1474 774 Zosimas
1518 724 1709 773 autem
1739 723 1988 788 stupens,
2023 721 2080 770 et

481 831 669 887 genua
685 815 910 868 flectere
939 812 1144 877 nitens,
1161 810 1410 864 clamans
1430 808 1670 879 desuper
1699 823 1874 878 aquas
1893 805 2080 877 prohi-

478 903 620 967 buit,
647 903 836 958 dicens
859 921 872 956 :
899 901 1045 965 Quid
1073 899 1228 964 facis,
1251 897 1414 963 abba,
1440 897 1573 968 quia
1597 901 1654 951 et
1683 897 1946 950 sacerdos
1974 894 2077 948 Dei

480 1011 559 1060 es,
588 999 646 1047 et
669 992 859 1047 divina
886 995 1075 1062 portas
1104 986 1419 1060 mysteria?
1448 986 1556 1050 Qui
1596 986 1788 1040 statim
1836 983 2077 1039 obedivit

477 1081 824 1137 dicenti.llla
843 1086 1032 1135 autem
1072 1077 1412 1133 descendens
1443 1075 1512 1130 de
1543 1075 1723 1146 aquis,
1750 1075 1891 1128 dixit
1910 1073 2029 1128 seni
2058 1090 2069 1126 :

478 1167 1218 1236 Benedic,Pater.benedic.
1263 1167 1363 1221 Ille
1393 1171 1585 1220 autem
1614 1181 1740 1219 cum
1774 1179 1979 1233 magna
1999 1161 2075 1214 fe—

475 1260 780 1316 stinatione
810 1257 1099 1330 respondit
1135 1257 1358 1329 (stupor
1377 1255 1526 1309 enim
1552 1254 1762 1308 nimius
1792 1253 2072 1307 invaserat

477 1367 607 1406 eum
637 1350 694 1404 in
724 1353 840 1403 tam
877 1347 1121 1418 glorioso
1152 1345 1465 1414 miraculo),
1499 1350 1556 1398 et
1583 1343 1758 1398 dixit:
1793 1342 1936 1396 Vere
1962 1357 2073 1394 non

477 1439 754 1494 mentitur
773 1439 943 1501 Deus,
963 1435 1058 1507 qui
1072 1434 1353 1506 pollicitus
1367 1437 1454 1487 est
1472 1432 1575 1486 sibi
1588 1432 1799 1486 similes
1829 1447 1951 1484 esse
1979 1445 2074 1483 eos

474 1529 574 1599 qui
610 1527 942 1598 semetipsos
986 1524 1304 1596 puriﬁcant.
1331 1522 1523 1577 Gloria
1549 1521 1672 1588 tibi,
1693 1521 1911 1576 Christe
1928 1520 2074 1572 Deus

471 1623 685 1683 noster,
711 1615 807 1686 qui
833 1613 1126 1669 ostendisti
1150 1613 1289 1667 mihi
1321 1629 1422 1683 per
1450 1611 1712 1666 ancillam
1733 1616 1888 1663 tuam
1908 1609 2071 1673 hanc,

473 1709 752 1775 quantum
782 1718 908 1755 mea
937 1700 1384 1755 consideratione
1408 1698 1641 1752 inferior
1659 1715 1784 1752 sum
1815 1711 2080 1753 mensura

471 1809 619 1847 verse
639 1790 1015 1863 perfectionis.
1031 1791 1162 1844 Haec
1185 1805 1250 1842 eo
1280 1788 1519 1850 dicente,
1553 1787 1857 1858 postulavit
1873 1787 2078 1841 mulier

471 1887 537 1935 ut
558 1885 818 1935 sanctum
839 1880 1051 1933 diceret
1063 1877 1390 1950 Symbolum
1429 1881 1488 1930 et
1514 1876 1596 1930 sic
1620 1876 1967 1930 Dominicam
1986 1876 2074 1930 in-

473 1970 706 2026 choaret
731 1970 1062 2023 orationem.
1085 1968 1153 2021 Et
1176 1967 1394 2037 expleto
1422 1966 1592 2020 Pater
1619 1971 1830 2031 noster,
1856 1971 2065 2030 sancta,

473 2059 622 2114 sicut
651 2076 772 2113 mos
792 2063 895 2121 est,
919 2056 1072 2128 pacis
1101 2057 1353 2110 osculum
1386 2054 1590 2109 obtulit
1641 2055 1882 2121 seniori;
1913 2061 1970 2109 et
1991 2055 2072 2109 sic

467 2148 688 2203 viviﬁca
716 2147 1114 2219 mysterion
1143 2143 1450 2215 suscipiens
1483 2144 1650 2210 dona,
1674 2144 1732 2198 in
1752 2145 1954 2198 caelum
1985 2161 2073 2198 ex-

465 2238 646 2292 tensis
665 2236 925 2291 manibus
944 2235 1321 2306 ingemiscens
1341 2250 1468 2289 cum
1487 2233 1856 2305 lacrymis,ita
1869 2233 2072 2287 clama-

466 2325 567 2382 bat
599 2345 610 2380 :
640 2328 801 2382 Nunc
829 2324 1084 2390 dimittis,
1113 2323 1368 2389 Domine,
1403 2323 1662 2399 ancillam
1682 2328 1842 2377 tuam
1871 2339 2070 2377 secun-

468 2415 607 2470 dum
631 2414 862 2469 verbum
884 2420 1044 2468 tuum
1059 2413 1119 2466 in
1157 2429 1292 2484 pace
1316 2432 1328 2480 ;
1362 2413 1490 2483 quia
1513 2412 1774 2466 viderunt
1793 2412 1937 2466 oculi
1961 2411 2071 2465 mei

469 2505 893 2560 salutaretuum
919 2502 1064 2576 (Luc.
1096 2505 1182 2569 ιι).
1210 2501 1408 2555 Etseni
1427 2501 1600 2554 dixit:
1627 2502 1877 2571 Ignosce,
1907 2499 2066 2566 abba,

470 2599 530 2648 et
545 2592 698 2647 aliud
720 2608 857 2646 mere
870 2589 1155 2663 petitionis
1175 2590 1346 2660 imple
1369 2589 1718 2644 mandatum.
1751 2589 1906 2643 Vade
1927 2605 2074 2644 nunc

472 2683 546 2737 ad
566 2679 1106 2744 monasterium,Dei
1153 2695 1288 2750 pace
1306 2677 1686 2748 gubernatus;
1719 2694 1947 2733 recursu
1977 2695 2074 2744 au-_

469 2775 588 2826 tem
619 2769 752 2824 anni
775 2768 1123 2823 advenientis
1142 2768 1349 2822 iterum
1378 2767 1691 2822 veniinillo
1719 2773 1989 2832 torrente,
2015 2768 2074 2822 in

480 2875 593 2932 quo
609 2866 795 2915 tecum
816 2875 942 2912 sum
956 2857 1111 2928 prius
1138 2858 1342 2911 locuta.
1359 2858 1467 2910 Per
1483 2856 1674 2911 omnia
1687 2873 1798 2911 non
1819 2857 2064 2923 omittas,

471 2948 570 3006 sed
591 2954 821 3021 propter
839 2948 1018 3002 Deum
1045 2946 1170 3002 veni
1196 2964 1206 2999 :
1243 2953 1298 3001 et
1327 2945 1538 3000 videbis
1559 2963 1648 3000 me
1677 2946 1901 3011 iterum,
1936 2962 2070 3017 qua-

471 3038 607 3092 liter
630 3039 779 3093 Deus
807 3036 1064 3092 voluerit.
1092 3036 1192 3092 Ille
1221 3042 1410 3090 autem
1460 3035 1751 3106 respondit
1793 3035 1863 3090 ad
1894 3052 2017 3090 eam
2055 3052 2065 3087 :

472 3126 707 3182 Utinam
734 3131 882 3180 esset
925 3125 1186 3197 possibile
1217 3142 1365 3180 nunc
1391 3131 1488 3179 tua
1543 3125 1702 3195 sequi
1732 3124 1982 3195 vestigia,
2019 3129 2077 3178 et

470 3215 562 3270 tui
592 3215 982 3287 pretiosissimi
1011 3215 1198 3270 vultus
1227 3214 1440 3269 visione
1468 3213 1576 3268 frui
1603 3215 1614 3266 Ξ
1643 3214 1776 3277 Oro,
1796 3219 1995 3279 mater,
2012 3218 2077 3266 ut

474 3321 650 3360 unam
668 3304 817 3360 senis
830 3304 1258 3376 petitiunculam
1278 3303 1467 3370 facias,
1497 3308 1554 3357 et
1570 3302 1849 3357 modicum
1870 3301 1978 3357 cibi
2007 3319 2072 3356 ex

474 3409 543 3449 eo
565 3394 713 3465 quod
733 3393 844 3448 huc
873 3393 1059 3459 attuli,
1083 3393 1330 3463 digneris
1346 3393 1617 3463 accipere.
1635 3393 1703 3446 Et
1721 3393 1839 3447 haec
1859 3391 2065 3458 dicens,

467 3482 725 3537 ostendit
739 3483 790 3536 ei
811 3482 958 3554 quod
976 3498 1164 3536 secum
1200 3482 1482 3536 detulerat
1499 3481 1825 3536 canistrum.
1849 3481 1952 3536 Illa
1979 3497 2074 3534 au-

462 3575 590 3628 tem
615 3571 880 3626 extremis
905 3571 1094 3641 digitis
1123 3570 1446 3624 lenticulam
1479 3569 1733 3639 contigit,
1759 3574 1816 3623 et
1841 3569 1951 3624 tria
1971 3569 2075 3623 tol-

466 3658 596 3714 lens
618 3675 797 3729 grana
819 3658 1042 3730 proprio
1073 3658 1267 3712 intulit
1286 3657 1388 3724 ori,
1419 3657 1676 3712 sufficere
1722 3657 1912 3711 dicens
1950 3673 2075 3728 gra--

451 3745 612 3800 tiam
637 3747 899 3817 Spiritus,
932 3753 996 3800 ut
1017 3747 1322 3800 custodiret
1349 3746 1549 3801 animae
1579 3744 1950 3800 substantiam
1976 3746 2077 3800 im-

475 3835 838 3890 maculatam.
870 3835 1026 3890 Tunc
1071 3835 1207 3889 dicit
1265 3835 1385 3889 seni
1416 3853 1427 3888 :
1457 3835 1572 3890 Ora
1597 3851 1698 3905 pro
1731 3851 1818 3889 me
1849 3841 2079 3906 propter

475 3923 679 3991 Deum,
708 3929 765 3978 et
793 3940 930 3978 mea;
960 3939 1178 3978 memor
1196 3928 1315 3978 esto
1337 3940 1561 3995 semper
1584 3923 1946 3978 infelicitatis.
1977 3924 2076 3978 Ille

475 4013 648 4085 pedes
673 4013 796 4084 ejus
825 4017 1047 4068 sanctos
1075 4013 1424 4083 contingens,
1448 4018 1626 4079 39]
1665 4029 1792 4068 cum
1813 4013 2077 4085 lacrymis

474 4101 902 4174 deprecabatur,
937 4107 1003 4157 ut
1027 4107 1217 4157 oraret
1245 4119 1345 4174 pro
1375 4102 1641 4168 Ecclesia,
1679 4108 1736 4156 et
1763 4119 1864 4174 pro
1893 4102 2072 4174 impe-

465 4191 578 4259 rio,
613 4198 670 4246 et
696 4208 798 4264 pro
823 4208 903 4260 se,
936 4197 994 4247 et
1021 4192 1101 4246 sic
1128 4191 1348 4246 dimisit
1373 4209 1496 4246 eam
1527 4191 1681 4246 abire
1704 4193 1845 4246 flens
1874 4197 1931 4246 et
1959 4193 2076 4263 eju-

464 4281 618 4336 lans.
641 4282 767 4336 Non
793 4281 942 4336 enim
972 4281 1218 4336 audebat
1244 4299 1368 4336 eam
1396 4282 1637 4337 multum
1672 4281 2072 4353 detinere,quae

471 4386 600 4438 nec,
636 4371 684 4425 si
703 4371 886 4433 vellet,
913 4376 1137 4442 poterat
1161 4370 1421 4425 detineri.

545 4461 676 4516 CAP.
705 4459 909 4514 XXIII.
943 4492 1000 4501 —
1035 4459 1137 4513 Illa
1162 4465 1352 4513 autem
1379 4460 1561 4514 crucis
1591 4460 1799 4515 iterum
1830 4460 2069 4531 impres-

463 4549 628 4606 sione
656 4548 960 4604 Jordanem
989 4547 1236 4619 signans,
1271 4549 1525 4602 ascendit
1552 4549 1846 4604 ambulans
1902 4566 2074 4620 super

467 4638 752 4712 liquidum
769 4639 1131 4704 elementum,
1157 4637 1481 4692 ettransivit
1513 4638 1662 4692 sicut
1682 4643 1812 4692 ante
1840 4638 2069 4693 veniens

459 4724 702 4781 fecerat.
723 4729 905 4783 Senex
923 4732 1112 4780 autem
1126 4743 1382 4781 reversus
1403 4731 1490 4781 est
1507 4727 1715 4797 gaudio
1737 4733 1794 4782 et
1823 4732 2070 4782 tremore

466 4816 740 4886 repletus.
775 4817 844 4870 Et
871 4816 1237 4888 semetipsum
1267 4815 1732 4887 reprehendebat,
1766 4817 2064 4889 pmnitens,

462 4904 607 4975 quia
635 4920 840 4960 nomen
859 4910 1066 4961 sanctae
1093 4910 1160 4961 ut
1185 4912 1562 4976 cognosceret,
1597 4922 1710 4962 non
1738 4907 2028 4979 inquisivit
2050 4926 2065 4975 ;

468 4991 739 5064 sperabat
755 4996 948 5048 tamen
979 4994 1296 5050 advenienti
1324 4996 1429 5051 hoc
1458 4996 1723 5068 consequi
1745 5013 1912 5051 anno.

545 5083 683 5136 CAP.
704 5082 1289 5140 XXIV.—Transacto
1306 5092 1493 5140 autem
1507 5086 1703 5140 eodem
1725 5087 1858 5141 anni
1875 5104 2062 5154 cursu,

463 5171 626 5226 venit
644 5171 850 5225 iterum
871 5169 925 5223 in
949 5178 1163 5227 vastam
1189 5173 1395 5228 deserti
1426 5175 1808 5233 solitudinem.
1833 5176 2066 5247 expletis

462 5258 731 5314 omnibus
778 5259 1086 5313 secundum
1133 5263 1614 5330 consuetudinem,
1661 5264 1964 5318 festinabat
1993 5265 2064 5319 ad

458 5349 771 5420 gloriosam
794 5348 946 5402 illam
975 5348 1244 5403 visionem
1275 5350 1621 5407 intuendam.
1657 5353 2063 5409 Perambulans

460 5445 658 5493 autem
688 5437 1068 5499 solitudinem,
1104 5443 1161 5492 et
1195 5455 1306 5492 non
1351 5441 1640 5497 inveniens
1669 5443 1861 5515 aliqua
1887 5444 2061 5515 cupiti

459 5527 572 5584 loci
602 5526 908 5584 indicantia
936 5526 1116 5600 signa,
1149 5527 1346 5583 dextra
1371 5529 1619 5604 laevaque
1655 5533 1948 5606 aspiciens,
1980 5533 2063 5590 in-

1507 230 1603 289 DE
1637 229 1827 289 VITIS
1863 231 2160 296 PATRUM
2195 235 2410 294 LIBER
2444 234 2736 296 PRIMUS.

3582 245 3658 302 688

2098 365 2144 423 Α
2164 363 2374 418 tuitum
2404 362 2694 418 oculorum
2723 358 3024 424 deducens,
3058 363 3114 412 et
3135 358 3364 415 lustrans
3398 362 3567 436 ubique
3589 368 3664 423 sie-

2163 458 2225 506 ut
2247 452 2549 507 citissimus
2578 455 2828 514 venator,
2859 447 3034 502 sicubi
3077 449 3436 505 suavissimam
3472 470 3665 526 compre-

2161 542 2434 596 henderet
2459 543 2658 596 feram.
2684 540 2758 594 Ut
2779 544 2966 592 autem
2998 537 3137 591 nihil
3150 538 3258 592 ullo
3278 541 3423 594 modo
3443 542 3667 614 viditquo-

2163 647 2330 701 quam
2362 635 2699 694 moventem,
2733 627 2903 698 cmpit
2945 628 3190 697 seipsum
3218 628 3398 698 lugens
3437 631 3668 687 infundere

2160 720 2444 792 lacrymis.
2466 720 2622 773 Tunc
2647 719 2870 772 elevans
2897 717 3105 780 oculos,
3138 717 3324 770 orabat
3368 719 3559 774 dicens:
3585 722 3671 774 Ob-

2158 825 2313 864 secro
2361 809 2501 862 mihi
2531 807 2782 871 ostende,
2827 807 3082 871 Domine,
3116 807 3176 859 in
3207 824 3416 878 corpore
3447 811 3669 879 angelum,

2158 899 2247 953 cui
2276 904 2428 953 totus
2457 896 2768 968 comparari
2799 895 3064 965 indignus
3086 901 3172 949 est
3196 897 3434 951 mundus.

2228 990 2358 1042 CAP.
2384 988 2552 1041 XXV.
2588 1016 2654 1027 --
2681 987 2810 1040 Haec
2852 985 3084 1050 orando,
3129 985 3368 1055 pervenit
3413 987 3474 1040 ad
3511 987 3670 1054 locum,

2158 1077 2252 1148 qui
2284 1077 2342 1130 in
2367 1076 2734 1131 similitudine
2761 1075 2947 1128 fuerat
2964 1074 3286 1145 designatus
3309 1076 3560 1139 torrentis,
3575 1078 3675 1130 etin

2157 1172 2408 1220 extrema
2437 1166 2560 1236 ejus
2586 1170 2745 1236 parte
2777 1163 3063 1234 superiore
3089 1163 3226 1217 vidit
3253 1164 3589 1233 splendentem
3606 1183 3675 1219 so-

2157 1257 2268 1310 lem
2292 1275 2303 1322 ;
2339 1264 2395 1309 et
2409 1254 2704 1326 aspiciens,
2725 1253 2865 1307 vidit
2897 1258 3102 1307 sancta
3126 1259 3395 1306 mortuum
3401 1255 3566 1322 jacens
3588 1270 3679 1306 cor-

2155 1361 2280 1415 pus,
2315 1350 2374 1398 et
2425 1359 2644 1408 manus,
2676 1347 2741 1396 ut
2795 1347 3034 1413 oportet,
3069 1341 3149 1395 sic
3197 1341 3518 1412 compositas,
3552 1349 3599 1394 et
3625 1342 3679 1395 ad

2158 1434 2446 1489 Orientem
2477 1435 2672 1503 jacens
2699 1448 2900 1503 corpus
2945 1431 3236 1502 aspiciens.
3269 1431 3489 1485 Currens
3513 1437 3678 1496 autem,

2157 1523 2421 1594 lacrymis
2440 1522 2578 1575 lavit
2592 1521 2929 1576 beatissima:
2951 1520 3142 1592 pedes,
3161 1536 3272 1574 non
3291 1520 3426 1573 enim
3447 1520 3577 1574 aliud
3593 1537 3683 1574 cor-

2158 1613 2310 1683 poris
2332 1611 2645 1666 membrum
2675 1610 2919 1664 audebat
2939 1610 3278 1680 contingere.
3298 1610 3597 1681 Lacrymans
3611 1625 3683 1663 au-

2093 1687 2139 1745 B
2163 1707 2277 1756 tem
2323 1701 2668 1772 aliquandiu,
2703 1705 2761 1754 et
2810 1700 3057 1771 psalmos
3099 1699 3288 1753 dicens
3312 1698 3531 1768 tempori
3556 1705 3603 1751 et
3625 1697 3684 1750 rei

2158 1797 2550 1861 congruentes,
2587 1789 2717 1843 fecit
2765 1789 3067 1860 sepulturae
3092 1788 3408 1852 orationem,
3440 1792 3489 1840 et
3513 1786 3688 1840 dicebat

2157 1880 2260 1933 sibi
2289 1880 2393 1950 ipsi
2419 1898 2429 1933 :
2455 1880 2713 1933 Forsitan
2740 1895 2852 1932 non
2883 1878 3194 1949 complacet
3231 1883 3424 1931 sancta
3449 1876 3553 1928 haec
3576 1875 3684 1928 ﬁeri.

2157 1969 2288 2023 Haec
2313 1986 2379 2023 eo
2407 1969 2707 2038 cogitante,
2722 1967 3016 2037 designata
3045 1967 3324 2037 scriptura
3351 1971 3462 2019 erat
3482 1965 3533 2017 in
3549 1970 3683 2028 terra,

2153 2058 2248 2112 ubi
2275 2059 2381 2112 hoc
2399 2056 2690 2128 legebatur
2717 2075 2729 2111 :
2767 2074 2793 2108 α
2826 2056 3029 2127 Sepeli,
3063 2055 3208 2109 abba
3245 2054 3465 2118 Zosima,
3517 2052 3689 2106 miserae

2153 2148 2343 2202 Maria:
2373 2147 2785 2218 corpusculum.
2815 2145 3005 2199 Redde
3042 2150 3209 2198 terrae
3235 2143 3364 2215 (l3),
3396 2142 3528 2213 quod
3560 2157 3687 2195 suum

2155 2242 2258 2303 est,
2282 2242 2339 2291 et
2357 2236 2570 2308 pulveri
2589 2235 2768 2306 adjice
2797 2235 3100 2305 pulverem.
3130 2234 3246 2288 Ora
3281 2238 3489 2286 tantum
3516 2247 3600 2301 pro
3623 2246 3691 2282 me

2154 2331 2384 2398 propter
2411 2324 2709 2379 Dominum
2739 2329 3069 2378 transeunte
3099 2339 3292 2377 mense
3319 2319 3579 2375 Parmothi
3603 2316 3692 2385 (l4)

2155 2414 2464 2470 secundum
2494 2413 2786 2484 {Egyptios
2813 2431 2825 2479 ;
2859 2413 2956 2484 qui
3007 2419 3092 2466 est
3133 2411 3436 2466 secundum
3461 2409 3692 2462 Romanos

2153 2503 2362 2574 Aprilis
2401 2503 2492 2556 die
2521 2518 2687 2566 nona,
2717 2501 2775 2554 id
2805 2505 2906 2566 est,
2944 2518 2976 2552 ν
3011 2499 3143 2555 Idus
3196 2499 3398 2571 Aprilis
3445 2495 3692 2551 salutifera

2155 2592 2448 2664 passionis,
2483 2596 2611 2663 post
2641 2590 2842 2646 divinae
2891 2595 2950 2644 et
3005 2606 3176 2644 sacrae
3205 2605 3372 2644 ccenae
3400 2584 3694 2642 communio-

2157 2698 2307 2736 nem.
2336 2701 2362 2734 ))

2229 2772 2359 2825 CAP.
2390 2769 2660 2826 XXVI.—
2681 2769 2795 2823 Has
2817 2784 2986 2823 senex
3008 2785 3135 2823 cum
3157 2769 3384 2839 legisset
3397 2767 3607 2830 litteras,
3630 2779 3696 2816 co-

2151 2859 2370 2931 gitabat
2384 2858 2611 2930 quidem
2633 2859 2788 2930 prius
2811 2858 3072 2929 quisnam
3099 2865 3246 2912 esset
3268 2858 3358 2929 qui
3375 2855 3596 2928 scripsit:
3624 2853 3698 2906 illa

2153 2949 2322 3015 enim,
2353 2955 2418 3003 ut
2443 2949 2678 3013 dixerat,
2712 2947 2928 3002 litteras
2969 2946 3287 3017 ignorabat.
3320 2948 3382 3000 In
3429 2945 3522 2998 hoc
3546 2948 3698 2996 tamen

2087 3044 2129 3104 C
2152 3038 2311 3093 valde
2340 3038 2624 3092 exsultans
2644 3036 2945 3108 gaudebat,
2975 3036 3106 3107 quia
3134 3038 3186 3106 ej
3198 3054 3262 3090 us
3279 3041 3518 3089 sanctum
3546 3028 3700 3084 didicit

2156 3144 2382 3182 nomen.
2416 3125 2695 3197 Cogitavit
2703 3142 2833 3179 vero
2848 3125 2980 3196 quia
2991 3141 3120 3178 mox
3136 3131 3206 3180 ut
3233 3125 3422 3178 divina
3434 3123 3488 3176 in
3502 3120 3699 3175 Jordane

2156 3216 2428 3288 mysteria
2450 3215 2822 3288 participavit,
2846 3215 2905 3269 in
2917 3215 3114 3269 eadem
3137 3215 3281 3269 hora
3302 3214 3357 3267 in
3378 3215 3546 3267 locum
3575 3209 3701 3262 illum

2157 3305 2328 3372 venit,
2347 3305 2444 3360 ubi
2461 3322 2586 3359 mox
2604 3305 2672 3360 de
2693 3305 2797 3359 hoc
2830 3305 3039 3358 mundo
3060 3303 3346 3367 transivit,
3372 3306 3426 3355 et
3444 3301 3574 3354 idem
3601 3297 3698 3360 iter,

2155 3394 2301 3464 quod
2324 3393 2571 3448 Zosimas
2591 3410 2693 3465 per
2711 3393 2829 3447 dies
2848 3392 3046 3464 viginti
3073 3389 3468 3446 ambulansvix
3491 3400 3701 3441 consum-

2155 3483 2330 3536 mavit
2345 3482 2627 3549 laborans,
2646 3483 2815 3537 unius
2843 3481 2994 3536 horae
3011 3498 3181 3536 cursu
3198 3472 3700 3544 Mariaconsumpsit»

2156 3576 2213 3625 et
2239 3571 2427 3625 statim
2452 3572 2711 3642 migravit
2747 3570 2817 3624 ad
2847 3570 3170 3625 Dominum.
3205 3569 3526 3625 Gloriiicans
3555 3570 3710 3618 autem

2156 3660 2402 3714 Zosimas
2430 3660 2752 3726 Dominum,
2787 3665 2843 3714 et
2867 3658 3128 3730 lacrymis
3155 3675 3361 3730 corpus
3405 3657 3518 3726 ejus
3563 3650 3707 3704 infun-

2159 3749 2295 3804 dens
2331 3749 2613 3820 :Tempus
2667 3753 2772 3816 est,
2829 3748 3034 3819 inquit,
3089 3749 3264 3802 miser
3320 3745 3545 3809 Zosima,
3594 3735 3708 3810 quod

2157 3845 2321 3893 tuum
2343 3843 2447 3905 est,
2462 3838 2686 3909 perfice.
2714 3837 2822 3892 Sed
2835 3837 2968 3908 quid
2980 3835 3181 3891 faciam
3203 3835 3412 3900 infelix,
3445 3833 3564 3903 quia
3593 3825 3708 3881 unde

2157 3927 2349 3981 fodere
2377 3927 2614 3992 valeam,
2641 3943 2754 3981 non
2781 3925 2994 3980 habeo?
3022 3927 3194 3980 Deest
3214 3923 3513 3984 sarculum,
3530 3933 3626 3972 non
3643 3916 3709 3968 est

2157 4022 2423 4083 rastrum,
2453 4016 2704 4087 nihilque
2733 4032 2799 4069 ex
2837 4014 3097 4069 omnibus
3124 4014 3309 4070 habeo
3339 4029 3452 4085 prae
3479 4005 3706 4063 manibus.

2155 4106 2286 4161 Haec
2313 4107 2408 4160 illo
2437 4105 2496 4160 in
2525 4105 2689 4160 corde
2718 4121 2820 4160 suo
2853 4105 3090 4167 dicente,
3125 4104 3270 4159 vidit
3297 4115 3521 4174 parvum
3537 4096 3711 4166 lignum

2156 4200 2213 4249 et
2241 4195 2522 4249 modicum
2547 4195 2768 4265 jacere:
2807 4193 2954 4263 quod
2983 4209 3301 4256 assumens,
3336 4189 3497 4260 coapit
3536 4183 3710 4238 fodere.

2153 4285 2330 4338 Valde
2349 4290 2538 4339 autem
2561 4284 2757 4338 durior
2784 4289 2907 4336 erat
2923 4288 3094 4348 terra,
3111 4287 3170 4336 et
3179 4281 3433 4336 multum
3453 4271 3710 4330 fortissima

2081 4365 2131 4424 D
2153 4379 2209 4430 et
2238 4390 2592 4446 nequaquam
2622 4371 2844 4426 valebat
2865 4372 3074 4436 fodere,
3107 4371 3246 4442 quia
3293 4375 3351 4425 et
3389 4363 3590 4438 jejunio
3609 4374 3706 4414 con-

2153 4463 2349 4529 fectus,
2383 4469 2440 4518 et
2461 4463 2613 4533 longi
2641 4461 2858 4516 itineris
2886 4460 3216 4532 fatigatione
3247 4458 3416 4513 nimis
3445 4460 3557 4508 erat
3591 4446 3706 4502 defe-

2153 4558 2294 4607 ctus.
2315 4551 2811 4616 Laborabatenim,
2831 4556 2888 4604 et
2910 4549 3168 4620 suspiriis
3204 4548 3398 4602 nimiis
3425 4541 3704 4614 urgebatur,

2153 4647 2210 4697 et
2239 4641 2534 4696 sudoribus
2562 4640 2926 4705 madefactus,
2958 4638 3242 4708 ingemuit
3262 4635 3506 4707 graviter
3533 4647 3589 4684 ex
3613 4627 3706 4695 ipso

2152 4731 2334 4786 cordis
2390 4731 2477 4786 sui
2522 4729 2820 4802 profundo.
2851 4729 2920 4783 Et
2967 4727 3298 4798 respiciens,
3333 4723 3470 4778 vidit
3506 4711 3708 4788 ingentis

2151 4819 2344 4875 formae
2367 4819 2589 4875 leonem
2613 4821 2777 4890 juxta
2798 4834 2997 4888 corpus
3023 4823 3235 4871 sanctae
3266 4819 3524 4875 stantem,
3543 4815 3592 4861 et
3612 4804 3705 4872 ejus

2149 4910 2371 4982 plantas
2398 4908 2760 4964 lambentem.
2788 4906 2996 4961 Videns
3024 4910 3240 4971 autem,
3274 4895 3598 4958 contremuit
3620 4904 3708 4964 pm

2149 5015 2352 5071 pavore
2380 4997 2765 5070 grandissimte
2793 4996 2921 5051 ferae
2964 4995 3132 5061 illius,
3167 4993 3452 5065 precipue
3488 4985 3605 5057 quia
3635 4993 3709 5033 au-

2150 5085 2333 5142 dierat
2361 5093 2611 5142 sanctam
2634 5085 2902 5140 feminam
2932 5084 3087 5137 illam
3123 5082 3412 5136 dicentem
3441 5074 3565 5148 quia
3597 5079 3707 5124 nun-

2151 5193 2320 5247 quam
2347 5176 2595 5248 aliquam
2625 5175 2800 5229 feram
2823 5174 3054 5227 viderat.
3079 5172 3257 5241 Signo
3275 5173 3464 5224 autem
3490 5180 3544 5218 se
3563 5155 3707 5248 crucis

2147 5246 2500 5320 confirmavit
2525 5265 2770 5335 undique
2794 5263 3027 5318 credens
3044 5261 3177 5332 quia
3200 5261 3443 5314 illaesum
3467 5246 3707 5307 custodire

2146 5355 2294 5409 valet
2321 5371 2450 5410 eum
2472 5355 2648 5408 virtus
2657 5352 2915 5424 jacentis.
2950 5352 3062 5406 Leo
3093 5356 3290 5404 autem
3321 5345 3489 5416 coepit
3509 5343 3708 5394 innuere

2145 5445 2284 5510 seni,
2304 5443 2524 5498 blandis
2543 5459 2673 5497 eum
2705 5441 2936 5496 nutibus
2964 5440 3242 5494 salutans.
3278 5436 3523 5490 Zosimas
3550 5430 3708 5482 autem

2145 5533 2284 5591 dixit
2312 5533 2461 5589 leoni
2488 5551 2499 5588 :
2534 5531 2810 5596 Quoniam
2833 5547 2868 5586 a
2890 5530 3008 5586 Deo
3036 5528 3245 5584 missus
3265 5523 3486 5592 venisti,
3503 5514 3709 5574 maxime
