3966 6184
439 374 3661 402 ﬂ”;

1837 501 2176 548 FEBRUABII
2216 503 2330 549 XII.

819 637 1267 785 VITA
1375 540 3121 783 SANCEEMAMNIE
3217 697 3348 804 (η,

1833 884 2340 972 VIRGINIS,

1377 1039 2038 1129 AUCTORE
2130 1039 2784 1129 INCERTO-

523 1319 705 1377 CAPUT
727 1331 1027 1372 PRIMUM.—
1051 1319 1242 1382 393
1254 1314 1390 1370 Erat
1409 1315 1638 1386 quidam
1658 1316 2112 1382 secularisha-A
2134 1320 2388 1388 tendum,
2439 1317 2707 1375 manebat
2750 1320 2810 1374 in
2847 1320 2971 1391 ipso
3001 1317 3314 1391 pandochio
3345 1336 3466 1376 cum
3503 1322 3684 1378 caeteris

449 1409 590 1464 bens
617 1407 843 1462 unicam
861 1405 1037 1460 filiam
1061 1404 1370 1477 parvulam.
1387 1405 1514 1476 Ipse
1528 1405 1776 1460 converti
1795 1407 2046 1478 cupiens,
2133 1409 2438 1465 monachis.

451 1495 863 1554 commendavit
890 1511 1014 1550 eam
1029 1493 1252 1549 cuidam
1269 1494 1490 1566 parenti
1501 1500 1687 1562 suo,et
1696 1493 1838 1550 abiit
1852 1497 1924 1550 ad
1937 1514 2053 1552 mo-

451 1587 784 1652 nasterium,
805 1585 954 1657 quod
983 1584 1149 1655 longe
1181 1589 1304 1638 erat
1323 1584 1393 1638 de
1420 1583 1644 1639 civitate
1670 1585 1936 1640 milliaria
1954 1587 2054 1640 tri-

449 1677 611 1749 ginta
621 1675 829 1730 duo.Et
841 1675 1128 1745 ingressus
1147 1673 1475 1745 perficiebat
1493 1690 1659 1728 omne
1671 1691 1812 1746 opus
1823 1677 1972 1746 quod
1991 1693 2052 1730 e-

453 1771 544 1822 rat
565 1764 912 1831 monasterii,
944 1763 1026 1818 ita
1047 1769 1110 1817 ut
1129 1762 1302 1817 abbas
1324 1765 1373 1834 ej
1383 1781 1448 1818 us
1467 1763 1712 1834 amplius
1737 1781 1865 1819 eum
1883 1782 2050 1836 quam

451 1863 681 1912 ceteros
712 1854 809 1925 qui
838 1854 897 1907 in
937 1853 1280 1908 monasterio
1311 1860 1474 1907 erant
1492 1853 1772 1922 diligeret,
1800 1871 1866 1908 eo
1903 1856 2052 1925 quod

451 1945 634 2000 fidelis
655 1950 803 1998 esset
823 1949 880 1997 et
903 1942 1184 1996 obediens.
1203 1942 1454 2012 Contigit
1467 1947 1810 2014 autem,post
1828 1943 2055 2014 aliquod

450 2039 696 2107 tempus,
750 2039 814 2087 ut
868 2033 1262 2086 recordaretur
1307 2031 1601 2086 charitatis
1646 2032 1775 2087 ﬁliae
1822 2049 1955 2099 suae,
2000 2040 2058 2089 et

452 2123 622 2196 cmpit
649 2121 969 2176 contristari
997 2126 1168 2192 atque
1194 2120 1369 2190 afﬂigi
1398 2120 1550 2176 intra
1575 2137 1653 2187 se,
1688 2121 1757 2174 Et
1785 2138 1911 2176 cum
1951 2140 2056 2194 per

451 2213 662 2269 multos
689 2211 809 2266 dies
829 2211 932 2265 hoc
951 2210 1178 2276 faceret,
1193 2209 1334 2264 vidit
1355 2227 1487 2264 eum
1516 2209 1688 2264 abbas
1718 2211 1840 2281 ejus
1871 2210 2052 2266 tribu-

451 2303 686 2370 lantem,
737 2307 791 2357 et
835 2301 977 2355 dixit
1013 2300 1063 2355 ei
1097 2318 1108 2354 :
1162 2300 1309 2365 Quid
1337 2297 1532 2366 habes,
1570 2299 1764 2366 frater,
1798 2301 1946 2371 quod
1975 2301 2055 2355 sic

452 2392 632 2448 tristis
677 2390 978 2446 ambulas?
1011 2390 1101 2444 dic
1131 2389 1289 2456 mihi,
1327 2393 1385 2443 et
1419 2389 1570 2442 Deus
1609 2388 1705 2459 qui
1732 2390 2055 2444 consolatur

453 2497 668 2548 omnes,
693 2479 962 2548 dabittibi
989 2478 1281 2534 auxilium.
1310 2477 1468 2532 Tunc
1495 2477 1589 2531 ille
1618 2478 1912 2549 procidens
1925 2495 2053 2533 cum

451 2570 720 2644 lacrymis
739 2569 810 2622 ad
835 2569 1004 2640 pedes
1025 2569 1166 2638 ejus,
1185 2565 1326 2620 dixit
1347 2585 1358 2620 :
1385 2565 1576 2621 Habeo
1597 2583 1775 2621 unum
1796 2567 1974 2622 illium
1993 2567 2053 2624 in

456 2660 680 2716 civitate
701 2675 869 2730 quem
881 2657 1080 2728 reliqui
1108 2655 1422 2728 parvulum,
1457 2661 1516 2710 et
1540 2657 1884 2724 recordatus,
1908 2657 2054 2712 allii-

460 2767 566 2822 gor
593 2753 825 2822 propter
845 2763 994 2801 eum.
1030 2746 1100 2800 Et
1135 2745 1318 2800 noluit
1339 2745 1590 2800 indicare
1619 2745 1671 2800 ei
1699 2746 1849 2816 quod
1869 2748 2058 2818 puella

2209 1549 2338 1600 CAP.
2363 1543 2796 1614 IlI.—Contigit
2821 1548 3014 1599 autem
3043 1560 3144 1616 per
3171 1543 3399 1600 insidias
3425 1545 3687 1614 inimici,ut

2136 1633 2357 1706 pandox
2389 1633 2484 1687 ille
2511 1632 2746 1688 haberet
2783 1633 2957 1688 filiam
2988 1633 3282 1704 virginem.
3313 1634 3397 1688 Ad
3422 1651 3576 1705 quam
3617 1636 3686 1690 in-

2133 1739 2362 1794 gressus
2384 1723 2544 1776 miles
2573 1721 2795 1794 aliquis,
2819 1720 3118 1776 concubuit
3137 1739 3265 1777 cum
3295 1740 3379 1787 ea,
3395 1730 3450 1778 et
3475 1725 3688 1796 concepit

2135 1811 2322 1882 puella
2349 1810 2418 1864 de
2439 1810 2536 1864 illo
2566 1810 2761 1864 milite.
2779 1811 2848 1866 Et
2873 1811 3008 1865 dum
3039 1812 3326 1882 cognitum
3355 1813 3541 1868 fuisset
3564 1832 3594 1868 a
3616 1831 3690 1886 pa-

2137 1898 2390 1954 rentibus
2421 1900 2564 1969 ejus,
2613 1905 2902 1972 coeperunt
2965 1900 3218 1971 afﬂigere
3256 1903 3513 1973 puellam,
3542 1903 3694 1959 dicen-

2138 1993 2224 2044 tes
2257 2007 2268 2042 :
2299 1989 2400 2044 Dic
2424 1987 2591 2042 nobis
2617 1988 2687 2042 de
2733 2006 2844 2060 quo
2874 1989 3216 2060 concepisti?
3252 1991 3549 2063 Respondit
3587 1993 3688 2046 eis:

2139 2078 2220 2132 De
2247 2077 2342 2132 illo
2364 2078 2655 2142 monacho,
2692 2078 2788 2149 qui
2817 2078 3024 2132 dicitur
3041 2079 3220 2134 frater
3251 2081 3605 2153 Marinus,qui
3622 2082 3695 2136 hic

2135 2166 2459 2238 frequenter
2487 2183 2618 2221 cum
2642 2183 2806 2221 carro
2835 2167 3064 2234 mansit,
3095 2168 3216 2240 ipse
3245 2186 3338 2223 me
3357 2170 3628 2240 oppressit,
3650 2177 3694 2224 et

2135 2256 2383 2328 concepi.
2412 2255 2616 2311 Statim
2639 2263 2830 2310 autem
2845 2263 3214 2328 perrexerunt
3227 2265 3486 2330 parentes
3513 2261 3620 2330 ejus
3637 2258 3692 2314 ad

2135 2346 2562 2412 monasterium,
2579 2351 2636 2400 et
2663 2346 2858 2400 dicunt
2885 2345 3104 2401 abbati:
3141 2347 3299 2412 Ecce,
3322 2348 3540 2402 domine
3557 2347 3692 2412 abba,

2136 2435 2270 2506 quid
2291 2435 2421 2490 fecit
2439 2436 2745 2490 monachus
2763 2441 2896 2490 tuus
2916 2436 3202 2492 Marinus?
3228 2454 3342 2509 quo
3371 2437 3528 2492 modo
3558 2437 3693 2492 dece-

2135 2524 2220 2596 pit
2245 2523 2421 2579 filiam
2449 2525 2744 2578 nostram?
2775 2524 2923 2578 Dicit
2955 2525 3037 2579 eis
3077 2524 3252 2580 abbas
3282 2545 3294 2580 :
3327 2526 3518 2592 Sinite,
3548 2526 3698 2580 videa-

2137 2629 2263 2668 mus
2291 2613 2340 2667 si
2383 2613 2682 2668 manifesta
2716 2620 2849 2668 sunt
2880 2630 3003 2685 quae
3032 2614 3236 2670 dicitis.
3275 2616 3345 2670 Et
3371 2615 3607 2670 veniente
3643 2631 3695 2669 eo

2076 2679 2118 2742 Β
2137 2702 2275 2756 dicit
2311 2702 2362 2757 ei
2395 2702 2566 2756 abbas
2598 2704 2720 2774 ejus
2749 2721 2760 2756 :
2800 2679 2999 2758 Frater
3047 2704 3282 2772 Marine,
3316 2711 3381 2760 tu
3409 2706 3510 2759 hoc
3547 2705 3698 2759 scelus

2138 2797 2402 2864 operatus
2432 2809 2492 2847 es
2517 2793 2576 2847 in
2605 2793 2723 2847 tilia
2747 2793 2986 2848 eorum?
3016 2793 3183 2849 Stans
3209 2794 3424 2849 diutius
3441 2795 3692 2866 cogitavit,

2137 2881 2290 2936 intra
2308 2898 2369 2936 se
2387 2881 2759 2953 ingemiscens
2777 2883 2920 2936 dixit
2942 2901 2954 2937 :
2986 2883 3236 2948 Peccavi,
3258 2885 3444 2948 Pater,
3469 2885 3697 2956 peniten-

2137 2971 2276 3025 tiam
2309 2987 2416 3042 ago
2444 2971 2572 3026 huic
2601 2977 2858 3043 peccato;
2893 2988 2994 3026 ora
3011 2989 3112 3044 pro
3134 2989 3242 3027 me.
3279 2973 3365 3028 Ad
3381 2973 3694 3028 iracundiam

2138 3066 2328 3115 autem
2367 3066 2678 3116 commotus
2708 3060 2897 3128 abbas,
2927 3062 3098 3133 jussit
3125 3079 3258 3118 eum
3281 3063 3543 3118 contundi
3562 3069 3613 3118 et
3637 3060 3700 3116 af-

2141 3149 2278 3221 fligi.
2309 3151 2378 3204 Et
2407 3150 2488 3205 ait
2519 3166 2534 3206 :
2567 3151 2632 3206 In
2657 3151 2889 3206 veritate
2917 3151 3060 3214 dico.
3102 3152 3238 3223 quia
3261 3159 3327 3208 tu
3357 3153 3452 3226 qui
3481 3154 3576 3207 hoc
3599 3168 3697 3206 ma-

2145 3239 2262 3294 lum
2285 3245 2548 3310 operatus
2579 3257 2639 3295 es
2680 3257 2794 3295 non
2842 3239 3094 3296 manebis
3125 3241 3185 3296 in
3215 3241 3324 3297 hoc
3373 3241 3699 3297 monasterio.

2146 3329 2216 3383 Et
2222 3329 2456 3399 jactavit
2482 3345 2608 3383 eam
2634 3329 2804 3384 foras.
2835 3329 2964 3401 Ipsa
2990 3345 3121 3386 vero
3149 3347 3442 3403 nunquam
3478 3331 3570 3386 ulli
3595 3346 3707 3385 con-

2146 3417 2294 3472 fessa
2335 3426 2422 3474 est
2451 3419 2784 3492 mysterium
2818 3436 3006 3486 suum,
3047 3421 3144 3476 sed
3183 3420 3382 3477 abiens
3414 3419 3632 3493 jactavit
3656 3434 3704 3473 se

2145 3512 2278 3562 ante
2302 3507 2448 3564 fores
2482 3509 2833 3575 monasterii,
2862 3515 2922 3564 et
2959 3509 3186 3580 jacebat
3212 3525 3386 3582 super
3429 3518 3626 3566 teriam
3650 3508 3700 3562 in

2145 3596 2762 3669 pcenitentia,aﬁligens
2775 3615 2835 3654 se
2857 3604 3129 3670 tanquam
3157 3605 3350 3666 394
3381 3601 3502 3672 ipsa
3520 3614 3705 3671 peccas-

2147 3691 2250 3754 set,
2284 3691 2342 3741 et
2368 3687 2438 3741 ah
2467 3687 2912 3759 ingredientibus
2930 3689 3197 3744 fratribus
3224 3689 3542 3761 postulabat
3557 3693 3615 3742 ut
3636 3685 3703 3740 vel

2148 3792 2261 3830 una
2280 3775 2534 3831 buccella
2559 3777 2722 3849 panis
2752 3777 2802 3832 ei
2828 3778 3079 3833 daretur.
3097 3779 3214 3833 Hoc
3233 3779 3442 3834 faciens
3484 3794 3578 3850 per
3611 3783 3706 3832 tres

2147 3882 2343 3934 annos,
2376 3883 2488 3922 non
2512 3869 2744 3923 recessit
2770 3868 2840 3922 de
2868 3869 3233 3924 monasterio.
3269 3868 3576 3924 Pandochis
3598 3882 3706 3921 vero

2149 3955 2267 4010 ﬁlia
2292 3957 2512 4028 peperit
2539 3957 2717 4012 filium
2750 3958 3083 4023 masculum,
3114 3964 3172 4012 et
3202 3957 3518 4024 ablactavit,
3547 3961 3598 4011 et
3621 3955 3702 4010 ad-

2147 4045 2306 4099 duxit
2329 4061 2460 4100 eum
2487 4053 2669 4101 mater
2686 4047 2884 4118 puellae
2913 4062 3123 4112 secum,
3150 4052 3208 4100 et
3239 4047 3474 4119 jactavit
3501 4062 3619 4102 eum
3645 4043 3707 4098 ibi

2147 4139 2278 4190 ante
2306 4133 2731 4202 monasterium,
2749 4142 2809 4190 et
2837 4135 2975 4190 dicit
2998 4137 3050 4190 ei
3077 4154 3088 4189 :
3123 4136 3282 4204 Ecce,
3303 4137 3482 4192 frater
3503 4134 3704 4196 Marine,

2149 4225 2427 4296 quomodo
2451 4225 2600 4280 nosti
2629 4225 2850 4280 nutrica
2867 4225 3046 4280 ﬁlium
3075 4230 3258 4280 tuum.
3275 4227 3347 4280 Et
3365 4225 3584 4298 reliquit
3601 4237 3709 4278 eum

2150 4312 2248 4381 ibi,
2283 4319 2341 4368 et
2364 4313 2520 4368 abiit.
2557 4315 2763 4370 Sancta
2789 4313 2946 4386 virgo
2977 4314 3305 4386 suscipiens,
3321 4321 3581 4386 tanquam
3607 4327 3710 4384 pro-

459 2843 625 2896 esset.
639 2837 827 2894 Abbas
855 2852 985 2891 vero
1011 2837 1133 2906 ejus
1149 2835 1418 2906 ignorans
1433 2834 1582 2906 quod
1603 2840 1768 2900 esset,
1789 2840 1847 2890 et
1858 2837 2056 2892 nolens

458 2947 588 2987 eum
613 2929 894 2994 amittere,
919 2926 1053 2998 quia
1079 2924 1428 2980 necessarius
1445 2929 1569 2979 erat
1596 2925 1958 2994 monasterio,
1977 2926 2057 2981 di-

457 3020 535 3076 cit
562 3019 651 3074 ei:
697 3016 755 3071 Si
788 3013 974 3087 diligis
1005 3031 1156 3081 eum,
1188 3013 1346 3079 vade,
1383 3018 1442 3067 et
1467 3012 1649 3068 adduc
1680 3030 1810 3068 eum
1839 3014 1968 3080 huc,
2000 3020 2060 3070 et

458 3109 536 3165 sit
572 3113 779 3163 tecum.
834 3105 905 3160 Et
940 3103 1136 3158 abiens
1180 3103 1416 3158 adduxit
1457 3119 1602 3166 eam,
1655 3101 2058 3176 dicebaturque

459 3198 692 3258 Marine.
726 3196 798 3250 Et
824 3193 1064 3249 mutavit
1084 3193 1135 3248 ei
1156 3209 1382 3260 nomen,
1407 3198 1466 3248 et
1492 3193 1709 3247 voravit
1736 3209 1863 3248 eam
1892 3194 2060 3248 Mari-

461 3304 620 3345 num.
639 3287 710 3342 Et
731 3283 888 3340 dedit
907 3299 1034 3338 eam
1058 3283 1128 3337 ad
1142 3282 1438 3338 discendas
1455 3282 1676 3337 litteras
1697 3282 1851 3337 intra
1869 3299 2064 3338 mona-

463 3378 720 3444 sterium,
753 3379 812 3431 et
839 3378 963 3429 erat
985 3389 1114 3429 cum
1138 3389 1206 3428 ea
1233 3390 1245 3426 :
1267 3372 1572 3443 nullusque
1596 3372 1826 3443 agnovit
1854 3372 1924 3427 de
1953 3373 2064 3427 fra-

463 3467 647 3524 tribus
675 3465 822 3539 quod
852 3463 1041 3537 puella
1085 3466 1252 3528 esset,
1287 3461 1388 3516 sed
1420 3461 1694 3517 vocabant
1721 3478 1846 3516 eam
1868 3477 2062 3517 omnes

461 3558 759 3616 Marinum.
811 3555 882 3610 Et
927 3552 1062 3608 dum
1103 3555 1253 3606 esset
1291 3566 1571 3606 annorum
1614 3551 2058 3622 quatuordecim,

467 3646 637 3718 erepit
663 3660 789 3700 eam
818 3642 1019 3699 docere
1050 3645 1211 3713 pater
1233 3656 1369 3695 suus
1396 3639 1544 3694 viam
1571 3639 1818 3707 Domini,
1834 3645 1890 3695 et
1917 3640 2064 3696 dice-

465 3735 568 3790 bat
595 3735 647 3790 ei
683 3753 695 3788 :
725 3732 885 3799 Vide,
917 3731 1052 3796 filia,
1083 3734 1149 3784 ut
1183 3729 1374 3784 nullus
1403 3733 1704 3800 cognoscat
1731 3729 2065 3802 mysterium

467 3829 634 3880 tuum
661 3837 844 3894 usque
873 3819 934 3874 in
963 3820 1134 3873 ﬁnem
1159 3819 1340 3884 tuum,
1373 3821 1432 3872 et
1459 3817 1700 3873 sollicita
1725 3817 1803 3872 sis
1833 3817 1902 3872 ab
1929 3818 2065 3874 insi-

471 3911 582 3967 diis
600 3909 828 3976 diaboli,
856 3923 928 3962 ne
956 3907 1242 3962 seducaris
1272 3905 1342 3960 ab
1375 3923 1464 3974 eo,
1515 3911 1573 3962 et
1607 3907 1759 3962 istud
1807 3915 2065 3963 sanctum

472 3998 880 4058 monasterium
907 3996 1164 4052 videatur
1184 4012 1285 4068 per
1303 4013 1404 4052 nos
1428 3995 1585 4066 solvi,
1621 3996 1750 4052 utin
1767 4004 2064 4071 conspectu
2081 4005 2126 4068 ί]

476 4089 687 4147 Christi
714 4105 842 4144 cum
881 4085 1089 4142 sanctis
1125 4085 1340 4156 angelis
1381 4088 1503 4158 ejus
1543 4103 1828 4154 coronam,
1865 4093 1925 4144 et
1951 4105 2065 4144 non

471 4195 604 4236 cum
630 4177 819 4252 impiis
847 4182 1113 4233 aeternam
1147 4175 1568 4231 damnationem
1603 4177 1962 4250 accipiamus.
1997 4179 2068 4234 Et

470 4270 585 4327 alia
606 4269 788 4325 multa
811 4265 1046 4324 docebat
1073 4281 1196 4322 eam
1227 4281 1328 4339 per
1349 4266 1600 4338 singulos
1624 4266 1746 4322 dies
1781 4267 1851 4322 de
1890 4283 2064 4338 regno

465 4361 591 4420 Dei.

543 4453 677 4508 CAP.
708 4451 782 4506 II.
805 4478 860 4490 -
879 4449 1024 4504 Dum
1044 4452 1235 4503 autem
1253 4447 1402 4503 facta
1415 4453 1564 4504 esset
1580 4463 1859 4503 annorum
1877 4447 2069 4502 decem

473 4546 532 4598 et
551 4545 788 4613 septem,
824 4539 1125 4594 defunctus
1151 4541 1238 4592 est
1271 4541 1434 4609 pater
1458 4539 1598 4609 ejus.
1628 4536 1920 4613 Remansit
1937 4553 2068 4591 vero

468 4633 588 4688 haec
616 4611 738 4686 sola
771 4628 832 4684 in
859 4629 1000 4684 cella
1027 4627 1205 4700 patris
1229 4627 1336 4694 sui,
1363 4631 1422 4682 et
1448 4626 1571 4699 ipsa
1598 4611 1910 4682 observavit
1928 4643 1989 4681 se
2007 4627 2066 4682 in

472 4719 737 4778 omnibus
758 4717 1028 4775 doctrinis
1044 4716 1223 4791 patris
1241 4716 1349 4783 sui,
1381 4721 1439 4772 et
1459 4721 1583 4771 erat
1600 4715 1867 4772 obediens
1882 4715 2066 4771 omni-
2222 4719 2352 4774 CAP.
2385 4717 2478 4773 IV.
2505 4753 2570 4764 —
2595 4717 2961 4773 Postmodum
3001 4723 3194 4772 autem
3223 4717 3480 4774 videntes
3515 4716 3706 4776 fratnes,

468 4810 575 4867 bus
607 4811 667 4866 in
706 4808 1067 4876 monasterio,
1099 4807 1182 4862 ita
1207 4812 1272 4862 ut
1299 4805 1368 4861 ab
1396 4805 1598 4861 abbate
1625 4822 1727 4861 suo
1764 4811 1822 4861 et
1843 4805 1912 4860 ab
1942 4822 2068 4860 om-
2149 4807 2532 4863 misericordia
2550 4807 2889 4879 compuncti,
2911 4807 3149 4878 ingressi
3171 4807 3241 4862 ad
3267 4807 3523 4862 abbatem
3545 4818 3712 4875 rogare

471 4899 638 4956 nibus
659 4899 1008 4972 diligeretur.
1026 4895 1284 4953 Habebat
1308 4901 1501 4952 autem
1532 4896 1937 4951 monasterium
1967 4913 2071 4968 par
2149 4902 2440 4970 coeperunt
2467 4902 2532 4951 ut
2555 4913 2685 4951 eum
2716 4897 2988 4968 reciperet
3017 4897 3077 4950 in
3107 4898 3530 4962 monasterium,
3555 4894 3713 4948 dicen-

483 4988 657 5045 boum
687 4994 744 5044 et
773 5005 1016 5054 carrum,
1043 4987 1176 5059 quia
1223 4985 1470 5042 vicinum
1497 4984 1740 5041 habebat
1765 5002 1940 5054 mare,
1970 4985 2068 5041 ubi
2149 4993 2235 5043 tes
2269 5006 2280 5040 :
2312 4985 2489 5052 Abba,
2540 4985 2770 5057 indulge
2819 4991 2876 5039 et
2904 4984 3121 5057 suscipe
3159 4985 3396 5040 fratrem
3441 4983 3710 5040 Marinum.

2152 4403 2340 4474 prium
2369 4404 2567 4471 ﬁlium,
2600 4404 2668 4458 de
2691 4404 2814 4475 ipsa
2832 4403 3082 4458 buccella
3102 4405 3284 4476 panis,
3311 4421 3480 4477 quam
3508 4401 3712 4473 accipie-

2149 4491 2248 4547 bat
2265 4492 2334 4547 ab
2362 4492 2776 4548 introeuntibus
2803 4492 2861 4547 in
2891 4494 3317 4561 monasterium,
3343 4491 3643 4548 nutricabat
3661 4489 3712 4542 ﬁ-

2151 4582 2291 4638 lium
2319 4583 2585 4638 alienum.
2619 4583 2852 4637 Factum
2872 4587 2960 4637 est
2975 4583 3082 4637 hoc
3100 4598 3202 4654 per
3216 4583 3359 4637 alios
3381 4583 3518 4637 duos
3540 4593 3707 4636 annos.

474 5082 600 5135 erat
618 5077 931 5150 emporium
962 5077 1035 5132 ad
1061 5076 1240 5133 millia
1263 5076 1400 5144 tria;
1431 5081 1490 5132 et
1524 5074 1683 5131 ibant
1707 5075 1989 5144 monachi,
2013 5080 2070 5130 et
2159 5078 2297 5132 Ecce
2327 5077 2575 5148 quinque
2619 5075 2752 5129 anni
2790 5079 2941 5140 sunt,
2981 5073 3130 5146 quod
3159 5074 3218 5130 in
3246 5073 3574 5146 paenitentia
3607 5073 3716 5124 ante

472 5165 782 5224 efferebant
801 5182 923 5238 quae
951 5167 1267 5223 necessaria
1279 5171 1442 5222 erant
1467 5165 1966 5222 monasterio.Una
1987 5182 2078 5220 ve-
2152 5168 2387 5238 januam
2431 5165 2758 5220 monasterii
2789 5165 2960 5236 jacet,
3010 5169 3068 5219 et
3105 5180 3218 5219 non
3250 5163 3481 5219 recessit
3499 5173 3718 5233 unquam

469 5275 536 5315 ro
565 5257 655 5312 die
686 5256 823 5310 dicit
848 5256 1020 5312 abbas
1049 5259 1171 5328 ejus
1200 5273 1212 5310 :
1245 5258 1444 5312 Frater
1471 5257 1706 5324 Marine,
1734 5272 1909 5328 quare
1937 5260 1995 5311 et
2011 5260 2076 5311 tu
2157 5257 2305 5312 hinc.
2341 5256 2572 5328 Suscipe
2601 5271 2731 5310 eum
2760 5254 2819 5310 in
2849 5253 3258 5327 paenitentiam,
3296 5254 3437 5308 sicut
3477 5250 3716 5307 Dominus

469 5361 588 5402 non
606 5344 762 5402 vadis
782 5361 908 5400 cum
924 5345 1191 5401 fratribus
1205 5347 1502 5418 etadjuvas
1520 5347 1651 5402 eos?
1681 5347 1815 5412 Quae
1836 5361 2070 5417 respon-
2155 5350 2350 5402 noster
2368 5347 2398 5402 ,Ι
2403 5363 2530 5400 esus
2551 5345 2806 5402 Christus
2821 5343 3215 5418 praecepitNix
3233 5348 3426 5399 autem
3446 5338 3719 5412 coegerunt

471 5437 558 5492 dit
589 5455 602 5492 :
643 5435 887 5503 Jussisti,
921 5435 1133 5491 Pater?
1169 5435 1304 5490 Erat
1338 5441 1528 5492 autem
1564 5437 1624 5491 in
1667 5436 1789 5508 ipso
1819 5434 2068 5507 emporio
2152 5441 2377 5504 eum,et
2401 5437 2573 5508 jussit
2601 5452 2732 5491 eum
2749 5434 3060 5506 ingredi,et
3085 5433 3298 5490 vocavit
3324 5449 3454 5488 eum
3484 5431 3552 5486 ad
3578 5445 3648 5494 se,
3668 5430 3716 5480 et

465 5526 846 5600 pandochium
872 5524 966 5599 (2).
987 5525 1170 5598 Ccepit
1180 5542 1313 5598 ergo
1332 5525 1508 5582 frater
1532 5526 1784 5582 Marinus
1810 5525 2069 5598 frequen-
2149 5527 2236 5582 ait
2261 5543 2276 5580 :
2309 5527 2479 5582 Pater
2507 5531 2642 5581 tuus
2670 5525 2776 5580 fuit
2803 5524 2888 5579 vir
2914 5529 3160 5592 sanctus,
3199 5522 3345 5596 quod
3385 5527 3448 5577 tu
3475 5518 3632 5585 nosti,
3670 5518 3718 5569 et

463 5619 554 5675 ter
574 5633 812 5692 pergere
838 5633 968 5676 cum
985 5632 1167 5686 carro,
1191 5620 1249 5673 et
1278 5615 1326 5674 si
1357 5616 1599 5674 faciebat
1614 5615 1860 5675 tardead
1883 5631 2067 5673 rever-
2150 5617 2450 5692 parvulum
2466 5615 2783 5673 introduxit
2793 5613 3041 5672 teinhoc
3062 5619 3308 5672 sanctum
3322 5607 3703 5668 monasterium
