3966 6184
307 251 417 311 693

1147 248 1319 305 VITA
1358 246 1656 309 SANCTIE
1690 245 1995 305 MARINIE
2031 245 2379 310 VIRGINIS.
2419 245 2759 304 NOTATIO.

3476 247 3579 306 694

306 385 363 436 et
392 396 505 437 non
537 385 622 437 est
641 385 907 453 cperatus
935 379 1242 452 quidquam
1263 376 1416 440 mali,
1438 377 1584 448 quod
1606 383 1668 432 tu
1689 378 1904 448 cogita—
1922 380 2139 448 Aegas.
2170 377 2270 432 Ille
2307 376 2539 432 territus
2568 375 2834 447 perrexit,
2867 379 2924 431 et
2953 376 3105 431 venit
3145 377 3218 432 ad
3256 393 3478 449 corpus.
3511 379 3582 435 Et

303 471 397 535 sti,
419 477 476 524 et
502 471 682 526 fecisti
706 489 716 524 :
747 489 848 527 nec
876 470 1080 543 aliquis
1107 470 1167 524 in
1190 470 1295 523 hoc
1323 475 1515 522 sancto
1538 468 1900 523 monasterio.

300 563 466 617 Nunc
517 568 706 616 autem
744 563 1032 632 ingressus
1072 577 1131 614 es
1177 576 1302 614 cum
1333 559 1446 612 filio
1486 565 1585 612 tuo
1629 576 1795 630 quem
1834 561 1903 614 de

299 651 580 707 adulterio
610 651 802 718 habes,
835 651 984 706 unde
1022 654 1243 722 oportet
1287 654 1344 703 te
1385 647 1681 720 poenitere.
1723 650 1902 704 Grave

299 741 452 797 enim
489 749 777 813 peccatum
809 741 1005 796 fecisti.
1039 742 1107 794 Et
1135 741 1238 793 hoc
1269 738 1368 793 tibi
1393 738 1583 809 jubeo,
1619 745 1681 792 ut
1709 756 1903 795 omnes

298 832 611 886 munditias
661 832 986 886 monasterii
1027 836 1087 884 tu
1123 831 1275 883 solus
1319 829 1568 900 quotidie
1614 829 1804 896 facias,
1847 837 1904 885 et

297 938 507 993 aquam
523 921 590 976 ad
622 922 936 976 necessaria
951 919 1244 992 purganda
1268 925 1473 990 portes,
1493 924 1549 972 et
1567 919 1901 975 calcearium

301 1010 660 1080 (3)0mnibus
682 1029 783 1083 per
810 1011 1060 1082 singulos
1083 1009 1201 1063 dies
1227 1014 1288 1062 tu
1318 1008 1594 1079 perﬁcias,
1620 1009 1902 1064 omnibus-

299 1118 415 1172 que
457 1102 686 1165 servias,
718 1101 778 1155 in
825 1102 930 1155 hoc
957 1100 1109 1154 enim
1155 1097 1385 1152 habebis
1423 1115 1608 1152 meam
1635 1099 1897 1170 gratiam.

297 1191 508 1246 Sancta
548 1207 676 1245 vero
717 1190 914 1244 libenti
959 1189 1146 1244 animo
1195 1187 1522 1258 suscipiens,
1554 1203 1718 1243 omne
1761 1205 1901 1260 opus

296 1280 452 1352 quod
481 1281 532 1335 ei
555 1282 776 1351 jussum
806 1278 1146 1351 perficiebat.

372 1370 506 1426 CAP.
543 1370 613 1426 V.
655 1400 680 1408 ν
727 1369 976 1440 Contigit
1002 1374 1192 1424 autem
1221 1383 1347 1422 eam
1377 1367 1528 1421 intra
1555 1383 1761 1438 paucos
1783 1366 1900 1422 dies

293 1459 549 1514 dormire
579 1459 637 1512 in
663 1459 918 1514 Domino.
955 1459 1163 1513 Euntes
1190 1474 1322 1512 vero
1350 1457 1570 1522 fratres,
1613 1457 1901 1511 nuntiave-

291 1555 433 1603 runt
453 1548 640 1602 abbati
670 1549 917 1603 dicentes
943 1567 955 1602 :
981 1549 1178 1603 Frater
1201 1548 1441 1604 Marinus
1472 1546 1768 1600 defunctus
1789 1551 1893 1600 est.

292 1638 448 1692 Dicit
467 1638 548 1692 eis
566 1637 737 1692 abbas
759 1657 769 1690 :
795 1638 1010 1702 Videte,
1032 1637 1250 1702 fratres,
1274 1637 1440 1706 quale
1461 1641 1749 1706 peccatum
1772 1635 1893 1700 fuit,

1985 468 2175 521 levans
2214 467 2464 538 pallium,
2509 465 2658 520 unde
2700 474 3023 536 coopertum
3081 474 3220 532 erat,
3269 467 3407 521 vidit
3447 470 3582 539 quia

1986 558 2188 611 mulier
2214 563 2389 622 esset;
2433 561 2489 610 et
2521 572 2645 610 mox
2667 556 2882 620 cecidit,
2909 563 2965 610 et
2992 567 3160 628 caput
3189 573 3351 612 suum
3387 575 3580 630 percu-

1984 647 2159 702 tiebat
2186 647 2244 701 in
2273 653 2502 701 terram:
2541 651 2598 700 et
2629 645 3036 700 vociferabatur
3059 647 3248 701 dicens
3282 666 3292 700 :
3330 648 3576 719 Conjuro

1985 744 2040 792 te
2062 740 2196 809 perJ
2204 755 2360 792 esum
2385 736 2668 790 Christum
2689 736 3011 796 Dominum,
3037 753 3105 790 ne
3133 753 3220 791 me
3238 738 3575 792 condemnes

1984 837 2115 882 ante
2169 837 2525 898 conspectum
2560 825 2660 879 Dei
2702 842 2766 878 eo
2815 826 2962 896 quod
3012 825 3304 880 afflixerim
3335 835 3410 892 te,
3445 827 3579 898 quia

1982 917 2248 988 ignorans
2278 916 2398 970 feci.
2439 916 2543 979 Tu,
2578 914 2825 980 domina,
2863 931 2976 969 non
3024 915 3211 971 dixisti
3245 917 3576 988 mysterium

1982 1013 2164 1071 tuum,
2199 1012 2253 1060 et
2279 1022 2380 1076 ego
2411 1022 2523 1059 non
2550 1004 2780 1076 cognovi
2810 1004 2870 1059 in
2897 1005 3132 1062 veritate
3167 1012 3416 1062 sanctam
3443 1024 3576 1062 con-

1983 1097 2355 1152 versationem
2397 1102 2576 1150 tuam.
2612 1095 2680 1148 Et
2723 1095 2894 1165 jussit
2940 1102 3197 1151 sanctum
3228 1113 3428 1168 corpus
3457 1098 3579 1168 ejus

1983 1187 2135 1241 intra
2163 1185 2565 1240 monasterium
2594 1179 2930 1238 in‘oratorio
2959 1186 3175 1255 reponi.

2056 1277 2186 1331 CAP.
2219 1276 2312 1330 VI.
2348 1304 2412 1314 —
2444 1273 2652 1328 Eadem
2683 1289 2810 1326 vero
2835 1273 2926 1327 die
2963 1274 3148 1345 puella
3180 1273 3278 1328 illa
3302 1280 3582 1346 arreptae

1982 1366 2257 1422 dwmonio
2309 1364 2459 1419 venit
2499 1363 2571 1417 ad
2629 1362 3056 1428 monasterium,
3099 1368 3156 1418 et
3211 1364 3582 1420 conﬁtebatur

1982 1457 2194 1511 crimen
2222 1455 2371 1526 quod
2394 1453 2719 1513 admiserat,
2743 1458 2800 1506 et
2820 1452 2888 1506 de
2911 1469 3020 1523 quo
3041 1454 3404 1525 concepisset.
3436 1455 3504 1510 Et
3521 1455 3581 1509 in

1981 1547 2220 1616 septima
2240 1545 2329 1598 die
2358 1542 2768 1614 repausationis
2792 1542 2915 1611 ejus
2941 1541 2999 1595 in
3034 1542 3290 1597 Domino.
3322 1542 3400 1597 ibi
3432 1543 3584 1598 intra

1981 1635 2291 1690 oratorium
2313 1633 2548 1687 liberata
2567 1638 2652 1686 est
2679 1648 2713 1684 a
2735 1630 3030 1685 daemonio.
3054 1632 3362 1686 Audientes
3391 1638 3582 1688 autem

294 1734 362 1782 ut
394 1745 496 1782 nec
515 1727 784 1782 meruerit
811 1727 1223 1797 pamitentiain,
1251 1725 1359 1780 Sed
1389 1731 1578 1780 tamen
1595 1725 1693 1789 ite,
1717 1725 1898 1780 lavate
1925 1719 1966 1776 Β
1987 1725 2083 1796 qui
2129 1729 2291 1779 erant
2336 1723 2392 1777 in
2432 1722 2550 1794 ipso
2603 1720 2870 1791 emporio,
2905 1725 2960 1774 et
3006 1719 3187 1774 vicina
3216 1722 3576 1789 monasteria,

293 1835 451 1874 eum,
477 1824 533 1871 et
545 1817 776 1888 sepelite
806 1818 970 1887 longe
989 1833 1023 1870 a
1048 1814 1409 1870 monasterio.
1436 1815 1505 1869 Et
1533 1815 1900 1880 euntes,dum

293 1908 490 1961 lavant
510 1924 658 1971 eum,
685 1911 1066 1976 cognoverunt
1089 1922 1218 1960 eum
1249 1905 1384 1977 quia
1402 1904 1612 1959 femina
1637 1909 1801 1959 esset.
1832 1905 1901 1958 Et

289 2003 586 2068 coeperunt
633 2012 829 2050 omnes
869 1995 1125 2050 emittere
1167 2011 1343 2062 voces,
1388 1999 1444 2049 et
1481 1994 1784 2049 tundentes
1816 2011 1893 2060 se,

290 2085 616 2140 clamabant
639 2103 649 2138 :
679 2085 822 2150 Quia
842 2085 970 2139 talis
989 2085 1335 2139 conversatio
1349 2090 1405 2138 et
1416 2084 1690 2156 patientia
1704 2089 1899 2138 sancta

291 2175 524 2229 inventa
551 2181 638 2229 est
662 2175 719 2228 in
751 2191 836 2239 ea,
872 2177 1032 2245 cujus
1061 2174 1397 2246 mysterium
1430 2175 1618 2228 nullus
1648 2174 1892 2244 agnovit,

291 2270 350 2319 et
370 2264 450 2318 sic
479 2263 548 2318 ab
569 2264 649 2318 eis
677 2264 886 2318 afflicta
914 2264 1129 2318 fuisset.
1162 2265 1228 2318 Et
1246 2263 1532 2318 venientes
1561 2280 1688 2318 cum
1722 2265 1898 2334 lacry-

288 2354 418 2419 mis,
454 2353 647 2408 dicunt
669 2353 857 2407 abbati
892 2371 902 2406 :
929 2353 1104 2419 Abba,
1137 2353 1260 2407 veni
1292 2358 1349 2406 et
1379 2353 1503 2407 vide
1526 2352 1759 2407 fratrem
1783 2353 1898 2407 Ma-

293 2444 503 2498 rinum.
549 2443 696 2497 Dicit
735 2443 816 2497 eis
857 2459 872 2496 :
923 2443 1068 2507 Quid
1115 2447 1202 2496 est
1243 2443 1392 2497 hoc?
1436 2443 1662 2497 Fratres
1703 2443 1900 2496 dicunt

291 2532 530 2588 iterum:
550 2533 690 2587 Veni
711 2539 768 2586 et
783 2531 907 2587 vide
936 2532 1220 2587 mirabilia
1238 2532 1359 2599 Dei,
1383 2532 1573 2587 etvide
1595 2532 1731 2604 quid
1752 2532 1820 2586 de
1843 2537 1898 2585 te

1985 1813 2264 1868 mirabilia
2301 1829 2423 1884 qua
2467 1811 2615 1866 facta
2659 1809 2902 1871 fuerant,
2935 1809 3269 1880 accipientes
3299 1827 3491 1866 cruces
3525 1818 3584 1867 et

1983 1919 2188 1967 cereos,
2223 1917 2352 1955 cum
2386 1899 2608 1971 hymnis
2638 1901 2694 1951 et
2723 1896 2954 1976 canticis
2984 1901 3041 1950 et
3070 1897 3320 1968 psalmis,
3353 1899 3580 1955 benedi-

1982 1998 2170 2047 centes
2218 1992 2416 2057 Deum,
2461 1990 2738 2043 venerunt
2784 1986 2839 2040 in
2881 1986 3077 2040 eodem
3120 1989 3480 2060 monasterio,
3527 1996 3584 2044 et

1981 2081 2290 2137 oratorium
2310 2079 2550 2150 ingressi
2570 2077 2666 2134 ubi
2694 2092 2896 2148 corpus
2919 2076 2967 2146 ej
2979 2092 3040 2130 us
3063 2077 3468 2148 requiescebat,
3491 2079 3584 2135 be~

1979 2172 2314 2227 nedixerunt
2343 2171 2540 2225 Deum.
2572 2166 2678 2223 Ubi
2701 2181 2880 2236 usque
2910 2165 3076 2220 modo
3095 2167 3353 2223 Christus
3380 2170 3584 2225 oratio-

1979 2263 2144 2317 nibus
2159 2268 2364 2316 sanctae
2381 2257 2611 2329 virginis
2628 2256 2806 2310 multa
2816 2254 2950 2308 facit
2969 2254 3040 2308 mi
3050 2255 3340 2322 rabilia,ad
3356 2258 3580 2315 laudem

1980 2351 2226 2407 nominis
2249 2349 2358 2405 sui.
2386 2347 2491 2413 Qui
2530 2363 2658 2402 cum
2688 2345 2855 2399 Patre
2886 2347 2942 2398 et
2982 2343 3195 2416 Spiritu
3224 2354 3417 2403 sancto
3448 2349 3583 2406 vivit

1981 2448 2037 2498 et
2055 2445 2256 2512 regnat
2270 2440 2437 2507 Deus,
2454 2454 2555 2510 per
2574 2434 2766 2492 omnia
2783 2432 2985 2490 saecula
3005 2435 3357 2492 saeculorum.
3375 2441 3575 2496 Amen.

1511 2658 1934 2719 ROSWEYDI
1978 2658 2347 2750 NOTATI'O.

365 2765 446 2834 (1)
463 2768 550 2820 Ma
559 2764 747 2838 rian
766 2767 901 2819 Tres
922 2765 1068 2838 Mari
1071 2781 1174 2818 nas
1195 2765 1253 2838 in
1269 2763 1896 2838 tabulisiEcclesiasticis

283 2835 1433 2901 invenio,A(exaﬁdrinam,Antiochenam,
1452 2837 1776 2903 Hispanam,
1796 2835 1893 2888 sed

283 2909 448 2962 valde
497 2908 644 2962 inter
677 2925 737 2962 se
767 2907 1044 2972 confusas,
1078 2912 1141 2960 ut
1169 2907 1396 2961 difﬁcile
1423 2912 1674 2960 statuere
1721 2905 1794 2960 sit
1822 2923 1894 2960 an

283 2980 413 3033 dum
438 2986 680 3046 tantum,
713 2996 786 3032 an
814 2984 928 3032 tres
956 2979 1184 3033 fuerint.
1212 2978 1512 3031 Videamus
1536 2977 1604 3030 de
1631 2977 1889 3046 singulis,

285 3059 346 3104 et
379 3067 476 3104 eas
501 3052 648 3105 inter
671 3067 729 3104 se
757 3066 1166 3120 comparemus,
1199 3051 1418 3103 collatis
1449 3047 1789 3102 auctoribus.

362 3123 590 3176 Marium
629 3128 852 3182 nostrm,
889 3119 1011 3190 quae
1055 3120 1433 3175 Alexandrina
1480 3124 1584 3180 est,
1609 3119 1892 3190 memoria

287 3200 444 3248 certo
467 3194 556 3247 die
578 3189 1212 3248 consecrata’invenitur
1235 3192 1289 3244 in
1314 3191 1537 3244 Menaeis
1557 3189 1626 3246 1‘2
1651 3191 1891 3245 Februa-

287 3265 492 3329 rii,ubi
521 3266 704 3318 Maria
727 3264 928 3335 primo,
946 3263 1148 3317 deinde
1170 3268 1385 3316 mutato
1416 3262 1890 3335 habitudilarinus

287 3336 517 3391 dicitur.
537 3337 706 3390 Nulla
727 3333 854 3405 ejus
876 3334 934 3388 in
953 3335 1266 3402 Menologio
1288 3333 1517 3398 mentio,
1539 3333 1636 3405 sed
1657 3333 1889 3405 alterius

289 3408 525 3463 Marinae
550 3407 680 3477 virg.
721 3400 778 3461 et
795 3411 986 3472 mart.,
1023 3406 1080 3462 l7
1112 3400 1265 3472 Julii,
1288 3422 1410 3477 quae
1431 3404 1646 3459 Latinis
1666 3400 1892 3472 Marga-

291 3485 413 3532 reta
442 3479 662 3532 dicitur.

365 3551 529 3620 Apud
561 3550 788 3604 Latinos
817 3564 1012 3604 vereor
1040 3553 1105 3602 ut
1132 3546 1268 3602 certi
1309 3547 1443 3619 quid
1482 3547 1655 3601 statui
1692 3545 1883 3620 possit.

290 3617 437 3676 Nam
480 3621 638 3674 valde
677 3621 897 3675 variant
939 3625 1055 3673 tam
1105 3617 1342 3673 vetusta?
1367 3635 1537 3690 quam
1576 3617 1892 3672 recentiora

288 3692 696 3764 Martyrologia
712 3693 899 3764 quoad
917 3691 1089 3752 diem,
1115 3691 1516 3764 quoadilocum,
1543 3690 1726 3760 quoad
1747 3706 1892 3764 mar-

287 3761 456 3836 tyrii'
483 3761 752 3836 lauream,
775 3771 851 3836 ut
894 3763 1008 3816 haec
1057 3769 1250 3836 nostra
1298 3762 1534 3836 Marine,
1584 3777 1706 3832 qua:
1735 3761 1890 3836 virgo

287 3831 513 3889 tantum
545 3835 667 3900 fuit,
698 3835 953 3888 videatur
975 3850 1102 3886 cum
1134 3833 1243 3886 alia
1263 3833 1469 3903 aliqua,
1504 3831 1625 3903 quae
1648 3837 1704 3886 et
1734 3831 1890 3902 virgo

289 3914 347 3961 et
369 3913 584 3976 martyr
603 3906 727 3971 fuit,
760 3922 828 3959 ex
861 3903 1407 3976 noniinisiafiinitate
1424 3904 1672 3976 confusa.

363 3973 542 4047 Cujus
590 3977 871 4031 varietatis
903 3982 960 4031 et
989 3975 1332 4047 confusionis
1377 3975 1726 4047 occasionem
1756 3973 1887 4028 inde

287 4045 474 4104 ortam
530 4049 809 4112 existimo,
854 4046 1001 4119 quod
1051 4052 1245 4119 sancta
1291 4046 1608 4119 Margareta
1642 4045 1781 4119 virg.
1832 4050 1888 4119 et

287 4125 458 4174 mart.
493 4120 838 4173 Antiochena
868 4116 910 4172 Ξ]
942 4117 1148 4173 Graecis
1189 4117 1406 4171 Marina
1435 4118 1583 4171 dicta
1620 4116 1712 4171 sit.
1749 4116 1885 4171 Inde

287 4193 464 4255 Beda,
498 4190 778 4254 Rabanus,
814 4195 870 4244 et
905 4189 1244 4252 Nothkerus,
1280 4189 1374 4259 qni
1413 4189 1686 4242 Marinam
1733 4204 1884 4242 mar-

286 4269 478 4335 tyrem
511 4262 720 4335 habent
749 4260 814 4319 18
856 4262 1027 4335 Junii,
1051 4260 1210 4335 apud
1229 4259 1712 4335 Antiochiamsub
1749 4259 1884 4330 Oly-

285 4331 412 4388 brio
471 4333 750 4404 praefecto,
803 4333 1060 4387 eamdem
1114 4331 1329 4404 eodemr
1357 4332 1497 4404 loco,
1559 4331 1886 4404 Margaretae

287 4402 521 4461 nomine
569 4405 778 4460 habent
817 4404 880 4461 i3
923 4404 1074 4459 Julii.
1127 4404 1195 4457 Et
1240 4403 1466 4474 quidem
1510 4402 1776 4459 Rabanus
1829 4407 1886 4455 et

287 4479 577 4532 Notkerus
608 4477 684 4530 ibi
709 4476 966 4531 eumdem
998 4491 1219 4547 quoque
1243 4471 1564 4546 praefectum
1596 4471 1950 4547 OlybriumD

289 4549 634 4619 exprimunt,
667 4549 988 4619 Romanum
1015 4545 1204 4602 autem
1245 4545 1703 4617 Martyrologium
1733 4545 1886 4600 Mar-

287 4618 548 4691 garetam
579 4619 749 4674 habet
769 4619 838 4676 20
866 4618 1017 4674 Julii.

365 4691 655 4746 Usuardus
681 4708 810 4746 vero
839 4709 903 4745 ex
928 4691 1111 4761 prima
1136 4689 1462 4744 recensione
1482 4688 1692 4744 Molani
1721 4687 1890 4744 habet

292 4767 488 4828 395
511 4764 572 4818 l8
593 4764 745 4818 Junii
770 4781 780 4816 :
809 4784 834 4814 α
851 4761 1198 4816 Alexandria:
1226 4761 1409 4832 passio
1439 4766 1643 4816 sanctae
1667 4761 1888 4818 Marinae

287 4834 456 4905 virg.,
482 4855 506 4885 ν
533 4835 680 4905 quod
713 4834 770 4888 in
799 4835 1053 4889 Usuardo
1093 4848 1156 4887 ex
1186 4833 1431 4905 secunda
1449 4832 1662 4905 iMolani
1692 4849 1886 4886 recen-

284 4904 446 4959 sione
486 4904 802 4968 omittitur;
837 4923 938 4959 nec
966 4905 1080 4958 ulla
1115 4907 1178 4958 fit
1211 4904 1269 4958 in
1301 4921 1365 4958 ea
1396 4904 1638 4958 editione
1676 4905 1886 4959 mentio

285 4976 543 5048 Marinze,
576 4995 698 5048 qua:
721 4976 1077 5048 Alexandria:
1098 4975 1173 5030 sit
1200 4993 1384 5046 passa.
1527 5044 1529 5046 _

362 5047 472 5100 Sed
503 5045 758 5103 Molanus
778 5054 895 5102 tam
918 5048 973 5101 in
1000 5047 1183 5118 prima
1205 5045 1375 5118 quam
1391 5045 1885 5101 secundaUsuardi

285 5119 637 5185 recensione,
671 5118 740 5174 ‘20
777 5119 930 5184 Julii,
965 5135 1075 5172 non
1124 5119 1182 5172 in
1213 5124 1366 5172 textu
1396 5118 1656 5184 Usuardi,
1693 5119 1788 5172 sed
1827 5118 1884 5172 in

285 5189 690 5256 additionibus,
711 5191 1041 5261 Margareta':
1069 5189 1218 5244 diem
1246 5190 1452 5244 festum
1483 5189 1658 5260 ponit,
1682 5189 1751 5243 de
1775 5205 1885 5260 qua

287 5261 352 5314 in
383 5263 743 5317 annotatione
771 5279 836 5317 ex
877 5262 1122 5316 secunda
1160 5262 1482 5316 recensione
1510 5261 1646 5315 dicit
1680 5262 1886 5316 Usuar-

287 5332 431 5386 dum
459 5335 685 5388 nomine
705 5335 935 5388 Marinae
957 5333 1161 5387 habere
1196 5333 1252 5388 [8
1274 5331 1446 5395 Junii,
1461 5333 1618 5402 'quod
1638 5332 1886 5403 intellige

289 5403 364 5456 de
397 5405 652 5459 Usuardo
690 5423 756 5459 ex
784 5406 968 5476 prima
998 5405 1119 5474 ejus
1161 5403 1522 5471 recensione;
1553 5419 1684 5457 nam
1709 5403 1766 5458 in
1796 5422 1854 5459 se
1879 5441 1886 5446 -

291 5475 500 5539 cunda.
531 5483 593 5532 ut
621 5476 750 5539 dixi,
776 5475 1075 5532 omittitur.

371 5547 480 5611 Qui
513 5565 675 5611 porro
706 5548 763 5603 in
792 5546 1248 5603 annotationibus
1275 5547 1532 5604 secundae
1552 5548 1891 5604 recensionis

291 5619 368 5674 ad
398 5617 468 5675 20
488 5617 623 5675 Julii
651 5620 824 5688 addit,
857 5619 1110 5676 fortassis
1134 5619 1350 5675 incuria
1387 5619 1674 5688 scriptoris
1705 5621 1770 5676 18
1800 5621 1892 5676 Ju-

291 5689 381 5748 nii
407 5691 602 5750 vitiose
625 5692 916 5768 irrepsisse
934 5693 1303 5751 Alemandri'z.
1326 5693 1474 5750 Nam
1493 5689 1662 5764 Beda,
1687 5691 1888 5768 inquit,

1978 2779 2043 2817 eo
2093 2763 2183 2817 die
2232 2763 2539 2817 secundum
2586 2764 2883 2820 historiam
2920 2765 3110 2827 habet,
3155 2769 3220 2821 in
3261 2765 3574 2822 Antiochia.

1977 2834 2135 2889 Unde
2156 2841 2390 2904 apparet
2417 2835 2703 2908 Molanum
2723 2837 3020 2908 utrobique
3053 2839 3324 2892 Marinam
3355 2845 3411 2894 et
3435 2840 3580 2894 Mar-

1975 2913 2230 2976 garetam
2259 2922 2361 2976 pro
2386 2906 2584 2960 eadam
2606 2908 2902 2978 accepisse.

2049 2985 2154 3048 Qui
2169 3002 2366 3040 rursus
2393 2985 2450 3040 in
2482 2987 2864 3042 additionibus
2884 2989 2953 3042 ad
2981 2990 3298 3045 Usuardum
3321 2996 3436 3044 tam
3468 2992 3580 3048 nri-

1909 3057 1950 3118 C
1975 3073 2078 3110 mm
2097 3073 2266 3128 quam
2293 3057 2548 3112 secundae
2570 3074 2684 3113 suae
2705 3060 3064 3125 recensionis,
3091 3060 3318 3124 lSJulii,
3338 3062 3418 3115 ait
3435 3057 3579 3116 Mar-

1970 3135 2226 3199 garetam
2267 3145 2332 3182 eo
2371 3129 2461 3183 die
2490 3129 2637 3199 apud
2669 3131 2875 3185 multos
2906 3131 3030 3186 coli.
3066 3133 3135 3187 Et
3165 3148 3230 3185 eo
3258 3131 3348 3186 die
3380 3149 3577 3188 manu-

1973 3199 2212 3273 scriptus
2246 3217 2403 3253 meus
2433 3200 2723 3273 Usuardus
2750 3201 2958 3256 diserte
2979 3204 3353 3273 Margaretam
3384 3203 3570 3270 habet,

1973 3281 2142 3396 ἓξὲξ
2403 3272 2576 3338 Beda,
2602 3271 2850 3339 Rabano,
2880 3271 3132 3340 Notquo
3147 3275 3217 3328 de
3238 3275 3570 3346 Margareta:

2129 3360 2159 3396 ο
2219 3360 2261 3395 ’ρ
2382 3383 2393 3395 .

2006 3492 2016 3502 ⁸
2045 3423 2308 3502 Nondum
2330 3423 2503 3502 igitur
2518 3423 2751 3502 Mar-ina:
2765 3429 2972 3502 nostrae
2983 3428 3134 3502 testu
3142 3443 3194 3480 η]
3217 3426 3368 3502 diem
3384 3443 3574 3482 excus-

1973 3495 2050 3547 sis
2081 3500 2331 3569 quatuor
2349 3495 2581 3569 vetustis
2625 3497 2998 3569 ilartyrologii
3028 3497 3412 3569 scriptoribus,
3446 3516 3570 3555 cer-

1971 3570 2094 3618 tum
2131 3566 2279 3648 apud
2308 3566 2536 3621 Latinos
2567 3565 2875 3635 habemus;
2923 3565 3037 3624 imo
3077 3565 3158 3624 ne'
3183 3570 3412 3641 quidem
3449 3572 3572 3642 ejus

1971 3651 2303 3696 memoriam
2312 3678 2322 3691 .

2047 3717 2299 3792 Habetur
2318 3717 2542 3788 quidem
2561 3718 2620 3792 in
2648 3721 2844 3775 Adone
2866 3722 3109 3792 vulgato,
3141 3719 3206 3778 18
3231 3722 3384 3776 Junii
3409 3742 3421 3776 :
3456 3743 3478 3774 α
3505 3725 3570 3780 In

1971 3789 2531 3864 Alexandriasanctae
2553 3791 2802 3864 Mariam,
2825 3789 3056 3864 virginis
3084 3798 3140 3847 et
3161 3799 3350 3861 mart.,
3367 3801 3425 3850 et
3448 3795 3574 3850 Bal-

1973 3859 2147 3934 binze.
2173 3881 2197 3913 ι)
2233 3861 2340 3934 Sed
2370 3863 2596 3932 praeﬁxa
2636 3863 2726 3918 hic
2773 3871 2859 3920 est
2910 3859 3134 3919 stellula
3177 3881 3213 3918 a
3248 3859 3567 3934 Mosandro,

1971 3931 2182 4011 Adonis
2200 3932 2433 4011 editore,
2465 3934 2610 4003 quod
2637 3934 2694 3988 id
2723 3935 2777 3990 in
2801 3936 2925 3991 aliis
2947 3936 3126 3992 tribus
3152 3931 3569 4011 Manuscriptis,

1973 4001 2172 4090 quibus
2199 4003 2316 4090 ipse
2347 4001 2609 4090 usus—est,
2644 4022 2757 4060 non
2777 4013 2951 4090 esset1
2972 4014 3346 4090 praeterquam
3369 4001 3568 4090 .iniuno

1969 4089 2004 4157 ξι
2033 4075 2391 4157 Βθηεξάίίξεξίηρ
2421 4076 2664 4157 quae“
2692 4085 2875 4157 ευίξιεξε
2912 4075 2990 4133 Εί
3007 4086 3160 4157 same.
3186 4075 3414 4157 {mmsis
3433 4082 3570 4136 duo-

1969 4144 2070 4198 bus
2101 4144 2490 4218 vetustissimis
2520 4149 2906 4218 \|anuscriptis
2932 4151 3086 4204 nulla
3107 4151 3196 4205 hic
3224 4152 3453 4207 Marinae
3471 4169 3568 4208 no-

1967 4221 2106 4295 strae
2125 4217 2275 4295 apud
2296 4218 2556 4295 Adonem
2579 4217 3015 4295 mentio;_quare
3044 4238 3146 4295 nec
3170 4222 3319 4291 quod
3346 4230 3568 4295 martyr

1968 4287 2206 4362 dicatur,
2231 4288 2412 4341 Adoni
2435 4287 2958 4362 estimputaudum,
2979 4298 3043 4345 ut
3059 4291 3148 4346 hic
3168 4287 3385 4362 putavit
3399 4287 3568 4350 Baro-

1968 4359 2256 4434 nius11mo
2287 4376 2416 4413 vero
2432 4360 2581 4434 quia
2604 4366 2822 4432 martyr
2842 4361 3065 4425 dicitur,
3091 4359 3423 4434 capiendum
3453 4366 3564 4421 erit

1967 4429 2035 4484 de
2068 4430 2282 4493 Marina
2302 4447 2402 4484 seu
2430 4429 2771 4501 Margareta,
2792 4438 2857 4488 ut
2875 4434 3131 4488 Molanus
3150 4429 3220 4490 ad
3244 4435 3564 4492 Usuardum

1968 4501 2116 4576 cepit
2148 4519 2159 4554 :
2193 4508 2251 4576 et
2278 4517 2378 4572 pro
2411 4505 2473 4576 in
2501 4504 2862 4570 Alexandria,
2896 4506 3217 4576 ponendum
3241 4507 3351 4561 erit
3369 4511 3432 4562 in
3452 4510 3564 4564 An-

1969 4575 2193 4700 ἵοῗὴρςα,
2226 4574 2345 4628 loco
2369 4575 2531 4645 cujus
2551 4591 2663 4630 non
2687 4575 2794 4631 rite
2825 4574 2974 4649 apud
2999 4577 3346 4633 Galesinium
3370 4585 3476 4646 est,
3500 4583 3565 4635 in

2017 4663 2043 4699 c
2063 4662 2195 4699 una.

2017 4662 2195 4699 cnam.

2042 4727 2127 4780 Ita
2155 4726 2213 4780 in
2253 4727 2632 4800 Manuscripto
2679 4727 2871 4784 Adone
2928 4729 3083 4784 nulla
3127 4729 3374 4796 Marine,
3409 4731 3567 4788 nulla

1971 4813 2192 4870 quoque
2221 4799 2550 4870 Margaretae
2581 4801 2870 4854 memoria.
2894 4801 3040 4854 Nam
3069 4801 3215 4870 quod
3234 4801 3290 4855 in
3318 4803 3566 4859 editione

1970 4869 2256 4946 Mosandri
2273 4869 2579 4941 Margarita
2597 4869 3166 4946 habetu‘r_13_.l‘ulii,i_bi
3193 4889 3416 4946 quoque
3436 4876 3567 4931 stel-

1968 4939 2084 4994 lula
2111 4941 2335 5011 prafixa
2365 4939 2469 5004 est,
2503 4943 2650 5012 quod
2677 4942 2732 4996 id
2761 4943 2886 4996 aliis
2911 4943 3041 4997 Mss.
3083 4939 3321 4999 deesset.

2040 5030 2178 5104 Quis
2207 5030 2382 5104 igitur
2409 5031 2526 5104 dies
2556 5031 2783 5104 Marince
2811 5037 3017 5100 nostra:
3045 5032 3192 5104 apud
3224 5034 3453 5090 Latinos
3478 5053 3563 5092 as-

1969 5100 2307 5176 signabitur?
2325 5101 2575 5176 [labetur
2587 5103 2885 5176 quidemin
2897 5108 2945 5176 7.\l
2956 5100 3300 5176 artyrologio
3315 5107 3566 5164 Romano

1968 5173 2195 5255 Daronii
2217 5172 2284 5256 18
2322 5174 2474 5256 Junii
2505 5191 2516 5226 :
2553 5191 2577 5224 «
2610 5175 2958 5258 Algandriae
2990 5172 3569 5258 passiosaqctha-

1969 5243 2104 5298 rinze
2133 5244 2387 5315 virginis,
2423 5263 2450 5319 ii
2494 5261 2658 5319 quam
2692 5246 2967 5302 Baronius
2990 5243 3069 5301 ibi
3100 5253 3262 5319 putat
3288 5250 3566 5305 Marinam

1969 5320 2220 5371 nostram
2249 5333 2389 5371 esse.
2426 5317 2534 5371 Sed
2578 5319 2856 5388 quomodo
2910 5319 2989 5373 illi
3044 5317 3224 5388 passio
3269 5322 3568 5377 convenit?

1974 5404 2073 5443 cur
2099 5405 2209 5442 non
2240 5388 2431 5462 potius!
2454 5389 2524 5442 de
2555 5389 2774 5462 Marina
2801 5407 2897 5444 seu
2925 5391 3242 5462 Margareta
3269 5393 3480 5462 virgine
3511 5397 3568 5449 et

1976 5465 2225 5536 martyre
2261 5460 2589 5536 accipiatur,
2635 5461 2718 5518 uti
2764 5469 3017 5536 praeeunt
3051 5460 3224 5532 Beda,
3278 5460 3561 5531 Rabanus,

1973 5531 2255 5587 Notkerus
2274 5531 2298 5585 ?

2045 5621 2166 5676 Nisi
2196 5619 2428 5698 velimus
2451 5626 2566 5678 tres
2591 5622 2693 5677 hos
2720 5624 3125 5698 Martyrologos
3161 5622 3436 5681 Marinam
3465 5639 3566 5680 seu

1975 5694 2350 5767 Margaretam
2373 5694 2514 5768 virg.
2547 5700 2605 5753 et
2631 5701 2799 5752 mart.
2821 5694 2948 5752 cum
2968 5694 3188 5764 Marina
3217 5699 3412 5755 nostra
3442 5700 3568 5755 tan-
