3966 6184
439 222 542 280 707

1449 225 1544 284 DE
1577 224 1769 284 VITIS
1805 223 2102 284 PATRUM
2138 227 2352 286 LIBER
2388 225 2680 286 PRIMUS.

3590 227 3678 286 708

435 349 526 423 via
556 348 800 423 Ostiensi
830 348 1069 423 positam
1109 348 1508 423 perduxerunt,
1545 367 1654 423 quo
1685 353 1771 419 (ut
1798 356 2028 407 eventus
2040 355 2094 415 A
2115 353 2278 408 malis
2307 369 2397 408 me
2421 352 2630 408 crucio.
2653 351 2959 423 Postquam
2978 365 3108 404 vero
3130 348 3499 423 clarissimum
3524 356 3680 408 terra-

437 421 645 488 docuit)
677 419 1093 475 custodirentur
1119 419 1359 476 intacta.

508 496 629 548 Post
650 496 863 567 aliquos
891 492 1048 567 dies]
1081 492 1520 558 Baronius,ibid.
1555 496 1865 567 :_Caaterum
1899 513 2030 567 pau-

438 581 531 618 cos
555 570 679 635 post
697 563 816 635 dies
837 563 1092 616 eamdem
1113 571 1364 619 sanctam
1391 565 1697 619 Marcellam
1716 583 1778 620 ex
1802 563 2033 621 hac'vita

438 634 726 704 migrasse.
760 634 916 707 idem
937 641 1162 707 sanctus
1184 636 1558 707 Hieronymus
1586 637 1747 691 docet
1793 639 1896 702 Qui
1927 640 2031 692 hoc

434 712 686 779 tempore
715 721 841 758 cum
873 705 1225 779 elucubraret
1245 705 1676 779 commentarios
1705 725 1876 779 super
1905 711 2032 763 Eze-

434 776 688 840 chielem,
722 792 832 829 uno
877 776 1184 847 eodemque
1232 779 1431 832 nuntio
1471 776 1815 833 obsidionem
1852 780 2026 846 urbis,

434 847 804 919 eamdemque
835 853 1053 919 captam
1077 848 1308 914 audivit,
1344 850 1622 919 simulque
1651 857 1856 905 sanctae
1886 853 2030 905 Mar-

433 918 583 972 cellae
613 925 783 988 atque
808 918 960 972 chari
987 919 1333 974 Pammachii
1373 921 1442 974 ad
1475 918 1656 974 Deum
1686 923 2024 986 transitum;

433 998 562 1042 nam
597 989 672 1042 ibi
693 989 801 1042 ista
819 990 936 1060 ipse
960 989 1259 1060 praefatur:
1288 993 1556 1057 (ΙΙιίτειόη.Ι
1571 994 1788 1060 pre/at.
1809 997 1869 1046 in
1891 994 1984 1047 lib.
2009 1007 2028 1046 ι

434 1066 725 1135 comment.
747 1064 808 1135 in
830 1061 994 1114 Ezech
1005 1060 1336 1135 .)_’_l‘ransii'e,
1355 1062 1870 1135 inquit,_cupiebam
1883 1065 2031 1135 (post

427 1132 950 1206 interpretationem
967 1132 1179 1206 scilicet
1201 1132 1544 1206 elaboratam
1560 1133 1618 1188 in
1631 1133 1863 1206 Isaiam)
1877 1132 1933 1189 et
1943 1153 2030 1188 ex-

431 1201 671 1277 tremam
693 1204 785 1274 (ut
813 1201 1040 1277 dicitur)
1064 1205 1768 1277 manumoperiimponere
1785 1201 2030 1277 prophe-

432 1274 549 1347 tali.
578 1275 787 1347 Etgecce
804 1274 987 1328 subito
1002 1291 1161 1347 mors
1176 1275 1313 1347 mihi
1335 1274 1679 1330 Pammachii
1696 1274 1864 1347 atque
1878 1274 2026 1331 Mar-

432 1345 603 1404 cellae.
637 1345 901 1418 Romanae
933 1345 1086 1418 urbis
1106 1345 1337 1402 obsidio.
1363 1345 2029 1418 multorumque—fratrum

434 1421 491 1470 et
501 1433 753 1489 sororum
769 1417 1033 1489 dormitio
1046 1418 1302 1471 nuntiata
1315 1419 1605 1489 est.Atque
1619 1417 1700 1471 ita
1711 1425 2032 1473 consterna-

433 1493 526 1558 tus
549 1486 830 1558 obstupui,
860 1494 924 1542 ut
952 1488 1091 1541 nihil
1112 1489 1265 1542 aliud
1297 1489 1490 1543 diebus
1515 1486 1593 1542 'ac
1618 1489 1887 1552 noctibus.
1922 1490 2030 1544 nisi

435 1557 504 1612 de
541 1557 994 1612 salute’omnium
1025 1559 1350 1629 cogitarem,
1384 1577 1566 1630 neque
1603 1559 1662 1612 in
1711 1561 2031 1631 captivitate

433 1635 753 1684 sanctorum
771 1640 1166 1713 putarem‘esse
1182 1631 1494 1713 “captivum;
1516 1647 1619 1684 nec
1637 1649 1856 1713 possem
1877 1633 2033 1713 prius

434 1717 534 1754 ora
553 1717 823 1766 reserare,
848 1701 958 1754 nisi
987 1701 1196 1772 aliquid
1217 1701 1696 1770 certiusdicerem,
1730 1703 1864 1757 dum
1882 1701 2034 1758 inter

433 1788 587 1843 spem
605 1778 664 1827 et
682 1772 1130 1844 desperationem
1140 1773 1408 1828 sollicitus
1425 1775 1662 1845 pendeo,
1680 1775 2032 1846 aliorumque

2115 443 2241 479 rum
2287 424 2536 479 omnium
2582 423 2772 476 lumen
2809 421 3147 475 exstinctum
3188 427 3290 480 est.
3325 422 3438 476 imo
3465 423 3680 479 Romani

2112 497 2332 567 imperii
2360 500 2681 567 truncatum
2699 499 2884 567 caput,
2901 498 2958 547 et
2989 495 3073 560 (ut
3089 493 3272 567 verius
3291 493 3486 558 dicam)
3512 494 3564 548 in
3585 512 3682 551 una

2111 565 2252 621 urbe
2269 573 2420 620 totus
2442 565 2590 620 orbis
2610 565 3116 626 interiit,obmutui,
3141 570 3188 618 et
3211 566 3539 618 humiliatus
3552 584 3678 631 sum,

2113 645 2160 692 et
2177 642 2314 692 silui
2328 640 2390 691 de
2413 641 2540 692 boni
2547 637 2742 705 ς(Ρ.ςαι.
2765 639 3124 699 xxxvul),etc.
3145 636 3272 690 Haec
3295 635 3680 707 Hieronymus:

2114 709 2315 780 quibus
2330 708 2806 780 signiﬁeat,paulo
2823 714 2948 780 post
2965 714 3341 777 expugnatam
3363 707 3684 774 urbem,san-

2112 777 2258 834 ctam
2281 777 2594 833 Marcellam
2608 777 2756 832 diem
2769 777 3034 831 clausisse
3051 785 3386 841 extremum,
3410 781 3563 848 cujus
3582 796 3684 832 me-

2112 852 2351 906 moriam
2382 851 2627 905 reddunt
2668 849 3052 904 ecclesiasticae
3090 848 3294 904 tabulae
3331 850 3688 905 anniversaria

2111 923 2220 984 die,
2244 923 2342 976 sed
2364 938 2474 976 non
2487 938 2592 992 qua
2617 921 2739 992 ipsa
2750 920 2904 984 obiit,
2924 937 3115 974 verum
3140 937 3250 992 qua
3283 921 3584 992 decentiori
3611 939 3688 974 se-

2109 994 2337 1064 pultura
2365 991 2590 1055 donata,
2624 991 2900 1064 translata
2921 997 3023 1052 est.
3047 991 3225 1062 pridie
3246 992 3372 1064 _Kal.
3394 991 3685 1064 Februarii,

2111 1061 2237 1118 cum
2261 1063 2707 1134 Pammachi,qui
2728 1063 2924 1116 eodem
2942 1061 3194 1134 tempore
3207 1061 3366 1134 obiit,
3376 1062 3493 1116 dies
3508 1064 3689 1118 natalis

2112 1142 2314 1206 agatur
2340 1136 2508 1188 tertio
2541 1133 2774 1188 Kalend.
2809 1133 3090 1205 Septemb.
3113 1133 3218 1206 Qui
3245 1133 3422 1206 igitur
3439 1135 3688 1206 sanguine

2112 1204 2393 1276 conjuncti
2428 1211 2608 1271 erant,
2657 1210 2714 1259 et
2749 1204 2894 1259 vitae
2919 1210 3125 1258 sanctae
3178 1204 3688 1276 institutoicollege

2112 1275 2293 1338 (ambo
2323 1276 2472 1330 enim
2503 1277 2871 1330 monasticam
2912 1277 3271 1330 excoluerant
3327 1275 3686 1347 disciplinam)

2110 1348 2280 1402 iidem
2311 1348 2572 1402 obierunt
2607 1348 2712 1401 hoc
2743 1347 2938 1402 eodem
2970 1363 3137 1401 anno.

2183 1420 2264 1473 De
2283 1420 2370 1473 his
2390 1426 2514 1490 post
2535 1425 2620 1472 tot
2638 1424 2907 1490 tantaque
2926 1418 3184 1489 superius
3214 1417 3385 1481 dicta,
3419 1418 3550 1472 illud
3571 1419 3691 1472 satis

2113 1491 2183 1544 ad
2219 1489 2509 1560 utriusque
2540 1490 2783 1556 laudem,
2816 1489 2964 1560 quod
2986 1495 3211 1543 sanctus
3245 1490 3616 1560 Hieronymus
3642 1489 3690 1544 in

2114 1562 2437 1633 praefatione
2467 1561 2533 1616 ad
2562 1561 2788 1633 eosdem
2820 1562 2878 1615 in
2908 1560 3196 1615 Danielem
3231 1579 3241 1613 :
3281 1579 3309 1612 ε(
3344 1560 3580 1633 Obsecro
3609 1561 3692 1620 (in-

2100 1642 2104 1646 ‘
2115 1631 2250 1704 quit)
2258 1650 2372 1696 vos,
2383 1634 2515 1687 Pam
2523 1632 2704 1704 machi
2717 1634 3101 1704 ezlopaOéstars
3111 1639 3186 1693 ,et
3197 1631 3690 1704 Marcella,unicum

2114 1703 2379 1758 Romanae
2411 1703 2725 1758 sanctitatis
2755 1703 3054 1773 exemplar,
3087 1705 3314 1773 junctos
3360 1703 3470 1756 fide
3498 1710 3552 1756 et
3584 1720 3692 1756 san-

2112 1775 2300 1845 guine,
2309 1781 2372 1830 ut
2391 1781 2622 1831 conatus
2643 1792 2695 1829 m
2703 1792 2796 1830 eos
2807 1775 3005 1830 vestris
3017 1773 3369 1829 orationibus
3380 1774 3469 1844 adj
3478 1774 3688 1828 uvetis.»

1303 2060 1509 2212 DE
1592 2057 2063 2214 VITIS
2145 2059 2853 2212 PATRUM

739 2324 1646 2556 LIBER
1747 2315 3397 2604 SECUNDUS,

1969 2649 2163 2712 SIVE

489 2826 1689 2999 HISTORIA
1821 2822 3618 2995 MONACHORUM

897 3093 1352 3167 AUCTORE
1401 3089 1838 3166 RUFFINO
1895 3083 2518 3174 AQUILEIENSI
2573 3084 3228 3160 PRESBYTERO.

792 3387 1573 3488 PR/ELUDIA
1649 3389 1800 3486 IN
1871 3388 2440 3486 LIBRUM
2515 3382 3327 3484 SECUNDUM.

1804 3691 2330 3832 facturi.

493 3923 683 3985 424
713 3919 852 3982 Quia
880 3917 970 3971 hic
999 3917 1110 3971 duo
1135 3920 1450 3987 sequuntur
1476 3916 1623 3984 libri,
1647 3918 1871 3973 Ruﬂino
1895 3917 1983 3972 vel
2012 3922 2240 3971 auctore
2268 3917 2354 3971 vel
2378 3916 2684 3986 interprete
2700 3915 2790 3982 (de
2812 3930 2924 3986 qua
2952 3930 3014 3969 re
3042 3913 3416 3969 disseruimus
3441 3913 3678 3980 Prolego-

421 4024 586 4063 meno
619 4007 671 4073 4,
695 4006 721 4079 §
746 4006 830 4074 10)
866 4007 1077 4078 placuit
1102 4007 1212 4074 hic,
1241 4006 1389 4077 quod
1416 4012 1472 4062 et
1502 4008 1682 4079 primo
1712 4007 1856 4063 libro
1891 4008 1949 4062 in
1981 4007 2321 4078 Hieronymo
2361 4004 2744 4077 praestitimus,
2777 4021 2843 4058 ex
2873 4004 3062 4075 magni
3089 4003 3343 4057 historici
3384 4000 3672 4057 Annalibus

421 4097 630 4152 Ruffini
661 4096 1171 4168 peregiinationem
1200 4096 1455 4166 seligere,
1492 4113 1730 4169 eamque
1758 4097 1938 4153 verbis
1969 4097 2302 4152 Baronianis
2350 4101 2680 4167 repraestare
2721 4095 2803 4166 [Ῑθ.
2845 4094 3293 4167 repraesentare].
3333 4093 3517 4149 Sicubi
3558 4089 3675 4162 quid

417 4185 733 4253 obscurum,
760 4186 848 4240 vel
875 4186 923 4241 si
951 4203 1064 4256 qua
1091 4186 1149 4240 in
1179 4202 1242 4240 re
1270 4202 1384 4241 non
1410 4186 1637 4242 omnino
1670 4187 1819 4242 inter
1846 4203 1949 4242 nos
1977 4185 2253 4253 convenit,
2294 4185 2522 4242 Notatio
2553 4191 2611 4241 et
2635 4185 2819 4240 lucem
2849 4184 3198 4251 obscuritati,
3231 4189 3288 4238 et
3319 4183 3547 4238 diversae
3574 4178 3676 4251 opi-

415 4277 661 4331 nationis
691 4275 968 4330 iationem
993 4275 1166 4330 dabit.

485 4365 631 4429 Quia
646 4381 775 4420 vero
796 4365 1070 4420 Baronius
1089 4364 1428 4419 existimavit
1447 4364 1734 4420 Ruffinum
1756 4364 2004 4424 Melaniae
2023 4363 2250 4420 haasisse
2268 4363 2451 4431 lateri,
2473 4364 2707 4435 ejusque
2727 4361 3195 4435 peregrinationis
3215 4360 3391 4416 luisse
3406 4361 3666 4423 comitem,

411 4454 708 4526 utriusque
729 4455 1208 4526 peregrinationes
1239 4455 1390 4509 velut
1422 4459 1608 4508 rotam
1637 4461 1773 4510 rotae
1805 4454 2060 4521 intexuit,
2096 4471 2198 4509 nec
2223 4471 2316 4510 eas
2341 4470 2489 4520 nunc
2517 4454 2654 4508 mihi
2683 4452 2969 4526 disparare
2988 4455 3215 4527 placuit,
3245 4458 3344 4512 sed
3374 4463 3439 4512 ut
3452 4449 3669 4511 Baronio

411 4543 613 4610 visum,
639 4560 918 4599 connexus
947 4542 1211 4608 exhibeo;
1246 4541 1351 4596 etsi
1381 4541 1539 4596 nulla
1562 4543 1816 4599 Melaniae
1841 4544 1948 4598 hoc
1973 4542 2117 4598 libro
2142 4544 2243 4600 ﬁat
2270 4542 2502 4610 mentio,
2519 4542 2618 4599 sed
2639 4543 2708 4598 de
2736 4559 2804 4598 ea
2831 4549 3024 4600 octavo
3051 4546 3281 4602 demum
3306 4545 3451 4601 libro
3479 4543 3535 4598 in
3558 4537 3668 4595 Pal-

413 4631 550 4686 ladii
578 4632 817 4688 historia
844 4633 1118 4688 Lausiaca
1149 4633 1404 4688 disertim
1429 4638 1650 4704 agatur.

482 4721 622 4776 Toto
651 4723 876 4793 quidem
911 4723 1016 4778 hoc
1042 4722 1184 4778 libro
1214 4723 1472 4778 Ruﬁinus
1503 4722 1571 4790 (si
1598 4727 1790 4778 tamen
1821 4729 2018 4778 auctor
2032 4723 2154 4794 ejus
2184 4727 2242 4778 et
2268 4738 2382 4777 non
2409 4721 2595 4794 potius
2619 4720 2900 4794 interpres
2929 4724 3028 4788 est)
3061 4741 3222 4780 suam
3252 4743 3353 4799 per
3380 4723 3663 4797 Egyptum

410 4811 924 4878 peregrinationem
953 4812 1218 4867 describit
1245 4832 1256 4866 :
1293 4818 1483 4878 Διτὸ
1508 4828 1677 4882 quam
1709 4812 1982 4867 Baronius
2013 4828 2078 4867 ex
2108 4812 2212 4866 hoc
2239 4811 2379 4866 libro
2411 4827 2524 4866 non
2549 4811 2804 4881 attingit;
2835 4812 2968 4884 quia
2990 4815 3344 4876 existimavit,
3369 4815 3494 4870 libri
3512 4812 3662 4880 hujus

413 4901 697 4951 auctorem
738 4900 906 4955 fuisse
954 4900 1270 4972 Evagrium,
1305 4901 1374 4955 de
1415 4917 1524 4972 quo
1555 4901 1719 4955 aliter
1767 4900 2126 4956 sentiendum
2171 4900 2482 4964 docuimus,
2525 4899 2831 4970 prolegom.
2865 4901 2917 4964 4,
2949 4901 2977 4974 §
3006 4901 3056 4957 5.
3097 4903 3155 4958 Si
3192 4910 3383 4958 tamen
3428 4901 3662 4957 Rufﬁnus

411 4981 538 5036 libri
563 4983 731 5054 hujus
759 4994 972 5053 auctor,
1005 4989 1513 5060 peregrinationem
1543 4990 1666 5060 ejus
1694 5005 1795 5060 per
1827 4989 2136 5061 Egyptum
2161 4995 2279 5043 toto
2311 4989 2416 5044 hoc
2446 4987 2589 5043 libro
2619 4988 2800 5060 leges;
2834 4989 2880 5043 si
2908 4989 3207 5062 interpres,
3235 4992 3444 5048 Rufﬁni
3470 4987 3656 5044 variam

414 5071 924 5141 peregrinationem
958 5094 1024 5131 ex
1052 5078 1219 5132 variis
1246 5077 1556 5144 collectam,
1587 5077 1674 5132 his
1703 5078 1985 5149 praeludiis
2017 5078 2188 5134 habes
2217 5078 2545 5150 expositam.

762 5287 1311 5385 RUFFINI
1366 5293 1512 5386 ET
1562 5293 2182 5387 MELANLE
2237 5313 2318 5392 (α)
2382 5291 3330 5387 PEREGRINATIO.

887 5443 1151 5510 Profectio
1189 5447 1523 5514 zEgyptiaca.
2087 5447 2213 5502 dira
2241 5446 2553 5518 persecutio
2583 5446 2883 5518 exagitavit
2903 5444 3190 5500 ecclesiam
3223 5441 3645 5501 Alexandrinam,

479 5527 599 5585 Hoc
627 5543 774 5586 anno
805 5528 1013 5587 Christi
1052 5529 1173 5598 372,
1217 5533 1445 5590 Damasi
1474 5551 1632 5608 papas
1666 5537 1717 5604 5,
1750 5536 2004 5594 Valentis
2083 5542 2375 5609 totamque
2405 5536 2732 5609 IEgyptum,
2763 5535 2947 5607 ipsum
2978 5535 3380 5606 Hieronymum
3404 5547 3466 5585 ex
3493 5525 3645 5598 Syriae

407 5613 543 5689 imp.
575 5613 610 5676 9
625 5634 754 5690 quo,
776 5626 840 5676 ut
870 5618 1139 5690 dicemus,
1163 5618 1424 5678 defuncto
1448 5623 1652 5696 Magno
1671 5623 1998 5695 Athanasio,
2084 5623 2384 5683 solitudine
2402 5625 2472 5682 ad
2493 5624 2781 5682 Rufﬁnum
2796 5623 3094 5696 [Egyptum
3109 5625 3467 5694 petentem,et
3478 5629 3646 5671 mona«
