3966 6184
202 340 315 397 709

1646 323 2051 384 PRIELUDIA.

3370 325 3475 385 'IlO

202 464 342 518 chos
370 461 484 516 illic
516 459 865 514 confessores
888 454 1243 520 invisentem,
1270 452 1576 525 scripsisse,
1601 453 1803 507 littera
1820 452 1868 509 A
1889 465 2015 504 rum
2040 447 2278 503 invisere
2307 442 2614 513 choros,'et
2642 449 2920 504 caelestem
2943 448 3003 504 in
3027 450 3191 504 terris
3235 451 3476 505 circum-

207 551 285 624 (b)
307 557 444 607 tunc
472 549 542 604 ab
568 566 634 604 eo
664 549 807 602 data
835 545 1172 616 significant,
1204 550 1309 598 etc.

277 640 598 696 Instituisse
625 655 755 692 vero
779 634 1058 706 ejusmodi
1089 633 1600 704 peregrinationem
1625 630 1802 685 Ruffi-

201 747 343 785 num
354 746 468 785 una
488 745 616 782 cum
635 727 875 782 Melania
891 727 1144 779 Romana
1166 722 1472 777 clarissima
1495 721 1704 775 femina
1719 721 1805 774 Je-

200 820 569 891 rosolymam,
592 817 691 871 sed
704 817 761 870 in
782 815 1046 885 ngytum
1070 813 1252 884 primo
1267 812 1338 866 ad
1358 811 1674 870 invisendos
1691 809 1803 863 ilhc

201 915 441 979 agentes
463 912 684 962 sanctos
704 904 1004 959 monachos
1049 901 1360 972 navigasse,
1403 901 1551 954 idem
1581 903 1807 954 sanctus

201 997 588 1067 Hieronymus
614 998 681 1063 (c)
704 994 774 1047 ad
795 991 1164 1056 Florentium,
1189 1006 1406 1044 necnon
1427 989 1498 1042 ad
1519 988 1806 1042 Rufﬁnum

198 1087 281 1154 (ά)
325 1084 595 1150 scribens,
627 1081 844 1137 duabus
889 1079 1137 1151 epistolis
1177 1077 1481 1133 declaravit
1531 1079 1799 1146 (Hieron,

201 1178 366 1243 epist.
415 1175 466 1239 5,
499 1175 610 1241 41),
644 1187 782 1242 quas
811 1187 875 1225 ex
925 1169 1103 1241 Syria
1143 1167 1446 1222 solitudine
1484 1166 1657 1220 dedit.
1696 1166 1805 1218 Ac-

200 1264 416 1318 cedunt
436 1262 523 1315 his
551 1261 647 1315 alii
677 1266 850 1314 testes
875 1277 887 1326 ;
929 1259 1226 1312 confirmat
1243 1257 1394 1310 enim
1415 1255 1714 1326 hocipsum
1737 1254 1806 1308 de

202 1350 661 1423 peregrinatione
679 1348 890 1402 Rufﬁni
905 1364 1032 1401 cum
1045 1345 1288 1400 Melania
1299 1350 1524 1399 sanctus
1537 1343 1806 1398 Paulinus

207 1443 277 1507 (ε)
311 1441 371 1494 in
404 1439 638 1510 epistola
669 1438 740 1492 ad
772 1439 1037 1492 Severum
1067 1438 1347 1501 (Paulin.,
1378 1435 1530 1502 epist.
1565 1433 1640 1501 9),
1674 1449 1805 1487 nec-

204 1545 324 1584 non
353 1528 640 1590 Palladius
665 1527 733 1596 (f)
760 1527 828 1580 de
849 1526 1042 1580 eadem
1066 1523 1306 1578 Melania
1325 1539 1516 1593 agens.

278 1617 540 1680 Quonam
564 1631 694 1669 vero
711 1614 1066 1686 potissimum
1095 1619 1348 1682 tempore
1379 1609 1655 1680 ejusmodi
1676 1608 1808 1664 Ruf-

205 1705 309 1762 fini
329 1722 460 1760 cum
491 1704 734 1759 Melania
762 1701 1138 1774 peregrinatio
1167 1700 1452 1766 acciderit,
1486 1699 1715 1754 diversa
1741 1715 1809 1752 ea

1884 538 1967 591 ire
2010 538 2280 592 familiam
2332 540 2525 604 (litem,
2577 542 2798 606 cpistola
2853 541 3023 606 41).»
3086 541 3154 594 Et
3202 540 3471 594 interius:

1890 646 1914 680 «
1948 628 2192 682 Rursum
2213 644 2540 699 suspensam
2557 633 2679 682 voto
2707 635 2940 683 nutante
2961 637 3226 695 mentem,
3247 630 3475 701 quidam

1883 716 2292 771 Alexandrinus
2322 718 2628 772 monachus
2666 719 2758 790 (Ic),
2803 718 2896 789 qui
2942 719 3012 772 ad
3053 719 3305 790 IEgytios
3344 735 3477 772 con-

1884 805 2138 872 fessores,
2172 812 2230 859 et
2247 807 2533 861 voluntate
2556 809 2675 877 jam
2708 817 3002 880 martyres,
3029 808 3120 878 pio
3141 808 3318 879 plebis
3333 809 3479 878 jam-

1887 894 2100 948 dudum
2129 894 2313 950 fuerat
2341 896 2704 950 transmissus
2735 896 3021 967 obscquio,
3052 897 3380 951 manifestus
3405 895 3479 949 ad

1887 982 2274 1038 credulitatem
2291 986 2473 1039 nuntii
2485 991 2680 1040 auctor
2694 987 3013 1058 impulerat.
3028 1007 3049 1037 ›
3069 987 3138 1041 Et
3152 988 3317 1056 paulo
3333 989 3473 1056 post:

1891 1088 1917 1124 (ί
1949 1072 2236 1128 Rufﬁnum
2269 1075 2462 1129 Nitria
2489 1093 2631 1139 esse,
2677 1080 2734 1130 et
2779 1077 2850 1130 ad
2897 1076 3121 1130 beatum
3170 1075 3480 1146 perrexisse

1887 1161 2214 1229 Macarium,
2245 1164 2440 1219 crebra
2466 1166 2902 1220 commeantium
2941 1169 3244 1224 multitudo
3274 1173 3478 1228 refere-

1888 1248 2002 1304 bat.
2033 1273 2057 1304 »
2087 1253 2216 1307 Hac
2238 1255 2376 1324 ipse.

1960 1340 2173 1403 Quibus
2203 1344 2465 1398 omnibus
2497 1345 2752 1400 redditur
2781 1349 3141 1406 manifestum
3184 1353 3482 1410 Melaniam

1889 1445 2014 1483 cum
2047 1431 2268 1486 Rufﬁno
2295 1433 2399 1487 hoc
2418 1451 2584 1499 anno,
2609 1438 2909 1507 superstite
2940 1440 3122 1494 adhuc
3147 1442 3478 1512 Athanasio,

1888 1519 2283 1575 Alexandriam
2315 1525 2649 1593 pervenisse,
2683 1531 2740 1579 et
2769 1534 3026 1583 sanctum
3075 1531 3484 1604 Hieronymum

1893 1609 1974 1678 (ut
2020 1609 2231 1664 dictum
2291 1616 2391 1679 est)
2445 1620 2572 1683 post
2618 1615 2910 1670 Athanasii
2968 1618 3200 1687 obitum,
3275 1623 3482 1677 excita-

1888 1702 1948 1751 ta
1997 1699 2104 1753 hoc
2148 1716 2296 1754 anno
2355 1700 2424 1754 ab
2471 1703 2694 1757 Arianis
2754 1699 3140 1774 persecutione
3189 1711 3246 1764 in
3307 1712 3483 1766 eccle-

207 1796 278 1850 de
307 1812 371 1849 re
401 1793 761 1865 reperiuntur
805 1791 1130 1857 sententia;
1179 1807 1309 1844 nam
1357 1789 1640 1843 Palladi-us
1686 1786 2033 1863 ipsoBsiam
2087 1788 2524 1844 Alexandrinam
2580 1798 2637 1846 et
2691 1793 2900 1848 incolas
2949 1798 3142 1864 eremi,
3202 1799 3352 1854 illam
3411 1801 3484 1855 ad

206 1884 439 1939 exordio
467 1881 720 1937 Valentis
748 1880 968 1952 imperii
997 1883 1066 1949 lg)
1117 1879 1172 1933 id
1214 1878 1423 1933 factum
1461 1895 1602 1944 esse,
1653 1877 1806 1931 afﬁr-

205 1989 369 2027 mare
398 1972 622 2026 videtur
651 1971 958 2038 (Palladius
997 1972 1060 2022 in
1090 1970 1364 2032 Lamiam,
1395 1985 1511 2037 cap.
1539 1967 1623 2033 33)
1651 1985 1663 2033 ;
1708 1966 1806 2020 sed

206 2061 360 2133 apud
390 2060 571 2115 sancti
596 2058 926 2130 Hieronymi
938 2057 1253 2112 Chronicon
1267 2075 1416 2112 anno
1426 2056 1641 2110 decimo
1654 2057 1808 2126 ejus-

206 2151 340 2204 dem
358 2148 719 2220 imperatoris
735 2148 854 2202 hac
869 2148 1133 2217 leguntur
1148 2164 1158 2199 :
1171 2166 1193 2197 ι
1213 2145 1452 2201 Melania
1465 2144 1811 2200 nobilissima

207 2239 517 2294 mulierum
529 2235 1307 2302 Romanarum,etMarcellini
1320 2235 1602 2305 quondam
1613 2250 1809 2289 consu-

208 2328 278 2382 lis
308 2327 430 2382 filia
460 2327 554 2398 (h),
589 2326 752 2382 unico
791 2331 1027 2398 pratore
1055 2331 1191 2379 tunc
1220 2323 1436 2379 urbano
1462 2325 1526 2392 (ί)
1563 2325 1677 2378 ﬁlio
1707 2323 1808 2377 de-

216 2417 434 2480 relicto,
467 2416 873 2486 Jerosolymam
900 2414 1197 2484 navigavit,
1233 2412 1326 2468 ubi
1349 2418 1506 2467 tanto
1535 2413 1811 2468 virtutum

210 2506 605 2578 pracipueque
634 2503 969 2558 humilitatis
1001 2502 1106 2558 fuit
1152 2501 1440 2569 miraculo,
1487 2508 1550 2556 ut
1592 2502 1809 2557 Thecla

210 2611 424 2650 nomen
451 2592 747 2666 acceperit.
769 2612 794 2644 »
829 2593 961 2647 Hac
988 2591 1095 2646 ibi:
1117 2607 1239 2663 quae
1267 2591 1632 2661 intelligenda
1652 2596 1812 2661 puta-

211 2700 360 2748 mus,
388 2699 502 2737 non
524 2699 649 2736 cum
678 2681 925 2752 primum
944 2682 1125 2734 Roma
1150 2679 1397 2751 profecta
1419 2687 1520 2745 est,
1553 2680 1650 2734 sed
1682 2695 1810 2734 cum

1892 1876 2179 1931 Ruffinum
2211 1879 2501 1949 epistolam
2529 1883 2922 1954 conscripsisse
2952 1903 3017 1940 ex
3055 1888 3227 1959 Syria
3271 1906 3479 1955 eremo,

1891 1964 1987 2020 ubi
2015 1966 2217 2036 agebat
2243 1968 2645 2038 subagrotans,
2679 1979 2783 2026 etc.

1965 2055 2143 2119 Quam
2157 2062 2343 2112 autem
2357 2059 2597 2114 diximus
2618 2063 2916 2118 Melaniam
2936 2082 3061 2120 cum
3081 2066 3303 2122 Rufﬁno
3315 2073 3486 2141 atque

1892 2144 2056 2199 sociis
2085 2152 2216 2200 ante
2247 2147 2458 2202 obitum
2491 2150 2784 2206 Athanasii
2829 2160 3040 2209 certum
3078 2172 3199 2210 esse
3244 2159 3488 2213 Alexan-

1891 2233 2071 2288 driam
2094 2253 2158 2289 ex
2180 2236 2318 2290 urbe
2337 2237 2577 2306 venisse,
2602 2256 2844 2310 quonam
2857 2244 3209 2314 potissimum
3230 2251 3486 2318 tempore

1891 2323 1948 2376 id
1979 2324 2246 2379 accidisse
2276 2328 2636 2396 putandum?
2674 2330 2731 2385 Si
2784 2332 3034 2388 Palladio
3081 2337 3485 2391 assenserimus

1892 2412 2197 2468 afﬁrmanti
2227 2415 2283 2468 id
2311 2416 2516 2471 factum
2545 2418 2691 2472 circa
2717 2421 2943 2475 exordia
2961 2423 3213 2479 Valentis
3239 2425 3482 2497 imperii,

1891 2500 2075 2572 ipsum
2106 2503 2389 2559 Ruffinum
2406 2507 2713 2577 adjungere
2733 2525 3022 2579 possemus
3041 2512 3482 2584 astipulatorem,

1892 2591 1988 2646 ubi
2005 2593 2085 2646 ait
2096 2593 2259 2647 annis
2281 2612 2376 2648 sex
2397 2597 2449 2664 (ι)
2469 2613 2528 2650 se
2547 2597 2897 2654 Alexandria
2911 2608 3318 2656 commoratum
3341 2620 3483 2670 esse,

1895 2687 1951 2734 et
1968 2688 2162 2752 postea
2189 2683 2394 2737 iterum
2423 2685 2493 2738 ad
2513 2685 2728 2757 aliquot
2747 2687 2966 2742 dierum
2991 2690 3236 2761 spatium
3259 2691 3392 2746 illuc
3404 2708 3489 2746 re-

210 2789 276 2827 ex
294 2772 541 2843 Egypto
565 2771 969 2842 Jerosolymam
984 2768 1254 2840 pervenit.
1268 2771 1414 2824 Nam
1430 2769 1578 2840 quod
1599 2772 1814 2839 spectat
1893 2786 2114 2824 versum
2138 2769 2472 2826 commorari
2493 2775 2791 2845 contigisse
2813 2778 3060 2845 (Ruf/in..
3078 2781 3141 2832 in
3165 2781 3386 2835 Hieron.
3403 2784 3490 2835 in-

211 2861 284 2916 ad
314 2861 720 2932 profectionem
749 2859 808 2913 in
837 2859 1160 2930 Egyptum,
1193 2875 1324 2913 cum
1363 2859 1539 2930 ipsius
1579 2858 1809 2923 Ruffini,
1896 2865 2025 2914 vect.
2047 2859 2119 2929 2).
2137 2861 2244 2915 Sed
2258 2862 2361 2915 hoc
2374 2878 2596 2917 rursum
2611 2865 2900 2920 dissuadet
2917 2871 2982 2920 ut
3000 2868 3311 2934 credamus,
3341 2869 3490 2941 quod

210 2971 434 3010 necnon
466 2953 701 3008 Palladii
731 2954 797 3022 lj)
823 2951 1132 3007 assertione
1168 2958 1386 3006 constet
1422 2951 1721 3006 Melaniam
1750 2967 1816 3005 ac
1898 2964 1962 3002 ex
1974 2951 2332 3020 nupercitata
2344 2951 2672 3024 Hieronymi
2694 2953 2932 3024 epistola
2950 2955 3020 3009 ad
3035 2956 3493 3012 Rufﬁnuminau—

211 3045 338 3115 ejus
358 3043 613 3105 comites,
644 3042 864 3096 vivente
890 3042 1074 3096 adhuc
1100 3041 1428 3106 Athanasio,
1450 3041 1621 3095 fuisse
1649 3042 1814 3096 Alex-
1835 3099 1875 3118 η
1899 3037 2048 3093 ditus
2075 3045 2244 3093 antea
2263 3047 2320 3094 et
2347 3040 2670 3112 inopinatus
2686 3043 2957 3098 adventus
2978 3045 3099 3114 ejus
3119 3045 3176 3100 in
3189 3046 3492 3118 Egyptum

239 3099 262 3115 .
606 3099 612 3105 ι
1419 3099 1426 3106 .
2444 3099 2462 3112 ,
3005 3099 3026 3114 ,,
3149 3099 3172 3100 η
3239 3099 3314 3118 γοα
3334 3099 3347 3117 ι

212 3133 450 3200 andria,
480 3149 646 3204 quem
676 3132 855 3202 liquet
880 3131 984 3185 hoc
1010 3131 1132 3203 ipso
1157 3147 1303 3186 anno
1331 3148 1398 3185 ex
1426 3131 1530 3185 hac
1561 3131 1673 3185 vita
1705 3131 1814 3185 mi-
1833 3099 1878 3161 δ
1900 3134 1957 3182 et
1984 3145 2152 3200 quam
2184 3129 2601 3186 recentissimus
2640 3131 2812 3186 fuisse
2855 3132 3094 3201 videtur,
3139 3139 3205 3188 ut
3232 3134 3492 3207 superius

214 3238 438 3294 grasse,
468 3222 666 3293 utique
694 3226 826 3276 ante
849 3220 1128 3275 decimum
1156 3220 1408 3274 Valentis
1446 3237 1656 3276 annum
1689 3237 1815 3275 eam
1898 3216 2105 3272 dictum
2138 3225 2241 3286 est,
2270 3225 2374 3274 etc.

212 3329 346 3367 cum
379 3311 500 3366 suis
547 3311 852 3382 Egyptum
887 3309 1192 3382 profectam
1223 3326 1362 3374 esse,
1407 3310 1815 3365 afﬁrmarene—
1967 3309 2260 3363 Barom'us.
2281 3313 2610 3378 postmulta,
2635 3326 2786 3364 anno
2803 3303 3002 3365 eodem.
3031 3344 3090 3353 -—
3121 3313 3280 3378 Quod
3301 3317 3494 3368 autem

213 3418 373 3457 cesse
398 3406 502 3456 est.
537 3400 696 3465 Quod
719 3400 870 3455 enim
893 3399 1210 3470 contigerit,
1238 3399 1358 3470 ipso
1387 3400 1604 3454 vivente
1633 3401 1816 3455 adhuc
1900 3398 1969 3452 ad
1999 3398 2222 3470 Egypti
2247 3399 2548 3454 monachos
2568 3405 2783 3471 spectat
2809 3400 3087 3456 dirissime
3108 3403 3325 3458 aLucio
3363 3419 3494 3457 exa-

215 3497 415 3545 sancto
429 3489 756 3556 Athanasio,
787 3488 1088 3544 Melaniam
1115 3488 1511 3544 Alexandriam
1540 3489 1821 3560 pervenis—
1899 3489 2105 3560 gitatos
2131 3508 2143 3556 ;
2175 3489 2452 3556 Bullinus,
2485 3489 2581 3561 qui
2608 3507 2736 3544 cum
2767 3492 3004 3550 Melania
3019 3492 3078 3546 in
3098 3493 3336 3564 Egypto
3368 3509 3496 3563 age-

217 3596 298 3646 se,
331 3579 620 3634 Palladius
649 3595 715 3633 ex
735 3595 800 3633 eo
830 3593 1123 3650 perspicue
1151 3577 1538 3633 demonstrare
1578 3577 1816 3644 videtur,
1901 3577 2017 3645 bat,
2049 3579 2168 3633 hac
2190 3579 2258 3634 de
2299 3579 2408 3634 illis
2457 3580 2793 3651 scriptorum
2838 3582 3219 3636 monumentis
3256 3581 3496 3652 posteris

216 3684 348 3724 cum
369 3666 452 3722 ait
474 3667 770 3723 Melaniam
807 3667 878 3721 ab
898 3667 1020 3738 ipso
1049 3667 1354 3721 Athanasio
1387 3667 1653 3723 donatam
1701 3682 1822 3721 esse
1903 3667 2141 3739 legenda
2157 3668 2415 3723 tradidit:
2435 3671 2686 3738 (Rufﬁn.,
2711 3673 2748 3725 ι.
2773 3685 2833 3725 II.
2859 3688 2903 3725 c.
2926 3670 2977 3737 3,
2999 3670 3049 3741 4)
3077 3691 3102 3724 ε(
3121 3671 3258 3726 Inde
3271 3675 3398 3742 post
3415 3669 3498 3724 fu-

217 3756 385 3812 ovina
417 3756 579 3828 pelle,
605 3772 773 3827 quam
797 3757 945 3811 dono
961 3760 1252 3828 acceperat
1270 3773 1304 3810 a
1330 3757 1573 3814 Macario
1598 3756 1818 3822 abbate,
1902 3775 2003 3829 gas
2033 3758 2235 3814 civium
2258 3764 2316 3814 et
2342 3759 2553 3822 exsilia,
2577 3766 2704 3831 post
2723 3761 2898 3816 cades
2932 3766 2989 3816 et
3023 3767 3307 3816 tormenta
3334 3761 3497 3815 ﬂam-

219 3847 411 3902 oblata
431 3845 538 3916 ipsi
562 3861 798 3900 munere
818 3862 853 3900 a
873 3846 1033 3900 leone
1058 3862 1160 3916 pro
1180 3846 1492 3916 gratiarum
1515 3847 1732 3901 actione
1753 3845 1823 3899 de

219 3935 425 3991 catulis
459 3935 620 3990 cacis
643 3934 713 3990 ab
741 3935 862 4007 ipso
908 3935 1018 3990 luci
1051 3937 1312 4005 redditis;
1357 3938 1516 4008 cujus
1554 3936 1636 3990 rei
1682 3937 1821 4012 adeo

223 4026 574 4081 admiranda
609 4025 864 4080 Ruﬁinus
892 4025 1184 4079 historiam
1215 4032 1428 4092 narrat,
1454 4025 1548 4096 qui
1575 4031 1634 4079 et
1655 4025 1735 4079 ait
1762 4041 1821 4078 se

220 4123 560 4188 prasentem
587 4115 758 4169 fuisse
777 4130 902 4169 cum
936 4114 1244 4185 persecutio
1264 4119 1352 4179 est
1366 4114 1524 4169 illata
1536 4114 1822 4169 monachis

222 4211 350 4278 post
363 4203 662 4261 Athanasii
684 4203 899 4259 obitum
918 4203 988 4257 ab
1004 4203 1256 4259 Arianis:
1280 4222 1306 4255 (ι
1331 4204 1412 4258 Ea
1427 4203 1594 4270 enim,
1618 4203 1819 4275 inquit,

224 4311 348 4366 qua
370 4309 619 4366 prasens
649 4293 778 4356 vidi,
814 4293 1030 4364 loquor,
1075 4298 1133 4346 et
1176 4309 1369 4347 eorum
1414 4296 1575 4363 gesta
1620 4293 1820 4359 refero,

225 4400 469 4456 quorum
490 4383 550 4438 in
571 4381 925 4454 passionibus
937 4381 1121 4436 socius
1135 4398 1256 4436 esse
1266 4383 1553 4454 promerui
1571 4384 1776 4451 (Ruf/in
1786 4424 1796 4435 .
1808 4421 1822 4449 ,

1904 3865 2135 3918 masque
2165 3847 2365 3920 quibus
2394 3849 2720 3904 innumeros
2750 3850 3081 3918 confecerat,
3125 3849 3197 3905 ad
3222 3856 3500 3905 monaste-

1903 3937 1990 3991 ria
2022 3942 2114 4005 l-m)
2136 3938 2341 3993 furoris
2364 3939 2451 3992 sui
2471 3956 2630 3993 arma
2658 3940 2948 4002 convertit,
2984 3945 3167 3995 vastat
3223 3956 3494 4004 eremum,

1905 4031 1962 4080 et
1989 4026 2135 4080 bella
2153 4027 2568 4098 quiescentibus
2588 4027 2800 4082 indicit.
2824 4029 2956 4083 Tria
2976 4029 3154 4083 millia
3181 4028 3368 4090 simul,
3402 4032 3502 4082 aut

1905 4131 1970 4169 eo
1981 4115 2222 4186 amplius
2231 4116 2376 4170 viros
2387 4134 2490 4187 per
2499 4121 2675 4171 totam
2693 4133 2948 4171 eremum
2958 4122 3173 4171 secreta
3184 4116 3503 4171 etsolitaria

1905 4203 2252 4259 habitatione
2289 4205 2570 4276 dispersos
2611 4222 2937 4276 oppugnare
2989 4205 3203 4276 pariter
3242 4205 3501 4276 aggredi-

1907 4297 2002 4346 tur
2021 4310 2032 4344 :
2049 4293 2225 4347 mittit
2241 4300 2517 4348 armatam
2531 4293 2781 4364 equitum
2795 4299 2852 4347 et
2864 4293 3113 4364 peditum
3127 4311 3358 4348 manum
3378 4293 3503 4346 :tri-

1906 4380 2106 4447 bunos,
2122 4383 2463 4454 prapositos.
2477 4389 2533 4437 et
2541 4382 2813 4436 bellorum
2829 4382 3018 4448 duces,
3032 4387 3302 4453 tanquam
3314 4382 3505 4435 adver-

227 4478 263 4528 ι.
298 4488 361 4540 ιι,
397 4489 517 4542 cap.
548 4471 627 4544 4).
660 4490 687 4524 ν
718 4473 848 4526 Hac
875 4471 1013 4542 ipse.
1048 4472 1128 4526 De
1159 4471 1356 4526 eadem
1392 4472 1637 4527 Melania
1666 4464 2006 4543 pere-Usus
2031 4470 2297 4526 barbaros
2326 4476 2695 4543 pugnaturus,
2727 4471 2898 4543 eligit.
2926 4471 3032 4536 Qui
3055 4488 3181 4526 cum
3196 4470 3500 4536 venissent,

222 4563 547 4634 grinatione
582 4562 718 4617 dum
742 4561 1024 4616 Palladius
1047 4561 1167 4631 agit
1204 4563 1437 4628 (Pallad.
1467 4564 1531 4616 in
1555 4563 1824 4630 Lamiam,

227 4669 344 4722 cap.
378 4653 434 4717 ‘2,
452 4652 692 4723 Lipom.,
718 4656 760 4705 t.
783 4651 908 4718 III),
928 4650 1009 4704 ait
1029 4666 1154 4704 eam
1178 4650 1317 4705 duce
1341 4651 1559 4706 Isidoro
1577 4668 1829 4706 eremum

228 4740 460 4813 Egypti
493 4742 782 4806 lustrasse,
813 4744 872 4794 et
897 4739 1048 4793 inter
1075 4739 1212 4793 alios
1229 4740 1417 4810 magni
1447 4740 1688 4795 nominis
1709 4758 1831 4796 mo-

229 4831 442 4884 nachos
469 4835 662 4895 420
687 4828 940 4883 invisisse
989 4827 1350 4894 Pambonem,
1399 4829 1692 4901 eidemque
1730 4847 1831 4901 pro

232 4919 642 4974 monachorum
678 4935 782 4973 usu
812 4919 1048 4972 donasse
1080 4923 1360 4972 trecentas
1387 4917 1559 4972 libras
1588 4919 1827 4990 argenti.

307 5008 451 5062 Cum
484 5014 672 5062 autem
705 5007 872 5079 (quod
906 5007 1162 5073 diximus)
1192 5013 1325 5061 tunc
1353 5007 1652 5076 contigerit
1696 5008 1830 5062 Hie-

232 5113 537 5168 ronymum
557 5114 680 5151 eam
701 5095 997 5167 epistolam
1026 5095 1267 5150 scribere
1287 5095 1357 5150 ad
1378 5095 1684 5162 Rufﬁnum,
1703 5113 1830 5151 cum

231 5186 331 5240 ille
360 5185 625 5240 inviseret
653 5185 954 5239 monachos
983 5185 1370 5256 persecutione
1399 5191 1625 5239 vexatos
1667 5185 1832 5256 (quod

233 5273 344 5327 hoc
371 5273 494 5343 ipso
514 5289 661 5326 anno
679 5273 889 5328 factum
911 5279 998 5328 est
1022 5279 1150 5344 post
1163 5271 1378 5326 obitum
1419 5272 1735 5337 Athanasii,
1765 5274 1835 5327 de

235 5378 351 5432 quo
379 5362 546 5433 paulo
575 5369 703 5432 post
721 5362 922 5416 dicturi
943 5366 1157 5430 sumus)
1189 5361 1588 5416 affirmandum
1615 5361 1838 5416 videtur

235 5451 348 5504 hoc
365 5451 561 5504 eodem
583 5467 804 5522 quoque
827 5467 975 5506 anno
989 5469 1022 5505 a
1041 5457 1234 5506 sancto
1258 5451 1599 5522 Hieronymo
1620 5451 1690 5505 ad
1707 5451 1838 5506 Ruf-

237 5541 424 5594 finum
450 5556 546 5594 eas
571 5539 789 5594 litteras
816 5539 978 5594 datas
1007 5556 1147 5608 esse,
1182 5539 1277 5594 ubi
1309 5540 1458 5594 inter
1483 5539 1627 5594 alia:
1665 5559 1689 5593 ι
1727 5542 1837 5597 Au-

235 5627 335 5683 dio
362 5634 438 5696 te,
471 5627 672 5702 inquit,
691 5627 917 5702 Egypti
940 5634 1157 5685 secreta
1181 5633 1498 5702 penetrare,
1529 5629 1836 5685 monacho-

1913 4576 2113 4615 novam
2139 4560 2272 4615 belli
2299 4561 2541 4632 speciem
2568 4560 2777 4626 vident,
2809 4561 2999 4616 hostes
3029 4577 3159 4615 suos
3187 4560 3373 4630 gladio
3404 4557 3504 4613 ob-

1909 4650 2122 4719 jectare
2151 4651 2409 4715 cervices,
2443 4656 2499 4704 et
2518 4650 2658 4704 nihil
2685 4650 2836 4706 aliud
2863 4650 3064 4716 dicere,
3097 4649 3206 4703 nisi
3230 4664 3240 4697 :
3289 4648 3500 4713 Amice,

1916 4737 1986 4791 ad
2017 4738 2151 4808 quid
2167 4738 2365 4792 venisti
2387 4738 2411 4791 ?
2431 4739 2539 4792 Per
2566 4738 2621 4792 id
2643 4743 2864 4810 tempus
2894 4744 3080 4809 patres
3101 4737 3506 4792 monachorum

1919 4831 2014 4894 (n),
2050 4827 2174 4883 vita
2193 4833 2250 4882 et
2277 4827 2631 4898 antiquitatis
2652 4828 2873 4888 merito,
2909 4826 3204 4893 Macarius,
3236 4827 3502 4894 Isidorus,

1915 4915 2170 4987 aliusque
2209 4917 2489 4981 \lacarius,
2524 4922 2692 4987 atque
2711 4915 3031 4970 Heraclides
3053 4921 3109 4970 et
3137 4916 3378 4971 Pambus
3396 4917 3508 4970 An-

1914 5005 2054 5059 tonii
2084 5005 2338 5076 discipuli
2375 5023 2475 5076 per
2504 5006 2826 5076 zEgyptum,
2860 5010 2918 5058 et
2936 5006 3174 5059 maxime
3211 5005 3270 5060 in
3312 5005 3510 5060 Nitriae

1914 5095 2119 5149 deserti
2159 5095 2413 5166 partibus
2458 5093 2809 5148 habebantur
2850 5093 2970 5160 viri,
3022 5093 3117 5164 qui
3166 5095 3508 5149 consortium

1916 5183 2039 5238 vita
2068 5189 2124 5238 et
2142 5192 2368 5238 actuum
2390 5200 2500 5237 non
2516 5200 2641 5237 cum
2663 5183 2878 5237 cateris
2895 5183 3244 5244 mortalibus,
3262 5185 3359 5239 sed
3379 5201 3507 5238 cum

1918 5273 2174 5344 supernis
2207 5273 2420 5344 angelis
2449 5271 2653 5326 habere
2682 5271 3075 5331 credebantur.
3102 5274 3235 5338 Qua
3264 5290 3507 5345 praesens

1918 5363 2049 5428 vidi,
2081 5363 2280 5434 loqucr
2304 5380 2316 5428 ;
2341 5367 2398 5416 et
2420 5377 2613 5415 eorum
2637 5367 2797 5432 gesta
2820 5361 3018 5427 refero,
3040 5379 3278 5433 quorum
3308 5363 3366 5416 in
3389 5378 3511 5432 pas-

1919 5450 2168 5506 sionibus
2191 5450 2374 5504 socius
2394 5467 2515 5504 esse
2545 5451 2850 5522 promerui.
2893 5471 2914 5503 ι
2951 5451 3018 5506 Et
3057 5451 3114 5505 in
3153 5451 3391 5523 epistola
3434 5447 3507 5502 ad

1916 5538 2277 5597 Anastasium
2297 5539 2615 5596 Romanum
2633 5539 2955 5612 pontiﬁcem
2983 5531 3099 5596 hac
3125 5541 3263 5596 item
3280 5555 3338 5594 se
3385 5552 3511 5611 pas-

1917 5646 2044 5687 sum
2068 5645 2191 5687 esse
2217 5626 2512 5701 gloriatur,
2535 5643 2664 5687 cum
2689 5627 2803 5686 ait:
2831 5643 2858 5684 α
2889 5627 3153 5692 Quamvis
3171 5625 3346 5699 igitur
3371 5618 3511 5682 fides
