3892 6182
465 326 566 382 711

1473 318 1566 373 DE
1602 316 1793 373 VITIS
1837 315 2134 372 PATRUM
2168 314 2383 370 LIBER
2419 314 2711 370 PRIMUS.

3584 319 3666 375 7l2

462 455 655 505 nostra
677 443 1077 519 persecutionis
1105 442 1494 498 haereticorum
1531 448 1806 514 tempore,
1847 458 1975 496 cum
1999 441 2057 495 in
2075 445 2123 502 Α
2143 441 2203 495 in
2231 439 2526 505 latebram,
2559 440 2654 511 qui
2691 445 2922 510 propter
2941 437 3224 509 insignem
3252 438 3406 492 ﬁdem
3435 446 3483 494 et
3503 445 3667 513 majori

465 545 659 594 sancta
686 533 1063 590 Alexandrina
1092 532 1336 586 Ecclesia
1363 532 1714 602 degeremus.
1740 532 1800 585 in
1829 531 2062 586 carceri-

465 627 568 681 bus
599 626 737 679 etin
763 622 990 687 exsiliis,
1017 638 1138 692 quae
1155 638 1254 692 pro
1276 621 1386 674 ﬁde
1405 620 1806 676 inferebantur.
1826 619 2062 690 probata

463 716 556 777 sit,
585 721 775 768 tamen
807 718 863 765 et
890 727 1038 765 nunc
1067 711 1113 763 si
1143 709 1267 780 quis
1297 716 1383 764 est
1408 711 1504 780 qui
1534 710 1619 764 vel
1648 715 1869 764 tentare
1892 709 2061 763 ﬁdem

463 809 713 858 nostram
739 801 947 871 cupiat,
981 799 1137 864 sciat,
1171 805 1276 852 etc.

531 894 607 946 At
634 891 753 945 haec
772 891 840 945 de
857 907 914 945 se
941 906 1161 943 summa
1184 889 1458 959 jactantia
1478 887 1548 940 ab
1563 888 1684 958 ipso
1699 887 1924 942 Ruﬂino
1940 902 2060 940 esse

461 987 798 1045 commenta,
832 979 1103 1033 exclamat
1129 982 1354 1032 sanctus
1395 977 1785 1048 Hieronymus.
1819 992 1946 1030 cum
1971 975 2059 1027 his

462 1070 712 1124 recitatis
742 1069 918 1139 ipsius
947 1067 1147 1132 verbis,
1189 1067 1268 1120 sic
1299 1065 1489 1120 subdit
1513 1084 1523 1118 :
1569 1066 1742 1120 Miror
1770 1065 1917 1136 quod
1947 1079 2060 1117 non

461 1159 751 1230 adjecerit,
788 1160 1006 1211 Vinctus
1032 1159 1156 1210 Jas-u
1180 1157 1388 1210 Chr-isti
1402 1173 1415 1217 ;
1439 1160 1518 1208 et:
1548 1156 1828 1208 Liberatus
1847 1170 1972 1207 sum
1997 1153 2060 1205 de

462 1265 552 1302 ore
580 1251 788 1311 leonis;
822 1252 904 1299 et:
941 1246 1290 1299 Alexandria
1317 1245 1391 1297 ad
1420 1245 1612 1296 bestias
1639 1245 1890 1311 pugnavi
1921 1259 1934 1306 ;
1971 1247 2053 1294 et:

464 1337 703 1390 Cursum
718 1335 1114 1398 consummavi,
1136 1333 1521 1398 ﬁdemservari
1537 1349 1549 1392 ;
1573 1335 1812 1397 superest
1825 1330 1966 1382 mihi
1979 1345 2060 1381 co-

463 1440 607 1478 rona
625 1426 879 1492 justitia'.
910 1421 1043 1484 Qua;
1064 1425 1248 1484 ινιτ
1286 1419 1516 1483 malum,
1541 1418 1753 1484 exsilia,
1787 1433 1926 1487 quos
1955 1417 2059 1470 iste

463 1529 714 1567 carceres
747 1510 1036 1564 nominat?
1057 1509 1238 1562 Pudet
1268 1524 1357 1560 me
1386 1506 1726 1578 apertissimi
1757 1505 2054 1570 mendacii,

465 1601 626 1672 quasi
649 1615 898 1654 carceres
925 1602 982 1651 et
1011 1597 1204 1651 exsilia
1233 1595 1443 1666 absque
1468 1595 1721 1665 judicum
1765 1593 2060 1648 sententiis

461 1690 804 1759 irrogentur.
829 1687 968 1741 Volo
999 1693 1192 1740 tamen
1218 1685 1336 1756 ipse
1365 1685 1508 1737 scire
1534 1699 1806 1749 carceres,
1839 1689 1896 1736 et
1919 1699 2059 1752 qua-

2142 530 2530 584 hzereticorum
2579 529 2706 582 odio
2754 526 3184 589 infestabantur,
3232 533 3287 580 et
3330 529 3668 586 occultantium

2141 617 2520 688 tangebantur
2547 617 2772 682 invidia,
2805 617 2964 686 gravi
2991 623 3124 670 tunc
3155 615 3411 670 seditione
3433 618 3670 673 diabolicis

2142 707 2354 761 facibus
2384 707 2754 771 inﬂammata,
2789 705 2948 776 quasi
2991 710 3186 758 contra
3219 704 3393 775 legem
3439 707 3668 776 publicam

2143 803 2461 860 contumax,
2494 795 2745 866 protrahi
2765 810 2830 847 ac
2855 794 2970 864 pati
2987 794 3144 863 jussa
3178 799 3262 846 est
3288 810 3402 863 quae
3439 795 3548 848 illos
3578 813 3672 849 ma-

2142 884 2370 946 nebant,
2402 883 2511 938 nisi
2533 883 2771 954 prodere
2795 883 3107 936 maluisset.
3132 882 3398 937 Processit
3423 883 3672 954 impavide,

2142 973 2345 1044 cupida
2399 973 2693 1044 passionis,
2747 977 2804 1025 et
2857 972 3067 1040 injuria
3118 970 3491 1042 publicationis
3532 975 3677 1027 exsul-

2141 1070 2289 1126 tans,
2343 1061 2598 1133 quamvis
2646 1077 2757 1114 non
2815 1065 3193 1130 exspectasset
3234 1061 3394 1124 trahi,
3447 1067 3678 1116 tracturos

2143 1151 2467 1206 antevolans
2496 1151 2566 1204 ad
2604 1149 2885 1220 judicem;
2934 1149 3028 1218 qui
3075 1149 3332 1202 confusus
3375 1150 3680 1204 veneratione

2142 1241 2453 1312 praesentis,
2486 1256 2598 1293 non
2620 1244 2915 1292 exsecutus
2945 1243 3030 1291 est
3057 1237 3396 1291 inﬁdelitatis
3415 1237 3680 1303 iram,dum

2142 1329 2272 1383 ﬁdei
2302 1329 2542 1382 miratur
2566 1327 2879 1381 audaciam.

2217 1437 2238 1467 ι
2271 1417 2479 1471 Eadem
2509 1423 2845 1486 tempestate
2877 1432 2977 1486 per
3005 1415 3257 1470 triduum
3285 1415 3512 1486 quinque
3539 1416 3681 1468 millia

2142 1506 2545 1559 monachorum
2572 1505 2869 1559 latentium
2889 1504 3127 1576 panibus
3164 1505 3280 1558 suis
3323 1504 3466 1575 pavit
3505 1505 3678 1570 (Matth.

2141 1609 2266 1661 xxv;
2299 1595 2471 1648 Marc.
2501 1608 2584 1659 v1;
2623 1595 2769 1648 Luca:
2800 1596 2910 1660 Ix):
2954 1599 3019 1647 ut
3054 1609 3155 1664 per
3191 1594 3312 1662 ejus
3362 1608 3567 1645 manum
3604 1592 3683 1646 ite-

2141 1699 2268 1737 rum
2295 1682 2566 1736 Dominus
2593 1683 2754 1736 Jesus
2783 1682 3083 1752 pristinum
3110 1698 3405 1736 numerum
3424 1681 3477 1734 in
3499 1681 3681 1734 deserto

461 1795 589 1833 rum
623 1777 1036 1850 provinciarum
1063 1792 1124 1829 se
1168 1775 1318 1828 dicat
1353 1773 1547 1827 exsilia
1589 1771 1941 1826 sustinuisse.
1995 1760 2414 1843 Ethasceret,
2435 1776 2592 1825 tanto
2615 1771 2842 1842 quidem
2873 1787 3020 1825 nunc
3049 1771 3374 1842 impension
3411 1771 3679 1834 clementia,

462 1867 660 1938 utique
673 1866 844 1919 habet
859 1865 1076 1935 copiam
1094 1863 1162 1916 de
1191 1861 1382 1915 multis
1398 1860 1713 1915 carceribus
1738 1861 1795 1913 in
1825 1858 2060 1913 infinitis

464 1955 671 2010 exsiliis
702 1971 878 2009 unum
909 1941 1135 2022 aliquod
1164 1949 1510 2004 nominandi.
1541 1949 1750 2002 Prodat
1762 1947 1922 2002 nobis
1935 1963 2062 2000 con-

462 2043 720 2099 fessionis
747 2059 863 2096 suae
888 2043 1046 2106 Acta,
1092 2056 1214 2110 quae
1255 2040 1546 2109 hucusque
1600 2036 1949 2098 nescivimus,
1998 2041 2063 2089 ut

459 2133 608 2188 inter
627 2132 767 2186 alios
793 2129 1142 2185 Alexandriae
1164 2136 1441 2199 martyres
1462 2127 1629 2197 hujus
1654 2142 1876 2196 quoque
1903 2129 2063 2195 gesta

460 2221 779 2284 recitemus,
814 2225 868 2273 et
893 2224 1089 2273 contra
1115 2218 1414 2271 latratores
1440 2232 1570 2270 suos
1611 2214 1790 2286 possit
1834 2213 2055 2267 dicere:

460 2311 542 2365 De
566 2315 767 2364 caetero
798 2324 964 2362 nemo
995 2306 1132 2359 mihi
1167 2306 1435 2359 molestus
1479 2304 1571 2368 sit,
1614 2320 1716 2373 ego
1771 2302 1918 2356 enim
1966 2301 2062 2355 sti-

459 2405 652 2470 gmata
682 2397 905 2452 Domini
936 2395 1114 2449 nostri
1140 2395 1273 2448 Jesu
1303 2393 1515 2447 Christi
1554 2392 1613 2445 in
1643 2407 1874 2462 corpore
1935 2407 2060 2444 meo

459 2494 622 2558 porto
655 2487 792 2554 (Gal.
817 2490 912 2553 v1).
946 2485 1076 2538 Haec
1105 2482 1480 2552 Hieronymus
1507 2480 1776 2551 (Apolog.,
1811 2481 1904 2533 lib.
1939 2482 2023 2547 Il).

533 2577 697 2629 Certe
713 2573 939 2644 quidem
955 2571 1194 2626 Melania
1225 2569 1537 2624 clarissima
1555 2567 1781 2631 femina,
1815 2567 2058 2622 consulis

459 2663 769 2719 Marcellini
794 2661 979 2732 neptis
1009 2662 1098 2729 (ο),
1129 2659 1362 2729 antiqua
1387 2656 1679 2712 nobilitate
1706 2662 1763 2710 et
1791 2656 1891 2710 ﬁlii
1921 2673 2058 2726 prae-

458 2751 684 2806 fectura:
714 2750 940 2805 urbanae
971 2754 1068 2818 (ρ),
1103 2748 1436 2818 magistratu
1484 2751 1600 2799 toto
1641 2746 1892 2800 Romano
1937 2743 2058 2798 orbi

459 2841 774 2903 notissima,
791 2839 939 2910 apud
952 2854 1119 2909 quam
1146 2837 1390 2908 primum
1419 2835 1601 2889 locum
1632 2834 1889 2888 Rufﬁnus
1919 2831 2059 2887 obti-

460 2929 649 2995 nebat,
683 2929 938 2983 omnium
969 2925 1379 2998 praefectorum,
1408 2927 1757 2994 quocumque
1779 2926 2052 2993 pergeret,

459 3016 926 3090 frequentabatur
954 3014 1235 3085 obsequiis
1269 3032 1282 3079 ;
1315 3018 1650 3083 tantumque
1671 3010 1850 3065 abfuit
1878 3016 1942 3064 ut
1971 3009 2057 3064 vel

2143 1865 2352 1931 quanto
2383 1859 2585 1914 minori
2611 1859 2838 1914 licentia
2865 1859 3195 1914 fovebantur
3223 1859 3433 1923 occulti,
3457 1875 3603 1929 quam
3621 1857 3683 1910 illi

2144 1949 2447 2019 quondam,
2483 1948 2578 2019 qui
2603 1948 2674 2002 ad
2699 1949 3002 2002 Dominum
3028 1948 3341 2002 voluntarie
3372 1947 3427 2001 in
3470 1946 3685 2000 libertate

2144 2043 2201 2093 et
2223 2055 2358 2110 pace
2379 2043 2774 2092 convenerant.
2817 2039 2926 2093 Sed
2946 2039 3063 2093 hzec
3082 2055 3185 2092 nec
3203 2037 3398 2091 timida
3428 2035 3686 2107 deprehen-

2143 2127 2220 2192 di,
2254 2127 2614 2181 interdictum
2647 2144 2842 2182 secura
2885 2126 3168 2198 praebebat
3207 2126 3464 2191 officium,
3485 2141 3574 2178 nec
3618 2141 3688 2177 vo-

2142 2215 2265 2270 lens
2292 2216 2474 2286 gloria
2501 2217 2842 2288 operationis
2873 2216 3116 2287 agnosci,
3159 2221 3350 2270 tamen
3395 2213 3562 2285 operis
3599 2229 3687 2264 ma-

2142 2303 2437 2375 gnitudine
2462 2304 2821 2376 prodebatur,
2846 2305 3082 2358 totidem
3113 2304 3264 2375 apud
3307 2303 3546 2357 homines
3569 2300 3690 2355 testi-

2145 2393 2348 2447 moniis
2371 2393 2633 2463 gloriosa,
2667 2399 2806 2464 quot
2829 2394 3023 2465 pastis,
3056 2394 3172 2448 Deo
3203 2393 3419 2447 conscio
3463 2392 3686 2457 (Paulin.,

2145 2485 2300 2551 epist.
2340 2481 2444 2550 10).
2483 2503 2507 2534 ι)
2560 2483 2689 2536 Haec
2735 2483 3023 2550 Paulinus,
3068 2482 3311 2535 miriﬁca
3350 2477 3689 2552 praedicatione

2142 2577 2260 2625 tam
2291 2571 2518 2640 egregia
2546 2571 2691 2625 facta
2707 2571 3014 2636 celebrans,
3040 2587 3162 2640 quae
3195 2587 3330 2624 sane
3357 2575 3504 2638 gesta
3531 2565 3690 2620 essein

2139 2662 2378 2730 Egypto
2411 2661 2497 2728 (ς),
2529 2676 2641 2714 non
2665 2666 2853 2715 autem
2884 2660 2941 2713 in
2971 2659 3290 2724 Palaestina,
3342 2655 3472 2710 illud
3505 2669 3692 2726 persua-

2140 2750 2252 2811 det,
2287 2749 2435 2819 quod
2458 2748 2656 2803 nullibi
2670 2755 2786 2802 tam
2811 2749 3008 2818 ingens
3034 2763 3306 2800 numerus
3339 2743 3690 2798 monachorum

2141 2837 2309 2890 simul
2337 2837 2694 2891 collectorum
2733 2836 2841 2890 nisi
2885 2837 2942 2890 in
2986 2835 3236 2906 [Egypto
3277 2833 3443 2887 fuerit
3475 2827 3686 2900 reperiri.

2142 2925 2408 2982 Mansisse
2436 2925 2662 2996 quidem
2692 2925 2874 2996 ipsam
2899 2925 3201 2978 Melaniam
3233 2923 3292 2977 in
3322 2923 3544 2992 zEgypto
3572 2933 3693 2970 men-

2141 3013 2293 3068 sibus
2318 3021 2441 3068 octo
2475 3017 2556 3081 (t),
2605 3014 2890 3068 Palladius
2912 3013 3075 3066 docet
3124 3013 3449 3079 (Palladius,
3492 3012 3547 3061 in
3585 3007 3694 3059 Lau-

457 3107 566 3179 ipsi
597 3107 682 3160 vel
710 3105 876 3159 alicui
893 3105 1092 3174 exejus
1105 3102 1317 3157 familia
1336 3101 1586 3168 irrogata
1607 3100 1801 3154 exsilia
1823 3099 2050 3162 fuerint,
2075 3105 2295 3174 Csiac.,
2328 3117 2446 3171 cap.
2481 3100 2586 3172 33).
2624 3103 2798 3156 Porro
2828 3101 2897 3156 ab
2925 3101 3012 3155 his
3029 3101 3256 3154 diversa
3284 3115 3403 3153 esse
3431 3099 3694 3151 noscuntur

460 3196 609 3268 quod
639 3194 896 3249 Ruffmus
909 3194 1106 3263 jactat,
1142 3197 1207 3246 ut
1226 3191 1396 3244 etiam
1417 3189 1511 3260 qui
1526 3188 1972 3260 persecutionem
1993 3188 2057 3241 ﬁ-

459 3284 549 3339 dei
579 3300 748 3338 causa
776 3287 1123 3354 paterentur,
1146 3280 1217 3334 ad
1240 3279 1419 3350 ipsam
1446 3284 1718 3348 tanquam
1747 3276 1818 3330 ad
1838 3277 2057 3347 asylum

459 3373 845 3444 confugerent,
879 3371 949 3424 ab
978 3370 1287 3440 eademque
1315 3368 1532 3438 pariter
1559 3367 1616 3420 in
1664 3371 1789 3420 tuto
1827 3365 2058 3419 colloca-

425 3467 428 3470 ί
456 3468 674 3526 rentur,
709 3466 878 3531 atque
903 3460 1073 3514 etiam
1119 3458 1424 3523 alerentur,
1458 3461 1523 3510 ut
1560 3471 1684 3526 quae
1726 3455 1794 3508 de
1834 3470 1901 3507 ea
1935 3470 2060 3524 pro-

457 3551 609 3606 xime
639 3549 843 3604 dicturi
871 3563 1233 3615 sumus,cum
1263 3546 1383 3617 ipsa
1405 3544 1675 3616 processit
1692 3544 1763 3598 ad
1785 3542 2054 3613 judicem,

459 3639 629 3694 fidem
657 3644 868 3693 certam
898 3637 1128 3691 faciunt.
1162 3637 1237 3689 At
1275 3651 1375 3689 cur
1420 3633 1698 3699 Rufﬁnus,
1743 3632 1889 3686 sicut
1927 3632 2061 3685 alio-

457 3746 605 3793 rum,
638 3744 751 3782 non
783 3726 954 3781 etiam
977 3741 1136 3780 suam
1155 3723 1436 3778 recensuit
1455 3721 1856 3776 confessionem
1877 3737 2060 3775 exem-

457 3817 551 3888 plo
581 3815 741 3870 Pauli
771 3813 1046 3886 apostoli?
1077 3812 1223 3883 quod
1255 3809 1566 3882 praesertim
1597 3808 1764 3863 sciret
1787 3825 1908 3863 rem
1938 3814 2060 3863 tan-

458 3910 575 3958 tam
597 3903 747 3958 haud
772 3902 840 3956 ab
863 3900 1197 3956 adversariis
1213 3899 1370 3953 facile
1397 3903 1578 3952 ratam
1604 3897 1721 3951 fore
1741 3897 2056 3952 habendam

460 3993 671 4065 absque
695 3992 884 4062 aliqua
912 3989 1138 4044 certiori
1159 3986 1504 4060 probationis
1534 3987 1660 4052 ﬁde,
1697 4003 1822 4040 cum
1846 3985 2056 4056 alioqui

458 4082 698 4136 aliorum
728 4079 1103 4135 confessiones
1133 4077 1272 4131 adeo
1305 4081 1496 4130 exacte
1529 4077 1601 4144 (ιι)
1626 4073 1948 4128 describat?

529 4169 588 4225 Si
618 4185 730 4240 qua
756 4175 946 4222 tamen
991 4172 1127 4220 tunc
1181 4164 1532 4220 Alexandriae
1572 4163 1807 4234 contigit
1844 4162 2053 4218 Rufﬁni

458 4257 750 4322 confessio,
793 4274 861 4311 ea
891 4263 1114 4311 tantum
1162 4255 1335 4309 fuisse
1381 4253 1735 4308 existimatur
1781 4253 1879 4324 (ν),
1925 4269 2054 4307 cum

458 4353 758 4421 provocata
781 4345 1023 4400 Melania
1037 4344 1107 4398 ad
1125 4343 1422 4414 judicium,
1448 4341 1596 4413 quod
1618 4341 1828 4396 faveret
1855 4341 2056 4396 Ortho-

2141 3207 2264 3262 quae
2293 3191 2361 3245 de
2390 3192 2642 3261 ejusdem
2675 3191 2929 3246 Melaniae
2959 3189 3173 3255 officiis,
3206 3189 3405 3261 quibus
3436 3189 3690 3257 prosecuta

2141 3286 2226 3334 est
2253 3279 2311 3333 in
2340 3281 2623 3335 Palestina
2651 3281 2929 3351 relegatos
2964 3281 3334 3344 contessores,
3367 3277 3508 3331 idem
3550 3272 3696 3326 Palla-

2141 3369 2267 3422 dius
2296 3369 2488 3436 tradit,
2520 3387 2642 3440 quae
2663 3370 2829 3440 paulo
2857 3376 2984 3440 post
3006 3368 3295 3422 narraturi
3313 3373 3494 3432 ιιςδ
3513 3377 3690 3417 sumus.

2141 3457 2215 3511 Ut
2251 3464 2441 3512 autem
2481 3464 2598 3512 tam
2621 3459 2837 3528 ingenti
2869 3474 3054 3528 opere,
3087 3457 3146 3510 in
3177 3453 3517 3510 occultandis
3551 3455 3690 3518 atque

2142 3547 2434 3616 pascendis
2455 3547 2742 3601 monachis
2762 3546 3008 3618 quinque
3025 3545 3279 3600 millibus
3308 3545 3364 3598 in
3390 3543 3608 3602 deserto,
3628 3551 3694 3588 ve-

2142 3634 2246 3689 luti
2275 3635 2629 3690 contumeliis
2658 3641 2986 3706 provocatus
3027 3633 3346 3704 praefectus,
3396 3630 3561 3686 libens
3597 3626 3693 3695 ejus

2140 3724 2598 3794 responsionibus
2625 3724 2871 3790 cesserit,
2915 3739 3138 3778 summa
3173 3723 3400 3777 feminae
3441 3713 3690 3775 claritudo,

2143 3829 2264 3882 quae
2283 3813 2432 3883 apud
2465 3813 2654 3867 hostes
2669 3829 2892 3884 quoque
2919 3811 3297 3866 reverentiam
3342 3809 3445 3864 sibi
3478 3801 3695 3860 concilia-

2140 3899 2253 3967 bat,
2285 3901 2345 3955 in
2373 3917 2542 3956 causa
2568 3901 2694 3956 fuit.
2729 3902 2863 3954 Erat
2882 3901 3108 3971 quidem
3135 3899 3392 3954 Melaniae
3419 3909 3603 3951 nomen
3629 3892 3694 3955 (ut

2137 3989 2349 4044 dictum
2379 3995 2484 4056 est)
2515 4007 2627 4044 non
2658 3992 2848 4044 Romae
2868 3995 3108 4054 tantum,
3134 3989 3238 4043 sed
3257 3987 3461 4058 ubique
3482 3985 3693 4038 locorum

2135 4077 2375 4132 Romani
2390 4079 2610 4150 imperii
2632 4079 2938 4150 cognitum,
2955 4083 3123 4148 atque
3135 4076 3194 4130 in
3207 4078 3422 4132 honore
3456 4071 3691 4132 habitum,

2136 4171 2257 4221 tum
2289 4167 2581 4223 nobilitate
2617 4169 2858 4238 generis,
2889 4172 3010 4221 tum
3049 4166 3291 4236 egregie
3338 4162 3548 4236 pietatis
3583 4172 3693 4229 prae-

2137 4255 2380 4324 stantia;
2404 4257 2473 4312 de
2491 4273 2602 4328 qua
2629 4257 2746 4312 haec
2769 4257 2919 4311 idem
2944 4255 3230 4327 quisupra
3245 4253 3528 4308 Paulinus:
3559 4267 3582 4299 α
3608 4249 3695 4300 Mu-

2136 4343 2240 4397 lier
2265 4345 2494 4400 celsiore
2512 4346 2690 4416 gradu
2707 4345 2778 4399 ad
2797 4343 3131 4399 humilitatis
3146 4343 3362 4398 cultum
3389 4341 3455 4396 ob
3482 4348 3692 4392 amorem

457 4437 634 4502 doxis,
665 4435 786 4505 ipse
807 4439 1037 4504 putetur
1057 4447 1181 4485 eam
1211 4430 1510 4486 comitatus
1527 4447 1674 4484 esse:
1709 4429 1805 4484 sed
1821 4425 2120 4486 dimissaD
2139 4432 2347 4488 Christi
2377 4434 2591 4504 dejecta
2619 4433 2954 4500 sublimiter,
2987 4438 3051 4487 ut
3079 4433 3228 4487 viros
3257 4431 3476 4486 desides
3501 4429 3553 4482 in
3573 4423 3696 4479 inﬁr-

456 4527 554 4581 illa
585 4522 936 4596 quantocius,
971 4521 1165 4590 utique
1193 4525 1246 4574 et
1273 4519 1369 4590 qui
1387 4535 1515 4573 cum
1532 4535 1599 4574 ea
1627 4523 1806 4585 erant,
1839 4519 2056 4573 rediere

457 4615 707 4670 domum.
743 4610 852 4668 Sed
881 4610 950 4664 de
980 4609 1067 4662 his
1097 4608 1254 4662 satis.

529 4704 822 4766 Baronius,
853 4701 1022 4769 paulo
1047 4701 1164 4766 post
1196 4711 1345 4749 anno
1395 4696 1596 4750 eodem.
1644 4728 1707 4741 -
1749 4695 1858 4749 Sed
1908 4695 2057 4766 quod

457 4791 680 4845 silentio
709 4789 966 4844 Rufﬁnus
995 4785 1280 4858 praeteriit,
1329 4783 1562 4854 dignum
1605 4784 1876 4837 memoria
1923 4790 2058 4840 tunc

461 4877 708 4933 ofﬁcium
735 4877 1042 4932 exhibitum
1069 4892 1103 4929 a
1133 4873 1373 4928 Melania
1410 4871 1758 4926 nobilissima
1800 4871 2056 4928 Romana

461 4965 688 5032 femina,
717 4965 805 5019 his
832 4982 898 5019 ex
926 4964 1160 5020 Paulino
1179 4965 1487 5034 jungamus
1510 4979 1523 5028 ;
1550 4959 1801 5015 scribens
1817 4961 1967 5014 enim
1984 4963 2056 5017 ad

463 5055 749 5120 Severum,
779 5054 928 5108 inter
956 5055 1067 5108 alia
1092 5053 1262 5125 digna
1294 5050 1571 5124 praeconia
1603 5050 1932 5106 Christianae
1980 5051 2056 5106 fe-

462 5141 629 5198 minae
659 5141 965 5195 consularis
994 5143 1110 5198 haec
1137 5141 1307 5196 habet
1331 5159 1342 5194 :

536 5251 559 5282 α
594 5230 866 5300 Tempore
898 5229 993 5284 illo
1021 5231 1290 5296 Valentis,
1326 5229 1549 5300 quando
1604 5229 1906 5283 Ecclesiam
1952 5229 2054 5283 Dei

460 5319 570 5374 vivi
600 5317 756 5374 furor
781 5317 1139 5385 Arianorum,
1164 5335 1296 5388 rege
1316 5319 1436 5389 ipso
1464 5317 1771 5389 impietatis
1789 5318 2050 5385 satellite,

457 5405 919 5482 persequebatur,
952 5406 1070 5460 hazc
1099 5414 1221 5461 erat
1249 5409 1505 5479 princeps
1523 5413 1580 5461 et
1603 5406 1882 5478 particeps
1923 5424 2057 5462 cun-

457 5499 561 5554 ctis
586 5513 687 5570 pro
717 5495 831 5570 ﬁde
853 5493 1225 5562 instantibus;
1252 5495 1368 5549 haec
1387 5495 1607 5566 fugatos
1622 5494 1943 5566 recipiebat,
1958 5501 2057 5552 aut

459 5583 842 5660 apprehensos
871 5579 1262 5641 comitabatur.
1305 5582 1414 5639 Sed
1443 5600 1573 5640 cum
1618 5599 1715 5642 eos
1752 5581 2056 5658 recepisset

2138 4538 2230 4576 mo
2244 4539 2378 4578 sexu
2401 4522 2560 4578 fortis
2589 4529 2871 4594 argueret,
2905 4527 3237 4592 arrogantes
3251 4521 3311 4575 in
3341 4537 3470 4574 sexu
3495 4522 3694 4582 utroque

2137 4627 2427 4682 personas,
2460 4618 2769 4684 pauperata
2788 4612 2962 4677 dives,
2992 4617 3048 4664 et
3062 4609 3266 4665 nobilis
3297 4606 3578 4665 humiliata
3593 4615 3696 4655 con-

2136 4698 2418 4755 funderet.
2453 4701 2632 4771 Igitur
2659 4701 2982 4768 Marcellino
3012 4699 3243 4754 consule
3265 4715 3368 4754 avo
3397 4701 3490 4765 (ui.
3519 4693 3580 4747 de
3604 4704 3695 4742 am‘

2137 4786 2259 4842 bitu
2287 4789 2509 4859 generis
2548 4796 2606 4845 et
2633 4807 2802 4862 opum
2830 4791 2964 4844 luxu
3002 4789 3062 4843 in
3090 4787 3305 4843 teneris
3351 4785 3524 4840 adhuc
3563 4776 3695 4833 annis

2138 4878 2364 4948 nuptias
2393 4895 2577 4950 passa,
2613 4885 2670 4934 et
2697 4879 2852 4934 brevi
2872 4884 3072 4944 mater,
3104 4876 3201 4931 sed
3233 4875 3550 4930 infelicitate
3577 4881 3694 4921 mor-

2136 4965 2334 5020 talium
2367 4983 2482 5022 non
2511 4969 2740 5039 longum
2771 4967 2950 5040 potita
2981 4971 3085 5031 est,
3118 4983 3189 5020 ne
3218 4965 3320 5020 diu
3347 4971 3561 5019 terrena
3590 4953 3692 5010 dili-

2136 5060 2315 5124 geret.
2349 5057 2493 5112 Nam
2522 5064 2726 5129 praeter
2758 5056 2899 5110 alias
2937 5054 3225 5120 orbitates,
3273 5070 3414 5125 quas
3462 5048 3606 5104 irrito
3650 5043 3693 5094 in

2137 5143 2360 5200 fastibus
2398 5145 2663 5201 abortivis
2701 5146 2909 5212 labore,
2970 5144 3153 5198 adhuc
3205 5142 3412 5196 marito
3463 5132 3695 5210 Ρειηίοίρε

2137 5231 2378 5295 deﬂevit,
2412 5235 2492 5289 ita
2515 5235 2689 5290 crevit
2717 5233 3004 5296 aerumnis,
3037 5239 3102 5286 ut
3126 5231 3269 5286 duos
3297 5231 3438 5284 filios
3475 5234 3527 5280 et
3552 5218 3696 5277 mari-

2136 5325 2258 5375 tum
2285 5323 2435 5378 intra
2456 5324 2590 5378 anni
2610 5329 2833 5395 tempus
2857 5321 3160 5386 amitteret,
3182 5320 3350 5375 unico
3372 5323 3579 5371 tantum
3612 5304 3695 5360 sibi

2136 5412 2368 5481 parvulo
2397 5413 2468 5466 ad
2501 5413 2833 5467 memoriam
2859 5411 3067 5482 potius,
3102 5425 3276 5480 quam
3307 5407 3378 5461 ad
3408 5411 3700 5472 compensa-

2135 5499 2348 5555 tionem
2385 5502 2685 5558 all‘ectuum
2735 5501 3000 5556 derelicto
3044 5500 3314 5569 (Paulin.,
3353 5497 3500 5565 epist.
3543 5488 3641 5554 l0):
3674 5501 3691 5530 ι

2134 5587 2266 5644 Haec
2295 5594 2352 5646 et
2374 5589 2486 5646 alia
2506 5591 2575 5646 de
2589 5591 2713 5662 ipsa
2731 5589 3021 5656 Paulinus,
3053 5591 3158 5642 etc.
