3966 6184
316 231 433 292 ’713

1706 235 2118 293 PRELUDIA.

3499 246 3604 302 7M

400 363 580 419 Porro
598 363 844 419 Melania
872 362 987 418 filio
1020 364 1125 417 hoc
1142 367 1398 433 tempore
1427 367 1729 433 praturam
1759 360 2157 422 urba-Aillius
2181 360 2389 431 conqu
2416 360 2520 431 fui,
2545 362 2748 417 ancilla
2774 379 2903 419 vero
2929 380 3080 421 nunc
3107 367 3313 424 Christi
3339 386 3500 438 sum;
3527 388 3601 428 ne

316 466 458 507 nam
475 453 822 523 fungenti(v)
838 450 1099 523 junctum
1120 450 1292 506 fuisse
1319 457 1541 506 constat
1557 452 1615 507 in
1643 452 1928 507 matrimo-

318 541 485 595 nium
522 540 805 606 Albinam,
835 541 1078 595 Melania
1101 557 1230 594 vero
1253 540 1449 611 junior
1481 541 1604 611 ejus
1634 542 1820 613 neptis
1842 541 1930 596 Pi-

318 630 496 685 niano
531 631 588 684 in
634 630 1056 684 matrimonium
1100 630 1309 684 tradita
1351 630 1458 683 fuit
1502 632 1761 697 (Pallad,
1807 647 1923 699 cap.

318 718 417 788 33)
438 739 451 786 ;
476 719 575 774 sed
604 720 674 773 de
705 719 791 773 his
820 719 1071 773 inferius.

397 808 617 863 Laudat
662 813 888 862 sanctus
941 808 1317 880 Hieronymus
1374 809 1593 863 femina
1649 825 1925 862 summam

317 897 702 952 constantiam
733 899 828 965 (λ’),
864 898 1011 969 quod
1041 898 1209 952 simul
1243 899 1402 952 siccis
1439 898 1611 952 oculis
1640 899 1931 968 sepelisset

318 987 511 1040 virum
551 1003 714 1041 suum
764 1004 827 1040 ac
878 987 1019 1041 duos
1069 988 1213 1041 ﬁlios
1274 989 1537 1053 (Πίθωνι,
1592 990 1751 1055 epist.
1792 986 1924 1053 25);

320 1092 442 1131 uno
475 1092 607 1130 vero
636 1075 937 1147 superstite
967 1076 1259 1139 derelicto,
1290 1076 1646 1147 peregrinata
1673 1076 1843 1131 fuerit
1870 1076 1929 1129 in

320 1162 634 1236 Egyptum
672 1165 879 1236 primo,
926 1164 1057 1218 inde
1108 1164 1555 1234 Jerosolymam;
1610 1164 1798 1234 ibique
1857 1164 1929 1217 ad

320 1253 577 1324 quinque
615 1253 794 1307 lustra
830 1269 950 1307 esse
981 1258 1404 1311 commoratam.
1453 1252 1720 1306 Paulinus
1752 1252 1930 1307 tradit

322 1341 604 1409 (Paulina
635 1342 709 1395 ad
749 1342 951 1409 Seven,
989 1345 1215 1411 epistola
1252 1338 1363 1407 10);
1393 1341 1634 1411 amplius
1665 1358 1792 1395 vero
1825 1359 1927 1395 an-

321 1447 433 1484 nos
457 1431 616 1495 duos,
644 1447 846 1501 nempe
875 1431 1070 1501 viginti
1101 1437 1316 1502 septem
1348 1430 1442 1499 (y),
1470 1430 1749 1484 Palladius
1773 1431 1927 1484 affir-

324 1525 452 1573 mat
467 1520 787 1587 (Palladius,
811 1523 874 1574 in
898 1521 1165 1585 Lamiae,
1201 1535 1318 1589 cap.
1354 1517 1462 1587 33).

400 1607 577 1663 Porro
623 1607 878 1663 Melania
908 1608 965 1661 in
993 1606 1234 1679 [Egypto
1266 1608 1632 1662 commoratio
1662 1625 1927 1678 magnum

2010 466 2142 521 ergo
2171 466 2262 503 me
2287 449 2358 503 ob
2382 450 2653 505 vilitatem
2680 454 2969 523 prasentis
3001 455 3226 513 habitus
3244 465 3604 516 contemnen-

2010 539 2140 593 dam
2188 538 2490 610 putaveris,
2523 540 2657 611 quia
2689 540 2851 596 facile
2888 545 3170 614 extollere,
3206 548 3254 602 si
3291 549 3477 616 velim,
3511 567 3601 605 me

2010 645 2265 699 possum;
2297 644 2400 683 nec
2424 633 2638 685 terrere
2674 629 2848 700 igitur
2877 649 2968 687 me
2997 635 3055 688 in
3085 636 3274 708 aliquo
3306 639 3473 707 vales,
3502 656 3603 694 ne-

2012 735 2120 789 que
2166 718 2473 789 quidquam
2515 718 2654 772 mihi
2686 720 2756 773 de
2784 722 2925 776 meis
2952 724 3118 779 rebus
3145 726 3385 782 auferre.
3418 730 3603 800 Atque

2011 807 2135 861 ideo
2157 825 2226 861 ne
2248 808 2499 862 fortassis
2518 808 2786 878 ignorans
2804 811 3113 881 periculum
3131 815 3358 893 Qiquod
3381 822 3482 871 aut
3499 819 3604 873 cri-

2013 913 2139 949 men
2168 896 2440 962 incurras,
2475 896 2677 951 idcirco
2706 898 2812 953 ista
2837 900 2941 954 tibi
2972 903 3260 971 mandavi;
3285 907 3445 977 quasi
3474 923 3600 977 qua

2010 984 2244 1038 diceret:
2271 985 2562 1040 Interdum
2582 986 2731 1040 enim
2755 1004 2983 1043 necesse
3003 996 3089 1044 est
3108 991 3371 1048 adversus
3390 995 3602 1067 impiu-

2011 1073 2207 1127 dcntes
2234 1073 2351 1127 hac
2380 1074 2491 1144 agi,
2527 1080 2580 1129 et
2611 1076 2781 1130 veluti
2831 1077 3091 1149 accipitre
3132 1081 3215 1135 vel
3244 1099 3380 1137 rane
3408 1090 3604 1139 contra

2011 1174 2106 1211 eos
2135 1158 2457 1228 arrogantia
2484 1160 2585 1225 uti,
2629 1178 2750 1231 qua
2779 1178 3024 1233 congruo
3054 1169 3304 1237 tempore
3332 1169 3602 1240 superbos

2010 1248 2485 1318 comprehensura
2506 1249 2778 1305 imitatur.
2830 1252 3058 1308 Talibus
3089 1271 3221 1325 ergo
3258 1255 3439 1311 verbis
3477 1274 3605 1312 mox

2011 1334 2131 1404 ipse
2157 1334 2389 1390 territus
2411 1336 2603 1406 judex,
2637 1341 2920 1394 excusavit
2947 1341 3130 1395 eidem
3160 1342 3368 1397 factum
3400 1360 3562 1399 suum
3589 1364 3605 1413 ;

2011 1428 2068 1477 et
2093 1424 2173 1477 ita
2198 1440 2343 1490 eam,
2377 1430 2441 1479 ut
2458 1432 2760 1494 memerat,
2795 1429 3122 1498 honoravit;
3149 1438 3205 1486 et
3222 1432 3413 1503 jussit,
3444 1438 3510 1487 ut
3535 1433 3608 1487 ad

2010 1512 2135 1567 illos
2162 1513 2329 1579 viros,
2356 1514 2575 1585 quoties
2602 1516 2784 1583 vellet,
2827 1519 3132 1577 accederet.
3163 1538 3190 1573 ν
3221 1521 3507 1577 Hactenus
3535 1522 3605 1576 de

2011 1602 2163 1656 illius
2200 1602 2511 1657 ministerio
2535 1604 2779 1659 exhibito
2801 1607 3230 1663 confessoribus.

320 1697 497 1769 plane
524 1714 651 1751 cum
680 1697 787 1768 ipsi
825 1702 946 1751 tum
988 1697 1212 1751 Rufﬁno
1249 1697 1439 1751 attulit
1484 1697 1884 1752 detrimentum
1912 1717 1923 1750 :
1949 1681 1994 1739 Β
2075 1693 2343 1758 Profectio
2359 1694 2828 1761 Jerosolymz'tana
2850 1703 2896 1749 et
2925 1698 3127 1751 ibidem
3152 1702 3531 1754 commoratio.

321 1786 607 1858 siquidem
630 1802 758 1840 cum
788 1786 1027 1856 Didymo
1054 1786 1433 1840 Alexandrino
1463 1787 1654 1856 magni
1686 1787 1930 1841 nominis

322 1875 469 1941 viro,
492 1880 550 1930 et
578 1874 648 1929 ob
667 1874 927 1929 eximiam
955 1875 1314 1945 conjunctam
1343 1891 1469 1929 cum
1502 1876 1791 1929 oculorum
1822 1893 1930 1929 ca-

2080 1780 2245 1835 Anno
2271 1781 2479 1856 Christi
2507 1780 2629 1837 37'2.
2650 1812 2717 1822 ο·-
2739 1784 2817 1838 De
2847 1786 3285 1841 commoratione
3313 1789 3434 1858 ejus
3454 1789 3609 1844 Jero-

2012 1868 2240 1939 solymis
2265 1868 2343 1922 sic
2365 1886 2491 1923 mox
2519 1870 2709 1925 subdit
2746 1890 2757 1925 :
2790 1891 2817 1925 α
2847 1873 2977 1928 Hac
3005 1881 3214 1942 autem,
3240 1877 3513 1932 revocatis
3537 1877 3607 1932 ab

325 1965 502 2019 citate
540 1964 799 2035 peritiam
839 1965 1002 2035 plane
1053 1964 1268 2018 cunctis
1299 1963 1635 2028 admirabili,
1672 1964 1929 2017 intimam
2012 1958 2203 2011 exsilio
2234 1959 2560 2013 memoratis
2590 1960 2742 2025 viris,
2777 1964 3179 2019 monasterium
3207 1966 3359 2037 apud
3390 1967 3611 2022 Jeroso-

324 2053 795 2108 consuetudinem
815 2053 1102 2118 habentes,
1123 2053 1460 2123 propinante
1482 2052 1576 2105 illo
1594 2053 1726 2123 ipsis
1743 2053 1932 2106 sitien-
2013 2046 2220 2117 lymam
2241 2047 2347 2101 sibi
2385 2047 2534 2110 fecit,
2565 2048 2623 2103 in
2645 2066 2755 2121 quo
2784 2051 2979 2121 viginti
2999 2058 3057 2106 et
3082 2060 3297 2125 septem
3327 2071 3609 2111 annorum

326 2142 504 2208 tibus,
538 2157 703 2213 quem
735 2142 969 2195 miriﬁce
1010 2141 1366 2212 pradicabat,
1401 2141 1703 2211 Origenem
1742 2157 1927 2209 suum,
2014 2142 2237 2206 tempus
2266 2136 2536 2207 implevit,
2565 2138 2977 2209 quinquaginta
3017 2159 3205 2196 secum
3234 2148 3455 2199 sorbres
3500 2144 3611 2199 vir-

329 2232 648 2311 hauserunt
674 2230 768 2285 isti
796 2247 911 2285 una
945 2248 1071 2285 cum
1116 2231 1265 2284 dulci
1302 2236 1436 2301 potu
1474 2247 1768 2293 venenum,
1811 2238 1923 2287 etc.
2013 2224 2173 2294 gines
2204 2224 2432 2280 habenS-
2472 2226 2604 2281 Erat
2630 2227 2801 2282 etiam
2831 2245 2956 2283 cum
2988 2247 3056 2284 ea
3084 2231 3341 2287 Ruﬂinus
3384 2233 3614 2305 quidam

332 2320 447 2385 Qui
476 2320 553 2375 sic
577 2336 771 2376 eorum
801 2320 1006 2374 animis
1034 2320 1294 2374 Periarch
1320 2338 1365 2371 »π
1416 2320 1456 2350 τη
1709 2319 1931 2387 infudit,
2017 2313 2260 2379 nomine,
2293 2315 2489 2381 Italus,
2521 2316 2657 2369 civis
2678 2334 2744 2371 ex
2771 2318 3117 2388 Aquileiensi
3146 2321 3370 2392 oppido,
3398 2321 3484 2377 vir
3510 2338 3615 2376 no-

332 2415 402 2464 ut
426 2426 494 2464 eo
526 2414 796 2480 tanquam
827 2426 1031 2480 magno
1055 2410 1320 2463 thesauro
1346 2409 1527 2475 ditati,
1559 2415 1828 2480 cuperent
1854 2416 1937 2462 to.
2019 2401 2216 2456 bilium
2232 2402 2362 2457 etin
2376 2405 2659 2475 proposito
2679 2405 2952 2476 singulari
2964 2408 3101 2462 satis
3119 2408 3348 2464 fortium
3369 2426 3610 2478 morum,

333 2506 460 2554 tum
492 2499 825 2553 catholicum
856 2498 1047 2553 orbem
1077 2498 1406 2570 locupletari
1432 2518 1448 2562 ;
1472 2498 1568 2552 sed
1592 2499 1756 2569 plane
1795 2498 1938 2570 aspi-
2022 2491 2117 2561 qui
2145 2491 2212 2545 ad
2244 2491 2693 2563 presbyteratum
2712 2500 2907 2565 postea
2928 2497 3136 2551 meruit
3154 2514 3472 2569 pervenire;
3504 2516 3615 2570 quo

333 2588 424 2643 dis
449 2605 551 2643 ova
581 2588 839 2642 foverunt
860 2606 873 2654 ;
892 2586 1094 2658 quibus
1118 2588 1318 2659 ruptis,
1349 2587 1604 2658 prodiere
1627 2592 1935 2658 serpentes,

2029 2579 2209 2634 nullus
2245 2582 2610 2648 mansuetior,
2645 2582 2860 2649 fortior,
2915 2590 2973 2639 et
3024 2586 3312 2657 placidior,
3344 2592 3618 2660 tanquam

335 2694 578 2748 quorum
600 2677 796 2731 lethali
812 2692 1024 2731 veneno
1046 2692 1212 2747 quam
1228 2677 1456 2747 plurimi
1484 2676 1685 2730 misere
1700 2677 1934 2747 periere.
2022 2669 2214 2723 omnia
2237 2669 2436 2735 SCienS,
2468 2670 2527 2725 in
2555 2687 2688 2726 sexu
2719 2671 2864 2727 virili
2896 2675 3082 2744 potuit
3123 2675 3380 2734 inveniri.
3417 2696 3443 2729 ιν
3487 2678 3619 2732 Hac

334 2768 414 2821 At
439 2767 511 2821 de
541 2766 628 2819 his
658 2765 889 2820 inferius
909 2765 1026 2819 suis
1054 2766 1187 2819 locis
1210 2765 1464 2837 pluribus
1494 2766 1772 2836 agendum
1789 2765 1897 2819 erit
1922 2784 1933 2819 ε
2022 2757 2245 2828 quidem
2264 2758 2344 2812 'de
2374 2758 2594 2814 Rufﬁno
2623 2760 2925 2829 Palladius,
2959 2763 3029 2817 de
3054 2763 3314 2836 Origenis
3341 2770 3618 2821 sectatore

337 2856 463 2911 hac
488 2856 654 2910 modo
683 2854 820 2909 satis
848 2854 907 2908 in
936 2854 1023 2908 his
1061 2870 1183 2925 qua
1211 2860 1466 2925 spectant
1494 2854 1565 2907 ad
1598 2853 1851 2908 Melania
1881 2860 1938 2908 et
2022 2847 2360 2916 Origenista,
2384 2847 2717 2920 Hieronymo
2737 2866 2860 2905 eam
2883 2850 2953 2905 ob
2972 2868 3201 2907 causam
3227 2854 3617 2925 perinfensus;

340 2945 557 3000 Rufﬁni
585 2943 1045 2998 consuetudinem
1075 2960 1204 2997 cum
1233 2943 1471 3015 Didyme
1496 2942 1552 2996 in
1573 2944 1813 3014 .Egypto
1838 2943 1941 2997 hoc
2022 2942 2087 2990 ut
2113 2952 2226 2989 non
2254 2936 2491 3003 mireris,
2524 2937 2571 2990 si
2598 2938 2693 3008 qui
2724 2939 3010 2995 Rufﬁnum
3046 2940 3334 2997 immensis
3356 2943 3619 2999 laudibus

338 3042 615 3105 tempore,
647 3050 755 3105 quo
784 3033 916 3088 illuc
941 3038 1075 3087 sunt
1100 3032 1461 3103 peregrinati.
2024 3031 2205 3089 ornat,
2245 3026 2648 3097 Hieronymum
2679 3028 2875 3082 eodem
2896 3029 2955 3083 in
2983 3032 3388 3086 commentario
3417 3039 3618 3088 contu-

770 3123 1036 3189 Profectio
1058 3124 1122 3174 in
1144 3122 1515 3175 Palastinam.
1960 3155 2004 3214 C
2024 3114 2205 3214 maliis
2234 3115 2457 3214 laceret.
2475 3115 2601 3214 .Sed.
2637 3116 2706 3169 de
2746 3116 2998 3172 Palladio
3038 3136 3139 3174 suo
3177 3120 3297 3174 loco
3336 3121 3498 3191 plura
3528 3121 3617 3176 in-

418 3217 582 3268 Anno
613 3212 820 3266 Christi
848 3209 971 3267 372.
1008 3241 1071 3250 —
1118 3210 1359 3264 Melania
1388 3210 1492 3263 hoc
1535 3210 1731 3264 eodem
1769 3227 1938 3276 anno,
1962 3202 2214 3269 "feriuS,
2250 3203 2345 3275 qui
2374 3204 2443 3258 de
2472 3203 2729 3260 instituto
2764 3206 3019 3262 Melania
3059 3214 3229 3279 atque
3259 3209 3470 3264 Rufﬁni
3497 3214 3618 3265 toto

347 3315 459 3370 quo
491 3314 558 3351 ex
590 3296 739 3351 Petri
784 3294 1142 3350 Alexandrini
1182 3295 1387 3348 litteris
1426 3296 1664 3348 vidimus
1715 3296 1942 3368 [Egypti
2024 3292 2119 3346 illo
2148 3292 2419 3363 temporis
2448 3294 2648 3364 spatio,
2675 3311 2786 3366 quo
2814 3296 3069 3350 vixerunt
3096 3297 3477 3369 Jerosolymis,
3510 3298 3623 3354 ista

347 3388 639 3459 episcopos
669 3390 727 3439 et
757 3384 1060 3438 monachos
1088 3383 1366 3453 relegatos
1385 3402 1506 3437 esse
1540 3384 1943 3438 Diocasaream
2025 3380 2214 3435 subdit
2243 3397 2255 3433 :

348 3476 617 3548 oppidum
641 3475 698 3528 in
729 3473 1030 3528 Palastina
1049 3472 1239 3535 situm,
1266 3473 1376 3526 illis
1406 3473 1810 3540 ministratura,
1833 3493 1945 3528 ma-

346 3582 462 3638 gno
509 3563 641 3618 ﬁdei
679 3563 879 3617 ardore
918 3578 1202 3626 succensa,
1251 3562 1657 3634 Jcrosolymam
1702 3564 1944 3633 profecta

350 3661 455 3709 est.
506 3652 655 3717 Quid
698 3669 825 3706 vero
857 3652 978 3723 ipsa
1016 3650 1094 3704 ibi
1123 3651 1320 3721 egerit,
1351 3651 1637 3706 Palladius
1670 3653 1832 3706 docet
1859 3653 1945 3707 his

349 3743 534 3798 verbis
548 3742 804 3810 (Pallad,
829 3743 1101 3806 Lausz'ac.,
1126 3757 1243 3808 cap.
1262 3738 1344 3809 33)
1371 3758 1427 3794 :«
1448 3742 1582 3795 Post
1598 3742 1714 3795 hac
1734 3747 1943 3809 autem,

351 3849 481 3886 cum
527 3829 875 3885 Alexandria
921 3828 1213 3901 prafectus
1258 3830 1580 3899 Augustalis
1644 3830 1943 3896 Isidorum,

352 3921 679 3992 Pithymum
703 3916 1118 3990 [Euthymium]
1157 3921 1249 3987 (Ζ),
1285 3919 1642 3989 Adelphium,
1687 3920 1947 3991 l'aphnu-

353 4011 519 4075 tium,
553 4006 914 4075 Pambonem,
950 4007 1099 4061 inter
1127 4023 1266 4077 quos
1291 4007 1464 4062 etiam
1494 4025 1684 4063 senem
1715 4010 1945 4063 Ammo-

2102 3489 2128 3520 ι
2159 3470 2257 3525 Isti
2278 3470 2451 3541 igitur
2467 3472 2527 3526 in
2547 3472 2741 3545 viginti
2763 3480 2822 3530 et
2832 3480 3047 3546 septem
3066 3476 3229 3532 annis
3248 3493 3448 3533 omnes
3473 3474 3624 3549 apud

2027 3558 2433 3631 Jerosolymam
2451 3572 2691 3625 sanctos,
2714 3569 2884 3635 atque
2913 3565 3240 3637 peregrinos
3261 3565 3548 3639 episcopos
3566 3571 3625 3622 et

2029 3650 2347 3715 monachos,
2408 3652 2763 3724 virginesque
2810 3653 2932 3723 (hoc
2977 3655 3128 3709 enim
3173 3661 3439 3711 voverant
3487 3654 3627 3729 Deo)

2029 3738 2309 3809 suscipere
2343 3741 2584 3811 propriis
2634 3742 2953 3813 sumptibus
2989 3760 3055 3798 ac
3110 3744 3296 3800 fovere
3325 3761 3626 3800 consueve-

2030 3833 2181 3892 runt,
2210 3844 2515 3901 omnesque
2544 3830 2614 3884 ad
2638 3847 2698 3885 se
2726 3832 3011 3887 venientes
3039 3833 3298 3890 meliores
3334 3839 3623 3889 tantarum

2031 3932 2095 3969 ac
2110 3916 2308 3971 talium
2330 3934 2519 3973 rerum
2542 3921 3013 3992 contemplatione
3034 3922 3302 3978 fecerunt.
3321 3923 3453 3979 Illos
3474 3923 3626 3978 enim

2031 4005 2470 4077 quadringentos
2497 4025 2731 4064 numero
2760 4011 3081 4079 monachos,
3108 4013 3204 4083 qui
3232 4017 3462 4084 propter
3476 4012 3625 4067 Pau-

353 4100 511 4154 nium
551 4114 723 4152 unam
748 4096 1046 4155 habentem
1078 4095 1408 4163 auriculam,
1433 4101 1491 4150 et
1519 4097 1810 4151 duodecim
1836 4099 1950 4168 epi—
2030 4094 2209 4147 linum
2242 4096 2669 4163 (Antiochenum
2699 4099 3019 4170 episcopum
3049 4101 3275 4171 scilicet)
3318 4118 3379 4157 se
3412 4101 3482 4155 ab
3521 4101 3627 4157 Ec-

351 4204 570 4258 scopas,
603 4185 1088 4258 presbyterosque,
1122 4191 1179 4239 et
1206 4186 1345 4239 alios
1369 4186 1639 4255 quosdam
1672 4203 1847 4257 usque
1879 4187 1947 4241 ad
2031 4183 2198 4237 clesia
2225 4184 2580 4255 separabant,
2612 4194 2817 4241 sancta
2854 4204 3050 4243 rursus
3087 4189 3341 4245 Ecclesia
3364 4190 3626 4245 reddide-

352 4284 580 4332 centum
611 4275 902 4330 duodecim
924 4291 1158 4330 numero
1187 4275 1335 4328 circa
1358 4275 1653 4330 Palestina
1682 4276 1950 4330 Diocasa-
2032 4278 2184 4325 runt.
2231 4272 2439 4327 Omnes
2467 4275 2640 4328 etiam
2669 4280 2873 4346 prater
2896 4277 2999 4330 hos
3026 4294 3297 4348 perversa
3327 4283 3491 4333 secta
3520 4278 3626 4333 ho-

352 4382 511 4421 ream
527 4365 852 4420 damnasset
872 4364 1065 4418 exsilio
1090 4382 1101 4416 :
1126 4364 1263 4418 istos
1283 4364 1398 4418 hac
1419 4363 1741 4418 beatissima
1759 4382 1953 4422 omnes
1968 4354 2215 4415 Dmines
2255 4367 2312 4415 et
2350 4368 2546 4417 contra
2591 4363 2865 4434 Spiritum
2911 4370 3167 4420 sanctum
3214 4366 3489 4437 sacrilego
3529 4383 3627 4421 ore

353 4462 552 4511 secuta
582 4460 686 4522 est,
722 4460 779 4507 et
802 4453 1043 4525 pr0priis
1073 4452 1431 4507 facultatibus
1461 4454 1542 4506 eis
1572 4454 1946 4507 ministerium
2032 4456 2328 4517 certantes,
2373 4451 2444 4505 ad
2491 4452 2791 4507 Ecclesiam
2832 4460 3105 4521 nostram,
3141 4471 3274 4510 vera
3317 4455 3625 4523 suadendo,

352 4562 521 4600 suum
547 4543 802 4616 prabuit.
820 4543 1075 4613 Cumque
1095 4541 1165 4595 ab
1188 4542 1298 4595 illis
1324 4542 1417 4613 qui
1440 4542 1496 4596 in
1514 4548 1951 4597 memoratorum
2034 4556 2099 4593 ac
2118 4539 2334 4610 jugitrr
2360 4547 2587 4596 cunctos
2615 4542 2883 4610 docendo,
2909 4550 3328 4612 revocaverunt,
3352 4545 3629 4601 honoran-

340 4626 613 4689 ’custodia
639 4637 800 4686 erant
844 4630 1235 4703 prohiberetur
1266 4632 1381 4686 hac
1410 4632 1589 4685 facere
1615 4632 1787 4703 (sicut
1816 4631 1954 4686 mihi
2035 4633 2121 4682 tes
2137 4630 2361 4699 quidem
2384 4645 2448 4684 ac
2467 4648 2613 4702 sape
2633 4638 2923 4703 pascentes
2950 4634 3203 4705 ejusdem
3234 4633 3340 4689 loci
3357 4633 3585 4689 clericos
3610 4653 3621 4687 :

355 4730 416 4777 et
469 4722 578 4795 ipsi
628 4738 773 4792 sape
827 4719 1179 4785 referebant,
1236 4737 1366 4774 nam
1423 4728 1480 4775 et
1536 4737 1637 4792 ego
1698 4727 1953 4775 sanctum
2037 4723 2094 4772 et
2128 4718 2245 4773 hac
2293 4719 2504 4790 pariter
2554 4720 2841 4790 facientes,
2888 4722 3054 4776 vitam
3094 4739 3256 4777 suam
3302 4722 3392 4795 pio
3442 4721 3629 4777 studio

355 4812 686 4884 Pithymum
716 4816 773 4864 et
800 4810 1076 4865 Isidorum
1107 4816 1163 4863 et
1191 4810 1571 4881 Paphnutium
1599 4810 1751 4874 vidi),
1785 4809 1956 4864 bene-

357 4901 510 4957 dicta
529 4906 663 4955 tunc
681 4900 797 4966 illa,
821 4904 1045 4971 sumpta
1064 4904 1218 4953 veste
1239 4898 1421 4953 servili
1443 4898 1589 4952 circa
1609 4900 1955 4971 vespertinas

358 4992 548 5057 horas,
570 4989 763 5045 omnia
791 4989 871 5042 eis
902 4989 1029 5043 vita
1056 4988 1369 5043 necessaria
1408 4987 1692 5042 afferebat.

431 5084 625 5147 λίαν
649 5099 670 5129 ι
700 5078 822 5142 Quo
850 5077 1091 5148 cognito,
1111 5077 1421 5132 Palastina
1450 5076 1744 5148 provincia
1763 5095 1957 5132 consu-

355 5168 513 5236 laris,
537 5167 772 5221 credens
800 5166 949 5237 quod
976 5166 1134 5221 sinus
1158 5184 1290 5221 suos
1318 5171 1506 5238 posset
1533 5165 1686 5220 fumo
1714 5167 1958 5237 quodam

355 5263 532 5328 atque
559 5261 776 5331 terrore
823 5271 888 5309 ex
931 5271 1167 5327 pecunia
1194 5257 1316 5326 ejus
1357 5254 1609 5325 implere,
1637 5254 1808 5324 jussit
1835 5271 1959 5309 eam

359 5348 579 5418 (ignota
625 5345 776 5399 enim
806 5344 913 5416 ipsi
941 5352 1077 5412 erat)
1109 5345 1312 5416 corripi
1356 5350 1413 5398 et
1441 5344 1499 5397 in
1528 5360 1806 5398 carcerem
1838 5352 1960 5399 tru-

2038 4807 2323 4875 ﬁnierunt,
2356 4809 2496 4863 nulli
2524 4810 2746 4881 quidem
2767 4828 2833 4865 ex
2855 4828 2915 4865 se
2940 4811 3024 4865 vel
3042 4812 3218 4866 levem
3247 4811 3447 4867 dantes
3468 4828 3631 4868 scan-

2038 4895 2149 4950 dali
2177 4897 2572 4968 suspicionem,
2616 4905 2798 4954 totum
2831 4914 2960 4954 vero
2991 4900 3182 4955 orbem
3211 4906 3491 4957 terrarum
3521 4901 3635 4974 spi-

2038 4985 2229 5039 rituali
2258 4986 2621 5042 adiﬁcatione
2640 4988 3028 5058 plenissimum
3048 4990 3448 5062 relinquentes.
3462 4991 3634 5047 »Ηλε-

2038 5079 2203 5128 tenus
2223 5075 2525 5131 Palladius.

2112 5166 2337 5231 Baron.,
2354 5166 2426 5219 ad
2443 5182 2663 5220 annum
2685 5167 2891 5221 Christi
2908 5166 3031 5225 385.
3059 5197 3104 5207 -
3127 5170 3405 5225 Caterum
3417 5170 3634 5226 ratione

2046 5252 2315 5319 Melania,
2349 5255 2516 5324 q’uam
2549 5255 2728 5309 Paula
2753 5256 3158 5329 Jerosolymam
3190 5266 3376 5318 secuta
3410 5265 3514 5327 est,
3547 5275 3635 5313 ca-

2044 5343 2316 5397 lumniam
2336 5359 2531 5413 passus
2559 5348 2641 5398 est
2659 5344 3054 5418 Hieronymus,
3075 5365 3242 5420 quam
3264 5351 3411 5405 inter
3426 5365 3493 5403 ea
3512 5364 3636 5419 qua

360 5436 440 5491 di.
476 5436 553 5491 Ex
595 5451 704 5506 quo
730 5434 851 5488 loco
890 5440 1025 5488 tunc
1062 5435 1114 5488 ei
1157 5451 1257 5505 per
1286 5432 1660 5488 internuntios
1689 5434 1960 5504 quosdam
2044 5432 2102 5506 in
2125 5431 2308 5503 ipsum
2330 5439 2455 5502 post
2470 5433 2696 5488 Damasi
2710 5433 3461 5494 obitumacalumniantibus
3481 5437 3638 5491 fuere

364 5530 561 5580 saneta
590 5498 687 5577 illa
734 5524 1022 5578 mandavit
1049 5542 1060 5576 :
1113 5498 1247 5595 Ego,
1282 5522 1486 5594 inquit,
1532 5522 1682 5575 illius
1704 5498 1859 5589 —ﬂlia,
1909 5528 1965 5576 et
2048 5498 2282 5592 objecta,
2311 5498 2376 5576 ac
2406 5522 2732 5579 stimulante
2757 5524 2883 5583 odio
2913 5532 3081 5598 atque
3110 5527 3318 5583 invidia
3346 5530 3636 5600 perpetra-

616 5624 882 5686 ΡΑΤιιοι..
928 5622 1204 5684 LXXIII.

3319 5622 3396 5686 23
