3892 6182
419 231 524 286 715
1545 209 1638 265 DE
1675 207 1864 264 VITIS
1901 198 2197 261 PATRUM
2233 197 2448 255 LIBER
2485 198 2556 254 II.
3547 211 3629 271 746

415 360 494 422 ta,
514 354 664 410 idem
691 351 810 424 ipse
841 363 907 402 ea
925 342 1178 416 epistola,
1204 353 1394 411 quam,
1417 333 1608 390 navim
1630 333 1686 387 in
1707 335 1874 403 portu
1894 329 2007 384 Ro-
2031 328 2080 386 A
2104 321 2328 424 Romini
2375 321 2434 376 in
2479 325 2632 376 terra
2678 318 2881 385 aliena,
2929 323 2985 373 et
3023 317 3238 376 deserto
3283 333 3452 384 monte
3498 334 3609 390 Sina

415 461 585 500 mano
631 407 1054 500 coriscensurus,
1105 424 1436 498 conscripsit
1479 423 1549 478 ad
1593 421 1854 483 Asellam,
1889 433 2016 472 exa-
2096 410 2320 482 Egypti
2347 410 2617 466 auxilium
2657 407 2982 480 flagitabam
3017 408 3234 478 (lc-rem.
3265 414 3407 484 xui);
3436 434 3529 474 non
3554 438 3628 479 re.

414 497 862 594 recenset;
889 523 986 578 ubi
1035 497 1186 574 inter
1231 497 1345 571 alia
1377 517 1644 579 (Hieron.,
1677 511 1830 578 epist.
1871 506 1957 575 99)
1995 523 2005 557 :
2093 498 2367 594 Cordabai‘
2389 498 2694 594 Evangelii,
2728 498 2862 570 quia
2893 497 2990 569 qui
3027 497 3096 551 de
3125 499 3411 557 Jerusalem
3443 513 3626 578 egredi-

415 587 620 677 (iil‘Iihil
635 617 772 673 mihi
802 587 954 670 aliud
979 608 1260 680 objicitur,
1283 604 1394 659 nisi
1415 618 1578 657 sexus
1602 615 1794 664 meus;
1819 601 1876 651 et
1898 595 2005 649 hoc
2090 593 2202 680 tur,
2221 588 2636 680 statimiincidit
2660 587 2718 641 in
2738 587 3006 653 latrones,
3033 587 3312 656 spoliatur,
3333 594 3624 664 vulneratur,

409 725 700 782 nunquam
721 703 1002 776 objicitur,
1025 676 1134 753 nisi
1165 711 1292 750 cum
1316 691 1722 782 Jerosolprnam
1752 684 1937 782 Paula
1946 686 2004 736 et
2084 676 2644 782 pceiditu1;(Luc..x).
2672 676 2942 782 Sednl‘icet
2962 676 3216 730 sacerdos
3243 678 3475 750 dispiciat
3490 693 3627 758 atque

409 765 647 857 Melaiiia
677 793 1126 868 proﬁciscuntur.
1150 805 1172 836 ι
1197 785 1267 839 Et
1294 787 1454 854 post:
1493 799 1515 832 «
1544 777 1724 834 Nullae
1752 774 1875 828 aliae
1895 771 2003 827 Ro-
2083 766 2296 831 levites,
2344 765 2733 821 Samaritanus
2779 765 2874 819 ille
2917 765 3230 819 misericors
3267 774 3373 834 est;
3407 772 3485 825 cui
3526 792 3628 830 cum

403 905 584 945 manas
613 885 741 942 urbi
767 883 1016 938 fabulam
1037 877 1414 950 praebuerunt,
1437 870 1547 924 nisi
1569 866 1743 922 Paula
1764 870 1820 918 et
1833 863 2001 916 Mela-
2083 854 2380 921 diceretur,
2411 855 2809 910 Samaritanus
2828 871 2898 920 es,
2916 860 2964 907 et
2980 855 3306 910 damonium
3321 858 3462 913 habes
3481 864 3626 928 (Joan.

405 981 499 1034 nia
536 994 551 1032 ε
595 993 736 1048 quae,
771 969 1105 1040 contemptis
1143 960 1529 1027 facultatibus,
1558 952 1997 1028 pignoribusque
2079 946 2230 1011 XIII);
2265 943 2611 998 daemonium
2637 959 2901 1008 renuens,
2937 943 3266 997 Samaritem
3293 963 3347 999 se
3368 963 3466 1001 non
3494 966 3631 1021 nega-

1572 1046 1621 1048 ,μ
2116 1031 2148 1048 .,
2289 1032 2300 1043 .
2842 1031 2927 1048 ,ι
3003 1047 3008 1048 ί
3099 1029 3195 1048 ,τη
3293 1031 3367 1048 ,α
3518 1037 3545 1048 ..

407 1029 499 1034 --η
539 1029 550 1032 -
604 1029 668 1048 Γ
698 1029 736 1041 κ,
997 1029 1013 1040 .

402 1067 658 1132 desertis,
702 1079 925 1133 crucem
964 1056 1207 1118 Domini,
1242 1050 1401 1124 quasi
1442 1046 1723 1120 quoddam
1772 1038 1995 1112 pietatis
2082 1031 2176 1096 vit,
2209 1032 2342 1102 quia
2386 1049 2554 1103 quem
2584 1048 2685 1086 nos
2736 1031 3043 1096 custodem,
3098 1029 3306 1086 Hebrai
3337 1034 3627 1092 Samaritem

399 1120 658 1213 levavépé’
691 1129 972 1208 vexilla“.
1025 1147 1085 1202 Si
1121 1120 1350 1198 balnéas
1395 1141 1673 1210 peterent,
1705 1133 1997 1200 unguenta
2081 1127 2292 1175 vocant.
2310 1121 2620 1176 Maleﬁcum
2645 1121 2875 1192 quidam
2901 1137 2989 1174 me
3004 1120 3276 1190 garriunt,
3295 1121 3507 1178 titulum
3525 1127 3631 1181 fidei

397 1247 690 1318 eligerent,
722 1241 1033 1297 divitias'et
1057 1234 1387 1289 viduitatem
1413 1225 1684 1281 haberent
1701 1218 1993 1275 materiem
2077 1226 2270 1264 servus
2295 1226 2555 1280 agnosco.
2589 1210 2819 1280 Magum
2847 1215 3048 1264 vocant
3076 1214 3132 1262 et
3161 1209 3330 1264 Judaei
3365 1212 3629 1268 Dominum

648 1299 706 1388 et
721 1318 1026 1393 libertatis;
1049 1323 1288 1380 dominae
1313 1319 1647 1373 vocarentur
1662 1315 1720 1365 et
1745 1312 1950 1364 sanctae
1975 1325 1985 1359 :
2074 1299 2492 1393 Eleum-(Marc.
2518 1303 2626 1368 In).
2663 1299 2939 1354 Seductor
2965 1304 3022 1352 et
3048 1299 3338 1368 Apostolus
3357 1300 3520 1356 dictus
3546 1309 3630 1357 est,

398 1427 590 1493 430
607 1438 752 1478 nunc
773 1421 830 1475 in
848 1433 1004 1473 sacco
1025 1420 1081 1470 et
1095 1413 1280 1468 cinere
1298 1409 1554 1463 formosae
1579 1401 1775 1455 volunt
1793 1395 1988 1458 videri,
2073 1387 2332 1441 Tentatio
2361 1404 2450 1442 me
2479 1403 2590 1441 non
2620 1387 3008 1458 apprehendat
3047 1385 3156 1440 nist
3197 1387 3433 1442 humana
3466 1392 3510 1456 (Ι
3531 1392 3632 1445 Cor.

394 1514 522 1571 etin
540 1513 858 1584 gehennam
881 1506 1026 1577 ignis
1055 1518 1182 1558 cum
1199 1497 1432 1572 jejuniis
1453 1499 1510 1549 et
1529 1491 1748 1564 paedore
1766 1487 1992 1540 descen-
2074 1479 2155 1542 X).
2181 1475 2420 1539 Quotam
2442 1481 2661 1548 partem
2687 1476 3076 1546 angustiarum
3107 1492 3390 1546 perpessus
3409 1495 3538 1544 sum,
3555 1478 3634 1550 qui

1789 1577 1802 1584 -
2080 1565 2218 1584 -___-g
2251 1565 2419 1584 ---ηςμ
2455 1566 2478 1584 η
2511 1565 2797 1584 τηρηηςηη
2850 1565 2972 1584 ων,
3295 1566 3307 1584 ε
3334 1583 3356 1584 η
3410 1574 3455 1584 ν,
3596 1576 3604 1584 .

392 1564 834 1670 ἀθτε’ῠνίάθιίρθι
853 1564 965 1651 ηξη
987 1595 1116 1648 licet
1144 1564 1224 1645 ei;
1243 1564 1618 1659 applaudente
1639 1577 1862 1650 populo,
1891 1589 1989 1645 pe-
2015 1565 2223 1670 ncruci
2251 1565 2430 1664 milito
2455 1565 2806 1670 r{Infamiam
2848 1565 2978 1618 falsi
3013 1564 3262 1618 criminis
3293 1566 3634 1637 imputarunt;

391 1648 964 1747 die“ch
990 1681 1150 1747 Quod
1183 1679 1253 1733 ad
1273 1648 1571 1731 Melaniam
1600 1648 1830 1740 spectat,
1865 1677 1992 1716 cum
2015 1648 2168 1709 Bsed
2215 1654 2458 1747 sci-oper
2484 1653 2690 1707 bonam
2720 1660 2777 1708 et
2823 1653 3043 1707 malam
3094 1652 3298 1707 famam
3331 1657 3410 1722 (ΙΙ
3445 1656 3550 1709 Cor.
3575 1665 3634 1723 v1)

387 1797 513 1836 eam
544 1741 768 1833 έίάαέέῇ
799 1741 1070 1836 ηοέηίηέιε,
1105 1767 1254 1824 haud
1285 1763 1517 1819 dubium
1547 1760 1730 1831 ipsum
1775 1752 1985 1808 intelli-
2077 1741 2356 1836 perveniri
2391 1742 2461 1796 ad
2492 1759 2670 1812 regna
2689 1742 2976 1796 caelorum.
3008 1742 3204 1798 Saluta
3232 1742 3451 1796 Paulam
3472 1749 3524 1797 et
3548 1745 3640 1799 Eu-

386 1886 520 1941 gere
549 1868 619 1922 de
662 1864 904 1921 Melania
933 1859 1170 1925 seniori;
1197 1852 1438 1926 junioris
1467 1849 1615 1904 enim
1644 1844 1861 1898 vivebat
1889 1841 1983 1895 ad-
2065 1831 2367 1941 ‘StOChium.
2403 1832 2536 1886 velit
2561 1832 2704 1886 nom
2732 1831 2996 1898 mundus:
3030 1831 3087 1884 ίῐι
3119 1831 3338 1885 Christo
3369 1848 3526 1886 meas.
3556 1833 3634 1886 33°

1584 1938 1596 1941 _
1627 1937 1637 1941 _
1856 1932 1866 1941 ι
1918 1931 1949 1941 α.
2088 1925 2179 1941 --ΛΑ
2217 1925 2447 1941 ...ΑΔ---..-
2497 1920 2736 1941 Διιέ..-..-
2782 1936 3021 1941 Α---Α..-..»Α
3039 1936 3136 1941 μ---
3175 1919 3464 1941 ‘I-----‘|__-
3526 1921 3622 1941 ΙΙ-..

388 1918 517 1941 ο---
555 1918 614 1922 κ-
663 1918 768 1921 -_,,
1159 1918 1167 1925 .
1197 1918 1217 1926 -

388 1960 498 2013 huc
526 1957 611 2010 vir
638 1956 927 2010 Pinianus.
951 1951 1067 2005 Nec
1093 1948 1174 2001 sic
1196 1943 1422 2017 quidem
1443 1941 1564 2011 ejus
1584 1937 1672 1990 hic
1702 1931 1977 1993 meminit,
2065 1918 2184 2017 luta
2217 1925 2454 1973 matrem
2484 1920 2745 1974 Albinam
2778 1936 3141 1990 sororemque
3175 1919 3489 1985 Marcellam,
3526 1921 3641 1975 llar-

388 2047 548 2118 quasi
572 2050 708 2100 tunc
734 2045 924 2097 Romae
954 2044 1121 2102 esset,
1153 2049 1323 2106 quam
1349 2031 1467 2102 jam
1497 2027 1685 2098 plures
1713 2027 1844 2077 ante
1877 2037 1980 2074 an-

383 2153 487 2190 nos
516 2133 757 2188 vidimus
787 2132 845 2184 in
873 2129 1176 2200 Egyptum
1207 2123 1406 2195 primo,
1436 2117 1566 2172 inde
1604 2130 1733 2168 vero
1759 2113 1981 2166 Jeroso-

383 2225 598 2297 lymam
645 2237 768 2275 esse
799 2199 1126 2291 profectam,
1156 2213 1346 2283 ibique
1395 2208 1455 2262 in
1500 2202 1762 2278 praesenti
1808 2199 1981 2256 vitam

383 2329 552 2385 agere
586 2329 597 2364 :
649 2310 748 2364 sed
785 2309 991 2362 idcirco
1031 2306 1153 2375 ejus
1196 2299 1454 2355 meminit
1502 2300 1730 2350 sanctus
1779 2289 1979 2344 Hiero-

384 2380 609 2474 agimus,
643 2398 790 2471 quod
829 2404 953 2452 tum
1001 2396 1123 2465 ejus
1169 2385 1524 2461 migrationis
1576 2380 1981 2450 Jerosolymam

384 2489 690 2555 occasione,
713 2494 838 2542 tum
868 2484 1055 2540 Paula;
1083 2482 1232 2536 idem
1260 2480 1368 2533 iter
1395 2471 1752 2546 capessentis,
1787 2484 1896 2538 quo
1925 2471 1982 2519 et

383 2579 612 2635 tenebat
655 2579 774 2648 ipse
806 2576 1201 2644 Hieronymus,
1236 2568 1579 2622 detractores
1619 2576 1744 2614 eam
1773 2557 1980 2612 calum-

381 2669 574 2724 niandi
602 2682 797 2721 ansam
831 2661 1218 2734 arripuissent.
1252 2659 1326 2711 At
1352 2654 1540 2709 subdit
1569 2671 1579 2704 :

456 2777 482 2812 α
515 2757 575 2813 Si
600 2755 842 2829 gentiles
870 2753 1013 2807 hanc
1041 2750 1214 2803 vitam
1242 2748 1556 2816 carperent,
1587 2741 1634 2794 si
1664 2740 1841 2795 Judaei
1868 2740 1973 2792 ha-

379 2849 579 2903 berent
605 2845 869 2900 solatium
915 2857 1028 2895 non
1059 2836 1313 2910 placendi
1360 2835 1440 2888 eis
1487 2831 1691 2903 quibus
1719 2829 1974 2900 displicet

380 2937 655 2992 Christus.
686 2935 848 2989 Nunc
874 2947 1024 2994 vero,
1045 2927 1188 3000 proh
1215 2925 1369 2979 nefas
1392 2925 1402 2976 l
1429 2922 1683 2976 homines
1708 2918 1973 2974 Christia-

2063 2007 2320 2062 cellinam
2340 2025 2561 2079 quoque
2580 2014 2636 2063 et
2657 2015 2909 2063 sanctam
2932 2009 3282 2062 Felicitatem
3311 2027 3323 2071 ;
3350 2015 3404 2061 et
3427 2008 3508 2061 dic
3537 2009 3604 2062 eis
3627 2026 3635 2060 :

2061 2097 2208 2184 Ante
2230 2096 2475 2150 tribunal
2495 2098 2700 2152 Christi
2733 2080 2900 2151 simul
2931 2096 3207 2151 stabimus
3237 2116 3247 2150 :
3280 2095 3354 2150 ibi
3377 2096 3639 2168 apparebit

2064 2201 2176 2255 qua
2222 2191 2410 2240 mente
2440 2185 2562 2256 quis
2593 2186 2807 2240 vixerit.
2855 2187 3129 2239 Memento
3183 2186 3314 2252 mei,
3359 2185 3639 2256 exemplum

2063 2274 2342 2344 pudicitiae
2386 2279 2445 2328 et
2487 2275 2824 2346 virginitatis
2863 2275 3108 2343 insigne,
3142 2275 3449 2346 ﬂuctusque
3496 2273 3640 2328 maris

2063 2362 2177 2416 tuis
2221 2361 2480 2433 precibus
2539 2364 2759 2434 mitiga.
2800 2383 2821 2415 ι
2875 2364 3162 2417 Hactenus
3195 2364 3550 2434 Hieronymus
3587 2361 3642 2414 ad

2071 2451 2339 2505 Asellam.

2141 2541 2302 2605 Quod
2328 2558 2457 2595 vero
2487 2541 2641 2595 vides
2673 2541 2886 2595 nullam
2918 2541 2988 2594 ab
3037 2557 3104 2595 eo
3147 2541 3528 2595 salutationem
3557 2541 3645 2593 im-

2059 2630 2256 2699 pertiri
2291 2629 2557 2696 Melaniae,
2609 2630 2749 2684 satis
2798 2630 3080 2684 indicatur
3123 2631 3274 2702 quod
3318 2630 3519 2683 dictum
3557 2636 3642 2694 est,

2056 2719 2241 2788 ipsum
2268 2718 2579 2790 intelligere
2598 2735 2665 2773 ea
2686 2719 2924 2790 epistola
2949 2719 3018 2772 de
3056 2720 3302 2773 Melania
3319 2721 3522 2773 seniore
3551 2719 3643 2786 jam

2055 2806 2152 2861 diu
2171 2812 2300 2862 ante
2319 2808 2725 2879 Jerosolymam
2745 2808 3008 2880 profecta,
3033 2808 3225 2880 ibique
3256 2813 3636 2862 commorante.

2266 2930 2482 2996 Ruf/ini
2509 2934 2556 2982 et
2588 2931 2840 2984 Melania;
2872 2931 3215 2983 miserabilis
3256 2933 3454 2998 lapsus.

379 3032 455 3097 Πῖ,
500 3027 874 3101 ΡνεῑὲῐΘΠᾙὶδεῖξὶ
903 3024 1198 3078 domorum
1235 3033 1462 3110 suam")
1491 3031 1644 3110 “fma
1679 3018 1734 3068 et
1764 3010 1972 3084 Proprii
1996 3049 2040 3110 ί]
2127 3036 2482 3100 Baronn.,ad
2499 3051 2718 3089 annum
2737 3036 2942 3090 Chr-isti
2961 3033 3086 3091 393.
3110 3037 3364 3089 —Porro
3381 3031 3632 3104 quomodo

379 3119 525 3174 oculi
553 3117 713 3173 trabe
735 3116 1008 3186 neglecta,
1042 3111 1098 3166 in
1124 3110 1306 3164 alieno
1338 3107 1496 3161 oculo
1521 3105 1791 3159 festucam
1822 3115 1974 3170 quae-

381 3214 515 3263 runt
545 3209 714 3274 (Lucae
745 3207 816 3275 v1)
861 3222 872 3258 :
919 3203 1170 3257 lacerant
1198 3203 1453 3253 sanctum
1505 3192 1872 3265 propositum,
1920 3193 1976 3242 et

379 3296 694 3353 remedium
726 3311 902 3366 paena:
933 3308 1046 3347 suae
1073 3289 1438 3350 arbitrantur,
1466 3284 1513 3338 si
1543 3299 1709 3337 nemo
1752 3280 1824 3334 sit
1851 3294 1976 3332 san-

381 3394 523 3452 ctus,
547 3385 595 3440 si
617 3384 874 3440 omnibus
895 3381 1246 3443 detrahatur,
1262 3376 1308 3430 si
1327 3374 1494 3429 turba
1509 3373 1583 3427 sit
1601 3368 1972 3443 pereuntium,

383 3476 430 3530 si
449 3474 750 3530 multitudo
771 3470 1144 3544 peccantium.
1157 3465 1282 3522 Tibi
1303 3465 1484 3536 placet
1499 3463 1683 3516 lavare
1704 3457 1974 3531 quotidie,

383 3565 528 3620 alius
557 3564 657 3618 has
679 3560 983 3617 mundities
1011 3556 1204 3613 sordes
1229 3560 1424 3626 putat;
1446 3558 1511 3606 tu
1540 3555 1859 3620 attagenem
1889 3562 1980 3601 ru-

385 3658 520 3720 ctas,
545 3659 602 3708 et
612 3652 680 3706 de
700 3665 922 3706 comeso
944 3647 1267 3718 acipensere
1281 3640 1560 3713 gloriaris,
1576 3655 1679 3710 ego
1701 3636 1827 3691 faba
1845 3651 1979 3690 ven-

385 3748 531 3797 trem
545 3741 780 3812 impleo;
801 3743 857 3793 te
879 3737 1159 3792 delectant
1180 3729 1631 3788 cachinnantium
1651 3743 1872 3798 greges,
1890 3741 1980 3779 me

385 3831 563 3886 Paula
590 3828 944 3898 Melaniaque
973 3826 1302 3896 plangentes
1326 3839 1339 3888 ;
1367 3826 1430 3875 tu
1463 3819 1647 3873 aliena
1674 3815 1976 3880 desideras,

388 3920 497 3976 illa:
507 3922 876 3975 contemnunt
887 3919 1020 3982 sua;
1021 3921 1079 3968 te
1100 3911 1349 3967 delibuta
1359 3909 1525 3964 melle
1537 3908 1664 3961 vina
1679 3905 1980 3968 delectant,

389 4011 496 4066 illa;
524 4013 724 4082 potant
745 4021 950 4079 aquam
978 4003 1241 4075 frigidam
1280 3999 1624 4062 suaviorem;
1662 4001 1725 4050 tu
1771 4001 1827 4048 te
1856 4009 1984 4064 per-

2057 3129 2252 3192 postea
2277 3123 2541 3193 prmeipui
2559 3123 2887 3194 Hieronymi
2912 3124 3224 3178 adversarii
3249 3130 3306 3177 et
3326 3121 3640 3192 Origenista-

2056 3227 2183 3265 rum
2214 3211 2433 3282 patroni
2462 3211 2672 3266 fuerint
2711 3213 2829 3282 ipse
2875 3213 3136 3266 Rufiinus
3192 3220 3360 3283 atque
3411 3210 3637 3272 Melania,

2057 3299 2225 3354 habet
2239 3299 2356 3371 ipse
2376 3300 2612 3371 epistola
2627 3300 2695 3354 ad
2718 3301 3151 3355 Pammachium
3171 3307 3300 3367 43
3315 3307 3350 3366 ι
3377 3301 3442 3353 de
3457 3298 3644 3370 optimo

2056 3405 2262 3459 genere
2308 3389 2736 3460 interpretandi,
2770 3389 2867 3444 ubi
2915 3389 3398 3460 pseudomonachi
3443 3386 3642 3442 fraudes

2059 3478 2270 3548 detegit
2303 3495 2316 3530 :
2352 3496 2377 3530 (ς
2411 3479 2540 3532 Haec
2567 3494 2679 3532 non
2712 3484 2800 3532 est
2829 3478 2977 3532 illius
3001 3479 3193 3549 culpa,
3227 3481 3388 3550 cujus
3416 3476 3513 3533 sub
3541 3491 3649 3547 per-

2061 3583 2200 3620 sona
2237 3566 2381 3620 alius
2411 3567 2531 3637 agit
2558 3567 2913 3638 tragcediam,
2951 3567 3048 3621 sed
3078 3568 3297 3622 Ruﬂini
3336 3573 3392 3620 et
3430 3563 3649 3621 Melaniae

2061 3656 2459 3726 magistrorum
2492 3656 2633 3725 ejus,
2680 3656 2775 3727 qui
2805 3655 2966 3710 illum
2996 3673 3209 3727 magna
3249 3655 3498 3710 mercede
3527 3651 3646 3708 nihil

2065 3743 2207 3797 scire
2239 3743 2552 3798 docuerunt
2576 3746 2844 3810 (Hieron,
2878 3747 3032 3813 epist.
3080 3749 3174 3813 cr).
3233 3765 3256 3796 ι
3300 3744 3446 3798 Proh
3482 3738 3648 3796 dolor!

2065 3837 2223 3886 tanto
2245 3832 2420 3887 totius
2449 3832 2738 3887 catholicae
2775 3833 3029 3887 Ecclesia:
3056 3834 3348 3898 seandalo,
3381 3833 3460 3887 ita
3487 3835 3649 3885 muta-

2065 3927 2158 3975 tus
2187 3927 2272 3975 est
2297 3921 2353 3975 in
2378 3921 2670 3976 inimicum
2703 3921 3048 3994 Hieronymo
3071 3923 3298 3977 amicus
3322 3920 3652 3976 charissimus

2067 4010 2159 4064 ille
2188 4009 2467 4077 Ruffinus,
2501 4011 2589 4065 cui
2621 4027 2790 4081 quam
2839 4011 3008 4065 arctis
3055 4011 3330 4066 amicitia:
3364 4008 3583 4065 vinculis
3608 4011 3655 4060 et

388 4101 520 4155 dere
544 4097 850 4163 existimas,
883 4091 1156 4166 quidquid
1177 4091 1235 4145 in
1260 4087 1661 4162 praesenti-non
1696 4083 1977 4148 habueris,

2064 4097 2452 4154 insolubilibus
2465 4099 2894 4153 necessitudinis
2912 4098 3148 4154 nexibus
3165 4101 3292 4172 ipse
3310 4100 3654 4169 Hieronymus

389 4188 720 4256 comederis:
761 4182 1132 4249 devoraveris!
1163 4181 1270 4235 ίὶιῖε
1313 4178 1506 4234 {litura
1547 4175 1887 4239 chidemnts
1929 4175 1986 4226 et
2067 4188 2329 4242 astrictus
2363 4193 2526 4249 esset,
2562 4188 2645 4242 vel
2671 4205 2784 4242 uno
2825 4189 3026 4242 saltem
3057 4188 3160 4243 illo
3202 4188 3452 4243 declarat
3471 4184 3651 4256 elogio,

390 4279 628 4378 firedll‘nt
655 4292 931 4378 νθΐθςὶθεεθ
963 4290 1086 4345 qua?
1115 4271 1326 4378 59-"me
1362 4274 1514 4324 sunto
1553 4266 1686 4321 EStO
1719 4265 1990 4378 ίηθΡῐθξῒι
2071 4293 2198 4330 cum
2226 4277 2486 4340 eumdem
2526 4293 2642 4330 una
2667 4293 2796 4331 cum
2827 4277 3064 4331 Melania
3096 4277 3424 4332 visitantem
3456 4273 3653 4345 ,θείη-ι)ῐί

392 4367 654 4429 inaniter,
701 4362 901 4434 quibus
948 4359 1284 4415 resurrectio
1336 4371 1634 4428 corporum
1678 4354 1974 4426 persuasit,

2064 4365 2406 4421 monasteria
2443 4382 2472 4420 e
2501 4365 2801 4420 solitudine
2833 4366 3008 4437 Syriae
3038 4366 3251 4421 litteris
3297 4366 3550 4429 invisens,
3576 4366 3650 4415 at-

393 4455 527 4526 quid
572 4453 643 4506 ad
692 4457 745 4504 te
773 4450 798 4502 ?
835 4449 996 4503 nobis
1025 4465 1056 4502 e
1095 4447 1374 4502 contrario
1413 4452 1514 4500 tua
1558 4444 1672 4498 vita
1709 4443 1981 4516 displicet.

393 4545 546 4598 Bono
575 4547 672 4597 tuo
702 4555 922 4594 crassus
948 4537 1048 4600 sis,
1081 4552 1172 4590 me
1200 4536 1406 4588 macies
1433 4535 1675 4588 delectat
1701 4539 1759 4588 et
1784 4533 1980 4603 pallor.

391 4634 474 4690 Tu
505 4635 647 4689 tales
683 4630 920 4685 miseros
949 4624 1258 4684 arbitraris,
1294 4639 1395 4676 nos
1425 4629 1479 4676 te
1523 4622 1984 4676 miserabiliorem

393 4731 677 4796 putamus.
709 4721 819 4776 Par
846 4716 970 4790 pari
1007 4714 1266 4778 refertur,
1300 4716 1358 4767 et
1385 4711 1617 4765 invicem
1649 4709 1807 4764 nobis
1839 4711 1986 4764 vide-

394 4830 520 4868 mur
548 4809 814 4867 insanire.

468 4922 493 4953 «
525 4901 672 4968 Haec,
707 4899 783 4953 mi
809 4896 1036 4952 domina
1064 4893 1271 4958 Asella,
1305 4907 1430 4945 cum
1459 4891 1577 4961 jam
1617 4888 1803 4943 navim
1850 4904 1984 4943 con-

393 4989 736 5056 scenderem,
768 4987 975 5060 raptim
1010 4988 1150 5040 flens
1199 4982 1504 5052 dolensque
1547 4978 1847 5049 conscripsi
1883 4997 1894 5046 ;
1929 4983 1986 5032 et

389 5079 602 5151 gratias
631 5094 736 5148 ago
763 5078 878 5132 Deo
909 5092 1052 5141 meo,
1087 5073 1235 5145 quod
1265 5072 1468 5142 dignus
1495 5069 1598 5124 sim
1629 5085 1794 5139 quem
1816 5084 1983 5122 mun-

392 5171 496 5226 dus
523 5166 723 5223 oderit.
750 5166 862 5221 Ora
885 5171 1072 5219 autem
1091 5169 1156 5218 ut
1185 5163 1253 5217 de
1271 5161 1553 5232 Babylone
1574 5157 1979 5229 Jerosolymam

390 5256 680 5330 regrediar
702 5273 714 5322 ;
735 5271 804 5308 ne
831 5253 966 5306 mihi
989 5248 1852 5312 domineturNabuchodonosor,
1879 5247 1979 5301 sed

389 5351 550 5405 Jesus
582 5345 729 5399 filius
766 5342 1033 5398 Josedech
1067 5344 1270 5409 (Aggaii
1309 5345 1388 5406 nl;
1425 5340 1612 5394 veniat
1631 5339 1853 5397 Esdras.
1882 5338 1976 5409 qui

387 5438 792 5508 interpretatur
833 5430 1090 5500 Adjutor,
1130 5435 1187 5482 et
1230 5429 1466 5484 reducat
1495 5445 1584 5482 me
1630 5429 1687 5483 in
1731 5430 1973 5501 patriam

384 5544 588 5583 meam.
620 5524 838 5580 Stultus
866 5536 990 5590 ego,
1016 5519 1109 5590 qui
1144 5518 1394 5573 volebam
1433 5525 1658 5573 cantare
1696 5521 1972 5576 canticum

2066 4471 2176 4525 que
2220 4454 2490 4518 salutans,
2533 4454 2682 4508 inter
2709 4454 2820 4509 alia
2849 4455 3091 4525 plurima
3141 4457 3361 4509 amoris
3403 4455 3550 4524 signa
3589 4451 3655 4504 sic

2066 4543 2147 4598 ait
2170 4561 2181 4596 :
2208 4561 2235 4597 α
2267 4543 2474 4598 Credas
2505 4543 2660 4606 mihi,
2684 4543 2874 4608 frater,
2900 4560 3012 4597 non
3037 4544 3116 4597 sic
3146 4528 3485 4615 tempestate
3499 4543 3653 4612 jacta-

2065 4638 2158 4687 tus
2186 4639 2411 4704 portum
2448 4639 2626 4687 nauta
2656 4638 3017 4704 prospectat;
3052 4650 3169 4688 non
3205 4634 3288 4688 sic
3308 4632 3549 4687 sitientia
3573 4630 3657 4683 im-

2067 4721 2193 4776 bres
2217 4738 2349 4776 arva
2375 4721 2731 4785 desiderant;
2763 4738 2877 4776 non
2906 4722 2985 4776 sic
3015 4739 3187 4776 curvo
3215 4722 3474 4776 assidens
3504 4717 3654 4772 littori

2066 4810 2232 4865 anxia
2257 4811 2434 4865 ﬁlium
2457 4816 2639 4864 mater
2663 4815 2963 4881 exspectat,
2986 4817 3295 4882 postquam
3325 4827 3416 4865 me
3436 4828 3468 4864 a
3488 4816 3576 4864 tuo
3594 4807 3658 4861 la-

2066 4905 2186 4954 tere
2213 4898 2432 4954 subitus
2459 4898 2624 4953 turbo
2654 4899 2943 4964 convulsit,
2978 4905 3288 4971 postquam
3309 4899 3522 4971 glutino
3541 4897 3654 4950 cha-

2064 4989 2249 5042 ritatis
2277 4989 2582 5043 haerentem
2604 4987 2780 5059 impia
2808 4987 3068 5042 distraxit
3095 4989 3325 5044 avulsio
3353 4990 3543 5056 (Iliam,
3566 4987 3658 5054 epi-

2064 5081 2200 5131 stola
2233 5079 2365 5147 XLI),
2401 5096 2427 5129 »
2460 5082 2563 5132 etc.
2613 5077 2836 5141 Quanta
2881 5077 3028 5132 enim
3069 5078 3254 5132 animi
3298 5075 3650 5131 sollicitudine

2062 5167 2276 5220 salvum
2303 5165 2408 5221 sibi
2428 5171 2657 5237 cuperet
2684 5165 2832 5237 quOd
2868 5165 3120 5233 haberet,
3159 5183 3306 5222 neve
3328 5171 3553 5239 propter
3577 5160 3658 5217 ab-

2060 5255 2296 5308 sentiam
2330 5255 2559 5326 aliquod
2601 5254 2687 5308 vel
2719 5255 2837 5309 leve
2884 5255 3080 5310 saltem
3114 5263 3420 5326 pateretur
3450 5255 3654 5324 dispen-

2060 5344 2215 5398 dium
2255 5344 2522 5410 amicitia,
2558 5343 3015 5414 pertimesceret;
3048 5344 3118 5399 ad
3145 5346 3324 5399 finem
3349 5343 3503 5409 illud,
3524 5339 3653 5414 quod

2057 5433 2329 5487 memoria
2347 5433 2598 5488 tenacius
2622 5432 2906 5499 retineret,
2933 5434 3202 5505 apposuit
3226 5449 3238 5484 :
3270 5455 3297 5485 α
3323 5433 3558 5489 Obsecro
3585 5437 3648 5490 te,

2059 5537 2127 5577 ne
2159 5517 2402 5576 amicum
2431 5521 2526 5591 qui
2556 5521 2652 5575 diu
2673 5521 2960 5592 quaeritur,
2994 5521 3080 5575 vix
3098 5521 3416 5588 invenitur,
3443 5517 3648 5575 difﬁcile
