3966 6184
402 276 508 332 717

1848 283 2250 343 PRELUDIA.

3570 309 3674 366 7l8

395 427 677 488 servatur,
697 421 909 494 pariter
937 437 1064 478 cum
1093 422 1267 478 oculis
1295 439 1452 479 mens
1476 424 1990 499 amittat.Fulgeat,
2009 415 2060 474 Α
2078 414 2436 485 P'Qcimle’rit
2460 415 2698 476 Domino
2724 423 3001 481 “unicum
3031 443 3255 497 novum,
3277 447 3445 503 quam
3457 433 3582 491 ειίω
3601 436 3671 492 il-

396 512 489 566 cui
520 511 673 572 libet,
707 527 928 578 aurum,
965 518 1022 567 et
1049 513 1381 585 pompaticis
1409 514 1635 570 ferculis
1668 533 1900 572 corusca
1928 534 1998 573 ex

303 617 306 620 ·
395 600 634 656 sarcinis
660 601 890 656 metalla
920 602 1178 670 radient;
1212 602 1454 658 charitas
1485 621 1598 660 non
1628 611 1812 677 potest
1839 623 2000 662 com-

393 690 606 760 parari,
643 689 868 744 dilectio
897 692 1143 763 pretium
1178 708 1290 746 non
1348 691 1554 762 habet;
1595 695 1846 750 amicitia
1874 712 1998 768 quae

391 779 654 834 desinere
706 786 911 851 potest,
959 798 1092 835 vera
1132 798 1423 854 nunquam
1452 783 1577 840 fuit.
1613 802 1640 837 ι
1681 785 1762 840 En
1795 785 1997 857 quibus

392 867 522 939 ipse
549 869 864 924 circumdat
893 869 1050 924 vallis
1085 871 1346 936 amicum,
1371 888 1442 926 ne
1473 888 1589 939 eos,
1624 874 1816 929 volens
1843 874 1992 943 licet,

395 957 684 1012 transilire
707 957 916 1029 absque
935 959 1260 1029 ignominis:
1294 966 1429 1015 nota
1453 962 1680 1017 valeret.
1707 963 1816 1018 Sed
1844 980 2000 1018 secu-

396 1051 492 1101 tus
520 1046 732 1101 alienos
758 1047 1016 1102 Ruﬁinus
1047 1049 1257 1115 infelix,
1278 1055 1440 1119 terga
1469 1051 1640 1106 vertit
1667 1053 1867 1117 amico,
1885 1069 1999 1107 me-

394 1152 643 1207 rensque
671 1137 937 1207 tranfuga
982 1137 1041 1191 in
1070 1139 1268 1192 castris
1297 1139 1566 1207 hostium,
1612 1141 1740 1196 inde
1765 1141 1824 1195 in
1854 1142 1996 1196 ami-

397 1241 527 1280 cum
553 1242 618 1280 ac
647 1225 877 1281 fratrem
895 1225 1107 1294 furens,
1141 1229 1326 1299 prodit
1354 1229 1464 1283 dux
1494 1229 1796 1300 impiorum
1818 1246 1998 1286 arma-

395 1318 514 1382 tus,
566 1315 723 1370 nulla
768 1331 998 1386 prorsus
1027 1317 1137 1370 alia
1165 1333 1332 1372 causa
1359 1319 1698 1389 compulsus,
1731 1336 1903 1390 quam
1934 1326 1999 1375 ut

398 1404 761 1458 adversantes
777 1404 1064 1459 catholicae
1078 1406 1301 1460 veritati
1314 1406 1571 1477 Origenis
1583 1423 1802 1462 errores
1819 1409 2000 1464 salvos

402 1499 594 1547 servet
605 1499 774 1564 atque
794 1499 1145 1565 propugnet:
1171 1495 1356 1566 ipsum
1390 1496 1617 1566 quidem
1648 1497 1798 1552 haud
1817 1499 1998 1568 segni-

397 1587 509 1648 ter,
534 1582 621 1636 vel
662 1582 780 1637 loco
815 1583 1142 1648 novissimo,
1169 1583 1266 1638 sed
1289 1584 1438 1638 inter
1460 1585 1671 1656 primos
1701 1587 1992 1654 militasse,

396 1671 745 1742 Epiphanius
773 1671 922 1727 dicta
942 1673 1178 1743 epistola
1198 1673 1268 1726 ad
1290 1673 1559 1728 Joannem
1583 1675 1831 1729 indicare
1848 1676 1994 1731 vide-

393 1766 511 1826 tur,
537 1761 670 1815 dum
693 1761 841 1816 inter
859 1767 943 1816 tot
961 1761 1279 1816 defensores
1301 1762 1753 1836 Origenisipsum
1771 1769 1995 1820 tantum
2013 1777 2060 1836 Β

396 1849 676 1915 nominat,
708 1866 773 1904 ac
799 1849 940 1905 bene
965 1857 1231 1923 precatur
1258 1851 1346 1906 his
1371 1851 1582 1907 verbis:
1621 1872 1647 1905 «
1677 1855 1754 1908 Te
1784 1861 1994 1920 autem,

2081 503 2284 592 lustres
2299 506 2564 563 Romanae
2576 509 2817 579 femina),
2840 530 2982 570 versa
3001 517 3234 574 reddita:
3257 521 3545 592 Israelitae,
3558 525 3671 580 vir-

2076 591 2235 662 gines
2248 600 2417 666 atque
2445 597 2624 654 viduae
2651 607 2875 670 secutae,
2908 605 3105 662 choros
3126 608 3412 678 ducentes,
3447 591 3672 671 easdem

2079 698 2204 736 cum
2234 700 2301 738 ea
2322 686 2656 743 concinuere
2679 691 2901 747 Christo
2921 695 3161 752 vincenti
3178 699 3390 755 laudes.
3418 703 3527 758 Sed
3547 721 3673 774 pro-

2079 769 2210 827 bata
2229 774 2298 828 ad
2320 791 2496 848 aquas
2515 781 2969 839 contradictionis
2988 793 3000 852 ί
3023 803 3055 839 o
3071 786 3346 844 fallaciam
3368 769 3670 848 incredibi-

2079 859 2192 916 lem
2212 863 2388 920 hostis
2409 865 2641 924 humani
2659 872 2883 940 generis
2906 873 2942 941 !)
2967 874 3217 947 decepta,
3241 887 3506 950 superata
3517 883 3671 938 defe-

2079 950 2156 1005 cit
2179 970 2192 1017 ;
2223 957 2492 1026 tantaque
2522 964 2726 1013 onusta
2749 961 2887 1016 adeo
2912 963 3173 1033 pretiosis
3202 969 3482 1025 mercibus
3510 972 3668 1026 navis

2083 1039 2180 1107 (ita
2229 1058 2474 1114 namque
2503 1047 2630 1100 navi
2651 1048 2923 1104 institoris
2951 1061 3310 1124 comparatur
3337 1057 3524 1114 divino
3552 1061 3669 1115 elo-

2080 1129 2212 1220 quio
2237 1132 2441 1220 mulier
2469 1133 2646 1204 fortis)
2672 1137 2730 1191 in
2759 1138 2879 1209 ipso
2893 1142 3317 1214 tranquillitatis
3340 1152 3506 1218 portu
3524 1150 3670 1220 (quis

2078 1218 2315 1309 credat?)
2341 1227 2426 1276 est
2441 1239 2607 1293 passa
2624 1226 3002 1298 naufragium,
3025 1247 3151 1286 cum
3172 1233 3402 1289 incauta
3419 1235 3477 1291 in
3489 1218 3670 1309 syrtes

2080 1306 2338 1378 Origenis
2353 1310 2606 1382 impegit:
2626 1314 2999 1389 Origenisque
3009 1320 3087 1375 sic
3097 1337 3395 1394 conspersa
3411 1306 3668 1398 fuligine,

2079 1411 2345 1452 conversa
2374 1405 2461 1454 est
2489 1417 2554 1455 ex
2583 1403 2782 1458 Noemi
2807 1405 2867 1460 in
2896 1408 3072 1476 Mars,
3096 1416 3154 1464 et
3181 1427 3247 1466 ex
3272 1413 3480 1469 Thecla
3504 1415 3675 1470 rediit

2078 1484 2136 1539 in
2165 1486 2466 1543 Melaniam
2505 1509 2517 1556 ;
2557 1507 2592 1545 a
2631 1492 2918 1549 fuscedine
2966 1497 3197 1553 ductum
3243 1516 3451 1556 nomen
3483 1502 3672 1559 infau-

2078 1580 2247 1663 stum.
2283 1577 2400 1631 Ista
2426 1580 2639 1650 patitur
2666 1583 2914 1638 humana
2941 1586 3185 1642 conditio
3213 1607 3226 1656 ;
3251 1595 3316 1643 ut
3331 1591 3476 1645 nihil
3501 1592 3672 1663 quili-

2076 1662 2189 1731 bet,
2218 1665 2353 1720 dum
2385 1668 2536 1735 vivit,
2569 1671 2822 1727 vendicet
2839 1673 2944 1728 sibi
2964 1679 3172 1731 tutum.

2621 1761 2838 1815 Rcditus
2887 1765 3135 1822 Romam.

2148 1845 2187 1896 A
2198 1859 2310 1898 nno
2323 1845 2528 1900 Christi
2545 1846 2650 1902 397
2659 1888 2670 1901 .
2679 1850 2857 1915 —Qui
2867 1852 3124 1923 sequitur
3143 1854 3352 1911 Christi
3363 1873 3547 1913 annus
3568 1857 3670 1917 397

396 1939 593 2004 frater,
617 1938 819 1994 liberet
837 1941 1006 2005 Deus,
1028 1945 1086 1994 et
1106 1945 1364 1995 sanctum
1381 1942 1648 2013 populum
1669 1943 1878 1997 Christi
1900 1944 1994 2015 qui

2082 1933 2369 1988 consulatu
2400 1936 2631 1991 Caesarii
2663 1944 2721 1992 et
2744 1941 2935 2007 Attici,
2990 1941 3171 1997 Fastis
3199 1945 3515 2014 ascribitur,
3560 1964 3671 2019 quo

395 2027 501 2082 tibi
525 2028 770 2082 creditus
799 2033 902 2093 est,
935 2035 993 2083 et
1019 2045 1214 2083 omnes
1256 2029 1460 2085 fratres
1493 2031 1588 2102 qui
1615 2037 1800 2086 tecum
1840 2038 1990 2101 sunt,
2077 2021 2318 2077 haereses
2339 2022 2596 2094 Origenis
2608 2027 2712 2082 sub
2722 2029 2948 2099 pietatis
2967 2030 3251 2088 involucro
3265 2051 3367 2105 per
3383 2036 3672 2092 Ruffinum

396 2123 457 2172 et
487 2117 725 2171 maxime
754 2117 1040 2172 Rufﬁnum
1060 2118 1471 2190 presbyterum,
1487 2119 1556 2174 ab
1582 2119 1777 2176 haeresi
1802 2122 1996 2192 Orige-
2077 2111 2472 2184 presbyterum
2484 2116 2899 2186 Aquileiensem
2921 2137 2950 2174 e
2972 2121 3270 2177 Palaestina
3285 2140 3414 2179 cum
3438 2126 3674 2181 Melania

397 2206 507 2272 nis,
531 2211 590 2260 et
615 2205 685 2260 ab
713 2205 837 2260 aliis
873 2206 1175 2261 haeresibus
1203 2213 1260 2262 et
1285 2209 1598 2279 perditione
1629 2225 1824 2264 earum
1848 2212 1998 2282 (Hie-

397 2309 553 2364 ron.,
583 2298 735 2364 epist.
767 2298 876 2364 Lx).
912 2313 938 2348 »
975 2296 1106 2351 Haec
1144 2297 1506 2368 Epiphanius.

473 2384 585 2439 Sed
613 2385 815 2456 majori
845 2401 934 2440 me
964 2385 1156 2440 dolore
1178 2388 1412 2452 sauciat,
1435 2407 1642 2457 angore
1674 2388 1903 2455 cruciat,
1919 2393 2000 2442 at-

401 2489 512 2544 que
540 2490 780 2528 maerore
807 2475 1116 2529 consternit
1133 2475 1386 2530 Melaniae
1406 2476 1796 2532 acerbissimus
1816 2494 1994 2533 casus.

402 2563 659 2618 Haeccine
677 2563 844 2618 vidua
863 2564 1701 2631 illaclarissima,ornamentum
1725 2567 2001 2621 Romana-

399 2669 529 2706 rum
548 2651 904 2717 feminarum,
933 2654 1101 2708 decus
1120 2669 1404 2709 summum
1421 2655 1890 2721 Christianorum,
1915 2657 1999 2709 vi-

399 2757 644 2812 vumque
673 2742 958 2813 exemplar
988 2742 1318 2797 Christianae
1347 2744 1729 2815 philosophiae,
1758 2761 1882 2815 quae
1911 2744 2000 2798 in-

399 2831 563 2902 signe
591 2831 728 2885 illud
757 2831 950 2886 Romae
979 2833 1261 2903 specimen
1277 2832 1472 2898 edidit,
1490 2850 1618 2888 cum
1650 2833 1844 2888 eodem
1861 2839 2002 2888 tem-

399 2937 538 2992 pore
563 2920 832 2975 maritum
865 2937 930 2975 ac
959 2921 1100 2976 duos
1128 2920 1488 2976 charissimos
1513 2922 1716 2976 liberos
1736 2922 1895 2976 siccis
1910 2938 2002 2993 pe-

398 3011 557 3065 nitus
585 3011 764 3065 oculis
791 3009 1042 3081 sepelivit
1075 3010 1100 3062 ?
1143 3012 1302 3082 cujus
1331 3010 1709 3065 incredibilem
1739 3012 2003 3066 sanctita-

398 3105 516 3153 tem
534 3099 845 3153 admiratus
866 3099 1175 3170 praedicans
1187 3100 1466 3170 quondam
1479 3101 1997 3172 ipseHieronymus,

399 3189 640 3259 aliisque
651 3189 982 3243 imitandam
997 3205 1332 3260 proponens,
1352 3189 1447 3242 illa
1459 3195 1628 3244 tantae
1641 3190 1855 3244 ﬁduciae
1869 3192 2002 3244 eila-

398 3283 494 3331 tus
515 3277 808 3331 estverba:
839 3297 865 3330 ‹‹
900 3278 1355 3331 SanctaMelania
1368 3279 1544 3333 nostri
1557 3279 1829 3350 temporis
1851 3281 2002 3334 inter

397 3365 749 3421 Christianos
759 3383 890 3420 vera
906 3365 1320 3433 nobilitas,cum
1336 3383 1447 3436 qua
1457 3367 2000 3438 tibiDominus(Pau-

398 3455 514 3509 lam
531 3455 856 3525 alloquitur)
875 3455 1125 3526 mihique
1145 3456 1412 3510 concedat
1433 3456 1490 3509 in
1527 3456 1616 3510 die
1654 3473 1757 3510 sua
1792 3456 1998 3510 habere

400 3551 642 3617 partem,
663 3545 877 3599 calente
897 3543 1080 3598 adhuc
1093 3545 1282 3598 mariti
1299 3545 1644 3616 corpusculo,
1668 3551 1724 3599 et
1756 3547 1996 3600 necdum

399 3634 656 3701 humato,
689 3633 830 3688 duos
877 3633 1044 3687 simul
1074 3633 1323 3705 perdidit
1366 3633 1511 3688 filios
1540 3635 1791 3706 (Hieron.
1835 3637 1989 3704 epist.

403 3726 554 3792 xxv),
593 3741 620 3774 »
654 3728 759 3777 etc.
794 3722 902 3778 Sed
931 3723 1096 3794 plane
1125 3723 1272 3794 quod
1294 3721 1555 3777 subditur
1578 3723 1636 3777 in
1650 3723 1994 3794 feminaglo—

402 3812 629 3878 riosius,
665 3827 790 3866 cum
830 3811 898 3866 de
929 3811 1073 3866 victa
1096 3811 1322 3866 victrice
1352 3812 1605 3866 omnium
1633 3811 1772 3866 urbe
1797 3813 1996 3868 trium-

399 3901 604 3972 phans,
637 3904 1010 3972 superatoque
1057 3899 1227 3954 insito
1274 3916 1308 3954 a
1363 3906 1569 3955 natura
1616 3901 1793 3955 unica:
1822 3902 1994 3972 prolis

401 4006 615 4055 amore,
668 3990 849 4044 Roma
895 3995 1102 4060 spreta,
1135 3989 1301 4044 unico
1330 3988 1405 4042 ibi
1437 3989 1631 4043 relicto
1662 3990 1798 4056 tilio,
1833 3991 1993 4044 exsul

2080 2201 2313 2256 Romam
2335 2203 2664 2259 redeuntem
2687 2206 3008 2264 inferuntur
3022 2210 3081 2264 in
3101 2211 3317 2281 urbem;
3339 2215 3674 2286 propinata:-

2081 2305 2189 2359 que
2219 2306 2389 2346 aureo
2417 2293 2588 2348 calice
2603 2294 2919 2368 Babylonis,
2936 2305 3240 2371 antequam
3260 2301 3677 2359 inebriarentur

2081 2376 2192 2432 illis
2212 2378 2424 2446 ﬁdeles,
2447 2381 2679 2438 detectae
2703 2389 2873 2456 atque
2883 2387 3120 2458 explosae
3147 2389 3393 2446 fuerunt.
3411 2393 3541 2447 Haec
3569 2409 3674 2448 au-

2082 2467 2196 2516 tem
2228 2481 2337 2534 quo
2357 2466 2522 2521 modo
2543 2483 2606 2522 se
2628 2468 2948 2538 habuerint,
2972 2472 3271 2529 dicendum
3303 2492 3406 2546 per
3419 2477 3670 2549 singula;

2082 2552 2180 2606 sed
2209 2559 2339 2608 ante
2367 2557 2574 2623 omnia,
2609 2574 2731 2628 quae
2758 2564 2892 2614 sunt
2916 2563 3186 2633 temporis
3213 2563 3563 2622 elucidanda.

2154 2641 2442 2698 Rufﬁnum
2471 2645 2698 2716 quidem
2737 2647 3088 2704 individuum
3130 2651 3385 2710 Melaniae
3413 2656 3674 2712 comitem

2083 2747 2210 2785 cum
2242 2749 2309 2804 ea
2334 2733 2392 2787 in
2429 2734 2733 2807 Egyptum
2764 2737 3071 2809 profectum
3098 2740 3219 2809 (aa)
3255 2747 3312 2797 et
3340 2743 3400 2798 in
3432 2744 3679 2800 Palaesti-

2083 2835 2234 2887 nam,
2264 2820 2452 2892 ibique
2472 2825 2621 2894 apud
2651 2841 2797 2893 eam,
2825 2843 3002 2899 usque
3030 2829 3163 2884 dum
3188 2830 3301 2886 illic
3325 2833 3550 2902 mansit,
3581 2835 3677 2889 Je-

2084 2909 2380 2980 rosolymis
2401 2911 2571 2966 vitam
2589 2916 2951 2987 transegisse,
2975 2934 3098 2988 quae
3107 2919 3257 2974 dicta
3267 2927 3401 2977 sunt
3419 2923 3678 2995 superius

2086 2999 2496 3070 exHieronymo
2512 3002 2647 3057 satis
2659 3003 3000 3074 signiﬁcant;
3019 3012 3079 3061 at
3098 3024 3166 3062 ea
3185 3009 3414 3065 demum
3424 3027 3678 3068 remean-

2087 3087 2659 3160 teRomam,ejusdem
2673 3098 3010 3149 assectatum
3031 3111 3152 3150 esse
3165 3098 3419 3168 vestigia,
3439 3100 3676 3156 Palladii

2083 3183 2252 3248 atque
2273 3179 2494 3233 Paulini
2516 3182 2613 3250 (bb)
2637 3181 3028 3238 testificatione
3042 3186 3393 3256 exploratum
3411 3187 3671 3258 habetur;

2083 3265 2163 3320 ait
2189 3267 2340 3320 enim
2367 3268 2649 3324 Palladius
2673 3289 2685 3323 :
2732 3290 2757 3321 (ι
2792 3271 2928 3326 Erat
2953 3273 3125 3328 etiam
3155 3291 3282 3329 cum
3322 3291 3391 3330 ea
3418 3277 3674 3334 Ruﬂinus

2083 3355 2313 3426 quidam
2343 3358 2588 3425 nomine,
2621 3359 2755 3414 civis
2783 3361 2958 3415 Italus
2987 3379 3054 3417 ex
3080 3363 3426 3434 Aquileiensi
3444 3367 3671 3438 oppido,

2081 3445 2164 3497 vir
2193 3445 2463 3500 nobilium
2495 3452 2550 3501 et
2579 3448 2636 3502 in
2668 3449 2950 3521 proposito
2980 3451 3252 3522 singulari
3275 3454 3413 3509 satis
3439 3454 3673 3512 fortium

2080 3549 2301 3588 morum
2320 3553 2332 3602 ;
2349 3535 2443 3606 qui
2464 3541 2522 3590 et
2546 3537 2618 3591 ad
2645 3538 3095 3610 presbyteratum
3113 3547 3308 3613 postea
3322 3544 3533 3599 meruit
3547 3561 3672 3618 per-

2077 3621 2285 3689 venire;
2311 3639 2422 3694 quo
2441 3625 2630 3680 nullus
2657 3628 3021 3696 mansuetior,
3066 3629 3282 3698 fortior,
3315 3637 3374 3687 et
3400 3633 3672 3705 placidior

2075 3716 2346 3782 tanquam
2369 3714 2558 3768 omnia
2577 3715 2774 3783 sciens,
2800 3716 2860 3771 in
2888 3733 3024 3772 sexu
3042 3719 3188 3774 virili
3209 3721 3394 3792 potuit
3407 3721 3666 3780 inveniri.

2076 3800 2176 3854 Isti
2206 3801 2382 3871 igitur
2400 3803 2457 3857 in
2474 3804 2673 3874 viginti
2690 3811 2748 3859 et
2761 3811 2978 3877 septem
2993 3808 3174 3876 annis,
3199 3826 3394 3866 omnes
3413 3813 3563 3884 apud
3580 3815 3669 3869 Je-

2075 3891 2414 3963 rosolymam
2436 3899 2658 3949 sanctos
2675 3900 2844 3967 aMue
2859 3913 3049 3968 peregi
3062 3898 3186 3954 inos
3205 3900 3512 3973 episcopos,
3545 3919 3667 3959 mo-

2077 3981 2304 4048 nachos,
2325 3983 2680 4052 virginesque
2711 3985 2836 4051 (hoc
2871 3987 3024 4042 enim
3046 3995 3314 4044 voverant
3326 3990 3465 4062 Deo;
3484 4008 3666 4048 susce-

399 4078 750 4146 mundi,cceli
765 4078 1114 4145 civis,victrix
1129 4079 1300 4133 etiam
1321 4083 1610 4132 ventorum
1627 4085 1684 4133 et
1697 4079 1986 4147 fluctuum,
2079 4086 2210 4139 Pel‘e
2221 4071 2338 4125 silis
2355 4073 2596 4144 propriis
2614 4075 3220 4146 sumptibus(1Pallad.,
3251 4082 3312 4133 in
3328 4082 3601 4151 Lausiac”
3615 4099 3663 4138 ο.
3697 4131 3703 4142 .

388 4168 691 4239 ingruente
707 4170 824 4240 jam
841 4168 1025 4222 hieme
1040 4168 1130 4237 (ut
1147 4168 1664 4240 ait).lerosolymam
1691 4167 1986 4239 navigavit.
2073 4158 2160 4224 331
2181 4162 2331 4228 αρυά
2351 4162 2579 4230 ιίρονηη
2605 4167 2734 4218 iam.
2760 4165 2881 4232 ΙΙΙ),
2910 4184 2936 4217 ι)
2951 4173 3056 4220 etc.
3086 4168 3329 4238 Agitque
3348 4170 3516 4240 paulo
3537 4176 3666 4241 post

465 4257 647 4321 Quam
698 4257 768 4312 ob
817 4273 1044 4312 causam
1090 4258 1219 4328 jure
1246 4256 1556 4327 meritoque
1583 4256 1732 4310 idem
1762 4262 1988 4310 sanctus
2070 4248 2139 4302 de
2165 4249 2488 4304 eorumdem
2521 4252 2704 4306 reditu
2722 4253 2978 4320 Romam,
3010 4255 3080 4309 de
3099 4272 3210 4326 quo
3240 4262 3298 4310 et
3315 4273 3418 4312 nos
3443 4258 3658 4318 itidem.

392 4345 774 4419 Hieronymus
802 4353 1087 4402 tantarum
1118 4363 1306 4401 rerum
1337 4347 1706 4439 admiratione
1733 4351 1983 4417 stupens,
2005 4338 2198 4439 Dliaac
2229 4339 2514 4439 Palladius
2535 4341 2604 4395 de
2631 4341 2874 4439 Rumno,
2909 4343 3163 4439 eidemin
3177 4344 3436 4415 Origenis
3460 4349 3662 4402 errori-

390 4450 518 4489 eam
535 4434 764 4506 dignam
789 4435 1125 4490 existimavit
1136 4441 1200 4490 ut
1215 4436 1432 4490 Thecla:
1454 4435 1678 4490 nomine
1702 4451 1986 4506 nuncupa-
2007 4427 2049 4439 "
2067 4427 2168 4482 bus
2187 4443 2435 4495 concors.
2458 4433 2522 4483 ut
2540 4432 2798 4501 superius
2819 4431 3071 4503 pluribus
3088 4433 3535 4490 demonstratum
3551 4442 3655 4490 est.

389 4530 482 4578 ret
511 4525 782 4590 (Hieron.,
823 4528 884 4579 in
920 4526 1218 4592 Chronic.);
1255 4524 1586 4579 nobiliorem
1615 4525 1844 4579 titulum
1874 4541 1984 4578 non
2071 4517 2179 4572 58d
2208 4518 2545 4574 etPaulinus
2561 4521 2823 4576 comitem
2839 4521 3094 4576 Melania!
3113 4522 3401 4578 Ruffinum
3413 4525 3660 4596 appellat

389 4613 682 4668 inveniens
699 4630 808 4684 quo
822 4614 1118 4668 Melaniam
1130 4614 1438 4679 decoraret,
1456 4631 1624 4685 quam
1646 4629 1852 4668 nomen
1863 4630 1988 4667 san-

2082 4607 2337 4676 :Paulinq
2369 4611 2442 4662 ad
2458 4608 2658 4676 Seven,
2692 4615 2915 4680 epistola
2944 4608 3019 4678 9),
3047 4629 3212 4684 quem
3230 4619 3288 4668 et
3303 4614 3452 4668 haud
3474 4614 3660 4670 hacte-

387 4702 655 4757 ctissimae
677 4702 924 4773 virginis,
948 4703 1336 4774 primogenita:
1357 4703 1536 4769 Pauli,
1557 4709 1615 4757 et
1626 4703 1820 4774 prima;
1841 4719 1987 4756 mar-
2067 4713 2173 4750 nus
2185 4697 2318 4750 satis
2329 4697 2433 4752 sibi
2452 4704 2802 4770 compertum
2812 4701 3266 4759 laudat.Sanctus
3281 4703 3660 4775 Hieronymus

381 4791 530 4863 tyris
557 4791 706 4846 inter
723 4791 1176 4863 teminas,utpote
1193 4808 1314 4863 quae
1331 4792 1521 4847 Romae
1540 4793 1722 4864 prima
1735 4790 1987 4846 omnium
2067 4785 2237 4840 etiam
2251 4793 2378 4858 post
2391 4787 2508 4842 haec
2523 4789 2592 4843 ad
2608 4789 2866 4844 eumdem
2885 4789 3172 4846 Ruﬁinum
3185 4791 3375 4846 Roma;
3395 4798 3658 4864 agentem

386 4880 833 4935 clarissimarum
884 4881 1185 4936 mulierum
1216 4881 1616 4950 Romanarum,
1660 4881 1985 4952 spernendae

384 4985 490 5041 pro
521 4969 744 5024 Christo
786 4967 960 5037 urbis,
997 4968 1389 5024 contemnendi
1416 4969 1656 5036 divitias,
1690 4969 1984 5024 deserendi

384 5057 552 5125 filios,
575 5057 912 5130 petendique
923 5059 1326 5131 Jerosolymam
1343 5059 1656 5131 exemplum
1679 5059 1850 5123 dedit,
1876 5075 1983 5113 caa-

382 5146 632 5218 ter'isque
649 5147 718 5201 ad
738 5147 921 5218 ipsum
945 5147 1342 5220 praestandum,
1364 5148 1507 5204 forte
1521 5152 1709 5216 43’
1719 5163 1986 5220 aggressa

381 5235 626 5304 facinus,
657 5235 806 5291 viam
838 5237 1076 5309 aperuit,
1104 5254 1231 5293 cum
1263 5238 1385 5310 ipsa
1405 5238 1588 5310 prima
1611 5236 1857 5308 reliquas
1876 5237 1986 5292 Ro-

383 5341 587 5380 manas
618 5324 832 5381 nobiles
861 5326 1096 5381 feminas
1120 5334 1464 5397 antegressa,
1499 5326 1694 5380 relicta
1721 5327 1979 5398 Egypto,

376 5415 828 5488 transmissoque
852 5417 1017 5484 mari,
1044 5417 1102 5470 in
1126 5417 1311 5472 littore
1333 5415 1647 5482 Palaestino,
1670 5422 1824 5470 terra
1854 5431 1984 5486 pro-

379 5504 689 5572 missionis,
714 5505 1068 5576 possessione
1091 5512 1432 5570 sanctorum,
1457 5504 1671 5558 felicior
1698 5504 1987 5575 quamMa-

382 5594 474 5647 ria
502 5593 562 5648 in
589 5599 742 5650 terra
769 5595 1010 5661 deserta,
1029 5601 1359 5666 tympanum
1376 5594 1604 5665 pulsans
1620 5593 1980 5664 poenitentiae,

2067 4874 2282 4930 litteras
2297 4877 2452 4931 dedit
2467 4879 2710 4947 (Hieron.
2724 4917 2738 4945 ,
2766 4882 2920 4948 epist.
2943 4878 3052 4947 66),
3077 4885 3140 4934 ut
3157 4880 3323 4951 plane
3343 4882 3562 4938 nullum
3583 4883 3660 4938 sit

2067 4963 2298 5019 dubium
2341 4969 2442 5037 (cc)
2488 4966 2787 5037 contigisse
2829 4967 3131 5022 adventum
3169 4969 3377 5024 Ruflini
3418 4971 3658 5028 Romam

2066 5054 2290 5124 quando
2310 5054 2441 5108 illuc
2459 5055 2531 5109 eti
2539 5072 2628 5108 am
2645 5056 2767 5126 ipsa
2785 5057 3028 5112 Melania
3044 5059 3332 5114 remeavit.
3357 5061 3466 5115 Sed
3487 5067 3658 5133 quoto

2065 5143 2418 5214 potissimum
2437 5161 2585 5199 anno
2600 5145 2824 5201 Domini
2848 5147 3138 5202 llelaniam
3166 5148 3224 5203 in
3254 5148 3452 5205 urbem
3471 5151 3656 5206 redire

2067 5235 2322 5305 contigit,
2344 5234 2401 5288 id
2423 5233 2648 5306 quidem
2671 5240 2756 5290 est
2766 5237 3079 5292 accuratius
3107 5239 3534 5310 exquirendum.

2137 5323 2165 5378 J
2171 5339 2260 5377 am
2273 5339 2374 5378 suo
2393 5323 2513 5378 loco
2534 5323 2670 5378 satis
2687 5323 2899 5396 liquido
2930 5327 3188 5399 superius
3209 5328 3654 5386 demonstratum

2067 5417 2169 5478 est,
2196 5413 2372 5483 ipsam
2389 5428 2504 5466 una
2527 5429 2652 5468 cum
2670 5414 2892 5470 Rutfmo
2915 5416 2974 5470 in
2998 5417 3303 5490 Egyptum
3325 5419 3525 5490 primo,
3565 5420 3654 5474 in-

2066 5502 2246 5572 deque
2265 5502 2668 5574 Jerosolymam
2692 5504 2962 5574 migrasse
2976 5523 3123 5561 anno
3144 5507 3368 5562 Domini
3384 5512 3662 5562 trecente-

2065 5590 2208 5645 simo
2224 5592 2636 5662 septuagesimo
2656 5593 3482 5667 secundo,impp.Valentiniani
3492 5599 3664 5666 atque
