3966 6184
417 249 522 308 719
1525 243 1617 298 DE
1653 244 1842 298 VlTlS
1881 245 2176 302 PATRUM
2215 247 2426 300 LIBER
2465 247 2536 300 Il.
3538 249 3624 309 720

418 376 667 432 Valentis
685 389 852 430 nono.
877 369 983 426 Sed
1006 371 1140 440 quot
1159 382 1336 422 annos
1363 367 1424 421 in
1437 367 1541 421 hac
1552 369 2000 439 peregrinatione
2021 369 2255 440 Aquam
2281 369 2512 424 tandem
2539 367 2849 423 feminam?
2887 367 2955 432 (si
2981 366 3246 422 feminam
3272 369 3375 424 dici
3397 369 3512 427 licet
3533 380 3630 430 tam

415 472 475 521 et
491 461 929 521 com'moratione
964 455 1386 528 insumpserint,
1448 457 1680 512 diversae
1709 458 2005 512 sententiae
2087 458 2324 512 viriliter
2349 458 2768 526 Christianam).
2794 457 2940 521 Quid
2960 457 3063 511 hoc
3092 457 3211 512 loco
3237 457 3460 512 faciam?
3496 463 3634 518 Vetat

415 560 550 612 sunt
577 552 828 624 ejusdem
857 546 1092 603 Palladii
1122 551 1292 616 atque
1323 545 1564 611 Paulini,
1605 546 1881 617 siquidem
1915 547 2008 603 ille
2087 547 2299 602 fastidii
2319 547 2690 602 intolerabilis
2711 553 2893 602 metus
2913 545 3285 600 voluminibus
3309 548 3479 603 adhuc
3497 552 3634 606 adde-

413 646 500 708 (ut
545 659 724 714 nuper
761 639 1016 704 vidimus)
1049 635 1248 708 viginti
1277 641 1491 706 septem
1519 642 1780 690 numerat
1809 653 2005 703 annos,
2093 653 2181 702 re;
2217 637 2312 690 sed
2335 653 2588 708 persona
2607 636 2872 706 dignitas,
2905 635 3019 688 imo
3051 635 3151 689 Dei
3181 635 3635 708 gratia,postulare

411 727 679 788 Paulinus
697 745 828 784 vero
838 726 1034 798 viginti
1051 725 1318 797 quinque.
1351 725 1461 779 Sed
1482 726 1652 795 hujus
1673 726 2011 796 exploratior
2092 726 2313 780 videtur
2327 732 2389 780 ut
2409 726 3000 780 commemorationem
3015 729 3186 778 tanta:
3204 725 3398 780 animze
3418 743 3644 799 praegres-

411 827 580 892 atque
599 819 831 874 solidior
850 816 986 871 ﬁdes
1008 820 1110 882 est;
1140 831 1270 868 nam
1297 814 1510 885 accepit
1527 814 1644 868 haec
1672 814 1790 884 ipse
1821 814 1891 867 ab
1911 831 2006 868 ea-
2092 831 2185 868 sus
2217 831 2328 868 non
2356 813 2561 884 raptim
2586 813 2864 876 omittam,
2893 813 2987 866 sed
3021 812 3302 884 paulisper
3327 814 3394 868 ad
3422 831 3533 868 eam
3560 817 3644 870 tibi

411 910 538 964 dem
552 907 811 972 Melania,
848 922 1016 977 quam
1033 904 1361 958 redeuntem
1392 903 1627 956 Romam
1649 907 1731 966 (ut
1758 903 2006 974 proxime
2091 903 2432 956 narrandam
2464 906 2729 970 (Paulin.,
2776 905 2850 956 ad
2875 902 3136 957 Severum
3181 905 3331 971 epist.
3376 903 3468 971 10),
3507 910 3597 959 etc.
3619 924 3640 956 ι

410 997 614 1053 dicturi
632 999 843 1062 sumus)
862 995 1062 1049 Nolam
1079 993 1446 1047 divertentem
1463 992 1680 1062 excepit
1697 997 1750 1054 Δ
1761 996 1885 1057 33
1905 993 2008 1045 ho-
2092 991 2459 1062 Prosequitur
2475 991 2661 1045 nobile
2672 1008 2852 1061 genus
2872 992 2920 1061 ej
2929 1008 2993 1044 us
3007 991 3425 1062 referre,utpote
3437 1010 3545 1063 quae
3561 994 3644 1047 ha-

409 1088 632 1159 spitem.
665 1086 875 1140 Verum
907 1100 972 1137 ex
999 1099 1064 1137 eo
1095 1097 1316 1152 quoque
1346 1081 1551 1135 certior
1573 1081 1797 1134 Paulini
1815 1081 2010 1134 testiﬁ-
2088 1079 2290 1134 buerat
2304 1080 2685 1138 Marcellinum
2706 1080 2991 1134 consulem
3016 1080 3360 1134 ordinarium
3377 1098 3543 1146 avum,
3565 1083 3645 1154 qui

410 1176 555 1232 catio
586 1175 860 1236 redditur,
893 1177 951 1226 et
985 1170 1222 1226 Palladii
1251 1170 1486 1224 assertio
1517 1169 1587 1223 de
1616 1169 1780 1223 annis
1807 1169 2002 1239 viginti
2086 1186 2198 1223 una
2225 1185 2352 1224 cum
2379 1168 2622 1224 Probino
2643 1169 2993 1223 consulatum
3015 1175 3272 1239 gesserat
3297 1186 3439 1224 anno
3455 1171 3645 1226 Domini

411 1271 626 1336 septem
655 1261 996 1334 exploditur:
1031 1259 1179 1331 quod
1208 1275 1332 1312 cum
1365 1263 1600 1321 constet,
1626 1258 1728 1312 hos
1745 1257 2002 1312 adhucin
2085 1259 2480 1313 trecentesimo
2519 1257 2950 1329 quadragesimo
2976 1258 3177 1328 primo,
3218 1264 3276 1312 et
3309 1260 3426 1329 ejus
3466 1259 3519 1313 in
3551 1260 3645 1314 vita

407 1354 524 1408 vita
542 1357 745 1423 agente
767 1350 964 1406 Siricio
987 1365 1134 1420 papa
1158 1348 1450 1418 repetiisse
1469 1348 1724 1410 Romam,
1747 1347 1795 1400 si
1807 1347 2007 1405 dixeri.
2088 1347 2410 1402 Christiana
2437 1347 2704 1401 sectanda
2722 1345 2927 1400 ardens
2944 1347 3212 1414 studium,
3229 1353 3286 1400 et
3303 1347 3411 1401 alia
3421 1349 3564 1419 plura
3587 1350 3646 1404 de

413 1460 540 1497 mus
568 1441 639 1494 ad
673 1455 970 1494 numerum
995 1453 1270 1490 annorum
1291 1453 1325 1490 a
1350 1436 1602 1490 Palladio
1619 1436 2002 1508 priescriptum
2084 1435 2226 1506 ipsa,
2270 1453 2394 1507 quae
2427 1453 2528 1490 nos
2573 1453 2676 1490 suo
2714 1436 2834 1490 loco
2881 1435 3138 1506 superius
3183 1437 3376 1490 ordine
3410 1439 3647 1508 temporis

409 1529 795 1601 ipsorumesse
813 1531 1176 1599 prorogatum
1189 1524 2004 1596 adventum,utiqueafﬁrman-
2086 1525 2512 1592 collocavimus;
2555 1541 2620 1578 ac
2647 1524 2876 1579 demum
2905 1525 2974 1578 de
3001 1525 3274 1596 ejusdem,
3321 1542 3442 1579 cum
3488 1527 3646 1594 rediit,

410 1617 544 1672 dum
577 1623 725 1672 esset
752 1633 866 1670 non
897 1614 1000 1669 sub
1031 1614 1248 1678 Siricio,
1282 1613 1382 1668 sed
1409 1612 1512 1668 sub
1543 1615 1665 1684 ejus
1686 1629 2003 1668 successore
2085 1613 2322 1684 appulsu
2353 1614 2670 1684 Neapolim,
2703 1613 2815 1666 ista
2842 1612 3034 1668 subdit
3065 1632 3074 1666 :
3114 1633 3138 1666 ς(
3172 1615 3459 1685 Neapolim
3479 1615 3646 1669 urbem

410 1706 706 1762 Anastasio
737 1704 1062 1759 eorumdem
1079 1702 1323 1756 reditum
1343 1701 1662 1771 contigisse.
1689 1702 1766 1756 Ex
1777 1701 1998 1755 Paulini
2016 1689 2062 1748 Β
2087 1700 2238 1756 brevi
2276 1703 2457 1773 spatio
2485 1718 2520 1756 a
2548 1703 2786 1767 Nolana,
2803 1718 2915 1773 qua
2938 1703 3215 1772 degimus,
3247 1703 3461 1758 civitate
3485 1704 3651 1758 distin-

409 1812 543 1866 ergo
569 1794 871 1859 sententia,
908 1793 1004 1862 qui
1032 1795 1297 1845 numerat
1321 1789 1577 1843 Melaniae
1623 1789 1693 1842 ab
1731 1789 1886 1843 urbis
1912 1788 2005 1842 ab—
2085 1797 2234 1846 ctam
2260 1791 2492 1846 advecta
2516 1796 2619 1846 est.
2646 1791 2751 1847 Ubi
2781 1791 3026 1846 ﬁliorum
3049 1797 3427 1863 nepotumque
3446 1810 3649 1847 occursu

409 1883 593 1940 sentia
635 1883 883 1953 quinque
914 1881 1111 1945 lustra,
1143 1878 1442 1934 dicendum
1471 1883 1559 1933 est
1612 1879 1868 1932 eamdem
1899 1879 2004 1932 hoc
2087 1887 2335 1950 excepta,
2355 1897 2481 1935 mox
2502 1880 2704 1935 Nolam
2717 1880 2786 1934 ad
2809 1880 3144 1934 humilitatis
3164 1887 3368 1936 nostra:
3381 1881 3652 1953 hospitium

409 1989 532 2044 ipso
566 1986 713 2026 anno
741 1971 979 2024 Romam
1011 1968 1171 2038 quasi
1199 1967 1541 2038 postliminio
1570 1967 1823 2021 rediisse.
2086 1969 2388 2036 festinavit,
2414 1986 2524 2040 quo
2541 1969 2701 2023 nobis
2715 1969 2944 2023 advenit
2963 1969 3263 2024 ambitioso
3284 1971 3652 2026 ditissimorum

479 2060 796 2115 Recessisse
824 2063 1013 2112 autem
1043 2057 1332 2111 Rufﬁnum
1358 2056 1701 2110 ePalazstina
1721 2073 1847 2111 cum
1869 2073 2005 2127 pace
2088 2059 2388 2130 pignorum
2413 2059 2614 2112 vallata
2645 2059 2933 2113 comitatu.

409 2149 587 2204 sancti
617 2145 1273 2218 Hieronymi,utriusque
1288 2145 1681 2199 testiﬁcatione
1709 2145 2001 2212 asseritur;
2159 2166 2188 2199 α
2228 2147 2483 2202 Vidimus
2513 2147 2754 2218 gloriam
2789 2148 3012 2202 Domini
3035 2147 3095 2202 in
3123 2149 3219 2202 illo
3249 2150 3444 2202 matris
3465 2155 3518 2203 et
3536 2149 3653 2203 ﬁlio-

408 2238 608 2292 recitat
619 2237 768 2291 enim
788 2237 909 2308 ipse
922 2235 1529 2306 sanctusHieronymus
1539 2236 1588 2304 ej
1598 2233 2004 2288 usdemRuffini
2087 2253 2211 2290 rum
2234 2236 2435 2290 itinere
2456 2237 2682 2308 quidem
2701 2253 2831 2303 uno,
2851 2237 2948 2290 sed
2972 2237 3138 2307 longe
3147 2237 3358 2309 dispari
3377 2239 3538 2302 cultu,
3552 2254 3650 2291 ma-

408 2326 579 2381 verba
606 2326 664 2380 in
677 2324 974 2397 posteriori
1013 2323 1290 2394 apologia,
1326 2340 1448 2393 quae
1471 2329 1603 2377 sunt
1629 2323 1952 2393 hujusmodi
1987 2341 1998 2376 :
2085 2341 2179 2379 cro
2210 2325 2366 2379 illam
2416 2331 2474 2380 et
2518 2326 2711 2380 viliore
2753 2326 2940 2380 asellis
2971 2325 3194 2380 burrico
3224 2327 3522 2392 sedentem,
3553 2333 3651 2380 tota

411 2416 554 2470 «Vos
566 2414 728 2470 nobis
748 2430 941 2485 pacem
959 2410 1439 2484 proﬁciscentibus
1455 2411 2004 2482 dedistis.»Respon-
2085 2414 2255 2484 hujus
2282 2414 2468 2468 saeculi
2495 2431 2719 2485 pompa,
2753 2431 2866 2484 qua
2883 2415 3143 2470 honorati
3167 2423 3226 2470 et
3245 2416 3489 2488 opulenti
3514 2421 3650 2486 pote-

407 2505 675 2575 ditipseza
691 2503 892 2557 Pacem
912 2501 1188 2567 dedimus,
1212 2516 1326 2554 non
1351 2500 1606 2554 haeresim
1629 2500 1996 2571 suscepimus:
2087 2508 2234 2568 rant,
2255 2503 2568 2557 circumﬂui
2599 2509 2886 2557 senatores
2909 2503 3410 2575 prosequebantur,
3439 2504 3651 2559 carrucis

404 2592 698 2662 junximus
717 2591 966 2654 dextras,
999 2587 1271 2642 abeuntes
1292 2589 1570 2659 prosecuti
1592 2594 1879 2655 sumus,ut
1907 2605 2004 2643 vos
2086 2591 2436 2657 nutantibus,
2468 2592 2777 2663 phaleratis
2809 2593 2985 2662 equis,
3001 2594 3217 2647 auratis
3232 2593 3474 2664 pilentis,
3489 2598 3541 2648 et.
3556 2609 3654 2646 car-

407 2680 606 2734 essetis
637 2678 946 2744 catholici,»
972 2677 1345 2732 etc.Melaniae
1363 2683 1549 2732 autem
1561 2677 1632 2731 ad
1653 2677 1848 2731 urbem
1864 2678 2006 2732 redi—
2086 2681 2271 2750 pentis
2291 2681 2565 2752 pluribus,
2595 2686 2856 2752 gemente
2879 2682 3061 2752 Appia
3088 2688 3262 2752 atque
3284 2682 3522 2752 fulgente
3543 2701 3554 2748 ;
3573 2681 3655 2735 sed

416 2773 511 2823 tus
539 2767 824 2822 Palladius
853 2766 1132 2836 ejusmodi
1174 2765 1308 2820 foris
1335 2771 1666 2837 praetensam
1691 2767 1855 2820 aﬁ‘ert
1877 2783 2006 2821 cau-
2087 2769 2475 2840 splendoribus
2505 2770 2769 2824 vanitatis
2783 2770 3120 2840 praelucebat
3139 2771 3469 2826 Christianae
3497 2770 3652 2824 humi-

411 2871 532 2911 sam
561 2874 575 2923 ;
611 2874 638 2908 α
688 2856 822 2910 Post
852 2855 1095 2908 multum
1151 2870 1282 2908 vero
1313 2854 1582 2925 temporis
1615 2855 1833 2924 linquit)
1876 2872 2003 2909 cum
2084 2858 2260 2913 litatis
2273 2858 3130 2929 gratia.Admirabantur434
3148 2860 3654 2932 divitespauperem,

405 2945 674 3011 audisset,
706 2943 929 2998 cuidam
957 2943 1213 3013 nupsisse
1243 2948 1466 3013 neptem
1499 2959 1659 2996 suam
1703 2944 2002 2998 Melaniam
2025 3004 2063 3020 ﬂ
2086 2947 2303 3018 profani
2333 2953 2606 3014 sanctam,
2647 2953 2704 3002 et
2732 2948 2856 3002 illos
2881 2953 3073 3002 nostra
3100 2949 3398 3020 pauperies
3443 2948 3654 3002 ridebat.

405 3033 707 3104 (juniorem
733 3033 963 3094 dictam)
992 3031 1128 3098 viro,
1159 3032 1485 3086 renuntiare
1504 3038 1695 3086 autem
1723 3038 1850 3103 post
1897 3051 2004 3088 nu-
2022 3004 2064 3064 Ο
2087 3036 2347 3090 Vidimus
2366 3037 2594 3106 dignam
2619 3038 2734 3091 Deo
2764 3037 3089 3107 hujusmodi
3126 3038 3524 3104 confusionem,
3550 3052 3659 3108 pur-

405 3122 550 3194 ptias
574 3122 776 3176 saeculo
801 3121 931 3174 huic
950 3121 1090 3174 velle
1119 3121 1486 3190 cognovisset,
1527 3126 1784 3175 metuens
1812 3139 1882 3175 ne
1908 3122 2004 3193 qui
2087 3141 2340 3196 puream,
2373 3126 2629 3191 sericam,
2652 3131 3022 3197 auratamque
3051 3127 3455 3198 supellectilem
3483 3126 3658 3198 pannis

404 3211 566 3265 malai
580 3209 706 3266 vita:
721 3209 975 3264 homines
1006 3225 1071 3263 ac
1095 3209 1258 3262 malae
1287 3213 1450 3263 sectae
1471 3225 1853 3280 perversaque
1881 3211 2006 3264 doc-
2086 3214 2367 3268 veteribus
2392 3220 2449 3268 et
2477 3214 2654 3284 nigris
2685 3215 3038 3270 servientem.
3083 3216 3474 3271 Benediximus
3500 3214 3660 3269 Domi-

403 3299 567 3355 trinae
582 3298 762 3354 eidem
777 3299 1172 3370 jungerentur,
1189 3296 1260 3351 ob
1274 3297 1378 3351 hoc
1401 3298 1582 3368 ipsum
1604 3315 1732 3352 cum
1752 3300 1872 3368 jam
1903 3300 2004 3354 ad-
2087 3319 2243 3368 num,
2277 3303 2372 3374 qui
2401 3303 2640 3358 humiles
2670 3310 2727 3358 et
2769 3305 3015 3358 excelsos
3053 3304 3185 3358 facit
3219 3305 3522 3376 sapientes,
3549 3319 3660 3358 esu-

405 3388 635 3443 modum
656 3404 842 3452 senex,
867 3387 972 3442 hoc
987 3392 1089 3452 est,
1115 3386 1406 3456 sexaginta
1424 3394 1572 3442 esset
1597 3403 1894 3454 annorum,
1935 3389 2004 3444 de
2087 3392 2296 3446 rientes
2326 3392 2524 3464 implet
2551 3392 2730 3458 bonis,
2755 3398 2815 3448 ct
2839 3393 3039 3447 divites
3066 3393 3308 3448 dimittit
3331 3394 3520 3448 inanes
3547 3394 3657 3460 (Lu-

404 3476 836 3532 Caesariensium
866 3475 1088 3529 civitate
1112 3475 1183 3528 ad
1213 3475 1410 3529 urbem
1440 3477 1675 3530 Romam
1703 3477 1853 3531 intra
1881 3478 2002 3531 die-
2086 3498 2155 3534 cz
2181 3488 2239 3549 Ι).
2277 3481 2342 3536 In
2369 3481 2493 3535 istis
2513 3487 2704 3536 tamen
2722 3481 2986 3536 divitibus
3007 3482 3204 3536 eadem
3226 3483 3400 3538 diede
3418 3481 3661 3536 maternis

403 3581 530 3619 rum
551 3564 746 3636 viginti
762 3563 1007 3636 spatium
1038 3563 1324 3634 navigavit
1341 3565 1596 3632 (Pallad.,
1629 3567 1727 3618 ubi
1750 3582 1922 3635 supra
1953 3584 1997 3620 ο.
2086 3568 2246 3624 bonis
2290 3587 2594 3642 pauperem
2647 3571 2909 3642 spiritum
2957 3571 3344 3643 stupebamus,
3377 3572 3469 3644 qui
3505 3569 3660 3640 magis

403 3650 514 3722 33).
546 3673 574 3706 ιι
599 3654 730 3708 Haec
756 3652 1042 3708 Palladius
1061 3651 1131 3706 de
1151 3658 1366 3706 asserta
1383 3658 1440 3706 et
1453 3653 1680 3723 vulgata
1697 3653 2006 3710 forinsecus
2086 3663 2280 3714 sancta
2307 3660 2505 3714 matris
2535 3660 2740 3730 inopia,
2776 3677 2946 3731 quam
2970 3677 3073 3715 sua
3100 3661 3308 3716 visibili
3343 3660 3661 3716 abundantia

401 3741 618 3796 reditus
639 3757 826 3796 causa.
851 3741 1129 3796 Caeterum
1150 3741 1403 3811 ejusdem
1416 3757 1542 3795 cum
1563 3741 1786 3796 Rufﬁno
1807 3743 1864 3797 in
1885 3743 2006 3798 Ori-
2084 3747 2490 3818 gloriabantur.
2515 3749 2576 3803 Id
2597 3749 2780 3819 ipsum
2798 3755 2989 3804 autem
3016 3749 3199 3820 gloria
3217 3749 3444 3805 Domini
3469 3747 3661 3803 videba-

400 3829 564 3900 genis
584 3828 865 3883 erroribus
880 3830 967 3892 (ut
987 3828 1240 3900 pluribus
1253 3828 1465 3884 dictum
1477 3835 1563 3883 est
1581 3831 1854 3902 superius)
1877 3849 2004 3886 con-
2086 3841 2182 3890 tur
2199 3837 2439 3908 Operari,
2457 3838 2604 3908 quod
2617 3838 2867 3909 egenulaa
2887 3843 3092 3894 nostra:
3103 3839 3332 3894 divitias
3343 3841 3398 3895 in
3416 3841 3462 3910 ej
3471 3856 3531 3894 us
3549 3837 3660 3892 ﬁliis

401 3917 712 3972 niventiam
740 3932 966 3971 causam
998 3917 1275 3970 exstitisse
1306 3916 1517 3972 eisdem
1565 3919 1635 3973 ad
1682 3919 1879 3976 urbem
1917 3939 2005 3976 ve-
2085 3924 2474 3992 intuebamur;
2507 3931 2571 3980 ut
2591 3928 2711 3996 jam
2741 3927 2872 3980 hinc
2902 3927 3144 3982 fructum
3167 3929 3426 3983 ﬁdeisuaa
3441 3931 3657 3998 caperet,

403 4004 614 4071 niendi,
645 4004 824 4058 oratio
852 4003 1140 4075 praemissa
1153 4005 1418 4059 declarat.
1444 4006 1580 4060 Erat
1600 4007 1920 4079 hisquidem
1946 4010 2001 4064 in
2086 4029 2215 4067 cum
2251 4014 2541 4069 victoriam
2568 4031 2729 4069 suam
2759 4016 2828 4070 de
2858 4017 3028 4087 hujus
3066 4017 3257 4071 saeculi
3289 4017 3528 4071 vanitate
3557 4016 3662 4086 ipsa

403 4092 610 4165 optatis
633 4099 696 4148 ut
721 4092 924 4164 quibus
951 4091 1204 4148 faverant
1223 4099 1280 4148 et
1317 4110 1456 4165 quas
1484 4095 1739 4150 foverant
1766 4103 1883 4152 toto
1907 4099 2004 4153 illo
2087 4103 2457 4173 despectaret,
2503 4104 2756 4158 cominus
2801 4105 2993 4158 videns
3040 4105 3230 4160 omnia
3286 4123 3411 4177 quae
3459 4111 3662 4176 propter

402 4187 676 4259 tempore,
710 4182 971 4253 Origenis
1001 4185 1292 4238 sententiae
1308 4186 1568 4254 (quarum
1588 4186 1901 4257 complures
1923 4205 2006 4242 es-
2088 4191 2373 4246 Christum
2398 4192 2703 4263 reliquerat
2721 4199 2779 4248 et
2797 4199 3154 4248 contemnere
3175 4199 3570 4266 perseveramt.
3586 4191 3659 4247 Illi

399 4277 530 4326 sent
549 4271 867 4326 defensores
894 4273 953 4326 in
970 4272 1212 4344 Egypto
1243 4273 1614 4328 consistentes
1636 4277 1912 4342 monachi,
1945 4282 2002 4330 et
2027 4321 2069 4378 Ο
2087 4280 2308 4335 sericati
2329 4287 2384 4334 et
2402 4298 2504 4352 pro
2529 4299 2632 4336 suo
2662 4283 2899 4354 quisque
2919 4299 3057 4338 sexu
3085 4289 3220 4354 toga
3244 4290 3346 4338 aut
3374 4284 3514 4338 stola
3531 4280 3659 4335 soliti

399 4361 552 4415 inter
577 4378 673 4416 eos
693 4361 1027 4416 celebriores
1053 4361 1321 4432 Evagrius
1339 4368 1396 4416 et
1424 4363 1690 4430 Isidorus,
1722 4370 1891 4435 atque
1920 4367 2001 4420 in-
2027 4361 2068 4378 "
2086 4369 2379 4435 splendere
2408 4370 2527 4435 ﬁlii,
2545 4387 2790 4425 crassam
2809 4371 2965 4426 illam
2993 4372 3164 4426 veluti
3193 4372 3406 4444 spartei
3427 4369 3660 4426 staminis

398 4453 489 4503 ter
514 4449 804 4521 episcopos
829 4448 1030 4503 nobilis
1057 4449 1206 4503 sedis
1233 4450 1477 4505 Joannes
1528 4451 2002 4524 Jerosolymorum
2084 4458 2334 4512 tunicam
2364 4464 2422 4512 et
2447 4459 2554 4512 vile
2582 4459 2867 4530 palliolum
2884 4461 3208 4531 gaudebant
3229 4478 3403 4516 manu
3431 4467 3656 4530 tangere,

399 4538 676 4608 antistes),
710 4538 920 4593 eaedem
947 4539 1212 4591 Romanae
1241 4538 1389 4592 sedis
1419 4539 1682 4611 episcopi,
1733 4547 1798 4595 ut
1825 4542 1905 4597 sic
1933 4543 2002 4596 ab
2086 4552 2143 4600 et
2173 4547 2501 4602 vestimenta
2531 4564 2634 4602 sua
2662 4547 2977 4610 velleribus,
3010 4566 3166 4615 auro,
3199 4557 3259 4604 et
3286 4556 3409 4604 arte
3439 4549 3659 4621 pretiosa

397 4627 660 4681 universa
673 4627 1063 4698 reciperentur
1081 4625 1726 4696 Ecclesia,probarentur
1743 4647 1995 4686 assensu.
2082 4635 2316 4707 pedibus
2328 4637 2376 4706 ej
2385 4653 2450 4690 us
2461 4635 3155 4710 substernere,pannisque
3167 4645 3467 4710 contegere
3479 4636 3660 4709 gestie-

399 4715 508 4769 Sed
524 4722 734 4786 quanta
757 4716 812 4770 id
835 4716 910 4770 sit
931 4715 1282 4769 elaboratum
1299 4715 1597 4783 industria,
1620 4723 1678 4772 et
1699 4719 1901 4789 quibus
1915 4738 2002 4775 ve-
2081 4724 2216 4779 bant
2243 4744 2255 4793 ;
2283 4725 2495 4796 expiari
2515 4742 2574 4780 se
2595 4725 2960 4781 adivitiarum
2982 4745 3213 4782 suarum
3243 4728 3500 4797 contagio
3529 4723 3659 4796 judi-

394 4801 656 4858 lamentis
685 4821 798 4860 una
817 4822 945 4860 cum
975 4805 1062 4859 his
1102 4803 1334 4876 palliata
1363 4805 1564 4860 decore
1598 4807 1824 4862 haeresis
1852 4826 1911 4864 se
1942 4811 1999 4866 in
2081 4819 2292 4880 cantes,
2325 4813 2372 4868 si
2403 4831 2573 4885 quam
2595 4815 2667 4871 de
2687 4815 2957 4871 vilissimo
2978 4817 3101 4887 ejus
3121 4817 3318 4872 habitu
3338 4823 3437 4872 aut
3449 4811 3658 4884 vestigio

393 4890 593 4945 urbem
621 4893 894 4958 intulerit,
931 4893 1240 4948 videamus.
2081 4901 2303 4956 sordem
2334 4902 2596 4973 colligere
2626 4910 2999 4959 mererentur.

465 4979 651 5048 Atque
682 4981 949 5051 primum,
975 4999 1096 5052 quae
1116 4987 1345 5036 sanctus
1369 4983 1638 5038 Paulinus
1657 4985 1726 5039 de
1747 4986 1999 5042 Melaniae
2155 5009 2180 5040 ‹‹
2211 4990 2522 5060 Tugurium
2546 5008 2676 5046 vero
2705 4999 2981 5057 nostrum,
3017 4993 3165 5064 quod
3199 5010 3234 5047 a
3271 4999 3426 5048 terra
3450 5005 3657 5063 suspen-

397 5065 603 5133 reditu,
627 5068 723 5138 qui
745 5084 869 5122 eam
897 5069 1144 5142 suscepit
1169 5070 1342 5137 Nolae,
1375 5071 1653 5127 describat
1681 5074 1737 5127 in
1765 5075 1999 5146 epistola
2081 5095 2207 5132 sum
2237 5080 2523 5134 caenaculo
2551 5097 2684 5148 uno,
2709 5081 2926 5152 porticu
2952 5082 3166 5136 cellulis
3187 5081 3551 5153 hospitalibus
3578 5079 3654 5131 in-

398 5156 469 5210 ad
491 5155 777 5222 Severum,
796 5157 886 5210 hic
907 5158 1243 5213 reddamus:
1270 5178 1296 5212 ‹‹
1321 5159 1552 5215 Addidit
1572 5162 1785 5233 (inquit!
1816 5165 2000 5219 Domi—
2079 5168 2369 5239 terposita,
2398 5169 2619 5240 longius
2646 5171 2918 5236 tenditur,
2962 5171 3122 5242 quasi
3168 5171 3465 5225 dilatatam
3491 5166 3654 5239 gratia

395 5260 504 5301 nus
532 5243 677 5298 hanc
687 5245 930 5316 gratiam
948 5247 1016 5300 de
1039 5247 1364 5302 muneribus
1397 5256 1452 5303 et
1473 5250 1676 5306 litteris
1695 5252 1827 5317 tuis,
1846 5259 1909 5308 ut
1927 5254 1997 5307 ad
2079 5256 2322 5322 Domini,
2347 5274 2459 5313 non
2478 5259 2660 5313 solum
2681 5259 2890 5313 sanctis
2912 5260 3008 5330 qui
3027 5260 3183 5314 illam
3197 5259 3427 5331 plurimi
3449 5255 3653 5312 comita-

394 5349 490 5389 eos
510 5333 862 5405 potissimum
892 5334 1010 5388 dies
1039 5335 1197 5390 nobis
1223 5336 1397 5391 frater
1425 5339 1615 5393 Victor
1659 5349 1992 5410 occurreret,
2079 5343 2306 5412 bantur,
2333 5347 2428 5400 sed
2445 5347 2618 5402 etiam
2639 5347 2872 5402 divitum
2893 5349 3115 5402 illorum
3136 5348 3375 5402 catervis
3393 5363 3501 5402 non
3514 5346 3651 5400 inca-

394 5422 598 5495 quibus
608 5428 859 5479 sanctam
874 5423 1055 5494 ipsam
1072 5425 1394 5497 (Melaniam
1414 5429 1642 5499 scilicet)
1677 5447 1742 5484 ex
1770 5433 1997 5486 Jerusa—
2080 5450 2246 5504 paces
2273 5437 2564 5506 angustias
2580 5436 2818 5507 praebuit
2841 5456 2853 5504 ;
2877 5436 2934 5492 in
2957 5454 3066 5508 quo
3085 5435 3342 5509 personis
3370 5447 3651 5507 puerorum

402 5513 520 5568 lem
549 5518 677 5587 post
702 5512 950 5586 quinque
977 5511 1156 5568 lustra
1179 5521 1520 5571 remeantem
1549 5519 1883 5591 excepimus.
1921 5521 2002 5576 At
2082 5539 2147 5577 ac
2181 5523 2459 5594 virginum
2489 5525 2672 5580 choris
2718 5525 2900 5580 vicina
2935 5525 3264 5581 Dominaedii
3301 5525 3477 5580 nostri
3523 5519 3652 5577 Feli-
