3892 6182
282 295 376 352 721

1753 299 2150 356 ΡΒτΕΙιΠΒΙΑ.

3447 301 3556 362 722

281 417 359 473 cis
385 419 638 475 culmina
663 423 1045 496 resultabant;
1077 445 1259 501 neque
1283 446 1314 484 e
1333 429 1552 484 diverso
1575 422 2070 491 habitatio-Anio,
2099 430 2261 494 gesta
2311 433 2514 484 essent.
2548 429 2991 500 Quomodonam,
3032 448 3239 504 quaeso,
3283 429 3550 487 Paulinus

280 506 367 561 nis
379 507 656 577 ejusdem,
679 511 893 569 dissoni
918 514 1047 571 licet
1067 519 1384 590 praposito,
1401 515 1652 589 hospites
1667 513 1874 570 obstre-

277 595 507 668 pebant,
538 599 636 653 sed
663 604 720 654 et
747 601 805 655 in
836 601 945 658 illis
971 606 1233 677 religiosa
1254 607 1531 663 modestia
1548 604 1878 660 imitabatur

273 691 484 740 nostra:
523 687 813 744 silentium
856 691 1189 765 disciplinae;
1244 702 1309 751 ut
1359 696 1406 750 si
1453 694 1879 750 dissimularent

271 776 569 830 concinere
589 777 948 848 vigilantibus
967 783 1128 854 pigro
1144 791 1336 840 ventre
1351 784 1537 856 sopiti,
1559 788 1749 838 tamen
1765 799 1878 837 non

271 863 552 919 auderent
574 865 682 936 piis
716 869 939 924 vocibus
968 873 1276 940 dissonare,
1311 873 1462 928 ﬁdeli
1488 873 1694 928 timore
1723 889 1876 926 com-

272 952 456 1023 potiti,
490 955 589 1025 qui
628 956 847 1028 placitis
881 961 1244 1031 psallentium
1277 963 1522 1028 vocibus,
1554 977 1872 1034 compresso

271 1042 624 1098 saecularium
652 1046 948 1103 turbarum
977 1053 1247 1118 tumultu,
1276 1052 1446 1106 etiam
1473 1050 1630 1106 taciti
1685 1050 1872 1104 conci-

273 1129 503 1185 nebant.
529 1133 737 1189 Verum
777 1141 843 1190 ut
869 1138 939 1192 ad
969 1140 1272 1210 perfectam
1305 1140 1531 1196 Domini
1557 1138 1873 1194 columbam

273 1235 580 1287 recurram,
613 1224 752 1279 scito
773 1241 923 1280 nunc
950 1228 1117 1283 istam
1146 1234 1366 1286 tantam
1396 1229 1456 1284 in
1481 1245 1616 1284 sexu
1643 1227 1878 1282 inﬁrmi-

276 1308 406 1362 tatis
434 1309 703 1365 virtutem
725 1313 844 1374 Dei,
869 1315 961 1369 cui
987 1316 1214 1372 refectio
1243 1318 1301 1372 in
1324 1317 1562 1388 jejunio,
1578 1317 1801 1388 requies
1817 1316 1877 1371 in

1957 512 2127 567 sciret
2145 531 2268 585 quae
2307 532 2411 570 nec
2450 518 2547 588 qui
2567 519 2930 593 Jerosolymis
2959 528 3148 577 essent
3165 538 3330 578 nosse
3350 524 3552 592 potue-

1957 601 2113 658 rint?
2141 609 2206 658 ut
2233 605 2491 676 superius
2517 613 2604 662 est
2630 608 3148 667 demonstratumin
3176 607 3555 666 controversia

1958 690 2055 746 illa
2075 692 2264 748 habita
2281 694 2430 749 inter
2440 703 2697 751 sanctum
2717 699 3089 770 Epiphanium
3110 707 3167 756 et
3179 701 3453 755 Joannem
3464 698 3553 754 Je-

1958 781 2426 852 rosolymitanum
2447 784 3238 858 episcopum,0rigenistarum
3250 793 3552 860 patronum

1958 874 2258 937 negantem
2277 883 2465 925 tamen
2485 889 2545 926 se
2566 872 2821 944 Origenis
2842 892 3060 931 errores
3080 877 3398 942 defendere,
3429 892 3553 946 quae

1958 955 2162 1011 litteris
2191 959 2370 1013 sancti
2398 960 2726 1034 Hieronymi
2743 965 2842 1018 uni
2857 965 3152 1020 innotuere
3173 965 3550 1020 Pammachio.

1954 1045 2307 1117 Videsigitur
2319 1047 2617 1105 Paulinum
2647 1051 2845 1105 horum
2862 1054 3114 1108 omnium
3142 1055 3364 1126 penitus
3393 1054 3556 1124 igna-

1954 1149 2081 1189 rum
2111 1135 2250 1190 adeo
2278 1137 2513 1192 mirifice
2538 1140 2838 1195 Melaniam
2863 1143 2995 1212 jure
3034 1142 3322 1211 laudasse;
3352 1142 3449 1197 sed
3487 1147 3546 1196 et

1959 1224 2081 1294 ejus
2109 1223 2168 1278 in
2203 1224 2288 1279 via
2325 1227 2587 1282 comitem
2643 1229 2931 1285 immensis
2983 1231 3290 1303 praeconiis,
3321 1231 3448 1285 aliis
3484 1231 3556 1286 ad

1959 1313 2219 1367 eumdem
2238 1316 2505 1370 Severum
2525 1317 2672 1372 datis
2685 1318 3226 1385 litteris,celebrasse
3242 1319 3551 1385 Rufﬁnum,

277 1399 549 1466 oratione,
581 1401 742 1471 panis
765 1402 824 1457 in
854 1403 1041 1470 verbo,
1072 1405 1302 1461 habitus
1355 1406 1416 1462 in
1461 1422 1668 1478 panno,
1700 1406 1878 1460 lectus
1957 1399 2017 1454 in
2047 1417 2287 1472 quorum
2316 1402 2751 1460 celebrationem
2777 1407 3027 1463 omnium
3067 1424 3336 1463 conversa
3387 1406 3558 1462 fuisse

279 1486 335 1540 in
358 1489 559 1559 sagulo
586 1496 644 1545 et
671 1496 907 1548 centone
934 1493 1110 1551 durus
1139 1495 1199 1551 in
1225 1503 1380 1551 terra
1405 1497 1470 1550 ﬁt
1497 1495 1683 1550 mollis
1709 1494 1876 1550 inlit-
1958 1489 2148 1544 studia
2171 1491 2770 1565 Christianorum,quis
2780 1496 2989 1566 poterit
3002 1495 3260 1552 dubitare
3277 1498 3555 1570 (Paruum,

279 1580 416 1643 tera,
456 1594 571 1648 qua
599 1579 771 1650 rigidi
815 1583 1015 1639 cubilis
1053 1583 1320 1656 injuriam
1361 1585 1585 1656 mitigat
1623 1584 1877 1640 lectionis
1958 1581 2111 1648 epist.
2136 1576 2223 1650 9)?
2254 1580 2337 1635 En
2367 1581 2541 1638 vides.
2590 1582 2792 1654 quibus
2822 1584 3147 1655 qualibusve
3175 1583 3559 1642 anteambulo-

173 1683 187 1697 ο
281 1665 555 1738 voluptas,
578 1674 638 1723 et
663 1676 869 1728 sanctae
896 1673 1096 1728 animae
1123 1675 1183 1729 in
1226 1674 1466 1731 Domino
1501 1674 1751 1745 vigilare,
1793 1689 1934 1746 re-_
1957 1667 2123 1722 nibus
2150 1669 2426 1725 inferatur
2441 1670 2501 1726 in
2521 1671 2719 1726 urbem
2750 1673 2976 1729 haeresis
2991 1674 3269 1744 Origenis,
3301 1679 3367 1729 ut
3391 1675 3558 1746 plane

283 1755 569 1825 quiescere
597 1764 702 1813 est.
1557 1740 1590 1745 ’
1740 1740 1743 1741 ν
1890 1740 1940 1802 Β
1957 1772 2059 1828 pro
2074 1757 2344 1813 miraculo
2363 1758 2662 1816 dicendum
2679 1761 2868 1829 fuerit,
2891 1740 3158 1825 si,audito
3171 1762 3359 1818 sonitu
3383 1740 3553 1828 tubae,

354 1863 376 1895 ι
411 1845 573 1901 Hanc
597 1864 730 1919 ergo
763 1850 878 1904 ﬁlia
908 1852 1043 1906 Sion
1072 1853 1344 1908 hactenus
1363 1851 1560 1908 habuit
1585 1857 1643 1908 et
1662 1851 1878 1906 deside—
1957 1845 2179 1920 ﬁstulae,
2213 1852 2270 1901 et
2297 1846 2544 1916 citharae,
2575 1849 2876 1917 sambucas,
2905 1855 2964 1906 et
2981 1851 3252 1923 psalterii,
3283 1849 3555 1923 sympho-

281 1937 383 1999 rat,
423 1951 577 1991 nunc
605 1936 722 1991 ﬁlia
755 1937 1058 2010 Babylonis
1080 1940 1251 1996 habet
1279 1946 1339 1996 et
1369 1941 1714 2008 admiratur;
1747 1939 1882 2011 quia
1961 1933 2087 2001 nias,
2121 1939 2179 1988 et
2199 1935 2382 1990 omnis
2409 1937 2636 2007 generis
2663 1938 3027 2007 musicorum,
3051 1955 3164 1994 non
3203 1939 3560 1995 adoraverint

276 2019 391 2099 jam
412 2029 473 2078 et
499 2026 622 2097 ipsa
642 2025 778 2081 urbs
793 2027 851 2082 in
871 2028 1126 2100 pluribus
1155 2030 1272 2084 ﬁlia
1301 2028 1439 2085 Sion
1460 2035 1550 2084 est
1578 2045 1746 2100 quam
1763 2027 1880 2082 ﬁlia
1961 2039 2158 2078 omnes
2180 2028 2426 2079 statuam
2455 2041 2686 2081 auream
2716 2029 2875 2094 (Dan.
2906 2030 3008 2098 III);
3041 2028 3108 2094 si,
3140 2028 3391 2100 inquam,
3417 2044 3558 2100 quos

282 2115 615 2187 Babylonis;
649 2120 704 2169 et
730 2117 856 2171 ideo
878 2117 1120 2172 miratur
1137 2118 1195 2174 in
1214 2117 1551 2174 humilitatis
1571 2117 1805 2172 obscuro
1823 2121 1880 2172 et
1959 2111 2439 2168 sanctissimorum
2491 2114 2739 2170 virorum
2767 2116 2938 2170 etiam
2975 2117 3238 2172 audirent
3290 2116 3558 2173 encomiis

281 2205 530 2260 veritatis
543 2206 667 2259 luce
683 2205 978 2272 viventem,
995 2213 1051 2261 et
1065 2207 1197 2262 ﬁdei
1210 2207 1576 2262 incitamenta
1589 2205 1874 2272 divitibus,
1958 2217 2102 2272 pene
2130 2201 2330 2256 divinis
2360 2203 2739 2276 eﬁ‘erri,aeque
2758 2204 3046 2277 plausibus
3073 2223 3187 2260 non
3217 2207 3554 2278 exceperint,

281 2294 666 2366 angustiarum
687 2294 888 2349 solatia
905 2295 1244 2367 pauperibus
1264 2296 1880 2367 ministrantem,quan-
1960 2295 2019 2344 et
2044 2289 2218 2344 obviis
2247 2307 2470 2363 quoque
2497 2293 2777 2360 manibus,
2812 2294 2960 2365 quod
2991 2293 3062 2348 ab
3091 2294 3200 2349 illis
3241 2292 3557 2349 sanctitatis

281 2401 446 2456 quam
475 2384 572 2438 illa
594 2383 799 2455 quietis
819 2389 876 2438 et
895 2384 1123 2440 latebrae
1156 2403 1271 2441 suae
1294 2385 1444 2457 apud
1475 2385 1789 2441 Jerusalem
1816 2385 1877 2440 in
1958 2379 2124 2434 titulo
2153 2379 2288 2435 foris
2322 2380 2654 2454 inscriptum
2681 2383 2998 2451 offerretur,
3023 2399 3220 2439 omnes
3247 2399 3361 2440 non
3399 2398 3557 2438 acce-

279 2472 544 2528 Romanis
586 2473 752 2528 modo
794 2472 976 2528 turbis
1023 2480 1266 2530 aestuans
1310 2475 1519 2530 clamat
1551 2492 1563 2528 :
1597 2477 1714 2530 Heu
1751 2478 1877 2528 me!
1958 2467 2190 2540 ptarint,
2224 2474 2329 2524 etc.

276 2566 407 2632 quia
433 2565 708 2616 ineamus
737 2579 890 2617 meus
910 2567 1274 2632 prolongata:
1293 2569 1368 2619 est
1390 2566 1496 2634 (Ps.
1519 2566 1687 2631 cnx);
1719 2561 1876 2618 ideo-
2028 2557 2259 2629 Accepit
2283 2563 2418 2612 tunc
2451 2558 2604 2613 idem
2631 2559 2902 2615 Paulinus
2932 2577 2968 2616 a
3008 2561 3251 2617 Melania
3288 2561 3557 2634 perbreve

277 2667 345 2706 ne
363 2651 542 2705 dilata
569 2667 714 2718 sum,
731 2656 797 2706 ut
817 2668 966 2707 nunc
997 2651 1313 2707 habitarem
1334 2669 1462 2707 cum
1489 2651 1876 2708 habitantibus
1957 2651 2314 2716 segmentum
2344 2647 2482 2718 ligni
2496 2648 2863 2705 sanctissimae
2891 2651 3092 2716 crucis,
3121 2652 3358 2706 missum
3388 2649 3495 2706 sibi
3523 2667 3558 2706 a

275 2740 454 2795 Cedar
467 2740 493 2794 Ἰ
513 2741 630 2795 Hoc
645 2740 794 2796 enim
807 2741 1033 2796 nomine
1049 2742 1195 2813 apud
1214 2742 1479 2798 Hebraeos
1505 2744 1588 2809 (ut
1605 2741 1872 2812 comperi)
1955 2735 2171 2790 Joanne
2185 2737 2663 2808 Jerosolymorum
2684 2739 3229 2812 episcopo.Testatur
3245 2740 3302 2796 id
3331 2739 3557 2812 quidem

273 2830 626 2900 signiﬁcatur
638 2829 967 2885 obscuritas.
992 2831 1177 2896 Quare
1199 2831 1279 2886 ita
1291 2830 1372 2885 illi
1385 2831 1786 2902 gratulandum
1806 2831 1876 2886 de
1955 2821 2076 2894 ipse
2091 2823 2380 2888 Paulinus,
2413 2841 2540 2879 cum
2569 2842 2635 2880 ex
2661 2842 2726 2881 eo
2767 2828 2900 2898 quid
2929 2828 3213 2884 modicum
3241 2833 3552 2900 sumptum,

274 2919 601 2973 memoratis
622 2919 921 2974 virtutibus
950 2926 1106 2992 puto,
1137 2927 1203 2975 ut
1235 2921 1304 2975 de
1355 2919 1615 2991 praesenti
1637 2919 1768 2975 sede
1796 2919 1871 2974 ti-
1953 2911 2468 2968 nomineTherasiae
2481 2929 2614 2980 suae,
2635 2915 2811 2970 mittit
2829 2917 2898 2970 ad
2918 2933 3138 2971 socrum
3158 2918 3336 2989 ipsius
3366 2917 3559 2973 Severi

174 3018 194 3040 ⁶
274 3014 515 3074 meatur,
547 3013 610 3062 ut
637 3013 754 3062 tam
778 3009 1015 3079 insignis
1039 3008 1231 3064 anima
1258 3010 1386 3081 plus
1408 3010 1597 3064 Romae
1624 3009 1875 3064 conferat
1899 3058 1940 3081 η
1956 3002 2269 3070 Bassulam,
2299 3003 2434 3057 dum
2460 3004 2578 3059 haec
2606 3005 2689 3059 ait
2719 3023 2730 3058 :
2770 3025 2797 3057 α
2827 3005 3060 3061 Partem
3085 3007 3374 3078 particulae
3403 3007 3473 3062 de
3494 3007 3559 3062 li-

275 3114 440 3168 quam
473 3098 543 3151 de
573 3098 754 3152 Roma
783 3098 990 3164 trahat,
1013 3104 1071 3153 et
1105 3098 1186 3152 sic
1215 3099 1410 3153 sedeat
1440 3115 1611 3169 super
1636 3098 1875 3153 ﬁumina
1896 3091 2066 3162 ugno
2093 3091 2291 3147 divinae
2315 3092 2515 3159 crucis,
2537 3093 2686 3165 quod
2714 3093 2876 3149 nobis
2903 3095 3112 3149 donum
3142 3095 3557 3151 benedictaMe-

275 3186 594 3258 Babylonis,
627 3192 687 3240 et
713 3187 1038 3242 recordetur
1069 3187 1203 3242 Sion
1230 3190 1396 3256 (Psal.
1428 3190 1664 3253 cxxxvx),
1697 3191 1755 3241 et
1780 3203 1872 3241 or-
1955 3179 2108 3234 lania
2143 3179 2214 3234 ab
2260 3181 2572 3236 Jerusalem
2629 3199 2862 3238 munere
2915 3184 3096 3238 sancti
3133 3183 3266 3239 inde
3311 3183 3555 3256 episcopi

275 3290 420 3345 gano
444 3275 696 3346 corporis
725 3275 812 3330 sui
841 3293 1112 3347 suspenso
1139 3275 1208 3330 ab
1227 3275 1465 3331 inimica:
1491 3275 1751 3330 omnibus
1762 3275 1872 3330 Ba-
1953 3269 2186 3324 Joannis
2206 3269 2415 3335 attulit,
2431 3271 2535 3326 hoc
2554 3271 2873 3343 specialiter
2895 3273 3074 3327 sorori
3102 3277 3309 3328 nostra:
3327 3289 3556 3328 venera-

273 3362 491 3434 bylonis
519 3363 740 3418 insidiis
770 3369 828 3418 et
855 3363 1149 3431 illecebris,
1173 3365 1232 3419 in
1252 3365 1339 3418 sui
1360 3363 1631 3437 propositi
1653 3368 1868 3431 tenore,
1953 3357 2052 3413 bili
2080 3358 2329 3414 Bassula:
2371 3359 2527 3415 misit
2571 3377 2837 3416 conserva
2881 3361 3220 3420 communis.
3271 3362 3380 3417 Sed
3405 3362 3556 3434 quod

275 3452 426 3506 velut
450 3451 511 3506 in
540 3451 800 3507 salicibus
824 3453 1069 3524 genuino
1115 3470 1340 3526 semper
1376 3454 1612 3508 humore
1641 3453 1874 3508 viventi-
1955 3448 2117 3502 alteri
2135 3453 2384 3503 vestrum
2406 3449 2591 3516 datur,
2616 3450 2909 3522 utriusque
2936 3456 3184 3507 vestrum
3214 3456 3318 3515 est,
3339 3451 3471 3523 quia
3494 3451 3555 3507 in

273 3538 392 3605 bus,
425 3540 734 3594 constituta
761 3541 940 3596 virere
988 3559 1101 3596 non
1148 3543 1386 3608 desinat,
1422 3547 1477 3596 et
1505 3545 1872 3612 permanente
1955 3541 2195 3608 utroque
2225 3542 2471 3593 vestrum
2500 3555 2614 3594 una
2633 3539 2778 3594 ratio
2794 3545 3005 3606 manet,
3024 3545 3082 3595 et
3103 3556 3298 3595 sexum
3323 3545 3556 3595 evacuat

273 3629 400 3683 ﬁdei
429 3630 768 3695 constantia,
798 3631 1130 3702 virtutisque
1157 3631 1361 3702 gratia,
1395 3630 1590 3685 folium
1619 3631 1742 3701 ejus
1759 3646 1872 3685 non
1955 3627 2233 3699 ﬁdes,qua
2247 3629 2306 3683 in
2322 3628 2504 3684 virum
2539 3629 2847 3700 perfectum
2878 3629 3044 3684 ambo
3064 3628 3416 3685 concurritis.
3443 3629 3553 3685 Ac-

271 3717 500 3784 deﬂuat,
526 3724 583 3772 et
601 3719 748 3773 sicut
765 3719 879 3773 vita
898 3721 1020 3789 ejus
1045 3720 1103 3774 in
1123 3720 1325 3774 itinere
1346 3724 1686 3791 aspectatur,
1708 3719 1788 3772 ita
1816 3725 1872 3774 et
1952 3716 2119 3789 cipite
2135 3734 2270 3787 ergo
2297 3717 2368 3771 ab
2395 3717 2679 3773 unanimis
2698 3718 2986 3787 fratribus,
3008 3719 3068 3774 in
3095 3719 3251 3774 omni
3280 3717 3427 3774 bono
3455 3735 3553 3774 ve-

269 3806 392 3861 laus
417 3807 477 3861 in
505 3807 655 3862 exitu
680 3814 932 3863 canatur.
975 3828 998 3860 »
1032 3809 1334 3880 Hucusque
1354 3808 1622 3863 Paulinus
1660 3808 1730 3862 de
1767 3808 1870 3862 ad-
1951 3810 2135 3861 strum
2151 3805 2257 3860 sibi
2275 3807 3266 3880 consortiumcupientibus.Accipite
3281 3823 3554 3878 magnum

270 3901 440 3952 ventu
471 3896 721 3952 Melaniae
750 3897 985 3952 Romam
1020 3915 1031 3950 :
1068 3915 1236 3969 quam
1268 3897 1493 3968 quidem
1521 3897 1719 3951 urbem
1741 3913 1868 3952 cum
1950 3894 2010 3948 in
2041 3895 2259 3949 modico
2280 3911 2522 3960 munus;
2563 3901 2621 3952 et
2647 3897 2705 3951 in
2735 3902 3026 3968 segmento
3046 3914 3187 3970 pene
3229 3902 3418 3952 atomo
3447 3897 3554 3952 ha-

269 3985 345 4040 sic
375 3985 634 4040 nominet
663 3985 838 4040 ﬁliam
862 3985 1181 4058 Babylonis,
1217 3993 1281 4040 ut
1319 3992 1509 4041 tamen
1534 3986 1593 4040 in
1616 3985 1870 4056 pluribus
1951 3984 2110 4038 stulae
2139 3983 2341 4048 brevis,
2381 3985 2585 4039 sumite
2627 3986 3039 4042 monimentum
3070 3986 3364 4058 praesentis
3385 3991 3441 4042 et
3470 3985 3551 4058 pi-

267 4073 421 4128 dicat
441 4091 567 4128 eam
581 4075 906 4145 praeseferre
931 4075 1105 4129 ﬁliam
1131 4075 1284 4141 Sion,
1303 4075 1464 4130 facile
1493 4081 1630 4146 puto
1658 4075 1870 4130 intelli-
1950 4088 2094 4143 gnus
2126 4077 2348 4127 aeterna;
2372 4073 2588 4128 salutis.
2626 4075 2753 4129 Non
2793 4080 3130 4146 angustetur
3174 4076 3314 4131 ﬁdes
3368 4080 3556 4131 vestra

266 4163 372 4234 gis,
399 4180 468 4216 ea
489 4163 731 4217 nominis
771 4163 939 4218 unius
966 4163 1120 4218 urbis
1160 4164 1430 4219 varietate
1459 4163 1870 4218 discriminatos
1950 4161 2270 4216 carnalibus
2289 4161 2464 4217 oculis
2487 4178 2659 4233 parva
2677 4163 3056 4230 cernentibus;
3080 4163 3408 4219 sedintenta
3431 4163 3552 4218 acie

267 4268 390 4306 esse
409 4251 651 4322 gentiles
680 4269 715 4306 a
739 4252 1072 4307 Christianis
1095 4271 1108 4321 ;
1132 4253 1402 4307 nimirum
1428 4257 1492 4306 ut
1528 4269 1596 4306 ea
1616 4269 1682 4306 ex
1709 4258 1870 4324 parte
1952 4255 2129 4305 totam
2159 4251 2216 4304 in
2238 4251 2342 4304 hoc
2369 4249 2604 4305 minimo
2623 4251 2733 4305 vim
2749 4251 2927 4306 crucis
2963 4251 3338 4306 videas.Dum
3363 4251 3550 4306 videre

267 4340 446 4396 Roma
456 4340 708 4414 Babylon
727 4341 965 4408 dicatur,
989 4341 1084 4396 ubi
1109 4342 1292 4397 adhuc
1323 4341 1380 4395 in
1403 4358 1469 4395 ea
1494 4341 1776 4412 gentilitia
1795 4340 1872 4395 vi-
1950 4355 2052 4394 vos
2069 4339 2325 4410 cogitatis
2356 4339 2569 4409 lignum
2585 4339 2744 4407 illud,
2769 4356 2879 4411 quo
2898 4341 3051 4395 salus
3065 4344 3276 4405 nostra,
3297 4355 3407 4412 quo
3435 4340 3549 4395 Do-

266 4435 429 4501 gerct
449 4429 741 4502 impietas;
767 4429 899 4485 Sion
930 4436 1120 4485 autem
1148 4431 1206 4485 in
1237 4429 1510 4502 pluribus,
1530 4435 1726 4501 utpote
1746 4447 1870 4501 quae
1885 4417 1934 4477 ι)
1953 4428 2139 4484 minus
2155 4427 2470 4498 majestatis
2486 4428 2704 4493 afﬁxus,
2722 4434 3001 4485 tremente
3024 4429 3255 4496 mundo,
3273 4428 3550 4502 pepende-

269 4518 608 4574 Christianis
635 4518 965 4586 abundaret,
997 4519 1056 4574 in
1113 4518 1315 4591 quibus
1361 4519 1545 4574 cultus
1586 4518 1870 4589 religionis

270 4625 413 4664 verte
436 4608 673 4662 micaret
698 4627 711 4676 ;
735 4613 800 4663 ut
820 4610 984 4680 plane
997 4625 1062 4664 ex
1080 4609 1225 4664 tanti
1244 4608 1349 4662 viri
1368 4608 1648 4662 sententia
1682 4609 1870 4663 valeas

268 4697 586 4768 intelligere
598 4713 707 4769 quo
727 4713 894 4752 sensu
925 4715 960 4752 a
995 4698 1211 4753 Joanne
1239 4698 1298 4752 in
1326 4698 1662 4770 Apocalypsi
1691 4697 1870 4754 Roma

268 4788 344 4844 sit
371 4785 624 4859 Babylon
655 4787 1000 4842 nominata".
1028 4788 1100 4842 At
1125 4787 1194 4842 de
1221 4787 1310 4842 his
1339 4786 1477 4842 satis
1504 4793 1659 4842 tomo
1686 4788 1868 4859 primo

268 4876 576 4933 Annalium
605 4881 793 4931 actum
816 4881 918 4931 est.

341 4966 455 5023 Sed
504 4965 578 5021 ad
632 4965 934 5021 Melaniam
980 4965 1320 5020 redeamus:
1352 4982 1520 5038 quam
1547 4982 1675 5021 cum
1719 4967 1800 5021 sic
1836 4984 1871 5022 a

268 5056 509 5112 Paulino
523 5056 811 5110 laudatam
830 5055 1002 5121 vides,
1021 5071 1093 5111 ne
1107 5055 1356 5110 mireris:
1386 5056 1474 5110 his
1495 5056 1720 5128 quidem
1750 5056 1873 5129 ipsa

267 5148 442 5216 atque
481 5143 786 5214 majoribus
813 5143 984 5216 digna
1008 5143 1297 5215 praeconiis
1310 5143 1603 5199 videbatur
1626 5145 1874 5200 nescien-

267 5233 423 5289 tibus
440 5237 631 5301 435
650 5249 775 5303 quae
789 5233 980 5304 paucis
991 5232 1218 5288 arbitris
1235 5233 1290 5287 in
1304 5234 1601 5288 Palaestina
1619 5250 1731 5288 non
1755 5240 1871 5289 tam

267 5322 340 5377 ab
363 5323 490 5394 ipsa
504 5337 673 5394 quam
692 5339 794 5394 per
811 5323 991 5394 ipsam
1009 5339 1043 5376 a
1062 5322 1180 5377 suis
1200 5322 1471 5377 consociis
1514 5323 1582 5377 de
1603 5323 1871 5378 inducen-

269 5413 358 5467 dis
389 5412 450 5467 in
489 5411 788 5467 Ecclesiam
801 5411 1082 5466 erroribus
1098 5411 1376 5482 Origenis,
1400 5415 1717 5482 retragante
1746 5429 1870 5467 san-

269 5507 362 5557 cto
377 5501 742 5574 Hieronymo,
766 5517 832 5554 ac
845 5500 1072 5572 penitus
1089 5499 1380 5556 obnitente
1413 5506 1606 5558 sancto
1625 5501 1865 5574 Epipha-

1951 4517 2056 4584 rit;
2092 4517 2378 4572 exsultetis
2406 4533 2534 4573 cum
2558 4523 2807 4574 tremore
2837 4537 2849 4574 :
2882 4519 3244 4575 recordemur
3274 4523 3332 4573 et
3357 4523 3549 4590 petras

1952 4607 2112 4661 ﬁssas
2133 4607 2205 4661 ad
2223 4607 2396 4678 hujus
2423 4608 2686 4663 affectum
2706 4609 2906 4676 crucis,
2939 4614 2997 4665 et
3033 4609 3236 4664 saltem
3285 4623 3550 4663 saxorum

1952 4695 2308 4752 aemulatione
2329 4697 2635 4768 praecordia
2650 4703 2844 4754 nostra
2857 4698 3136 4754 ﬁndamus
3147 4697 3353 4754 timore
3361 4695 3550 4753 divino

1954 4787 2225 4854 (Paulin.,
2249 4787 2323 4841 ad
2349 4787 2556 4856 Seven,
2577 4790 2802 4856 epistola
2828 4786 2934 4857 ll),
2973 4807 2996 4840 ι
3029 4791 3135 4842 etc.

2022 4875 2182 4939 Quod
2213 4891 2438 4930 rursum
2456 4874 2526 4930 ad
2546 4875 2696 4931 idem
2723 4875 2938 4947 lignum
2971 4876 3340 4933 sanctissimae
3367 4876 3551 4933 crucis

1952 4980 1988 5018 a
2013 4963 2255 5019 Melania
2282 4964 2518 5020 Paulino
2546 4965 2742 5020 datum
2775 4970 3011 5037 spectat,
3043 4966 3244 5037 ingens
3290 4967 3457 5038 plane
3485 4983 3552 5022 ex

1953 5053 2074 5125 ipso
2091 5054 2326 5125 contigit
2353 5054 2444 5109 edi
2463 5055 2818 5120 miraculum,
2835 5071 2961 5110 cum
2987 5055 3244 5111 incendio
3273 5057 3550 5128 ﬂagrante

1953 5143 2082 5197 feno
2098 5143 2304 5198 referta
2326 5159 2474 5209 casa,
2509 5143 2568 5197 in
2583 5144 2806 5199 Paulini
2821 5144 2997 5216 ipsius
3007 5145 3315 5218 hospitium
3327 5161 3553 5201 conver-

1953 5251 2016 5288 sa
2040 5234 2269 5288 ﬂamma
2287 5239 2489 5288 cuncta
2509 5233 2724 5305 impetu
2745 5233 2986 5289 violento
3002 5233 3548 5306 depascente,oblato

1951 5323 2023 5376 ab
2050 5323 2170 5394 ipso
2189 5321 2368 5392 globis
2388 5323 2568 5394 igneis
2591 5323 2788 5378 eodem
2824 5323 2977 5394 ligno
2997 5324 3195 5390 crucis,
3230 5323 3547 5379 incendium

1951 5412 2208 5484 protinus
2238 5411 2522 5477 resilierit,
2555 5416 2724 5483 atque
2745 5413 2969 5484 penitus
2993 5413 3326 5468 exstinctum
3355 5409 3543 5466 fuerit.

1951 5501 2111 5566 Quod
2131 5501 2316 5573 ipsum
2337 5505 2610 5572 perpetua
2629 5503 2904 5557 memoria
2929 5501 3364 5558 consecrandum
3382 5497 3547 5553 mira-

342 5647 364 5669 ‘
403 5643 548 5700 Vide
570 5643 676 5700 hoc
705 5643 1040 5718 explicatum
1068 5643 1128 5700 in
1153 5643 1300 5700 notis
1328 5644 1624 5720 Rosweydi
1651 5645 1723 5702 ad
1750 5645 1913 5719 epist.
1945 5645 2016 5704 10
2046 5643 2224 5714 Pauli,
2257 5649 2314 5703 et
2341 5645 2676 5722 Anticapelli
2706 5646 2847 5721 ejus,
2883 5662 2930 5701 c.
2965 5642 3018 5702 5.
