3966 6184
472 285 576 346 723

1605 289 1700 345 DE
1736 289 1925 346 VITIS
1961 288 2260 347 PATRUM
2293 286 2508 344 LIBER
2542 286 2615 343 ΙΙ.

3593 282 3676 340 724

475 413 688 480 culum,
720 413 842 484 ipse
879 411 1146 466 Paulinus
1184 410 1432 467 versibus
1470 409 1671 468 cecinit
1701 412 1967 481 (Paulin.,
2000 409 2576 474 inAtrecentesimus
2599 407 2997 478 nonagesimus
3011 405 3236 462 tertius.
3256 403 3504 475 Sequenti
3521 408 3680 462 autem

477 505 663 558 natali
694 498 761 558 10
786 501 842 556 S.
874 501 1108 568 Felicis).

548 593 797 648 Donatus
841 594 926 644 est
965 593 1237 660 praterea
1280 589 1430 644 idem
1467 590 1737 644 Paulinus
1781 589 1850 643 ab
1871 590 2066 644 eadem

476 679 718 737 Melania
743 678 952 743 tunica,
984 677 1353 733 innocuorum
1364 695 1638 750 agnorum
1667 684 1926 733 contexta
1951 680 2068 733 vel-

2148 517 2275 556 cum
2299 501 2419 571 jam
2439 498 2511 553 ad
2539 497 2787 552 natalem
2827 495 2977 550 diem
3003 493 3183 550 sancti
3221 491 3412 548 Felicis
3437 491 3611 546 Nolam
3631 509 3680 548 se

2149 586 2806 653 contulisset,secundum
2824 584 3019 640 ordine
3043 582 3220 638 edidit
3237 580 3551 636 natalitium.
3565 582 3682 661 Cum

2149 695 2279 732 vero
2298 680 2382 746 (ut
2411 678 2532 747 ejus
2560 674 2952 730 testiﬁcatione
2980 673 3178 744 liquet)
3201 673 3320 742 jam
3349 686 3544 724 annum
3563 671 3685 741 apud

2151 767 2410 822 eumdem
2438 771 2695 820 sanctum
2716 763 2958 817 Felicem
2988 761 3195 832 egisset
3226 760 3284 814 in
3311 759 3424 830 ipso
3451 775 3572 828 agro
3589 759 3683 813 No-

2150 857 2300 922 lano,
2349 853 2572 926 quando
2601 858 2656 908 et
2685 851 3026 923 legationem
3057 849 3127 903 ab
3161 846 3427 920 episcopis
3451 847 3688 901 Africanis

2153 944 2415 1016 suscepit,
2441 942 2538 1015 qui
2565 941 2672 997 fuit
2696 957 2878 996 annus
2888 938 3111 995 Domini
3123 936 3531 993 trecentesimus
3549 952 3692 990 nona-

2150 1035 2399 1105 gesimus
2428 1032 2680 1104 quintus,
2710 1029 2941 1085 tertium
2972 1027 3043 1083 ab
3062 1043 3128 1083 eo
3149 1027 3415 1097 scriptum
3434 1029 3513 1080 est
3529 1024 3697 1078 natali-

2152 1123 2294 1177 tium
2319 1141 2332 1190 ;
2375 1120 2631 1192 sequenti
2660 1136 2792 1175 vero
2821 1134 2988 1185 anno,
3023 1132 3222 1188 nempe
3252 1113 3530 1186 superiori,
3552 1129 3694 1185 quar-

2152 1218 2294 1266 tum.
2326 1211 2485 1267 Unde
2522 1209 2626 1264 hoc
2663 1210 2784 1281 ipso
2812 1224 2958 1262 anno
2979 1204 3205 1262 Domini
3226 1202 3595 1258 trecentesimo
3619 1218 3697 1256 no-

2151 1300 2439 1371 nagesimo
2480 1299 2740 1370 septimo,
2800 1297 2985 1369 ipsum
3042 1294 3304 1366 quintum
3347 1290 3693 1347 elucubratum

2149 1390 2322 1444 fuisse
2360 1387 2686 1444 natalitium
2735 1385 3052 1441 necessario
3091 1381 3392 1439 dicendum
3437 1385 3553 1435 est:
3605 1396 3696 1450 quo

2151 1484 2404 1550 tempore
2415 1483 2471 1532 et
2484 1477 2691 1532 Niceta
2702 1476 3005 1530 adventum
3015 1471 3486 1544 contigisse,aque
3498 1485 3620 1540 Opus
3628 1474 3698 1524 est

476 771 622 824 lere:
657 784 825 839 quam
844 767 994 821 idem
1022 767 1160 839 ipse,
1187 784 1315 821 cum
1332 767 1685 839 accepisseta
1713 768 1934 835 Severo,
1954 768 2070 839 pal-

475 857 615 912 lium
645 871 713 911 ex
742 855 868 927 pilis
897 857 1238 911 camelorum
1273 856 1556 910 hirsutum
1585 856 1767 910 eidem
1795 857 1942 911 dono
1969 858 2071 911 mi-

476 947 550 1001 sit
573 965 585 1014 ;
636 947 707 1000 de
733 962 846 1017 qua
873 950 999 1016 post
1021 943 1133 999 alia
1160 945 1237 999 sic
1265 945 1335 1000 ad
1357 945 1544 1016 ipsum
1572 945 1794 1017 scripsit
1826 964 1838 998 :
1880 969 1896 995 ι
1931 946 2080 1013 Nos,"

476 1034 661 1107 inquit
688 1033 963 1107 (Paulin.,
991 1035 1066 1088 ad
1107 1034 1308 1100 Seven,
1341 1037 1566 1103 epistola
1595 1034 1708 1105 10),
1741 1051 1923 1105 neque
1951 1051 2069 1088 ver-

474 1124 584 1192 bis,
613 1140 798 1195 neque
829 1122 994 1177 rebus
1022 1123 1193 1194 digna
1223 1128 1544 1194 pensantes,
1568 1123 1736 1178 unica
1764 1129 1953 1178 tamen
1983 1123 2068 1178 fa-

475 1214 685 1269 cultate
714 1211 874 1267 nobis
893 1212 1202 1277 charitatis,
1235 1229 1346 1283 qua
1368 1211 1522 1266 vobis
1553 1214 1670 1267 sola
1697 1230 1860 1284 pares
1875 1229 2070 1268 sumus

476 1302 734 1357 misimus
755 1301 1025 1367 tunicam,
1057 1318 1226 1372 quam
1254 1301 1324 1354 ab
1351 1319 1456 1356 usu
1487 1319 1632 1368 meo,
1671 1307 1735 1356 ut
1763 1303 1833 1356 de
1862 1309 2070 1357 sterco-

477 1393 554 1447 ris
600 1392 815 1446 vilitate
871 1391 1161 1446 collectum
1204 1407 1454 1461 pannum
1483 1390 1716 1461 dignare
1756 1391 2063 1462 suscipere.

477 1483 624 1537 Nam
651 1481 737 1535 vel
763 1481 869 1534 hoc
907 1479 1238 1534 innocentia
1267 1483 1380 1534 tua
1411 1479 1687 1550 congruit,
1719 1480 1869 1551 quod
1899 1480 1968 1534 de
1989 1485 2070 1534 te-

474 1587 612 1627 nero
637 1586 911 1641 agnorum
925 1570 1130 1624 vellere
1150 1574 1409 1624 contexta
1431 1567 1717 1624 blanditur
1743 1568 2064 1624 attactibus.
2149 1569 2585 1634 aﬂirmare,cum
2598 1582 2634 1620 a
2649 1566 2848 1637 quinto
2869 1563 3126 1619 natalitio
3138 1576 3320 1632 usque
3331 1559 3399 1613 ad
3418 1574 3608 1612 nonum
3617 1574 3700 1612 nu~

475 1660 634 1715 Addo
663 1664 854 1714 autem
875 1659 1056 1713 adhuc
1085 1659 1264 1730 pretio
1297 1659 1418 1728 ejus
1439 1663 1496 1712 et
1521 1658 1736 1728 gratia,
1779 1659 1928 1729 quod
1959 1675 2068 1729 quo
2091 1729 2112 1730 ί
2150 1674 2340 1712 merus
2361 1657 2456 1711 ille
2483 1655 2805 1726 perﬁciatur
2833 1670 3110 1708 annorum
3141 1655 3400 1723 quatuor,
3434 1662 3534 1719 quo
3559 1647 3697 1702 Nice-
3773 1673 3788 1689 ο

475 1749 698 1820 dignior
725 1748 995 1820 probetur
1016 1729 1123 1803 usu
1151 1753 1269 1808 tuo,
1302 1748 1370 1802 de
1412 1749 1620 1802 sancta
1651 1753 1708 1802 et
1743 1747 1977 1802 illustris
2009 1748 2069 1801 in
2087 1729 2131 1788 Β
2148 1753 2236 1802 tas
2265 1746 2509 1800 reditum
2527 1745 2589 1799 in
2613 1744 2835 1799 Italiam
2856 1741 3194 1814 prorogavit,
3229 1747 3334 1796 etc.

473 1838 682 1894 sanctis
705 1837 808 1892 Dei
838 1836 1060 1890 femina
1089 1836 1341 1892 Melania
1364 1836 1752 1891 benedictione
1782 1836 1932 1905 mihi,
1949 1837 2068 1908 pig-
2221 1837 2346 1890 Jam
2371 1851 2523 1900 vero,
2555 1832 2652 1888 ubi
2681 1832 2818 1888 satis
2834 1832 2986 1903 apud
3012 1833 3316 1888 Paulinum
3333 1830 3702 1890 Nolaconsedi-

415 1951 418 1956 -
473 1943 582 1982 nus
607 1932 708 1981 est.
741 1926 900 1981 Unde
930 1931 987 1979 te
1015 1925 1237 1995 dignior
1253 1925 1369 1980 visa
1400 1931 1502 1992 est,
1534 1927 1694 1997 cujus
1709 1926 1847 1980 ﬁdes
1875 1929 2069 1991 436
2149 1940 2296 1990 mus,
2329 1922 2630 1978 Melaniam
2659 1938 2787 1977 cum
2816 1921 3040 1976 Ruﬂino
3082 1922 3414 1979 redeuntem
3451 1924 3508 1978 in
3535 1920 3702 1977 urbem

473 2017 558 2070 illi
587 2016 765 2086 magis
797 2031 966 2086 quam
995 2019 1185 2068 noster
1212 2015 1442 2085 sanguis
1466 2015 1824 2086 prOpinquat.
1875 2034 1896 2065 ι
1939 2015 2068 2068 Hac
2150 2028 2578 2086 prosequamur.
2603 2010 2714 2076 Qui
2741 2011 2893 2067 enim
2914 2010 3011 2066 diu
3037 2010 3108 2066 ab
3137 2011 3278 2066 urbe
3306 2012 3551 2067 absentes
3578 2012 3704 2065 Jero-

474 2105 765 2170 Paulinus,
795 2103 1000 2175 quibus
1019 2103 1245 2174 quidem
1275 2105 1572 2175 postremis
1596 2105 1779 2159 verbis
1816 2121 1876 2159 se
1902 2105 2071 2159 Mela-
2151 2101 2382 2175 solymis
2404 2105 2674 2172 tanquam
2702 2100 2762 2154 in
2794 2099 3034 2171 spiritali
3072 2101 3319 2172 quadam
3349 2101 3628 2166 academia,
3655 2107 3707 2155 ut

472 2193 580 2248 nia
607 2191 881 2263 sanguine
898 2191 1070 2246 fuisse
1097 2192 1458 2263 conjunctum
1486 2193 1783 2264 signiﬁcat.
2152 2208 2344 2255 veram
2362 2191 2678 2246 excolerent
2706 2189 3063 2261 sapientiam,
3098 2190 3349 2262 quinque
3375 2192 3453 2260 (ut
3483 2189 3702 2257 vidimus)

545 2283 875 2353 Contigerat
892 2288 1082 2338 autem
1096 2283 1246 2337 haud
1268 2283 1486 2354 pridem
1500 2288 1632 2336 ante
1644 2283 1946 2337 adventum
1961 2282 2072 2336 Me-
2152 2280 2346 2337 lustris
2372 2280 2761 2346 consederant,
2775 2295 2905 2334 cum
2927 2279 3177 2350 primum
3203 2279 3442 2334 Romam
3467 2283 3704 2334 venerunt

473 2371 636 2426 lania
659 2372 860 2426 Nolam
890 2371 1041 2426 mitti
1065 2372 1134 2426 ab
1165 2372 1363 2426 eodem
1397 2372 1598 2426 Severo
1619 2371 1690 2425 ad
1711 2371 1900 2442 ipsum
1930 2371 2072 2425 Pau—
2154 2369 2408 2425 omnium
2427 2369 2594 2440 plane
2614 2368 2803 2423 oculos
2822 2384 2924 2439 pro
2950 2367 3328 2424 admiratione
3354 2375 3411 2423 in
3435 2385 3491 2422 se
3511 2383 3706 2422 conver-

473 2460 652 2514 linum
679 2459 928 2514 libellum
949 2461 1220 2532 scriptum
1251 2460 1318 2514 de
1349 2459 1514 2514 rebus
1534 2460 1708 2530 gestis
1726 2459 1903 2514 sancti
1925 2459 2070 2513 Mar-

472 2549 597 2615 tini,
628 2565 796 2620 quem
826 2550 1081 2604 Melania
1111 2549 1269 2603 illum
1319 2549 1479 2604 avide
1508 2548 1754 2620 cupienti
1788 2564 1848 2603 se
1868 2547 2069 2619 legisse

471 2643 734 2704 testatur,
766 2654 985 2692 necnon
1009 2638 1318 2692 ostendisse
1339 2644 1532 2692 sancto
1561 2638 1772 2692 Niceta
1791 2637 2071 2692 Dacorum

474 2728 751 2799 episcOpo,
799 2727 894 2798 qui
933 2728 1038 2780 hoc
1090 2727 1286 2782 eodem
1327 2733 1579 2798 tempore
1608 2726 1834 2798 pietatis
1859 2742 1990 2797 ergo
2012 2726 2071 2780 in

473 2817 696 2872 Italiam
725 2816 1115 2887 peregrinatus
1135 2816 1242 2870 fuit
1274 2835 1286 2884 ;
1330 2816 1411 2870 ait
1439 2817 1588 2870 enim
1619 2832 1687 2870 ea
1725 2815 1962 2887 epistola
2000 2815 2072 2869 ad
2153 2816 2286 2870 dam
2312 2815 2470 2870 illato
2495 2815 2735 2870 Romam
2761 2815 2988 2870 oraculo
3023 2814 3436 2886 pependerunt.
3459 2815 3590 2870 Cum
3604 2812 3707 2885 ipsi,

475 2906 740 2960 Severum
774 2905 992 2959 reddita
1027 2923 1037 2958 :
1090 2905 1442 2960 «Martinum
1491 2906 1641 2959 enim
1686 2910 1940 2959 nostrum
1989 2903 2072 2958 illi
2155 2921 2326 2976 quam
2354 2920 2426 2958 ex
2447 2903 2705 2975 Origenis
2725 2902 2882 2958 libris
2911 2904 3244 2969 didicerant,
3282 2904 3468 2960 Stoica
3490 2902 3710 2958 indolen-

477 2996 694 3066 (nempe
715 2993 990 3061 Melania)
1020 2993 1443 3048 studiosissima
1474 2994 1675 3048 talium
1704 2987 2068 3048 historiarum
2090 3048 2130 3066 η
2153 2993 2234 3049 tia
2247 2992 2661 3065 perfectissima
2689 2997 2748 3048 et
2771 2992 2844 3047 ad
2856 3009 3051 3048 omnes
3066 3009 3334 3048 numeros
3349 2993 3598 3048 absoluta
3608 2992 3711 3045 vita
3768 3003 3784 3025 ⁶

472 3084 592 3155 ipse
617 3083 845 3138 recitavi
878 3101 890 3136 :
962 3099 1072 3154 quo
1097 3099 1303 3153 genere
1330 3088 1386 3137 te
1411 3089 1467 3138 et
1486 3082 1788 3138 venerabili
1809 3083 2068 3154 episcopo
2087 3080 2132 3112 υ
2151 3081 2482 3139 Christiana
2545 3081 2830 3153 specimen
2859 3082 3108 3149 edentes,
3137 3083 3387 3137 maxima
3413 3081 3553 3154 apud
3580 3080 3714 3135 Chri-

475 3178 645 3244 atque
663 3171 998 3232 doctissimo
1011 3171 1240 3240 Niceta,
1260 3172 1357 3244 qui
1371 3189 1435 3227 ex
1454 3172 1625 3227 Dacia
1647 3171 1934 3236 Romanis,
1951 3188 2072 3226 me-
2160 3172 2375 3227 stianos
2398 3188 2594 3227 omnes
2615 3171 2712 3243 qui
2741 3171 2932 3227 Roma
2961 3176 3141 3238 erant,
3187 3172 3482 3244 perpaucis
3511 3169 3712 3225 eruditis

475 3263 586 3317 rito
606 3261 971 3317 admirandus
1001 3261 1322 3328 advenerat,
1344 3266 1401 3316 et
1416 3261 1681 3332 plurimis
1698 3261 1814 3316 Deo
1844 3261 2072 3327 sanctis,
2159 3262 2571 3333 exceptis,quos
2589 3266 2758 3316 antea
2769 3265 2995 3316 sanctus
3014 3261 3394 3334 Hieronymus
3414 3260 3602 3316 litteris
3615 3275 3715 3312 mo-

475 3351 538 3406 in
563 3351 800 3406 veritate
823 3367 937 3405 non
966 3351 1148 3422 magis
1177 3351 1263 3406 tui
1294 3351 1647 3422 pradicator,
1674 3367 1843 3421 quam
1873 3351 1984 3405 mei
1993 3351 2077 3422 ja—
2158 3351 2394 3418 nuisset,
2427 3350 2841 3406 existimatione
2877 3350 3126 3406 fuerunt.
3159 3350 3306 3406 Cum
3339 3352 3416 3405 sic
3437 3351 3596 3420 igitur
3613 3347 3714 3402 ani-

476 3445 654 3509 ctans,
686 3441 925 3496 revelavi
949 3441 1131 3511 (Pauli
1135 3457 1214 3507 n.,
1242 3443 1481 3510 Epistola
1508 3439 1613 3509 10),
1654 3460 1680 3493 ι)
1717 3447 1820 3494 etc.
2158 3457 2281 3496 mos
2301 3440 2505 3496 civium
2525 3457 2659 3510 erga
2679 3457 2738 3495 se
2757 3455 3000 3512 suosque
3020 3457 3142 3495 esse
3156 3445 3347 3507 43!!
3367 3438 3716 3512 propensiores

549 3532 668 3585 Hoc
713 3530 834 3602 ipso
889 3530 1117 3602 quidem
1170 3547 1318 3584 anno
1345 3530 1649 3600 contigisse
1684 3530 1875 3600 magni
1923 3529 2074 3585 illius
2157 3535 2215 3585 et
2239 3529 2450 3602 optime
2487 3529 2710 3584 effectos
2746 3529 3004 3585 Rufﬁnus
3044 3529 3430 3597 intellexisset,
3465 3546 3494 3583 e
3516 3524 3716 3594 vestigio

478 3619 688 3675 Niceta
743 3620 1063 3684 adventum,
1097 3635 1163 3673 ex
1190 3635 1426 3673 numero
1465 3619 1739 3673 natalium
1769 3618 1950 3673 sancti
1978 3618 2078 3673 Fe—
2159 3619 2450 3692 impietate
2478 3618 2687 3674 referta
2713 3618 2885 3673 allata
2901 3634 3094 3675 secum
3121 3635 3188 3674 ex
3211 3619 3452 3691 Egypto
3480 3617 3714 3690 primum,

479 3709 600 3763 licis
631 3725 666 3763 a
685 3709 921 3763 Paulino
941 3708 1221 3762 editorum
1241 3712 1451 3762 rectam
1475 3707 1930 3778 exploratamque
1952 3724 2077 3778 pos-
2156 3708 2288 3764 inde
2311 3708 2692 3780 Jerosolymis,
2725 3708 2933 3764 scrinia
2951 3712 3185 3774 reserat,
3213 3708 3458 3779 indeque
3473 3703 3718 3776 depromit

480 3811 679 3852 sumus
700 3796 975 3849 deducere
1000 3795 1300 3850 rationem.
1334 3795 1482 3849 Nam
1510 3811 1638 3850 cum
1666 3796 1805 3867 ipse,
1829 3795 2077 3851 scribens
2159 3795 2454 3869 pestiferas
2494 3811 2730 3863 merces,
2781 3795 2881 3850 sed
2935 3796 3018 3850 ita
3058 3795 3292 3851 fallaciis
3357 3794 3626 3850 obvolutas
3670 3795 3718 3846 et

2160 3902 2299 3941 auro
2327 3885 2569 3952 calatas,
2597 3889 2662 3940 ut
2679 3884 2822 3939 bene
2843 3885 3149 3956 prudentes
3166 3885 3512 3957 etsapientes
3529 3896 3716 3955 quoque

2161 3975 2370 4030 eadem
2401 3975 2658 4046 decipere
2683 3975 3018 4046 potuissent.

2232 4065 2312 4118 De
2340 4063 2580 4135 appulsu
2607 4068 2798 4119 autem
2849 4064 3053 4119 horum
3098 4063 3159 4118 in
3187 4064 3502 4119 Romanum
3525 4066 3718 4134 portum

2161 4169 2334 4224 agens
2389 4158 2615 4208 sanctus
2666 4152 3061 4226 Hieronymus,
3093 4153 3212 4209 hac
3237 4170 3344 4225 per
3382 4149 3718 4224 antiphrasim

2149 2463 2368 2516 terunt.
2402 2458 2542 2513 Lati
2567 2459 2687 2528 jam
2713 2457 2798 2512 illi
2820 2457 3008 2512 videre
3037 2463 3367 2530 praesentes,
3397 2475 3513 2529 qua
3538 2458 3600 2511 de
3628 2456 3707 2510 iis-

2149 2549 2282 2603 dem
2315 2546 2639 2602 absentibus
2670 2563 2894 2602 summo
2921 2563 3068 2618 saepe
3092 2548 3373 2619 praeconio
3405 2547 3547 2601 fama
3572 2546 3706 2600 detu-

2152 2639 2324 2705 lerat;
2356 2637 2456 2692 sed
2483 2653 2598 2691 non
2626 2636 2818 2691 videre
2837 2641 3082 2704 tantum,
3114 2653 3310 2691 verum
3343 2642 3400 2692 et
3416 2636 3596 2691 audire
3618 2635 3708 2689 sol-

2153 2727 2292 2781 liciti
2313 2745 2325 2794 ;
2357 2725 2548 2797 sicque
2569 2724 2639 2780 ab
2659 2741 2757 2781 ore
2780 2725 3034 2797 ipsorum
3055 2731 3331 2800 tanquam
3343 2743 3378 2780 ει
3392 2725 3586 2780 calesti
3602 2740 3711 2795 quo.

483 3885 555 3940 ad
581 3885 850 3940 Severum
873 3884 1138 3952 (Paulin.,
1169 3884 1340 3952 Epist.
1359 3881 1430 3956 9),
1455 3888 1695 3940 testetur
1714 3884 1965 3956 quolibet
1983 3901 2079 3940 an-

482 3989 557 4029 no
586 3989 646 4028 se
675 3972 942 4028 statuisse
965 3971 1312 4029 conscribere
1325 3972 1577 4029 versibus
1599 3974 1853 4045 ejusdem
1878 3973 2076 4030 Felicis

482 4062 824 4128 natalitium,
855 4063 1020 4134 plane
1039 4077 1106 4117 ex
1137 4078 1370 4118 numero
1391 4063 1718 4118 eorumdem
1751 4079 1927 4118 annos
1945 4079 2080 4136 quo-

485 4170 598 4226 que
622 4151 808 4207 licebit
826 4167 928 4207 suo
947 4151 1142 4208 ordine
1161 4152 1554 4209 adnumerare.
1579 4153 1690 4208 Sed
1709 4169 1838 4208 cum
1854 4153 1913 4208 in
1929 4169 2078 4208 nono

485 4259 520 4298 a
543 4241 781 4298 Paulino
813 4241 963 4297 edito
987 4241 1256 4297 Natalitio
1268 4242 1478 4298 mentio
1493 4241 1771 4298 habeatur
1800 4242 1869 4298 de
1897 4248 2081 4315 poste-
2161 4244 2432 4311 (llic-rom,
2463 4241 2621 4312 Apol.
2657 4245 2752 4298 lib.
2785 4246 2846 4310 II)
2873 4260 2884 4296 :
2931 4261 2959 4297 α
2986 4243 3032 4298 Ο
3061 4243 3354 4299 triremem
3382 4238 3716 4314 locupletissi-

487 4334 624 4390 riori
650 4333 907 4406 ejusdem
931 4332 1140 4388 Niceta
1160 4332 1403 4387 adventu
1430 4333 1651 4399 Nolam,
1687 4349 1927 4404 eumque
1953 4348 2082 4387 con-
2162 4347 2334 4400 mam,
2367 4349 2488 4403 qua
2519 4331 2898 4387 Orientalibus
2942 4339 3000 4387 et
3025 4332 3309 4406 Egyptiis
3337 4330 3601 4387 mercibus
3624 4327 3718 4382 Ro-

487 4422 681 4495 tigisse
727 4423 878 4477 dicat
905 4438 1053 4477 anno
1083 4427 1283 4494 quarto
1328 4439 1363 4476 a
1388 4423 1562 4494 priori
1598 4421 1776 4494 ipsius
1817 4422 2078 4488 adventu,
2105 4410 2344 4478 Dmana
2363 4420 2521 4477 urbis
2538 4421 2718 4476 ditare
2747 4426 2979 4476 venerat
3003 4427 3418 4495 paupertatem.

489 4513 775 4568 afﬁrmare
813 4527 955 4584 opus
993 4516 1081 4566 est
1119 4512 1305 4583 ipsum
1347 4513 1468 4584 ejus
1507 4511 1754 4584 priorem
1781 4512 2084 4567 adventum

487 4609 743 4675 tempore
773 4617 883 4674 quo
911 4600 1233 4656 natalitium
1255 4600 1515 4671 quintum
1529 4600 1837 4655 elaboravit
1850 4601 2085 4656 accidis-

489 4709 569 4747 se.
600 4692 682 4747 De
707 4693 830 4763 ejus
853 4690 1004 4746 enim
1019 4689 1316 4762 posteriori
1337 4690 1597 4756 adventu,
1621 4705 1732 4761 quo
1749 4689 2008 4746 meminit
2017 4691 2087 4746 de

492 4781 686 4852 priori,
717 4781 812 4836 isti
841 4785 975 4837 sunt
992 4796 1182 4836 versus
1204 4781 1476 4849 (Paulin.,
1502 4782 1567 4834 in
1583 4779 1862 4851 natali9):

587 4876 772 4927 Venisti
798 4878 990 4928 tandem
1015 4881 1186 4942 quarto
1211 4875 1332 4927 mihi
1355 4877 1567 4926 redditus
1585 4890 1712 4927 anno

591 4954 682 5006 Sed
709 4962 866 5018 grates
889 4957 1101 5021 Christo,
1127 4957 1240 5023 quia
1263 4961 1306 5008 lc
1325 4958 1397 5007 vel
1419 4969 1522 5008 sero
1549 4957 1740 5008 revexit.

569 5055 713 5111 Cum
758 5055 931 5127 igitur
957 5057 1063 5111 hac
1097 5058 1316 5114 ratione
1346 5058 1593 5131 priorem
1631 5059 1754 5130 ejus
1787 5058 2090 5114 adventum

499 5144 800 5216 contigisse
819 5147 1130 5217 oportuerit
1142 5153 1394 5221 tempore
1411 5147 1592 5220 quinti
1611 5147 1747 5204 editi
1771 5147 2013 5202 natalitii
2030 5148 2089 5203 in

502 5250 670 5309 quem
689 5233 914 5290 Domini
941 5252 1151 5291 annum
1176 5237 1308 5292 illuc
1328 5238 1684 5309 potissimum
1702 5236 2090 5304 inciderit,hoc

503 5323 908 5403 exquirendnm
924 5328 1026 5379 est.
1049 5326 1413 5382 Numeranda
1435 5327 1660 5400 quidem
1678 5343 1800 5382 esse
1830 5327 2088 5382 natalitia
2246 5328 2407 5381 Anno
2437 5326 2646 5381 Christi
2674 5323 2796 5382 408.
2822 5355 2887 5366 —
2909 5325 3026 5379 Hoc
3056 5325 3192 5380 item
3217 5340 3364 5380 anno
3397 5313 3725 5392 (Christi-tos,

503 5416 601 5471 illa
619 5413 840 5470 Paulini
869 5413 940 5468 ab
967 5413 1168 5469 ultimo
1189 5430 1358 5482 anno,
1383 5433 1494 5488 quo
1522 5417 1705 5472 adhuc
1743 5418 2005 5472 detentus
2033 5417 2093 5471 in
2175 5415 2489 5472 Innocentii
2527 5413 2755 5487 Papa7,
2786 5415 3018 5470 Honorii
3039 5415 3129 5482 14,
3163 5414 3458 5470 Theodosii
3491 5412 3534 5477 1,
3558 5408 3725 5479 impp-l

503 5503 777 5576 Hispania
791 5504 1030 5560 Romam
1050 5503 1285 5576 parabat
1295 5505 1613 5572 adventum,
1642 5524 1707 5562 ex
1728 5507 1849 5578 ipso
1869 5506 2006 5561 satis
2020 5505 2098 5560 in-
2178 5505 2275 5576 qui
2306 5505 2460 5560 urbis
2471 5504 2817 5561 obsidionem
2836 5504 3140 5576 pracessit,
3157 5503 3403 5561 Melania
3417 5493 3726 5558 Romanavi-

507 5593 682 5668 telligi
710 5598 913 5667 poteSt.
971 5594 1102 5652 Fuit
1143 5595 1238 5650 ille
1268 5610 1447 5651 annus
1477 5595 1701 5653 Domini
1731 5599 1816 5668 (ut
1839 5592 2094 5669 vidimus)
2178 5595 2306 5664 dua,
2331 5594 2399 5650 de
2427 5611 2537 5670 qua
2558 5611 2704 5668 sape
2731 5594 2987 5666 superius
3007 5593 3216 5650 mentio
3245 5593 3388 5649 facta
3408 5597 3507 5660 est,
3537 5582 3727 5657 antiqui

2785 4527 2862 4577 Tu
2887 4526 3124 4577 maximus
3150 4527 3235 4578 ille
3264 4541 3315 4577 es

2291 4606 2422 4658 Unus
2447 4605 2530 4671 qui
2556 4605 2695 4656 nobis
2717 4606 2965 4656 scribendo
2989 4606 3207 4657 restituis
3233 4621 3352 4657 rem.

2168 4699 2314 4770 Ergo
2351 4697 2459 4754 nisi
2480 4698 2548 4752 de
2569 4696 2800 4754 Oriente
2814 4699 3078 4762 venisses,
3098 4697 3511 4754 eruditissimus
3539 4695 3614 4749 vir
3627 4694 3721 4748 lia-

2169 4793 2338 4855 reret,
2373 4787 2556 4842 adhuc
2584 4787 2735 4842 inter
2751 4788 3196 4843 mathematicos.
3223 4806 3250 4841 1)
3291 4787 3362 4843 Et
3378 4786 3541 4860 paulo
3568 4787 3678 4856 post
3708 4799 3722 4834 :

2176 4896 2202 4930 (ι
2225 4878 2302 4932 Te
2331 4877 2509 4932 multo
2525 4881 2778 4949 tempore
2797 4877 3014 4932 Pharus
3033 4877 3225 4932 docuit
3249 4877 3398 4949 quod
3429 4877 3597 4932 Roma
3617 4885 3724 4926 nes-

2170 4966 2317 5034 civit,
2350 4965 2618 5020 instruxit
2643 4964 2923 5038 Egyptus
2963 4966 3111 5037 quod
3139 4966 3306 5022 Italia
3333 4966 3608 5036 hucusque
3629 4973 3725 5014 non

2171 5055 2388 5122 habuit,
2414 5073 2442 5109 ν
2476 5060 2582 5110 etc.
2781 5131 2783 5133 _

2171 5147 2415 5202 Melania
2455 5146 2655 5200 recedit
2681 5147 2749 5200 ab
2796 5147 2930 5200 urbe
2973 5148 3036 5200 in
3079 5145 3336 5203 Siciliam
3370 5151 3420 5200 et
3465 5142 3728 5198 reverter

2751 5239 3170 5304 Jerosolymam.
