3892 6182
294 307 394 366 725
1734 317 2143 376 PR.-ELUDIA.
3472 310 3576 368 7‘26

289 432 535 488 vaticinii
557 437 688 488 ante
703 448 881 487 annos
903 435 1342 506 quadringentos
1366 439 1451 509 (ut
1468 440 1550 493 ait
1572 439 1884 509 Palladius)
1907 447 1950 504 Α
1966 444 2249 514 profectus
2271 448 2358 497 est
2388 443 2658 512 (Hierom,
2686 445 2750 496 in
2782 444 2888 498 lsa.
2922 442 3019 495 lib.
3055 457 3110 507 x,
3141 441 3300 509 pra/1
3339 457 3352 506 ;
3392 440 3576 493 Palla.-

291 522 419 577 editi
450 539 686 588 memor,
715 522 998 578 distractis
1026 525 1268 594 praediis,
1322 543 1437 580 una
1470 545 1599 582 cum
1646 531 1888 585 Melania
1969 534 2114 600 dius,
2149 536 2211 587 in
2244 534 2524 597 Lausiac.,
2560 546 2677 600 cap.
2707 532 2784 600 9).
2818 531 2903 584 Ad
2931 545 3071 600 quos
3114 544 3308 582 omnes
3347 532 3574 581 sanctus

291 623 473 686 nepte,
507 615 856 685 Pinianoque
885 617 1137 686 ejusdem
1162 617 1416 674 Melaniae
1441 621 1579 687 viro,
1611 627 1667 675 et
1687 623 1890 678 Albina
1969 622 2341 692 Augustinus,
2367 637 2492 675 cum
2505 621 2751 692 primum
2770 635 2966 674 eorum
2986 619 3289 672 adventum
3301 617 3568 682 audisset,

282 722 439 771 nura,
476 721 713 758 evasura
733 718 868 758 cum
899 704 1008 758 illis
1040 706 1427 762 imminentem
1458 709 1608 764 orbis
1641 711 1876 779 cladem,

283 794 457 848 Roma
475 793 760 854 recedens,
778 793 1183 864 Jerosolymam
1205 795 1480 851 seiterum
1521 798 1880 865 contulit,ubi

284 889 406 954 post
415 881 537 936 dies
550 882 925 953 quadraginta
937 899 1000 936 ex
1013 883 1117 937 hac
1127 884 1244 938 vita
1257 885 1537 955 migravit.
1550 887 1678 942 Haec
1690 889 1885 943 exPal-

285 971 428 1025 ladio
462 973 719 1038 (Fallat,
745 975 807 1025 in
834 973 1102 1039 Lamiam,
1122 990 1238 1042 cap.
1275 972 1722 1045 33)quiettradit
1736 979 1883 1048 ejus-

287 1060 431 1114 modi
454 1060 778 1131 prophetico
799 1061 1025 1115 oraculo
1041 1060 1111 1114 ab
1132 1079 1199 1116 ea
1210 1063 1400 1118 Romae
1414 1065 1692 1135 evulgato,
1711 1073 1880 1138 atque

283 1149 483 1221 saepius
533 1148 828 1212 inculcato,
884 1151 1198 1221 complures
1249 1151 1633 1207 Romanorum
1675 1154 1880 1210 civium

285 1238 730 1292 Christianorum
753 1238 822 1292 ad
850 1255 1040 1293 rerum
1069 1241 1467 1310 temporalium
1497 1248 1883 1315 contemptum

281 1327 547 1381 inductos
585 1344 724 1393 esse,
758 1328 1066 1382 consultius
1095 1328 1479 1384 existimantes
1509 1347 1700 1387 amore
1728 1333 1884 1388 Chri-

284 1416 376 1482 sti,
404 1433 502 1488 spe
530 1433 784 1487 supernae
827 1416 1231 1483 retributionis,
1284 1419 1580 1490 prodigere
1625 1420 1684 1475 in
1740 1439 1881 1493 pau-

285 1521 443 1577 peres
468 1522 602 1559 suas
629 1504 868 1572 divitias,
900 1522 1070 1576 quam
1101 1523 1194 1560 eas
1223 1506 1295 1560 ad
1335 1506 1706 1565 barbarorum
1736 1528 1880 1582 prae-

284 1594 413 1648 dam
457 1595 814 1665 relinquere:
867 1611 979 1664 quo
1028 1595 1276 1663 nomine,
1330 1612 1460 1651 cum
1507 1598 1591 1652 rei
1649 1605 1880 1655 eventus

283 1700 474 1737 verum
511 1682 801 1754 probasset
828 1685 1140 1750 oraculum,
1171 1685 1478 1740 immensas
1505 1687 1622 1742 Deo
1665 1690 1879 1760 gratias

1973 710 2189 765 litteras
2220 711 2394 776 dedit,
2431 709 2633 780 quibus
2661 726 2720 763 se
2750 713 2993 775 excusat,
3024 709 3170 778 quod
3214 711 3445 779 prOpter
3490 704 3574 759 in-

1966 815 2072 868 gru
2084 805 2270 854 entem
2285 800 2485 854 duram
2505 797 2769 865 hiemem,
2794 802 2851 852 et
2871 802 3080 852 statum
3093 794 3467 867 Hipponensis
3488 810 3572 848 ec-

1966 888 2147 943 clesiae
2175 887 2532 953 titubantem,
2557 887 2628 941 ad
2657 903 2752 941 eos
2774 885 3090 940 invisendos
3120 885 3350 939 minime
3376 899 3565 938 accur-

1964 994 2090 1032 rere
2120 978 2404 1032 valuisset.
2439 978 2633 1031 Exstat
2661 975 2783 1046 ipsa
2798 975 3052 1046 epistola,
3077 975 3236 1044 cujus
3263 979 3349 1027 est
3367 973 3566 1028 titulus

1962 1067 2033 1120 ad
2064 1066 2351 1134 Albinum,
2401 1066 2719 1129 Pinianum,
2769 1069 2825 1118 et
2868 1063 3169 1118 Melaniam
3212 1062 3396 1131 (Aug,
3455 1066 3564 1132 epi-

1960 1159 2099 1210 stola
2131 1154 2297 1226 227);
2333 1155 2431 1209 sed
2461 1171 2561 1226 pro
2589 1153 2810 1219 Albino,
2841 1151 3121 1217 Albinam,
3152 1151 3560 1206 restituendum

1966 1249 2102 1316 puto
2128 1263 2140 1311 ;
2163 1245 2312 1315 quod
2333 1245 2455 1315 ejus
2475 1243 2718 1298 nominis
2738 1241 2946 1296 femina
2967 1240 3221 1310 ejusdem
3241 1239 3458 1293 Piniani
3473 1257 3564 1293 so-

1965 1349 2092 1386 crus
2122 1348 2236 1386 una
2263 1349 2391 1386 cum
2420 1331 2556 1403 ipsis
2581 1331 2829 1402 profecta
2852 1335 2938 1384 est
2965 1328 3024 1383 in
3051 1327 3317 1391 Africam,
3351 1332 3416 1381 ut
3441 1331 3564 1381 tum

1964 1437 2030 1475 ex
2046 1421 2316 1487 Palladio,
2335 1427 2457 1474 tum
2489 1437 2554 1475 ex
2579 1419 2831 1490 ejusdem
2854 1417 3155 1488 Augustini
3169 1415 3562 1471 testiﬁcatione

1963 1510 2100 1564 satis
2131 1515 2385 1581 apparet,
2419 1513 2526 1564 etc.

2032 1598 2251 1652 Accidit
2278 1603 2489 1665 autem,
2517 1598 2653 1652 dum
2681 1597 2850 1652 iidem
2881 1597 2938 1650 in
2965 1596 3152 1650 Africa
3181 1598 3556 1660 morarentur,

1964 1682 2144 1737 ﬁlium
2190 1683 2428 1738 senioris
2474 1683 2716 1738 Melaniae
2764 1683 2878 1736 vita
2913 1682 3108 1751 fungi:
3157 1680 3306 1751 quod
3331 1679 3559 1734 unicum

281 1789 464 1841 egere.
499 1772 680 1842 Major
707 1789 926 1843 quoque
959 1773 1039 1827 vis
1083 1774 1268 1829 inerat
1309 1775 1380 1829 ad
1427 1775 1546 1830 haec
1588 1777 1878 1833 suadenda
1898 1763 2231 1826 Bamissum
2268 1772 2472 1844 pignus
2501 1773 2581 1826 ita
2600 1777 2783 1827 mater
2809 1771 3059 1826 modeste
3085 1768 3254 1836 ﬂevit,
3273 1775 3337 1823 ut
3352 1785 3558 1840 magno

279 1861 532 1916 Melania}
557 1862 816 1926 orationi,
863 1862 1012 1932 quod
1055 1862 1339 1918 dictitaret
1378 1866 1464 1932 (ut
1500 1865 1874 1936 existimabat)

278 1966 391 2005 una
415 1967 544 2005 cum
575 1951 713 2006 urbe
743 1952 935 2006 orbem
963 1953 1178 2024 pariter
1204 1954 1505 2010 ruiturum.

349 2040 512 2102 Quod
541 2046 728 2095 autem
749 2041 899 2094 idem
921 2042 1208 2098 Palladius
1231 2043 1330 2109 ait,
1353 2059 1465 2098 una
1486 2060 1615 2099 cum
1634 2045 1878 2102 Melania

275 2129 574 2183 recessisse
594 2129 772 2184 Roma
800 2131 1100 2185 Melaniam
1124 2132 1409 2202 juniorem
1429 2132 1604 2204 ipsius
1627 2140 1872 2205 neptem,

273 2225 330 2272 et
360 2219 542 2272 virum
573 2220 696 2289 ejus
744 2219 1065 2290 Pinianum,
1115 2237 1331 2275 necnon
1374 2239 1582 2276 nurum
1630 2223 1874 2279 Melaniae

272 2305 554 2374 Albinam,
589 2308 982 2378 cognationem
1005 2309 1258 2364 Melaniae
1280 2309 1360 2364 sic
1395 2309 1655 2381 accipias.
1699 2311 1873 2367 Filius

271 2396 394 2465 ejus
422 2396 625 2450 unicus
653 2397 734 2451 illi
763 2397 990 2452 relictus
1019 2398 1178 2452 duxit
1217 2415 1450 2452 uxorem
1477 2398 1761 2466 Albinam,
1801 2417 1871 2456 ex

273 2500 382 2555 qua
409 2485 694 2540 Palladius
719 2486 800 2540 ait
815 2486 1066 2556 genitam
1087 2504 1208 2542 esse
1239 2487 1538 2542 Melaniam
1560 2488 1868 2559 juniorem,

270 2573 512 2627 senioris
539 2574 790 2629 Melaniae
818 2580 1066 2646 neptem,
1088 2593 1208 2648 quae
1237 2577 1297 2630 in
1324 2577 1748 2632 matrimonium
1765 2578 1874 2633 col-

271 2663 451 2716 locata
475 2667 562 2716 est
599 2660 854 2730 Piniano,
880 2667 1040 2735 cujus
1061 2681 1254 2720 socrus
1273 2665 1476 2720 Albina
1519 2666 1628 2721 fuit
1658 2668 1868 2734 (Palla-

270 2752 416 2815 dius,
446 2755 511 2805 in
536 2754 810 2820 Lausiac.,
837 2769 953 2822 cap.
988 2752 1077 2822 33)
1105 2772 1118 2822 ;
1153 2755 1301 2826 quod
1326 2771 1456 2809 vero
1483 2755 1534 2810 ei
1571 2755 1871 2812 inhaereret

268 2839 387 2894 loco
419 2840 637 2902 matris,
671 2847 897 2896 sanctus
923 2843 1273 2913 Augustinus
1302 2844 1372 2898 ad
1388 2844 1568 2914 ipsam
1597 2843 1863 2911 scribens,

267 2928 568 2984 Pinianum
599 2931 722 3000 ejus
751 2930 929 2984 ﬁlium
954 2931 1227 2998 nominat,
1257 2936 1315 2986 et
1331 2932 1654 3003 frequenter
1680 2933 1768 2988 his
1786 2934 1870 2988 uti

267 3017 590 3074 nominibus
619 3020 907 3074 consuevit
931 3023 988 3088 (.4
1000 3037 1114 3088 ug.,
1144 3024 1367 3090 epistola
1397 3020 1545 3092 227).
1592 3022 1695 3077 Hic
1741 3039 1868 3078 rur-

1961 1862 2212 1932 exemplo
2232 1862 2402 1916 fuerit
2414 1861 2745 1917 Christianae
2759 1860 3107 1915 constantiae.
3122 1860 3202 1914 De
3215 1875 3327 1930 qua
3335 1873 3560 1914 summa

1958 1967 2087 2006 cum
2109 1951 2275 2006 laude
2295 1952 2376 2005 rei
2391 1956 2672 2023 spectator
2688 1957 2913 2006 sanctus
2929 1949 3277 2020 Augustinus
3287 1947 3360 2002 ad
3375 1946 3558 2002 Pauli-

1958 2056 2095 2094 num
2113 2041 2395 2096 Nolanum
2408 2041 2732 2112 episcopum
2748 2039 2987 2112 scripsit.
3002 2039 3128 2094 Non
3140 2042 3321 2092 exstat
3330 2035 3557 2108 quidem

1959 2128 2194 2200 epistola
2216 2129 2336 2202 ipsa
2363 2148 2374 2197 ;
2403 2129 2501 2184 sed
2520 2146 2586 2184 ex
2625 2128 2859 2184 redditis
2896 2129 2965 2183 ad
2989 2144 3118 2182 eum
3140 2126 3394 2198 ejusdem
3414 2125 3558 2180 Pau-

1958 2217 2059 2272 lini
2086 2217 2308 2284 litteris,
2342 2218 2459 2272 haec
2475 2217 2683 2285 omnia,
2715 2217 2784 2271 ab
2805 2217 2930 2271 aliis
2952 2215 3174 2270 silentio
3192 2215 3411 2280 obruta,
3431 2230 3556 2285 per-

1955 2307 2149 2378 spicua
2176 2305 2313 2362 satis
2337 2309 2500 2362 ﬁunt.
2522 2307 2619 2361 Ait
2632 2307 2784 2361 enim
2799 2306 3070 2361 Paulinus
3095 2323 3106 2358 :
3146 2324 3170 2356 ι
3199 2303 3342 2368 Quia
3360 2303 3554 2357 docui-

1955 2395 2128 2450 stime
2143 2396 2200 2450 in
2211 2395 2414 2467 spiritu
2433 2395 2685 2450 veritatis
2705 2396 2920 2450 salvare
2940 2393 3209 2467 [servare]
3225 2391 3554 2446 moderandi

1953 2485 2013 2540 in
2040 2485 2285 2540 occiduis
2312 2484 2642 2540 mortalibus
2670 2484 2844 2539 animi
2863 2487 3369 2555 temperamentum
3393 2499 3406 2548 ;
3439 2496 3551 2553 quo

1955 2578 2012 2628 et
2040 2573 2196 2628 illam
2214 2573 2439 2629 beatam
2466 2579 2708 2629 matrem
2727 2579 2785 2628 et
2803 2573 2985 2628 aviam
3004 2571 3306 2627 Melaniam
3331 2569 3551 2625 ﬂevisse

1953 2663 2236 2718 carnalem
2249 2663 2466 2719 obitum
2493 2663 2646 2718 unici
2664 2662 2784 2728 ﬁlii,
2812 2662 3094 2718 taciturno
3116 2660 3343 2732 quidem
3371 2659 3545 2725 luctu,

1951 2769 2065 2808 non
2092 2758 2283 2809 tamen
2314 2754 2457 2809 sicco
2484 2772 2519 2808 a
2543 2753 2810 2809 maternis
2841 2752 3104 2824 lacrymis
3130 2751 3320 2806 dolore
3361 2749 3550 2804 vidisti

1957 2843 2138 2912 (Apud
2162 2845 2324 2912 Aug.,
2363 2846 2515 2912 epist.
2545 2841 2692 2914 249).
2727 2865 2748 2893 ι
2781 2843 3042 2914 Appellat
3092 2839 3390 2896 Melaniam
3421 2855 3546 2893 ma-

1954 2937 2100 2987 trem
2125 2938 2179 2987 et
2207 2933 2408 3000 aviam,
2442 2938 2681 2987 matrem
2723 2933 2951 3004 quidem
3002 2935 3261 3002 respectu
3301 2929 3548 2984 defuncti

1953 3021 2073 3088 ﬁlii,
2095 3021 2275 3076 aviam
2291 3027 2548 3094 respectu
2567 3021 2821 3076 Melaniae
2841 3021 3055 3092 neptis;
3075 3020 3173 3074 sed
3195 3018 3382 3091 pergit
3403 3019 3547 3073 Pau-

265 3123 388 3160 sum
407 3108 655 3174 attende,
672 3108 948 3163 diversam
964 3126 1196 3180 prorsus
1215 3109 1360 3164 hanc
1377 3109 1637 3166 Albinam
1656 3128 1864 3167 nurum
1881 3123 1925 3184 ο
1950 3109 2098 3165 linus
2121 3129 2132 3164 :
2170 3129 2196 3162 «
2229 3111 2404 3182 Cujus
2432 3111 2658 3182 quidem
2679 3111 2960 3164 modestas
2989 3113 3251 3178 etgraves
3267 3108 3544 3178 lacrymas

263 3197 522 3251 Melaniae
535 3196 712 3251 abilla
722 3197 894 3252 fuisse
915 3197 1118 3252 Albina
1137 3204 1318 3253 matre
1345 3205 1550 3254 sancta:
1562 3200 1856 3268 Marcellae,

262 3285 331 3339 de
361 3303 476 3356 qua
494 3303 639 3358 saepe
653 3293 877 3341 sanctus
889 3287 1265 3359 Hieronymus
1290 3307 1302 3354 ;
1329 3305 1499 3360 quam
1520 3295 1652 3345 ante
1672 3291 1860 3361 plures

263 3391 441 3429 annos
471 3392 538 3428 ex
565 3376 667 3429 hac
686 3377 801 3430 vita
833 3375 1122 3447 migrasse,
1155 3377 1410 3447 ejusdem
1449 3378 1627 3432 sancti
1656 3379 1859 3434 Hiem-

261 3465 417 3535 nymi
433 3455 827 3520 testiﬁcatione
838 3464 1154 3520 didicimus.
1170 3467 1304 3531 Quae
1321 3471 1510 3521 autem
1532 3467 1855 3536 acciderint,

260 3569 390 3606 cum
417 3553 499 3620 hi,
534 3569 673 3624 quos
699 3553 803 3607 hoc
831 3570 979 3607 anno
1009 3553 1078 3608 ab
1107 3553 1243 3608 urbe
1264 3555 1505 3611 diximus
1540 3557 1852 3624 recessisse,

258 3639 315 3694 in
343 3639 596 3695 Africam
627 3643 990 3712 trajecerunt,
1027 3643 1282 3714 sequenti
1313 3660 1460 3698 anno
1499 3661 1600 3716 pro
1636 3646 1856 3700 ratione

257 3730 530 3801 temporis
545 3730 751 3785 dicturi
763 3748 977 3786 sumus.
994 3732 1102 3787 Sed
1122 3733 1213 3787 hic
1225 3733 1539 3788 Palladium
1553 3735 1852 3806 corrigere,

257 3819 393 3874 dum
423 3820 507 3873 ait
531 3821 777 3875 Melaniae
807 3821 984 3875 ﬁlium
1013 3821 1170 3876 valde
1212 3822 1480 3892 juvenem
1529 3824 1856 3879 comitatum

257 3924 384 3963 esse
413 3909 862 3980 proﬁciscentem
892 3909 1191 3965 Melaniam
1231 3911 1290 3964 in
1341 3911 1590 3967 Siciliam
1636 3930 1852 3984 usque;

255 4013 388 4050 nam
421 3999 703 4068 quomodo
732 3999 889 4052 valde
910 3999 1150 4068 juvenis,
1183 4015 1312 4052 cum
1345 4006 1563 4054 constet
1591 4006 1721 4055 ante
1753 4018 1856 4056 an-

254 4102 359 4139 nos
377 4085 605 4140 circiter
621 4087 996 4158 quadraginta
1015 4088 1313 4142 Melaniam
1334 4087 1610 4143 seniorem
1630 4089 1856 4145 viduam

253 4192 378 4230 esse
400 4175 703 4230 relictam?
731 4177 816 4230 vel
847 4177 1123 4248 quomodo
1153 4177 1213 4231 in
1240 4177 1488 4232 Siciliam
1524 4195 1701 4249 usque
1729 4196 1853 4233 eam

252 4268 479 4319 tantum
509 4264 826 4330 comitatus,
861 4265 955 4336 qui
985 4282 1112 4320 cum
1141 4265 1253 4320 illis
1282 4266 1561 4336 navigavit
1604 4266 1663 4321 in
1702 4267 1854 4322 Afri-

253 4369 396 4418 cam,
433 4353 532 4407 ubi
558 4359 615 4407 et
641 4354 937 4408 defunctus
966 4359 1051 4408 est
1072 4354 1096 4407 ?
1118 4354 1181 4409 Id
1203 4360 1424 4410 constat
1440 4372 1506 4410 ex
1525 4355 1730 4411 litteris
1744 4358 1856 4412 Au-

1945 3198 2092 3254 sicut
2118 3199 2347 3270 propior
2375 3204 2431 3254 et
2449 3200 2717 3271 aequalior
2738 3199 2938 3254 animae
2965 3199 3085 3269 ejus
3115 3195 3345 3268 spiritus
3373 3195 3543 3250 altius

1941 3287 2286 3354 intellexisti,
2325 3293 2382 3343 et
2400 3288 2657 3360 perfectae
2679 3288 2740 3342 in
2761 3287 2985 3343 Christo
3014 3286 3254 3352 feminae,
3269 3285 3435 3339 'salva
3456 3284 3541 3338 vi-

1940 3377 2060 3431 rilis
2087 3377 2288 3432 animae
2318 3377 2663 3444 fortitudine,
2701 3394 2796 3431 cor
2825 3382 3143 3431 maternum
3165 3376 3235 3430 de
3253 3374 3436 3430 cordis
3453 3374 3540 3429 tui

1941 3465 2310 3520 similitudine
2338 3465 2539 3521 melius
2569 3483 2634 3520 ex
2671 3482 2830 3536 aequo
2849 3470 3001 3520 statu
3029 3465 3441 3535 contemplatus
3456 3479 3535 3529 es,

1941 3560 2006 3609 ut
2033 3571 2158 3609 eam
2190 3554 2432 3626 primum
2459 3571 2561 3627 pro
2590 3555 2835 3609 naturali
2877 3554 3167 3609 affectione
3198 3557 3532 3625 permotam,

1937 3644 2140 3698 deinde
2155 3660 2326 3699 causa
2352 3644 2570 3716 potiore
2599 3649 2992 3716 compunctam
3019 3642 3234 3699 ﬂevisse
3263 3641 3539 3715 perspice-

1939 3749 2049 3801 res,
2065 3749 2178 3789 non
2191 3738 2310 3788 tam
2327 3734 2466 3790 illud
2477 3735 2786 3790 humanum
2795 3732 2966 3805 ,quod
2980 3733 3209 3788 unicum
3221 3732 3399 3786 ﬁlium
3410 3747 3538 3786 con-

1939 3823 2153 3878 ditione
2184 3823 2408 3879 mortali
2431 3824 2756 3879 defunctum
2781 3824 2839 3878 in
2864 3821 3125 3895 praesenti
3157 3821 3359 3876 saeculo
3393 3819 3537 3875 ami-

1939 3911 2123 3980 sisset,
2157 3929 2325 3984 quam
2348 3914 2496 3985 quod
2511 3914 2916 3986 propemodum
2934 3912 2993 3967 in
3016 3910 3270 3967 saeculari
3289 3909 3538 3965 vanitate

1937 4007 2302 4072 praeventum,
2339 4003 2475 4074 quia
2511 4002 2754 4058 necdum
2781 4003 2942 4058 illum
2968 4002 3293 4057 deseruerat
3317 4005 3538 4056 senato-

1938 4091 2034 4144 ria:
2067 4090 2360 4161 dignitatis
2385 4091 2638 4157 ambitio,
2670 4109 2783 4146 non
2809 4093 2974 4163 juxta
2991 4095 3243 4146 sanctam
3275 4095 3535 4145 votorum

1937 4195 2170 4233 suorum
2197 4181 2497 4235 avaritiam
2525 4181 2800 4251 cogitaret
2825 4185 3195 4251 assumptum,
3218 4183 3283 4233 ut
3311 4179 3380 4233 de
3408 4195 3536 4233 con-

1935 4268 2206 4323 versionis
2229 4269 2412 4339 gloria
2430 4269 2725 4324 transisset
2739 4269 2808 4323 ad
2826 4269 3065 4339 gloriam
3086 4267 3530 4335 resurrectionis,

1935 4373 2289 4413 communem
2318 4374 2446 4412 cum
2473 4363 2652 4412 matre
2673 4358 2926 4430 requiem
2946 4373 3323 4428 coronamque
3340 4361 3532 4428 captu-

249 4442 469 4512 gustini
481 4447 650 4514 atque
663 4442 898 4509 Paulini,
918 4443 987 4497 de
999 4442 1203 4514 quibus
1219 4461 1366 4498 anno
1377 4445 1631 4515 sequenti
1649 4445 1852 4501 dicturi
1874 4442 2057 4514 Drus,
2090 4447 2137 4501 si
2165 4447 2223 4501 in
2248 4447 2418 4518 hujus
2448 4447 2634 4502 saeculi
2656 4447 2771 4502 vita
2797 4447 2998 4502 matris
3029 4447 3280 4518 exemplo
3308 4461 3531 4501 saccum

249 4547 468 4598 sumus,
505 4548 570 4585 ex
602 4531 805 4602 quibus
834 4532 998 4602 longe
1026 4532 1211 4586 verior
1233 4533 1302 4588 de
1332 4532 1498 4588 rebus
1526 4535 1702 4604 gestis
1735 4537 1853 4590 Me-

249 4619 415 4674 laniae
434 4636 503 4674 ac
522 4620 743 4675 Piniani
763 4627 819 4675 et
838 4621 1114 4675 sociorum
1127 4621 1361 4676 historia
1374 4623 1662 4694 accipitur,
1685 4642 1853 4696 quam

248 4724 316 4763 ex
348 4708 626 4776 Palladio,
670 4709 768 4781 qui
805 4710 1018 4764 nullam
1047 4710 1273 4782 penitus
1319 4711 1387 4766 de
1435 4712 1622 4768 Africa
1659 4714 1856 4769 habuit

248 4797 623 4864 mentionem,
653 4815 766 4869 quo
796 4799 895 4854 hos
915 4816 1110 4854 omnes
1137 4817 1284 4855 anno
1313 4803 1569 4873 sequenti
1586 4817 1707 4857 esse
1722 4819 1853 4875 pro-

247 4885 430 4943 fectos
454 4887 649 4960 liquet,
679 4893 849 4959 atque
877 4888 953 4943 ibi
986 4889 1205 4945 diutius
1223 4897 1617 4947 commoratos.

317 4981 515 5043 438
566 4976 679 5031 Hoc
721 4977 842 5048 ipso
889 4994 1037 5032 anno
1083 4979 1318 5048 (Christi
1366 4979 1488 5046 409,
1546 4981 1855 5039 Innocentii

245 5082 410 5137 papa:
441 5065 495 5131 8,
530 5064 759 5120 Honorii
787 5066 869 5132 15,
907 5066 1205 5122 Theodosii
1232 5067 1284 5134 2,
1333 5068 1534 5141 impp.)
1582 5071 1854 5126 Pinianus

245 5155 331 5208 vir
350 5154 701 5209 clarissimus
731 5171 845 5209 una
860 5172 987 5211 cum
1017 5157 1256 5212 Melania
1277 5159 1515 5226 seniore,
1540 5165 1600 5214 et
1621 5161 1855 5228 Melania

239 5243 473 5313 juniore
507 5244 767 5314 conjuge,
804 5248 971 5316 atque
1000 5262 1165 5300 socru
1193 5246 1396 5301 Albina
1416 5248 1658 5319 junioris
1672 5255 1854 5304 matre

246 5333 522 5398 Melaniae,
551 5349 682 5387 cum
713 5350 863 5388 anno
895 5335 1171 5406 superiori
1210 5335 1493 5392 distractis
1525 5337 1685 5392 bonis
1730 5356 1853 5410 quae

244 5422 444 5476 Romae
475 5427 534 5477 et
562 5423 620 5476 in
646 5422 807 5477 Italia
833 5422 1092 5485 habebat,
1126 5425 1521 5496 adnavigasset
1554 5427 1849 5499 Carthagi-

244 5528 401 5577 nem,
423 5510 502 5566 ibi
523 5528 588 5565 ex
605 5513 884 5583 congestis
897 5513 1150 5584 pecuniis
1169 5514 1514 5586 locupletans
1536 5518 1656 5588 ejus
1669 5518 1851 5572 Eccle-

249 5601 346 5658 siae
376 5617 676 5676 pauperes,
719 5601 850 5659 inde
880 5602 951 5660 ad
982 5608 1235 5661 sanctum
1273 5604 1519 5679 Alipium
1546 5607 1846 5682 Tagastam

1935 4542 2098 4607 togae,
2128 4541 2185 4591 et
2199 4537 2604 4592 monasterium
2616 4537 2836 4592 senatui
2857 4536 3213 4609 przetulisset.
3236 4535 3532 4590 Verumta-

1935 4641 2065 4679 men
2091 4624 2241 4680 idem
2268 4624 2350 4679 vir
2393 4626 2473 4696 (ut
2496 4630 2552 4681 et
2571 4631 2740 4681 antea
2758 4626 2943 4695 retuli)
2965 4641 3031 4680 ex
3052 4629 3179 4680 voto
3214 4623 3530 4679 sanctitatis

1934 4717 2046 4770 tute
2077 4714 2162 4769 his
2191 4715 2453 4786 operibus
2471 4717 2844 4788 locupletatus
2872 4714 3236 4781 abscessit,ut
3262 4718 3531 4768 maternae

1935 4803 2270 4860 humilitatis
2298 4804 2651 4861 nobilitatem
2673 4805 2720 4860 si
2741 4810 2892 4860 veste
2921 4821 3035 4859 non
3061 4802 3316 4876 gesserit,
3339 4808 3530 4859 tamen

1937 4898 2126 4948 mente
2158 4895 2484 4966 praetulerit.

2011 4999 2038 5035 ι
2077 4983 2162 5038 Ita
2193 4984 2364 5051 enim,
2391 4984 2698 5039 secundum
2725 4983 2957 5038 verbum
2984 4984 3230 5053 Domini,
3249 4984 3403 5040 mitis
3415 5000 3533 5040 mo-

1937 5071 2091 5127 ribus
2107 5072 2212 5128 fuit
2223 5077 2279 5128 et
2297 5074 2525 5128 humilis
2546 5074 2730 5141 corde,
2753 5078 2819 5129 ut
2835 5091 2949 5128 non
2967 5074 3249 5130 immerito
3269 5076 3534 5131 credatur

1937 5161 2198 5216 introisse
2229 5162 2287 5216 in
2317 5163 2568 5232 requiem
2600 5163 3122 5235 Domini,quoniam
3137 5165 3530 5237 suntreliquizn

1935 5251 2149 5305 homini
2193 5251 2442 5323 paciﬁco,
2489 5256 2545 5306 et
2590 5253 2870 5308 mansueti
2916 5253 3284 5326 possidebunt
3319 5260 3529 5309 terram

1933 5341 2152 5412 (Matth.
2181 5340 2279 5410 x1),
2310 5341 2592 5412 placentes
2624 5342 2738 5396 Deo
2766 5341 2824 5397 in
2839 5342 3068 5414 regione
3097 5343 3366 5398 vivorum.
3384 5345 3529 5398 Nam

1937 5435 2087 5483 certe
2117 5434 2173 5484 et
2199 5429 2338 5484 illud
2366 5431 2619 5502 Apostoli
2647 5448 2760 5486 non
2779 5433 2963 5488 solum
2982 5432 3152 5488 tacito
3174 5432 3378 5488 mentis
3401 5431 3530 5486 aﬁ‘e-

1933 5523 2044 5584 ctu,
2075 5519 2174 5572 sed
2202 5525 2259 5574 et
2286 5520 2597 5592 conspicuis
2625 5522 2902 5594 religiosis
2929 5520 3444 5596 implevitlomleiw';
3473 5523 3530 5574 et

1930 5624 2057 5663 cum
2088 5614 2234 5668 esset
2252 5609 2494 5668 altorum
2511 5611 2693 5707 jpﬂs
2711 5583 3529 5707 saecplgg

2530 5665 2587 5705 βίη
2597 5665 2623 5700 ιι
2633 5665 2690 5707 Πῑ
2711 5665 2781 5707 nr:
2791 5665 2902 5708 rimi
2915 5665 2984 5706 r7"-
2999 5665 3199 5706 iiﬁiﬁai
3209 5665 3284 5701 ισί
3297 5670 3321 5701 πῖ
