3966 6184
227 213 331 273 741
1528 214 1767 271 VERBA
1806 211 2196 271 SENIORUM.
3422 211 3523 266 742

226 345 450 396 tantam
467 339 674 394 famem
700 343 758 393 et
777 338 1146 395 defectionem
1167 341 1386 411 corpori
1416 341 1538 410 ejus
1561 339 1827 408 facerent,
1851 344 1900 403 Α
1916 356 2091 413 prope
2114 339 2323 405 lucem;
2349 343 2406 392 et
2421 336 2563 390 dixit
2578 338 2659 392 eis
2681 355 2691 390 :
2716 338 2840 392 Non
2855 352 3153 408 possumus
3179 341 3408 408 propter
3427 353 3524 391 vos

227 436 296 485 ut
333 429 561 501 penitus
610 428 893 482 sustinere
938 444 1054 482 non
1097 433 1286 499 posset
1323 431 1549 496 (Pelag.,
1602 432 1746 484 libet.
1795 445 1833 496 ι,
1919 447 2142 485 omnem
2172 443 2442 483 canonem
2473 427 2728 497 psallere,
2759 426 2996 496 ideoque
3026 431 3323 496 repausate
3344 425 3521 480 modi-

231 535 291 572 n.
328 514 438 582 58).
459 517 867 571 Verumtamen
887 517 983 571 ille
1013 516 1235 571 dicebat
1253 517 1311 572 in
1332 516 1499 572 corde
1529 534 1630 572 suo
1659 536 1670 571 :
1697 518 1841 582 Quia
1921 536 2068 584 cum,
2102 520 2235 590 quia
2265 518 2335 572 de
2365 517 2566 571 itinere
2603 515 2824 586 fatigati
2855 515 3009 570 estis.
3034 516 3176 570 Cum
3215 519 3407 569 autem
3446 515 3526 568 fa-

230 607 705 678 qualitercunque
730 606 936 672 esurio,
971 611 1193 677 oportet
1211 623 1302 661 me
1321 607 1405 661 vel
1433 623 1612 677 usque
1640 608 1710 661 ad
1737 608 1841 661 ho-
1923 615 2077 664 ctum
2103 608 2303 662 fuisset
2331 623 2495 661 mane
2525 606 2664 659 hora
2704 605 2905 678 prima,
2935 605 3231 658 voluerunt
3261 603 3522 658 recedere

231 712 360 750 ram
412 696 641 750 tertiam
701 701 1042 766 exspectare,
1078 701 1134 750 et
1171 702 1308 750 tunc
1351 695 1540 750 cibum
1595 713 1835 751 sumere.
1923 698 1993 753 ab
2035 715 2118 764 eo,
2154 698 2249 752 sed
2281 713 2394 750 non
2435 695 2688 768 permisit
2725 711 2818 748 eos
2849 695 3052 760 senior,
3087 695 3312 748 dicens:
3347 692 3526 764 Magis

232 785 494 856 Cumque
537 785 686 839 facta
728 783 929 839 fuisset
956 785 1098 839 hora
1139 785 1325 851 tertia,
1367 785 1576 840 iterum
1623 785 1844 840 dicebat
1919 788 2113 859 jubete
2144 786 2326 841 facere
2355 785 2646 840 nobiscum
2677 784 2996 855 aliquantos
3047 783 3193 849 dies;
3234 799 3346 836 non
3374 782 3525 836 enim

233 873 676 944 cogitationibus
703 875 821 929 suis
846 891 856 923 :
882 874 1064 928 Etiam
1085 880 1141 928 et
1165 890 1314 929 nunc
1333 874 1605 929 violenter
1624 879 1845 946 Oportet
1927 877 2150 931 dimitto
2177 893 2270 930 vos
2299 874 2484 940 hodie,
2515 875 2611 928 sed
2641 879 2870 945 propter
2891 873 3220 927 charitatem
3245 877 3408 927 teneo
3428 889 3525 926 vos

233 980 332 1018 me
373 963 656 1018 sustinere
704 979 881 1034 usque
929 963 1001 1017 ad
1049 964 1248 1018 horam
1297 969 1529 1018 sextam.
1592 965 1846 1036 Cumque
1929 967 2015 1021 vel
2035 967 2174 1021 alios
2195 972 2312 1020 tres
2337 964 2579 1019 dies.Illi
2600 968 2789 1018 autem
2810 963 2929 1017 haec
2946 962 3527 1024 audientes,surrexe-

235 1051 561 1106 advenisset
587 1053 727 1106 hora
752 1058 926 1118 sexta,
958 1052 1290 1106 infundebat
1316 1069 1520 1124 panem
1542 1053 1599 1106 in
1619 1069 1843 1123 aquam,
1929 1061 2065 1111 runt
2092 1061 2272 1120 nocte,
2305 1058 2362 1107 et
2388 1059 2693 1123 antequam
2721 1052 3086 1115 illucesceret,
3106 1050 3350 1104 latenter
3375 1049 3529 1120 fuge-

235 1140 467 1196 dicens:
495 1142 642 1196 Dum
664 1142 754 1196 hic
779 1142 942 1213 panis
967 1141 1300 1208 infunditur,
1324 1147 1546 1213 oportet
1565 1158 1654 1195 me
1679 1142 1848 1196 etiam
1930 1149 2065 1200 runt
2087 1161 2152 1198 ex
2183 1145 2378 1198 eodem
2409 1143 2548 1198 loco.

235 1231 444 1286 horam
472 1247 681 1286 nonam
706 1235 1046 1302 exspectare.
1071 1233 1326 1301 Cumque
1352 1231 1493 1284 hora
1513 1247 1664 1286 nona
1689 1231 1850 1286 adve-
2003 1234 2056 1290 6.
2089 1234 2327 1299 Quidam
2367 1233 2435 1287 de
2474 1232 2681 1286 sanctis
2711 1229 3021 1284 senioribus
3051 1229 3333 1284 salutandi
3362 1244 3531 1284 causa

237 1320 441 1386 uisset,
471 1320 780 1375 secundum
811 1320 1272 1374 consuetudinem
1314 1319 1630 1390 complebat
1656 1337 1849 1375 omnes
1931 1322 2210 1396 profectus
2226 1328 2311 1377 est
2339 1323 2410 1376 ad
2437 1322 2610 1375 alium
2637 1321 2912 1375 seniorem
2941 1320 3256 1384 eremitam,
3284 1319 3381 1390 qui
3404 1335 3532 1373 cum

236 1409 528 1463 orationes
545 1425 674 1463 suas
697 1414 755 1463 et
779 1408 1153 1479 psalmodiam
1170 1410 1480 1463 secundum
1501 1411 1774 1480 regulam,
1794 1415 1850 1463 et
1931 1413 2082 1467 omni
2104 1410 2310 1482 gaudio
2323 1410 2567 1482 suscepit
2584 1426 2732 1475 eum,
2747 1425 2851 1480 pro
2872 1410 3031 1479 cujus
3054 1408 3294 1462 adventu
3315 1407 3536 1477 paravit

240 1497 492 1568 ponebat
512 1514 712 1570 panem
733 1504 798 1552 ut
812 1497 1147 1552 comederet.
1168 1497 1284 1552 Hoc
1306 1515 1438 1568 ergo
1459 1514 1560 1569 per
1580 1499 1850 1569 plurimos
1932 1502 2002 1556 ad
2021 1501 2380 1555 refectionem
2405 1499 2682 1554 lenticulae
2699 1498 2883 1553 cibum
2904 1501 3142 1563 coctum,
3158 1495 3530 1566 dixeruntque

241 1587 366 1642 dies
395 1586 684 1642 sustinuit.
717 1587 971 1651 Quadam
1004 1603 1136 1658 ergo
1167 1587 1257 1641 die
1304 1587 1561 1642 similiter
1600 1587 1670 1641 ab
1712 1589 1849 1642 hora
1931 1590 2080 1645 inter
2108 1607 2167 1644 se
2193 1595 2257 1644 ut
2291 1589 2447 1660 prius
2494 1605 2558 1642 ex
2601 1604 2757 1642 more
2789 1587 3136 1656 complerent
3166 1585 3446 1639 orationes
3476 1589 3533 1638 et

241 1676 433 1748 prima
477 1692 654 1747 usque
684 1677 754 1730 ad
793 1693 1000 1730 nonam
1050 1677 1207 1743 fecit;
1242 1693 1480 1746 cumque
1519 1677 1661 1731 hora
1699 1661 2320 1752 nonaBpsalmodiam,
2353 1683 2410 1732 et
2427 1683 2621 1748 postea
2649 1675 2834 1730 cibum
2863 1679 3142 1746 caperent.
3177 1675 3318 1729 Cum
3343 1678 3535 1727 autem

243 1765 489 1819 sedisset
517 1770 580 1819 ut
607 1765 794 1819 cibum
824 1770 1068 1836 caperet,
1118 1765 1258 1819 vidit
1308 1766 1376 1820 de
1419 1766 1686 1836 sportella
1735 1766 1849 1834 (ubi
1932 1769 2171 1840 ingressi
2199 1769 2453 1833 fuissent,
2494 1766 2828 1838 psallebant,
2862 1769 3157 1835 totumque
3200 1762 3531 1834 psalterium

244 1854 432 1926 panis,
446 1855 504 1909 id
529 1859 632 1920 est,
658 1855 962 1926 paximatia
980 1853 1068 1927 [4]
1089 1853 1334 1925 reposita
1346 1860 1526 1921 erant)
1542 1856 1851 1909 surrexisse
1933 1858 2369 1929 compleverunt.
2389 1857 2533 1910 Nam
2548 1855 2681 1909 etde
2704 1853 3006 1924 Scripturis
3018 1853 3245 1918 sanctis,
3261 1858 3535 1922 tanquam

242 1943 466 1998 fumum
497 1960 788 2014 magnum,
821 1949 877 1998 et
918 1961 1206 2015 egressum
1236 1961 1357 1999 esse
1401 1961 1502 2016 per
1545 1944 1848 1999 fenestram
1935 1949 2200 2018 legentes,
2234 1947 2374 2000 duos
2397 1946 2706 2017 prophetas
2728 1943 2987 1998 absentes
3015 1941 3303 2005 habentes,
3328 1945 3534 1995 recita-

245 2031 464 2086 cellula:
508 2033 650 2102 ejus.
701 2033 899 2103 Itaque
939 2049 1006 2086 ex
1049 2032 1144 2086 illo
1195 2032 1303 2098 die,
1346 2049 1451 2086 nec
1497 2033 1710 2087 esuries
1751 2049 1854 2087 nec
1933 2042 2151 2091 verunt.
2177 2037 2412 2106 Jamque
2433 2035 2553 2088 dies
2568 2034 2803 2099 abierat,
2820 2050 2930 2088 nox
2946 2029 3536 2086 similiterrecedebat.

246 2120 490 2175 defectio
524 2121 742 2192 corpori
771 2121 917 2175 facta
946 2126 1050 2187 est,
1085 2121 1183 2175 sed
1212 2121 1392 2193 magis
1415 2122 1496 2176 ita
1523 2121 1851 2176 corrobora-
1935 2126 2082 2181 Dum
2111 2142 2242 2197 ergo
2276 2133 2505 2180 orarent
2525 2129 2583 2178 et
2603 2125 2818 2178 intente
2853 2121 3176 2193 psallerent,
3211 2118 3394 2173 illuxit
3425 2117 3538 2172 alia

246 2214 368 2264 tum
397 2215 485 2264 est
510 2209 569 2264 in
590 2210 700 2264 ﬁde
726 2216 783 2264 et
812 2209 1152 2264 abstinentia
1176 2228 1272 2265 cor
1293 2212 1434 2281 ejus,
1458 2216 1522 2265 ut
1551 2211 1723 2265 etiam
1752 2228 1854 2266 nec
1937 2215 2074 2281 dies,
2095 2221 2152 2269 et
2175 2221 2308 2269 tunc
2338 2214 2734 2268 intellexerunt
2763 2211 2908 2283 quod
2927 2213 3047 2282 jam
3082 2226 3189 2264 nox
3217 2208 3539 2262 transisset.

247 2303 377 2369 post
394 2298 628 2352 biduum
655 2299 961 2354 delectaret
978 2315 1108 2354 eum
1125 2300 1310 2354 cibum
1332 2300 1600 2371 accipere.
1626 2302 1713 2354 Ita
1730 2317 1858 2371 gra-
1939 2305 2150 2359 Iterum
2163 2307 2352 2369 494
2367 2307 2556 2356 autem
2577 2301 2727 2354 inter
2748 2317 2807 2354 se
2823 2299 2892 2354 de
2914 2298 3080 2353 verbo
3100 2298 3202 2352 Dei
3223 2297 3537 2368 loquentes,

249 2387 328 2440 tia
375 2387 480 2441 Dei
532 2389 836 2443 auxiliante
881 2389 1174 2443 certamini
1205 2390 1346 2460 ejus,
1381 2406 1480 2460 per
1525 2389 1856 2460 patientiam
1940 2399 1996 2447 et
2024 2393 2303 2464 spiritales
2336 2391 2441 2446 sibi
2482 2406 2680 2445 sensus
2728 2392 3087 2460 exponentes,
3129 2387 3337 2440 factum
3367 2390 3453 2439 est
3477 2388 3542 2438 ut

250 2492 416 2531 suam
455 2475 630 2531 frater
672 2477 936 2532 exstinxit
977 2478 1405 2549 gastrimargiae,
1434 2478 1490 2532 id
1521 2484 1606 2532 est
1631 2479 1776 2548 gulae
1804 2483 1860 2532 et
1941 2482 2087 2536 circa
2109 2481 2307 2536 horam
2341 2497 2548 2534 nonam
2573 2480 2882 2533 salutantes
2901 2495 2960 2531 se
2983 2477 3241 2541 invicem,
3261 2475 3342 2528 ita
3362 2489 3545 2529 rever-

252 2564 721 2636 concupiscentize
751 2567 1088 2638 passionem.
1940 2588 2035 2626 sus
2063 2576 2150 2625 est
2177 2571 2272 2641 qui
2299 2575 2534 2624 venerat
2564 2585 2733 2622 senex
2771 2567 2841 2620 ad
2869 2565 3126 2620 cellulam
3169 2580 3355 2620 suam.
3395 2563 3542 2616 Nam

326 2655 379 2709 5.
417 2655 640 2725 Egressi
678 2662 812 2709 sunt
839 2656 1137 2727 aliquando
1160 2657 1230 2710 de
1260 2657 1604 2711 monasterio
1633 2657 1853 2723 fratres,
1939 2659 2297 2714 refectionem
2327 2657 2437 2711 cibi
2455 2657 2549 2728 qui
2582 2661 2810 2727 paratus
2839 2654 3042 2718 fuerat,
3063 2652 3222 2707 obliti
3243 2656 3377 2706 sunt
3403 2649 3544 2704 acci-

252 2745 326 2799 ad
375 2744 718 2799 visitandum
757 2761 850 2799 eos
897 2745 992 2815 qui
1033 2746 1090 2800 in
1132 2761 1322 2799 eremo
1369 2745 1861 2800 commorabantur
1940 2765 2092 2820 pere.
2126 2748 2258 2801 dum
2289 2747 2474 2801 cibum
2500 2745 2852 2817 spiritualem
2878 2747 3288 2814 perceperunt;
3314 2754 3540 2810 vespere

254 2834 460 2888 Patres
493 2835 711 2900 (Pelag.,
752 2835 932 2887 libello
961 2849 1014 2901 Χ,
1050 2851 1207 2888 num.
1242 2832 1353 2900 9?).
1385 2835 1525 2889 Cum
1556 2840 1745 2889 autem
1775 2852 1861 2887 ve-
1943 2843 2130 2892 autem
2148 2836 2532 2902 facto,invenit
2547 2835 2735 2888 senior
2755 2833 2923 2887 ollam
2944 2833 3167 2904 plenam
3185 2831 3331 2884 sicut
3348 2832 3547 2900 parata

254 2923 479 2976 nissent
506 2921 573 2975 ad
604 2922 903 2992 quemdam
941 2922 1235 2976 eremitam
1283 2923 1580 2989 seniorem,
1616 2923 1863 2994 suscepit
1942 2926 2158 2993 fuerat;
2186 2931 2242 2978 et
2268 2924 2650 2988 contristatus,
2677 2922 2816 2976 dixit
2841 2940 2852 2974 :
2885 2923 3002 2975 Heu
3033 2922 3045 2973 i
3077 2919 3357 2991 quomodo
3388 2917 3546 2971 obliti

254 3027 356 3065 eos
411 3027 537 3064 cum
577 3010 777 3081 grandi
818 3011 1043 3080 gaudio,
1089 3017 1144 3065 et
1183 3012 1328 3066 sicut
1365 3013 1709 3067 consuetudo
1752 3018 1918 3081 est,c
1945 3031 2138 3070 sumus
2165 3015 2516 3085 pulmentum
2547 3011 2718 3066 istud.

255 3099 527 3172 apposuit
541 3100 620 3153 eis
635 3100 965 3154 mensulam.
994 3100 1203 3154 Videns
1222 3100 1368 3154 enim
1394 3118 1488 3155 eos
1513 3101 1774 3172 fatigatos
1791 3101 1860 3154 de
2012 3102 2064 3159 7.
2097 3101 2396 3157 Referebat
2431 3100 2588 3154 nobis
2620 3099 2790 3153 abbas
2825 3099 3029 3164 Zenon,
3064 3090 3196 3168 quia
3239 3095 3542 3167 aliquando

257 3188 487 3253 itinere,
516 3187 642 3241 ideo
662 3193 793 3242 ante
817 3189 1011 3242 horam
1032 3205 1238 3242 nonam
1262 3189 1393 3243 fecit
1416 3206 1510 3243 eos
1530 3191 1778 3254 reficere,
1807 3196 1862 3242 et
1943 3193 2077 3246 dum
2128 3191 2575 3262 proﬁcisceretur
2619 3189 2688 3242 ad
2737 3187 3114 3251 Palaestinam,
3169 3185 3435 3254 fatigatus
3477 3183 3547 3236 de

259 3275 539 3348 quidquid
569 3275 809 3330 habebat
837 3277 894 3330 in
919 3278 1057 3331 cella
1080 3294 1201 3342 sua,
1226 3279 1488 3349 apposuit
1515 3284 1580 3333 ut
1609 3280 1858 3343 ederent,
1944 3280 2133 3349 labore
2164 3279 2402 3341 itineris,
2437 3277 2646 3331 resedit
2674 3276 2777 3330 sub
2821 3275 3019 3328 arbore
3045 3276 3248 3340 (Pelag.
3286 3274 3432 3326 libet.
3467 3285 3540 3333 Iv,

257 3371 320 3420 et
340 3365 662 3436 repausavit
681 3381 797 3420 eos.
828 3367 995 3419 Facto
1026 3373 1216 3420 autem
1241 3383 1484 3438 vespere,
1503 3368 1785 3422 orationes
1808 3373 1864 3421 et
1947 3387 2004 3423 η.
2042 3347 2148 3438 17').
2178 3371 2314 3424 Erat
2331 3373 2522 3422 autem
2543 3368 2601 3420 in
2624 3365 2875 3437 proximo
2907 3380 3042 3433 ager
3064 3361 3263 3433 plenus
3293 3375 3549 3414 cucume-

257 3455 511 3527 psalmos
555 3455 863 3509 secundum
901 3457 1370 3511 consuetudinem
1420 3458 1859 3528 compleverunt.

258 3543 530 3598 similiter
547 3544 718 3598 etiam
746 3549 803 3598 et
820 3550 983 3600 nocte
1003 3543 1271 3599 fecerunt.
1291 3545 1658 3616 Supradictus
1675 3553 1865 3600 autem

260 3633 457 3688 senior
483 3638 739 3702 separate
774 3633 834 3687 in
873 3633 982 3686 alio
1021 3633 1138 3688 loco
1172 3634 1492 3705 quiescebat
1520 3635 1642 3699 sibi,
1687 3641 1744 3689 et
1771 3652 1868 3690 au-

259 3721 458 3776 diebat
477 3722 770 3793 loquentes
800 3722 948 3776 inter
975 3739 1054 3789 se,
1088 3728 1145 3776 et
1162 3723 1408 3778 dicentes
1431 3741 1441 3775 :
1468 3725 1747 3788 Quoniam
1774 3725 1870 3778 isti

263 3810 521 3865 eremitse
550 3811 732 3881 magis
771 3817 828 3865 et
855 3812 1057 3865 melius
1097 3813 1167 3865 ad
1214 3813 1574 3867 refectionem
1612 3814 1870 3867 cibantur

266 3914 445 3970 quam
475 3899 570 3969 qui
599 3898 657 3952 in
696 3899 1051 3954 monasteriis
1081 3909 1495 3956 conversantur.
1525 3903 1653 3956 Haec
1680 3908 1869 3956 autem

265 3988 465 4043 senior
489 3987 723 4042 audiens
751 3989 945 4042 tacuit.
980 3989 1048 4042 Et
1082 4005 1210 4043 cum
1253 3990 1526 4044 illuxisset
1553 3991 1691 4052 dies,
1727 3992 1872 4044 arri-

260 4082 520 4149 puerunt
537 4078 646 4131 iter
667 4083 734 4131 ut
756 4078 827 4131 ad
847 4077 1019 4131 alium
1043 4079 1334 4132 eremitam
1347 4087 1664 4150 pergerent,
1693 4081 1791 4151 qui
1815 4081 1872 4134 in

261 4167 454 4220 vicino
479 4166 736 4236 ejusdem
765 4167 918 4220 senis
938 4165 1246 4222 habitabat.
1269 4169 1408 4222 Cum
1435 4175 1624 4223 autem
1645 4170 1874 4240 egrede-

264 4262 490 4322 rentur,
524 4255 666 4310 dixit
713 4255 794 4308 eis
833 4255 1062 4309 senior:
1097 4257 1350 4310 Salutate
1386 4274 1515 4311 eum
1563 4277 1626 4312 ex
1665 4275 1773 4324 me,
1820 4263 1876 4313 et

1946 3459 2120 3513 ribus.
2155 3457 2433 3528 Cogitavit
2455 3461 2646 3510 autem
2675 3455 2733 3508 in
2755 3454 2921 3509 corde
2941 3468 3062 3518 suo,
3089 3455 3155 3504 ut
3183 3454 3455 3519 surgeret,
3495 3453 3552 3502 et

1947 3550 2172 3603 tolleret
2205 3547 2309 3601 sibi
2339 3547 2409 3600 ad
2446 3545 2805 3600 refectionem
2838 3543 2908 3596 de
2938 3540 3074 3613 ipsis
3105 3537 3495 3594 cucumeribus
3531 3556 3542 3590 :

1951 3638 2102 3692 Nihil
2133 3637 2301 3700 enim,
2334 3635 2540 3706 inquit,
2570 3633 2782 3704 grande
2821 3636 2906 3685 est
2945 3629 3092 3701 quod
3122 3628 3300 3682 habeo
3328 3628 3546 3681 tollere.

1950 3725 2423 3798 Respondensque
2449 3724 2567 3795 ipse
2589 3723 2695 3776 sibi
2717 3722 2772 3775 in
2795 3718 3234 3791 cogitationibus
3263 3718 3397 3781 suis,
3431 3717 3512 3770 ait
3536 3732 3548 3767 :

1951 3817 2093 3880 Quia
2114 3815 2264 3870 fures
2284 3811 2736 3885 praecipientibus
2753 3809 3034 3882 judicibus
3051 3808 3108 3862 in
3129 3811 3413 3861 tormenta
3428 3805 3557 3859 mit-

1949 3911 2166 3969 tuntur,
2199 3908 2421 3974 oportet
2441 3909 2498 3956 et
2524 3919 2626 3971 ego
2658 3901 2933 3971 meipsum
2962 3897 3219 3970 probare,
3263 3896 3310 3950 si
3344 3895 3553 3967 possim

1955 3994 2228 4047 sustinere
2247 3997 2549 4055 tormenta,
2569 4007 2691 4061 quae
2713 3991 2958 4042 latrones
2975 3987 3285 4058 patiuntur.
3308 3984 3556 4054 Surgens

1955 4088 2143 4136 autem
2161 4081 2356 4135 eadem
2370 4081 2528 4143 hora,
2551 4078 2709 4133 stetit
2729 4078 2786 4130 in
2805 4083 2945 4130 aestu
2968 4075 3215 4145 quinque
3237 4071 3557 4136 dies,frixit—

1957 4188 2063 4242 que
2086 4187 2288 4240 corpus
2311 4186 2495 4230 suum,
2520 4173 2577 4222 et
2605 4167 2746 4220 dixit
2771 4162 3202 4234 cogitationibus
3221 4161 3338 4214 suis
3369 4177 3380 4210 :
3413 4159 3558 4222 Quia

1955 4276 2069 4314 non
2107 4275 2332 4330 possum
2379 4257 2658 4311 sustinere
2702 4257 3003 4316 tormenta,
3053 4251 3178 4304 ideo
3211 4252 3430 4319 Oportet
3466 4261 3556 4298 me

269 4343 444 4398 dicite
465 4344 513 4396 ei
545 4344 838 4411 :Observa,
865 4351 921 4398 et
940 4345 1053 4398 noli
1074 4345 1308 4415 irrigare
1329 4347 1500 4400 olera.
1520 4347 1660 4402 Cum
1681 4339 1938 4403 autemD
1957 4350 2170 4404 furtum
2209 4364 2320 4402 non
2363 4346 2564 4409 facere,
2600 4344 2694 4397 sed
2738 4341 2916 4412 magis
2955 4355 3211 4394 exercere
3250 4334 3559 4392 secundum

269 4433 666 4504 pervenissent
701 4434 772 4487 ad
802 4433 961 4488 illum
988 4433 1264 4488 seniorem
1293 4434 1485 4502 alium,
1521 4436 1783 4491 dixerunt
1825 4438 1875 4492 ei

271 4522 632 4576 mandatum.
666 4523 792 4592 Ipse
833 4539 966 4576 vero
1007 4523 1278 4577 intellexit
1322 4540 1569 4590 causam,
1614 4533 1668 4579 et
1694 4527 1879 4582 tenuit

273 4611 509 4665 eosdem
539 4611 1028 4682 fratres,deditque
1049 4612 1126 4665 eis
1149 4618 1214 4666 ut
1243 4619 1610 4683 operarentur
1628 4621 1879 4670 texentes

270 4705 522 4771 sportas,
554 4699 866 4770 sedensque
895 4716 1022 4754 cum
1071 4701 1151 4754 eis
1204 4701 1341 4771 ipse,
1393 4718 1505 4756 non
1548 4704 1782 4758 cessavit
1811 4705 1879 4758 de

270 4805 450 4862 opere
475 4789 1017 4861 manuumNespere
1040 4795 1230 4844 autem
1245 4790 1316 4844 ad
1336 4791 1640 4846 luminaria
1665 4793 1880 4847 addidit

269 4895 453 4951 super
479 4879 947 4934 consuetudinem
970 4880 1108 4934 alios
1136 4879 1398 4950 psalmos,
1414 4886 1471 4934 et
1487 4888 1615 4952 post
1632 4881 1878 4952 comple-

263 4974 361 5023 tas
390 4967 676 5024 orationes
706 4968 849 5022 dixit
873 4968 954 5024 eis
979 4987 989 5022 :
1015 4969 1132 5022 Nos
1162 4968 1386 5040 quidem
1417 4970 1879 5025 consuetudinem

263 5073 384 5111 non
419 5056 697 5112 habemus
741 5056 915 5112 cibari
947 5057 1214 5129 quotidie,
1250 5057 1347 5112 sed
1378 5064 1606 5129 propter
1631 5065 1878 5114 vestrum

264 5147 585 5200 adventum
614 5150 838 5218 oportet
855 5162 957 5200 nos
977 5147 1144 5200 hodie
1165 5163 1385 5202 coenare
1407 5166 1418 5204 :
1444 5153 1501 5201 et
1520 5149 1780 5220 apposuit
1800 5149 1880 5204 eis

254 5251 446 5307 panes
467 5235 660 5301 siccos,
689 5243 747 5290 et
774 5235 876 5300 sal,
904 5235 1095 5290 dicens
1119 5253 1129 5288 :
1159 5236 1312 5300 Quia
1341 5241 1572 5307 propter
1596 5253 1692 5290 vos
1721 5236 1884 5291 debe-

253 5342 393 5381 mus
417 5325 660 5395 amplius
683 5325 896 5396 aliquid
916 5339 1169 5394 cmnare;
1198 5326 1350 5380 misit
1377 5333 1565 5379 autem
1597 5326 1879 5381 modicum

251 5423 510 5478 acetum,
553 5420 610 5469 et
640 5415 742 5481 sal,
778 5419 834 5468 et
873 5415 1156 5469 modicum
1185 5414 1295 5469 olei
1320 5435 1335 5485 ;
1369 5421 1426 5468 et
1453 5431 1582 5468 cum
1612 5416 1881 5470 surrexis-

247 5508 390 5559 sent
440 5504 510 5558 de
543 5503 996 5573 mensula,cmpit
1041 5505 1250 5559 iterum
1288 5505 1526 5575 psallere
1585 5520 1758 5575 usque
1808 5506 1881 5560 ad

1957 4437 2419 4494 consuetudinem
2445 4451 2615 4506 opera
2638 4449 2927 4496 manuum,
2952 4435 3010 4484 et
3027 4431 3095 4484 de
3115 4426 3404 4482 laboribus
3418 4422 3561 4477 meis

1959 4529 2207 4592 reficere,
2241 4526 2384 4579 sicut
2438 4529 2635 4577 sancta
2676 4521 2969 4591 Scriptura
3014 4517 3152 4572 dicit
3190 4517 3249 4570 in
3277 4512 3507 4586 psalmis
3545 4528 3556 4562 :

1960 4615 2202 4671 Labores
2231 4629 2499 4668 manuum
2531 4619 2757 4667 tuarum
2788 4610 2919 4679 quia
2948 4604 3328 4670 manducabis,
3361 4601 3562 4655 beatus

1962 4721 2021 4758 es
2036 4709 2093 4757 et
2114 4703 2257 4757 bene
2279 4702 2385 4756 tibi
2404 4703 2510 4756 erit
2529 4702 2692 4772 (Psal.
2715 4700 2943 4766 cxxvu),
2971 4695 3118 4766 quod
3139 4697 3288 4748 certe
3312 4688 3563 4764 quotidie

1961 4794 2019 4846 in
2044 4797 2344 4863 conspectu
2373 4790 2594 4845 Domini
2629 4787 2941 4860 psallimus.

2029 4880 2081 4937 8.
2116 4880 2433 4951 Discipulus
2461 4879 2752 4948 cujusdam
2783 4875 2962 4932 sancti
2993 4873 3228 4928 senioris
3259 4872 3561 4944 impugna-

1960 4970 2127 5025 batur
2156 4987 2190 5024 a
2227 4968 2427 5041 spiritu
2457 4966 2858 5030 fornicationis,
2893 4964 3010 5028 sed,
3049 4963 3353 5018 auxiliante
3380 4960 3566 5039 gratia

1964 5059 2204 5123 Domini,
2255 5056 2550 5112 resistebat
2599 5055 2836 5108 viriliter
2876 5053 3132 5125 pessimis
3173 5057 3229 5106 et
3259 5051 3565 5106 immundis

1965 5147 2395 5219 cogitationibus
2426 5145 2608 5201 cordis
2636 5144 2741 5208 sui,
2768 5143 3004 5214 jejuniis
3032 5149 3088 5196 et
3110 5141 3476 5209 orationibus,
3495 5139 3568 5195 "et

1964 5240 2022 5293 in
2052 5255 2221 5310 opere
2251 5252 2524 5290 manuum
2553 5233 2840 5303 afﬂigebat
2868 5249 2927 5288 se
2953 5233 3332 5287 vehementer.
3359 5232 3565 5286 Beatus

1965 5335 2154 5382 autem
2181 5325 2366 5380 senior
2409 5324 2600 5378 videns
2628 5340 2756 5377 eum
2785 5323 2864 5376 ita
2888 5322 3256 5388 laborantem,
3291 5321 3430 5376 dixit
3466 5320 3517 5372 ei
3551 5336 3562 5370 :

1965 5418 2020 5472 Si
2052 5418 2153 5481 vis,
2190 5433 2220 5469 ο
2269 5414 2368 5479 fili,
2401 5414 2672 5484 deprecor
2700 5412 3023 5478 Dominum,
3076 5419 3135 5466 ut
3173 5411 3392 5466 auferat
3435 5424 3468 5460 a
3512 5411 3568 5460 te

1963 5507 2131 5561 istam
2159 5504 2665 5576 impugnationem.
2695 5503 2794 5559 Ille
2826 5519 2955 5557 vero
2987 5501 3349 5571 respondens,
3382 5497 3524 5553 dixit
3551 5514 3563 5549 :
