3966 6184
286 303 390 358 ῖ45
1594 303 1832 359 VERBA
1870 303 2259 363 SENIORUM.
3459 312 3560 370 746

280 427 464 482 frater
507 445 643 483 suus
679 428 870 482 dicens
903 446 913 479 :
958 425 1312 499 Quapropter
1347 444 1459 483 non
1486 430 1780 484 reverteris
1810 432 1950 493 adA
1967 434 2150 501 malis,
2177 431 2520 505 impossibile
2549 436 2638 487 est
2663 434 2813 490 enim
2842 435 3129 494 discedere
3155 455 3189 493 a
3215 444 3273 494 te
3302 439 3563 512 spiritum

280 518 576 572 cellulam?
588 518 689 572 Ille
708 516 994 571 confessus
1019 521 1106 571 est
1127 516 1198 583 ei,
1215 517 1405 571 dicens
1431 536 1441 571 :
1480 519 1623 582 Quia
1639 536 1741 590 ego
1756 537 1883 574 cum
1964 522 2350 577 fornicationis
2365 521 2742 590 immundum,
2758 522 2885 583 aliis
2898 524 3190 581 orantibus
3200 531 3258 582 et
3269 528 3449 584 Deum
3461 545 3563 601 pro

280 607 593 662 discessisti
614 624 649 661 a
678 623 787 674 me,
817 607 989 661 cecidi
1019 606 1077 660 in
1121 606 1566 675 fornicationem,
1601 608 1727 663 ideo
1756 610 1884 664 nolo
1966 614 2022 664 te
2051 608 2497 681 deprecantibus,
2517 609 2628 663 nisi
2648 614 2706 664 et
2731 614 2794 664 tu
2817 610 2937 682 ipse
2955 612 3204 668 laborem
3225 616 3563 682 assumas,in

282 697 513 751 reverti.
539 696 745 751 Volens
766 696 1173 750 autemlucrari
1200 704 1257 751 et
1270 698 1483 751 salvare
1494 698 1740 753 animam
1764 700 1813 770 ej
1823 717 1886 754 us

286 786 473 840 frater
501 803 655 851 suus,
691 803 819 839 cum
849 792 1200 839 sacramento
1228 785 1368 840 dixit
1396 786 1447 841 ei
1479 805 1490 839 :
1535 787 1679 851 Quia
1705 794 1761 843 et
1785 806 1888 860 ego

283 891 416 929 cum
440 880 735 946 separatus
748 875 979 929 fuissem
1002 891 1037 928 a
1064 880 1141 939 te,
1166 875 1358 946 lapsus
1391 892 1514 929 sum
1548 876 1807 931 similiter
1831 878 1889 932 in

283 963 1151 1031 fornicationem;verumtamem
1165 969 1513 1018 revertamur
1523 966 1593 1019 ad
1606 966 1863 1019 cellulam
1873 1004 1886 1030 ,

284 1060 352 1108 et
373 1070 651 1125 ponamus
669 1070 772 1107 nos
806 1054 864 1106 in
880 1053 1272 1124 paenitentiam
1292 1055 1332 1107 ¹.
1366 1054 1569 1108 Omnia
1587 1055 1740 1108 enim
1762 1070 1891 1125 pos-

285 1143 483 1197 sibilia
502 1148 638 1197 sunt
655 1143 770 1197 Deo
803 1144 974 1209 (Luca:
995 1147 1067 1211 I);
1095 1148 1158 1196 ut
1187 1142 1588 1214 paenitentibus
1616 1143 1776 1197 nobis
1803 1144 1892 1197 in-

285 1228 645 1298 dulgentiam
665 1229 874 1281 donare
908 1227 1189 1298 dignetur,
1220 1233 1286 1281 ut
1313 1227 1372 1281 in
1393 1232 1603 1282 aeterno
1634 1229 1763 1298 igne
1783 1234 1894 1282 tor-

287 1317 503 1372 mentis
526 1322 584 1371 et
613 1318 793 1389 panis
826 1317 1029 1371 inferni
1064 1316 1121 1370 in
1155 1322 1369 1372 tartaro
1397 1334 1512 1371 non
1539 1318 1887 1371 cruciemur:

284 1406 391 1461 ubi
411 1406 745 1477 pmnitentia
777 1422 889 1461 non
911 1410 1014 1472 est,
1033 1406 1131 1459 sed
1150 1405 1295 1476 ignis
1330 1422 1554 1478 semper
1577 1406 1697 1461 sine
1711 1423 1893 1460 cessa-

284 1496 468 1561 tione,
489 1501 547 1549 et
568 1495 691 1549 dira
712 1500 1011 1550 tormenta.
1041 1496 1127 1549 Ita
1148 1511 1280 1565 ergo
1314 1495 1521 1549 reversi
1538 1500 1672 1550 sunt
1690 1496 1760 1549 ad
1782 1495 1894 1549 cel-

1964 698 2216 769 jejuniis,
2242 703 2300 753 et
2336 697 2703 764 orationibus,
2750 704 2809 753 et
2839 699 3036 770 vigiliis
3066 703 3276 769 multis,
3310 720 3436 758 cum
3464 719 3564 772 ge-

1971 788 2113 842 mitu
2143 789 2447 859 deprecans
2476 793 2541 841 ut
2572 786 3013 843 misericordiam
3045 806 3224 857 suam,
3258 798 3314 846 et
3340 793 3566 864 adjuto-

1972 877 2119 930 rium
2146 892 2261 931 suae
2288 877 2485 947 gratiae
2502 875 2749 947 praebeat
2776 875 2879 930 tibi
2908 877 3180 933 Dominus
3211 881 3239 934 J
3245 897 3372 935 esus
3401 881 3564 936 Chri-

1975 971 2113 1031 stus,
2139 971 2205 1020 ut
2231 966 2411 1038 possis
2424 965 3132 1036 resisterecogitationibus
3154 970 3485 1024 malis.Nam
3510 976 3568 1024 et

1975 1054 2198 1122 medici,
2232 1054 2329 1126 qui
2348 1054 2673 1125 corporibus
2686 1054 2981 1109 hominum
3004 1057 3415 1113 medicamenta
3433 1075 3567 1114 con—

1975 1144 2173 1198 ficiunt
2199 1148 2257 1197 et
2282 1142 2831 1214 adhibent,quamvis
2851 1144 3179 1199 omniacum
3202 1162 3428 1201 summa
3445 1147 3568 1201 dili-

1972 1232 2165 1303 gentia
2180 1231 2406 1293 faciant,
2437 1238 2826 1287 verumtamen
2850 1233 2898 1287 si
2916 1233 3010 1287 ille
3032 1235 3128 1305 qui
3168 1234 3507 1301 inﬁrmatur,
3533 1252 3568 1290 a

1973 1321 2152 1375 noxiis
2180 1320 2336 1381 cibis,
2370 1320 2455 1374 vel
2485 1321 2554 1375 de
2583 1321 2709 1375 aliis
2740 1338 2863 1392 qua;
2889 1323 3072 1376 solent
3099 1323 3302 1378 laedere
3335 1323 3568 1378 inﬁrmi-

1974 1414 2138 1475 tates,
2177 1408 2458 1463 abstinere
2501 1410 2765 1477 noluerit,
2798 1410 2940 1464 nihil
2985 1412 3036 1465 ei
3062 1413 3285 1482 proficit
3322 1428 3476 1480 cura,
3509 1419 3569 1468 et

1975 1496 2282 1567 diligentia,
2307 1502 2365 1551 et
2378 1497 2691 1552 sollicitudo
2721 1498 3085 1553 medicorum.
3103 1499 3375 1555 Similiter
3394 1501 3566 1556 etiam

286 1585 471 1638 lulam
502 1601 680 1639 suam.
714 1584 990 1640 Abierunt
1018 1591 1205 1639 autem
1229 1585 1299 1638 ad
1331 1590 1553 1639 sanctos
1595 1586 1809 1651 Patres,
1840 1590 1897 1638 et
1977 1591 2033 1639 et
2058 1586 2117 1640 in
2146 1586 2347 1641 animae
2365 1586 2728 1658 languoribus
2756 1587 2992 1641 eveniet.
3047 1588 3203 1642 Licet
3231 1589 3382 1644 enim
3414 1590 3571 1644 omni

291 1680 728 1745 prostraverunt
756 1691 814 1728 se
841 1675 907 1729 ad
926 1674 1162 1743 vestigia
1177 1691 1392 1739 eorum,
1419 1692 1544 1728 cum
1571 1674 1747 1728 multo
1774 1675 1897 1728 ulu-
1912 1676 2306 1774 Bintentione,
2339 1680 2395 1730 et
2425 1693 2491 1730 ex
2522 1682 2640 1730 toto
2669 1676 2836 1731 corde
2865 1675 3044 1731 sancti
3071 1678 3285 1744 Patres,
3315 1679 3409 1750 qui
3438 1683 3573 1733 sunt

292 1763 419 1817 latu
445 1769 502 1816 et
517 1764 782 1834 lacrymis
799 1769 1109 1833 gementes,
1149 1770 1207 1817 et
1229 1763 1465 1819 confessi
1485 1770 1618 1817 sunt
1638 1763 1750 1817 illis
1774 1780 1896 1834 quae
1912 1763 1958 1774 ”
1980 1765 2180 1819 medici
2209 1764 2546 1836 spirituales,
2602 1771 2833 1820 exorent
2862 1765 3304 1821 misericordiam
3344 1767 3571 1822 Domini

294 1853 580 1906 evenisset
600 1853 678 1906 eis
700 1852 875 1907 ruina;
890 1853 1147 1907 tentatio.
1176 1852 1461 1923 Quidquid
1481 1860 1671 1907 autem
1697 1869 1899 1924 praece-
1981 1854 2284 1908 Salvatoris
2315 1855 2492 1908 nostri
2520 1871 2622 1925 pro
2653 1855 2733 1909 eis
2783 1854 2879 1926 qui
2905 1855 3254 1910 orationibus
3283 1872 3481 1911 eorum
3509 1872 3571 1911 se

297 1948 511 2014 perunt
540 1942 716 1995 sancti
770 1942 1037 2009 seniores,
1071 1947 1127 1995 et
1154 1942 1467 1996 docuerunt
1510 1959 1605 1996 eos
1636 1942 1692 1995 in
1731 1958 1901 1995 causa
1980 1943 2268 2014 postulant
2294 1943 2567 2012 adjuvari,
2592 1942 2701 1997 nisi
2722 1952 2780 1998 et
2806 1943 2914 2014 ipsi
2934 1960 3061 1998 cum
3089 1943 3243 1998 omni
3261 1944 3574 2000 intentione

291 2031 748 2102 paenitentiaeﬁta
768 2032 958 2085 omnia
975 2032 1244 2086 fecerunt.
1267 2032 1366 2085 Ille
1386 2048 1519 2102 ergo
1542 2031 1684 2085 alius
1702 2031 1894 2095 frater,
1982 2032 2205 2097 mentis,
2238 2036 2354 2085 tam
2384 2032 2444 2085 in
2473 2031 2820 2087 orationibus
2840 2048 3007 2104 quam
3024 2031 3083 2086 in
3108 2034 3262 2087 omni
3287 2050 3455 2104 opere
3466 2035 3577 2106 spi-

295 2121 396 2191 qui
418 2137 533 2174 non
549 2125 891 2191 peccaverat,
916 2137 1017 2191 pro
1036 2121 1210 2174 fratre
1231 2121 1326 2191 qui
1370 2129 1693 2191 peccaverat
1719 2119 1902 2190 pceni-

292 2208 540 2262 tentiam
560 2209 779 2279 agebat,
804 2209 963 2280 quasi
986 2214 1043 2263 et
1058 2210 1175 2281 ipse
1196 2215 1495 2280 peccasset,
1513 2226 1577 2263 eo
1593 2209 1741 2280 quod
1760 2208 1902 2262 mul-

295 2303 419 2352 tam
441 2298 772 2352 charitatem
786 2299 935 2353 circa
952 2316 1078 2353 eum
1093 2298 1341 2353 haberet.
1365 2298 1574 2352 Videns
1585 2305 1776 2352 autem
1796 2298 1905 2351 Do~

305 2389 502 2442 minus
528 2386 776 2441 laborem
799 2388 1088 2442 charitatis
1120 2388 1258 2458 ejus.
1286 2387 1430 2441 infra
1452 2403 1631 2458 pauca
1646 2392 1905 2459 tempora

297 2477 570 2531 revelavit
598 2476 808 2531 sanctis
832 2477 1092 2531 Patribus
1115 2477 1295 2548 qualis
1316 2482 1465 2531 esset
1484 2494 1670 2543 causa,
1697 2482 1754 2531 et
1773 2476 1907 2548 quia

298 2571 537 2638 propter
564 2565 896 2620 charitatem
941 2566 1092 2621 illius
1120 2566 1216 2637 qui
1245 2583 1357 2621 non
1386 2570 1731 2637 peccaverat,
1762 2570 1818 2619 et
1846 2582 1906 2619 se

300 2656 586 2710 afﬂixerat
598 2672 696 2726 pro
717 2656 898 2709 salute
925 2655 1132 2718 fratris,
1158 2656 1363 2710 idcirco
1380 2656 1790 2726 indulgentiam
1812 2654 1906 2708 do-

300 2744 465 2798 navit
494 2744 545 2797 ei
592 2744 863 2798 Dominus
898 2745 993 2815 qui
1023 2749 1324 2815 peccasset.
1351 2745 1488 2799 Ecce
1525 2745 1631 2798 hoc
1654 2744 1735 2798 ita
1762 2743 1907 2798 sicut

1983 2120 2173 2176 rituali
2204 2138 2327 2191 quae
2357 2121 2472 2175 Deo
2500 2121 2706 2191 placita
2735 2126 2870 2175 sunt
2891 2120 3144 2188 fecerint,
3176 2138 3288 2176 non
3308 2122 3389 2177 eis
3401 2124 3575 2194 proﬁ-

1983 2209 2133 2263 cient
2157 2208 2565 2279 negligentibus
2585 2215 2642 2263 et
2668 2209 2948 2275 resolutis,
2982 2215 3041 2264 et
3061 2210 3130 2264 de
3155 2211 3339 2265 salute
3374 2211 3575 2267 animae

1985 2298 2217 2351 minime
2246 2296 2643 2367 cogitantibus,
2677 2298 2959 2353 orationes
2980 2304 3322 2354 sanctorum.
3358 2296 3434 2354 Et
3460 2301 3578 2356 haec

1987 2387 2222 2441 audiens
2252 2386 2444 2452 frater,
2478 2392 2846 2458 compunctus
2875 2393 2962 2442 est
2989 2388 3173 2456 corde,
3198 2394 3256 2443 et
3274 2405 3401 2445 cum
3424 2390 3578 2445 omni

1988 2475 2381 2543 sollicitudine,
2414 2475 2722 2530 secundum
2751 2475 3065 2531 doctrinam
3091 2476 3349 2542 senioris,
3380 2481 3498 2533 tam
3516 2479 3579 2534 in

1982 2564 2217 2635 jejuniis
2247 2581 2416 2636 quam
2444 2564 2505 2618 in
2532 2563 2879 2619 orationibus
2909 2571 2966 2620 et
2982 2565 3186 2636 vigiliis
3215 2567 3581 2640 semetipsum

1987 2653 2210 2721 afflixit,
2242 2659 2299 2715 et
2316 2652 2526 2708 meruit
2550 2653 2997 2709 misericordiam
3025 2654 3584 2712 Domini.Etrecessit

1988 2743 2058 2797 ab
2077 2759 2142 2797 eo
2172 2742 2404 2814 spiritus
2431 2742 2735 2798 immundae
2762 2742 3058 2814 passionis.

301 2833 581 2904 scriptum
598 2838 710 2887 est:
737 2832 882 2897 Quia
918 2833 1106 2905 posuit
1133 2834 1382 2888 animam
1411 2851 1572 2889 suam
1600 2850 1700 2905 pro
1726 2832 1905 2887 salute

300 2921 500 2976 fratris
529 2922 616 2976 sui
640 2923 696 2993 (Ι
716 2924 878 2976 Joan.
911 2928 1014 2991 ιιι).

2062 2833 2148 2887 14.
2181 2832 2316 2886 Erat
2341 2831 2569 2902 quidam
2599 2831 2925 2899 monachus,
2960 2838 3019 2887 et
3045 2833 3338 2889 habitabat
3370 2834 3430 2889 in
3458 2849 3582 2889 ere-

1988 2937 2100 2975 mo.
2131 2921 2398 2999 Quaedam
2425 2924 2613 2975 autem
2645 2920 2833 2991 puella
2851 2937 2918 2975 ex
2945 2937 3153 2992 genere
3169 2927 3226 2977 et
3252 2923 3585 2992 cognatione

382 3009 470 3067 l3.
492 3011 655 3065 Alius
668 3010 839 3065 etiam
853 3012 1028 3066 frater
1044 3013 1362 3067 molestiam
1387 3011 1699 3067 sustinebat
1726 3029 1761 3065 a
1790 3011 1906 3084 spi-
1939 3081 1955 3084 Α
1989 3011 2129 3081 ejus,
2162 3016 2289 3082 post
2309 3009 2585 3081 plurimos
2612 3025 2790 3063 annos
2823 3010 3098 3081 comperit
3125 3011 3183 3065 in
3211 3027 3320 3082 quo
3347 3012 3467 3066 loco
3494 3027 3589 3067 su-

298 3101 422 3154 ritu
452 3099 854 3155 fornicationis.
890 3101 1044 3155 Abiit
1073 3106 1263 3156 autem
1293 3102 1364 3155 ad
1383 3102 1682 3173 quemdam
1710 3081 1908 3173 proba-
1925 3081 1968 3142 δ
1992 3081 2275 3171 pradictus
2304 3098 2610 3153 monachus
2630 3097 2936 3164 habitaret,
2963 3081 3339 3170 etinstigante
3364 3098 3585 3155 diabolo

298 3189 587 3243 tissimum
611 3190 977 3255 seniorem,et
994 3191 1329 3261 precabatur
1354 3208 1484 3245 eum
1506 3190 1696 3244 dicens
1721 3208 1732 3242 :
1758 3190 1909 3244 Pone
1992 3189 2131 3243 abiit
2161 3189 2219 3242 in
2249 3188 2534 3242 desertum
2563 3187 2863 3258 requirens
2894 3204 3023 3242 eum
3074 3190 3299 3256 (Pelag.,
3323 3189 3491 3243 Iibell.
3525 3206 3578 3256 ν,

301 3278 412 3332 tibi
429 3278 881 3341 sollicitudinem,
906 3279 1227 3333 beatissime
1248 3281 1438 3344 Pater,
1471 3285 1525 3333 et
1551 3295 1651 3333 ora
1671 3296 1771 3350 pro
1797 3295 1906 3347 me,
1993 3295 2051 3332 η.
2082 3276 2324 3346 24).ριιο
2340 3277 2588 3343 invento,
2615 3276 2872 3347 ingressa
2886 3281 2971 3331 est
2982 3276 3243 3331 cellulam
3266 3279 3407 3348 ejus,
3425 3293 3581 3332 asse-

302 3368 445 3439 quia
467 3368 712 3437 graviter
730 3385 821 3422 me
852 3369 1149 3438 impugnat
1170 3368 1354 3439 passio
1385 3368 1765 3422 fornicationis
1800 3368 1912 3435 (Pe-
1993 3383 2123 3421 rens
2140 3366 2189 3419 ei
2216 3366 2349 3437 quia
2361 3382 2427 3419 ex
2444 3381 2651 3435 genere
2671 3369 2729 3418 et
2746 3365 3038 3436 parentela
3057 3367 3180 3436 ejus
3201 3364 3584 3434 fuisset,man-

306 3461 446 3524 lag.,
484 3458 632 3514 libel.
661 3473 712 3521 v,
748 3474 805 3511 η.
838 3455 940 3526 16).
961 3458 1089 3512 Haec
1119 3474 1245 3511 cum
1277 3457 1526 3512 audisset
1553 3457 1756 3522 senior,
1789 3472 1911 3510 ora-
1993 3456 2177 3527 sitque
2205 3454 2282 3508 ibi
2310 3454 2459 3526 apud
2489 3470 2640 3522 eum,
2690 3457 2750 3508 et
2775 3452 2976 3508 cecidit
3022 3454 3081 3508 in
3121 3455 3346 3509 ruinam
3372 3457 3587 3527 peccati

310 3545 411 3598 bat
436 3545 669 3610 intente,
687 3544 883 3599 diebus
906 3562 971 3598 ac
997 3546 1251 3600 noctibus
1278 3563 1379 3617 pro
1400 3562 1465 3600 eo
1486 3546 1792 3616 deprecans
1806 3545 1911 3599 Do-
1993 3562 2121 3599 cum
2152 3561 2238 3599 ea.
2266 3544 2401 3598 Erat
2427 3548 2616 3598 autem
2650 3543 2794 3598 alius
2822 3543 3152 3613 monachus,
3178 3544 3363 3616 etipse
3380 3544 3585 3600 inere-

309 3633 456 3688 mini
477 3633 935 3688 misericordiam.
966 3635 1180 3690 Iterum
1228 3642 1416 3690 autem
1457 3634 1716 3689 veniebat
1762 3634 1908 3688 idem
1993 3650 2086 3687 mo
2114 3632 2344 3704 degens,
2362 3632 2473 3704 ~qui
2502 3649 2629 3687 cum
2660 3631 2731 3686 ad
2754 3631 3073 3687 refectionis
3095 3632 3291 3688 horam
3319 3634 3581 3703 venisset,

308 3721 506 3789 frater,
541 3729 598 3777 et
634 3723 866 3793 rogabat
892 3723 1188 3791 seniorem,
1224 3731 1289 3778 ut
1316 3723 1494 3794 magis
1514 3723 1787 3777 intentius
1809 3739 1909 3794 pro
1991 3723 2138 3794 gello
2171 3723 2241 3791 (5)
2275 3736 2401 3776 cum
2423 3738 2588 3792 aqua,
2614 3737 2781 3793 quem
2801 3721 2872 3776 ad
2893 3725 3088 3793 potum
3117 3722 3221 3777 sibi
3244 3739 3589 3795 praeparave-

313 3828 383 3865 eo
417 3817 625 3866 oraret.
662 3812 936 3867 Similiter
958 3818 1149 3868 autem
1183 3829 1311 3867 cum
1341 3813 1495 3867 omni
1538 3812 1911 3867 sollicitudine
1994 3818 2101 3879 rat,
2135 3810 2389 3866 vertebat
2415 3827 2492 3877 se,
2524 3816 2582 3865 et
2607 3815 2729 3865 tota
2754 3811 2853 3865 illa
2865 3827 3016 3883 aqua
3036 3810 3375 3867 fundebatur
3392 3813 3452 3867 in
3479 3818 3592 3868 ter-

311 3900 515 3955 beatus
538 3900 726 3956 senior
754 3901 953 3957 orabat
996 3902 1267 3957 intentius
1309 3918 1411 3974 pro
1438 3918 1503 3956 eo
1531 3920 1542 3954 :
1588 3902 1914 3973 frequenter
1995 3917 2138 3954 ram.
2169 3900 2287 3954 Hoc
2318 3904 2508 3954 autem
2540 3916 2641 3969 per
2659 3898 2876 3970 ahquot
2899 3899 3040 3964 dies,
3070 3916 3198 3956 cum
3226 3900 3298 3956 ad
3326 3901 3587 3959 refectio-

314 3997 510 4045 autem
537 3991 854 4046 venientem
885 3991 955 4046 ad
978 4010 1037 4047 se
1065 3993 1400 4048 monachum
1424 3992 1614 4046 videns
1644 3992 1831 4046 senior
1859 3996 1916 4044 et
1996 4006 2126 4043 nem
2138 3988 2398 4055 venisset,
2423 3989 2504 4043 ita
2517 3986 2705 4055 fiebat,
2728 3992 2786 4042 et
2811 3988 3203 4045 effundebatur
3216 4006 3363 4062 aqua
3385 3991 3444 4046 in
3468 3998 3588 4047 ter-

312 4081 713 4152 deprecantem
743 4098 802 4135 se
822 4088 886 4136 ut
903 4089 1107 4150 oraret,
1121 4083 1279 4137 valde
1294 4082 1656 4136 contristatus
1681 4079 1917 4134 miraba-
1997 4095 2140 4144 ram,
2156 4084 2218 4133 ut
2237 4092 2351 4131 non
2363 4082 2551 4148 posset
2569 4075 2781 4132 bibere.
2803 4077 3085 4147 Cogitavit
3104 4084 3293 4133 autem
3327 4077 3479 4151 apud
3505 4097 3590 4136 se-

311 4175 417 4224 tur
435 4169 569 4240 quia
584 4186 700 4224 non
719 4171 1010 4225 exaudiret
1028 4172 1300 4226 Dominus
1319 4171 1629 4225 orationem
1641 4170 1779 4240 ejus.
1813 4169 1915 4222 Ea-
1997 4167 2317 4237 metipsum,
2341 4172 2406 4220 ut
2442 4165 2623 4220 abiret
2650 4165 2722 4219 ad
2752 4164 2912 4219 illum
2936 4165 3112 4221 alium
3141 4168 3496 4236 monachum,
3530 4175 3588 4224 et

312 4258 448 4312 dem
479 4263 669 4313 autem
722 4267 884 4314 nocte
914 4260 1183 4314 revelavit
1223 4260 1274 4314 ei
1303 4259 1575 4315 Dominus
1604 4275 1727 4330 quae
1769 4257 1916 4315 circa
1995 4257 2207 4311 diceret
2246 4256 2297 4311 ei
2327 4255 2396 4309 de
2424 4255 2643 4325 gellone
2680 4253 2777 4325 qui
2803 4252 3056 4310 vertebat
3082 4272 3160 4323 se,
3193 4261 3250 4310 et
3284 4261 3406 4311 tota
3440 4273 3590 4330 aqua

314 4346 480 4401 illum
510 4347 845 4402 monachum
875 4354 997 4402 erat
1011 4349 1367 4420 negligentia;
1387 4354 1444 4403 et
1461 4348 1693 4419 ignavia:
1707 4347 1915 4402 resolu-
1998 4344 2407 4400 elfundebatur.
2437 4343 2619 4414 Igitur
2644 4359 2771 4398 cum
2784 4342 3074 4409 initinere,
3096 4345 3497 4417 vesperefacto,
3528 4347 3588 4402 in

314 4436 421 4503 tio,
456 4442 515 4490 et
533 4436 930 4492 delectationes
946 4455 1227 4511 corporeae
1246 4438 1430 4494 cordis
1462 4438 1696 4509 ejus.Ita
1723 4442 1911 4491 autem
1932 4441 1983 4502 D
1998 4436 2240 4508 quodam
2252 4434 2484 4505 antiquo
2500 4438 2557 4487 et
2575 4433 2761 4488 diruto
2774 4433 2986 4505 templo
2999 4433 3278 4490 idolorum
3292 4436 3581 4504 dormiret,

314 4532 611 4581 ostensum
643 4531 728 4580 est
755 4534 947 4583 sancto
974 4528 1217 4583 seniori:
1259 4527 1413 4582 Vidit
1440 4527 1729 4582 sedentem
1756 4526 1915 4579 illum
1998 4522 2213 4577 audivit
2239 4522 2518 4578 daemones
2549 4521 2698 4576 inter
2725 4538 2785 4576 se
2816 4520 3111 4593 loquentes
3143 4541 3156 4576 :
3203 4523 3348 4588 Quia
3390 4524 3448 4578 in
3476 4523 3587 4579 ista

314 4614 684 4683 monachum,
700 4622 759 4670 et
778 4616 1435 4688 spiritumfornicationis
1456 4618 1515 4670 in
1535 4614 1765 4670 diversis
1788 4631 1913 4670 mu-
1996 4617 2160 4667 nocte
2179 4610 2646 4684 praecipitavimus
2671 4610 2832 4665 illum
2852 4612 3189 4668 monachum
3202 4612 3260 4666 in
3272 4612 3591 4669 fornicatio-

312 4704 525 4758 lierum
544 4704 739 4760 formis
766 4712 896 4760 ante
920 4707 1079 4761 illum
1111 4706 1418 4771 ludentem,
1450 4711 1642 4771 496
1654 4709 1711 4758 et
1730 4704 1915 4775 ipsum

311 4809 448 4847 cum
478 4792 559 4848 eis
573 4793 858 4849 delectari.
883 4795 1119 4850 Videbat
1134 4801 1324 4850 autem
1341 4801 1394 4850 et
1407 4795 1671 4866 angelum
1689 4790 1913 4848 Domini

313 4887 607 4937 astantem
627 4889 684 4937 et
712 4884 1102 4955 indignantem
1128 4885 1378 4957 graviter
1428 4891 1621 4939 contra
1653 4882 1914 4938 eumdem

311 4973 575 5039 fratrem,
614 4974 745 5044 quia
759 4991 871 5028 non
892 4974 1158 5046 surgebat
1174 4992 1357 5047 neque
1381 4972 1765 5046 prosternebat
1778 4989 1836 5027 se
1855 4971 1915 5025 in

311 5061 672 5117 orationibus
692 5064 763 5117 ad
782 5064 959 5118 Deum
979 5065 1105 5132 ;sed
1126 5065 1307 5135 magis
1337 5063 1720 5119 delectabatur
1754 5063 1813 5116 in
1824 5078 1913 5116 co-

307 5150 691 5223 gitationibus
710 5153 843 5207 suis.
870 5154 997 5208 Haec
1027 5158 1216 5209 autem
1246 5159 1467 5208 ostensa
1481 5159 1611 5208 sunt
1638 5169 1740 5224 per
1767 5167 1917 5205 reve-

310 5239 594 5295 lationem
620 5248 816 5297 sancto
830 5242 1055 5297 seniori.
1078 5243 1350 5313 Cognovit
1370 5248 1558 5296 autem
1589 5241 1718 5313 quia
1750 5241 1913 5311 culpa

311 5336 376 5384 et
395 5329 749 5400 negligentia
764 5330 910 5384 illius
930 5331 1188 5385 monachi
1205 5338 1343 5395 erat,
1366 5336 1428 5383 ut
1447 5347 1558 5383 non
1581 5328 1914 5382 exaudiren-

311 5426 419 5474 tur
451 5419 635 5473 oratio
647 5436 747 5473 nes
774 5420 896 5489 ejus
920 5438 932 5487 ;
961 5426 1018 5474 et
1034 5427 1170 5475 tunc
1189 5419 1328 5474 dixit
1343 5419 1529 5474 senior
1546 5419 1624 5473 ei:
1651 5418 1795 5482 Quia
1817 5422 1918 5471 tua

314 5508 488 5580 culpa
538 5513 643 5575 est,
678 5507 869 5575 frater,
923 5510 1018 5580 qui
1059 5509 1460 5564 condelectaris
1489 5506 1918 5580 cogitationibus

1997 4715 2156 4759 nem;
2188 4706 2245 4756 et
2292 4701 2409 4756 haec
2464 4700 2716 4767 audiens,
2777 4698 3183 4755 admirabatur.
3226 4702 3365 4756 Cum
3394 4707 3587 4758 autem

1997 4791 2271 4846 illuxisset
2296 4790 2433 4857 dies,
2489 4789 2743 4861 pervenit
2798 4789 2870 4843 ad
2900 4790 3256 4857 monachum,
3289 4796 3347 4846 et
3373 4791 3590 4848 invenit

1998 4897 2127 4935 eum
2154 4878 2486 4952 gravissima
2511 4877 2743 4933 tristitia
2767 4884 3180 4949 Oppressum,et
3209 4878 3349 4935 dixit
3362 4881 3588 4947 aii-Quid

1998 4969 2416 5036 faciam,frater,
2435 4967 2566 5039 quia
2585 4983 2696 5039 qua
2717 4966 3093 5022 horareficere
3116 4969 3360 5037 voluero,
3393 4970 3586 5027 statim

1995 5060 2163 5133 gello,
2182 5075 2348 5130 quem
2377 5056 2448 5111 ad
2477 5073 2642 5111 usum
2661 5071 2819 5126 aquae
2836 5055 3034 5123 habeo,
3050 5057 3218 5113 vertit
3233 5075 3310 5124 se,
3345 5060 3588 5116 etefi'un-

1997 5148 2153 5204 ditur
2182 5151 2412 5218 aqua,et
2438 5161 2551 5199 non
2580 5143 2759 5199 habeo
2790 5144 2924 5215 quid
2944 5143 3329 5203 bibere?Tunc
3360 5165 3588 5223 respon-

1997 5237 2082 5291 dit
2108 5237 2160 5290 ei
2198 5234 2551 5306 supradictus
2588 5225 2916 5302 monachus,
2959 5234 3147 5291 dicens
3184 5256 3195 5291 :
3238 5237 3322 5292 Tu
3360 5238 3588 5310 quidem

1995 5324 2198 5383 venisti
2220 5323 2290 5378 ad
2312 5340 2399 5378 me
2412 5323 2776 5394 interrogare,
2802 5322 2938 5395 quia
2954 5324 3306 5394 gellunculus
3318 5328 3486 5382 vertit
3505 5344 3589 5395 se,

1998 5419 2057 5469 et
2080 5413 2387 5468 effunditur
2415 5429 2563 5484 aqua
2589 5412 2617 5466 ?
2641 5413 2756 5484 Ego
2781 5417 2973 5468 autem
3006 5414 3138 5485 quid
3178 5415 3357 5471 habeo
3385 5415 3585 5484 facere,

2001 5504 2135 5577 quia
2162 5502 2267 5557 hac
2322 5507 2485 5556 nocte
2514 5502 2687 5557 cecidi
2716 5502 2775 5556 in
2822 5503 3251 5560 fornicationem
3285 5505 3310 5558 7
3348 5504 3593 5578 Respon-

396 5624 415 5659 ¹
460 5626 630 5694 Nota,
668 5641 781 5680 non
814 5626 1032 5682 licitum
1058 5643 1181 5683 esse
1210 5627 1566 5684 mendacium
1594 5624 1939 5692 ofﬁciosum;
1970 5622 2086 5678 fors
2113 5618 2442 5694 Spiritaliter
2468 5634 2528 5674 se
2554 5618 2891 5676 fornicatum
2918 5618 3203 5698 intelligit.

700 5700 968 5763 PATROL.
997 5698 1268 5763 LXXIII.

3203 5696 3282 5761 34
