  <div class='ocr_page' id='page_1' title='image "/cluster/home/n/w/nwhite01/storage/ocr_20150623/73/hvd.32044054758776/379.png"; bbox 0 0 3966 6184; ppageno 0'>
   <div class='ocr_carea' id='block_1_1' title="bbox 534 261 3698 352">
    <p class='ocr_par' dir='ltr' id='par_1_1' title="bbox 534 261 3698 352">
     <span class='ocr_line' id='line_1_1' title="bbox 534 261 3698 352; baseline 0.011 -53"><span class='ocrx_word' id='word_1_1' title='bbox 534 261 636 318; x_wconf 64' lang='grc' dir='ltr'>ππ</span> <span class='ocrx_word' id='word_1_2' title='bbox 1649 263 1739 317; x_wconf 87' lang='lat' dir='ltr'>DE</span> <span class='ocrx_word' id='word_1_3' title='bbox 1778 263 1966 352; x_wconf 80' lang='lat' dir='ltr'>vI&#39;rIs</span> <span class='ocrx_word' id='word_1_4' title='bbox 2006 265 2297 322; x_wconf 72' lang='lat' dir='ltr'>PATRUM</span> <span class='ocrx_word' id='word_1_5' title='bbox 2336 264 2547 322; x_wconf 82' lang='lat' dir='ltr'>LIBER</span> <span class='ocrx_word' id='word_1_6' title='bbox 2586 265 2683 319; x_wconf 86' lang='lat' dir='ltr'>III.</span> <span class='ocrx_word' id='word_1_7' title='bbox 3623 275 3698 334; x_wconf 68' lang='lat' dir='ltr'>ns</span> 
     </span>
    </p>
   </div>
   <div class='ocr_carea' id='block_1_2' title="bbox 533 386 3700 464">
    <p class='ocr_par' dir='ltr' id='par_1_2' title="bbox 533 386 3700 464">
     <span class='ocr_line' id='line_1_2' title="bbox 533 386 3700 464; baseline 0.001 -15"><span class='ocrx_word' id='word_1_8' title='bbox 533 393 782 462; x_wconf 85' lang='lat' dir='ltr'>deusque</span> <span class='ocrx_word' id='word_1_9' title='bbox 813 390 1004 455; x_wconf 78' lang='lat' dir='ltr'>frater,</span> <span class='ocrx_word' id='word_1_10' title='bbox 1035 386 1172 464; x_wconf 83' lang='lat' dir='ltr'>dicit</span> <span class='ocrx_word' id='word_1_11' title='bbox 1199 386 1251 440; x_wconf 90' lang='lat' dir='ltr'>ei</span> <span class='ocrx_word' id='word_1_12' title='bbox 1279 406 1289 444; x_wconf 85' lang='lat'><strong><em>:</em></strong></span> <span class='ocrx_word' id='word_1_13' title='bbox 1341 387 1455 458; x_wconf 88' lang='lat' dir='ltr'>Ego</span> <span class='ocrx_word' id='word_1_14' title='bbox 1486 388 1682 464; x_wconf 75' lang='lat' dir='ltr'>ethoc</span> <span class='ocrx_word' id='word_1_15' title='bbox 1714 392 1836 460; x_wconf 86' lang='lat' dir='ltr'>jam</span> <span class='ocrx_word' id='word_1_16' title='bbox 1867 390 2118 464; x_wconf 81' lang='lat' dir='ltr'>cognovi.</span> <span class='ocrx_word' id='word_1_17' title='bbox 2138 393 2408 462; x_wconf 80' lang='lat' dir='ltr'>Aaquam</span> <span class='ocrx_word' id='word_1_18' title='bbox 2432 389 2490 444; x_wconf 91' lang='lat' dir='ltr'>in</span> <span class='ocrx_word' id='word_1_19' title='bbox 2510 389 2731 461; x_wconf 90' lang='lat' dir='ltr'>pelvim,</span> <span class='ocrx_word' id='word_1_20' title='bbox 2756 395 2812 443; x_wconf 90' lang='lat' dir='ltr'>et</span> <span class='ocrx_word' id='word_1_21' title='bbox 2840 387 3138 458; x_wconf 76' lang='lat' dir='ltr'>festinabat</span> <span class='ocrx_word' id='word_1_22' title='bbox 3156 389 3331 445; x_wconf 83' lang='lat' dir='ltr'>lavare</span> <span class='ocrx_word' id='word_1_23' title='bbox 3347 392 3494 462; x_wconf 85' lang='lat' dir='ltr'>pedes</span> <span class='ocrx_word' id='word_1_24' title='bbox 3510 395 3700 455; x_wconf 83' lang='lat' dir='ltr'>domino-</span> 
     </span>
    </p>
   </div>
   <div class='ocr_carea' id='block_1_3' title="bbox 535 476 3700 553">
    <p class='ocr_par' dir='ltr' id='par_1_3' title="bbox 535 476 3700 553">
     <span class='ocr_line' id='line_1_3' title="bbox 535 476 3700 553; baseline 0.001 -18"><span class='ocrx_word' id='word_1_25' title='bbox 535 480 686 535; x_wconf 87' lang='lat' dir='ltr'>Dixit</span> <span class='ocrx_word' id='word_1_26' title='bbox 719 482 909 533; x_wconf 88' lang='lat' dir='ltr'>autem</span> <span class='ocrx_word' id='word_1_27' title='bbox 926 476 976 531; x_wconf 83' lang='lat' dir='ltr'>ei</span> <span class='ocrx_word' id='word_1_28' title='bbox 1000 476 1127 530; x_wconf 89' lang='lat' dir='ltr'>ille:</span> <span class='ocrx_word' id='word_1_29' title='bbox 1156 477 1225 530; x_wconf 87' lang='lat' dir='ltr'>Et</span> <span class='ocrx_word' id='word_1_30' title='bbox 1251 477 1400 542; x_wconf 89' lang='lat' dir='ltr'>unde</span> <span class='ocrx_word' id='word_1_31' title='bbox 1429 477 1533 532; x_wconf 88' lang='lat' dir='ltr'>hoc</span> <span class='ocrx_word' id='word_1_32' title='bbox 1560 479 1793 550; x_wconf 93' lang='lat' dir='ltr'>potuisti</span> <span class='ocrx_word' id='word_1_33' title='bbox 1826 497 2125 550; x_wconf 88' lang='lat' dir='ltr'>cognosce-</span> <span class='ocrx_word' id='word_1_34' title='bbox 2206 496 2333 533; x_wconf 90' lang='lat' dir='ltr'>rum</span> <span class='ocrx_word' id='word_1_35' title='bbox 2363 496 2614 544; x_wconf 88' lang='lat' dir='ltr'>suorum,</span> <span class='ocrx_word' id='word_1_36' title='bbox 2647 496 2774 533; x_wconf 89' lang='lat' dir='ltr'>cum</span> <span class='ocrx_word' id='word_1_37' title='bbox 2821 477 2975 532; x_wconf 87' lang='lat' dir='ltr'>omni</span> <span class='ocrx_word' id='word_1_38' title='bbox 3003 477 3314 533; x_wconf 83' lang='lat' dir='ltr'>humilitate</span> <span class='ocrx_word' id='word_1_39' title='bbox 3345 481 3624 553; x_wconf 78' lang='lat' dir='ltr'>obsequium</span> <span class='ocrx_word' id='word_1_40' title='bbox 3644 489 3700 543; x_wconf 84' lang='lat' dir='ltr'>eis</span> 
     </span>
    </p>
   </div>
   <div class='ocr_carea' id='block_1_4' title="bbox 532 564 3703 644">
    <p class='ocr_par' dir='ltr' id='par_1_4' title="bbox 532 564 3703 644">
     <span class='ocr_line' id='line_1_4' title="bbox 532 564 3703 644; baseline 0.002 -18"><span class='ocrx_word' id='word_1_41' title='bbox 532 568 631 626; x_wconf 82' lang='lat' dir='ltr'>re?</span> <span class='ocrx_word' id='word_1_42' title='bbox 673 569 741 623; x_wconf 87' lang='lat' dir='ltr'>Et</span> <span class='ocrx_word' id='word_1_43' title='bbox 769 567 862 621; x_wconf 90' lang='lat' dir='ltr'>ille</span> <span class='ocrx_word' id='word_1_44' title='bbox 883 566 963 620; x_wconf 87' lang='lat' dir='ltr'>ait</span> <span class='ocrx_word' id='word_1_45' title='bbox 991 582 1002 616; x_wconf 90' lang='lat'><strong>:</strong></span> <span class='ocrx_word' id='word_1_46' title='bbox 1049 566 1195 620; x_wconf 86' lang='lat' dir='ltr'>Dum</span> <span class='ocrx_word' id='word_1_47' title='bbox 1223 564 1282 620; x_wconf 91' lang='lat' dir='ltr'>in</span> <span class='ocrx_word' id='word_1_48' title='bbox 1312 565 1514 622; x_wconf 81' lang='lat' dir='ltr'>itinere</span> <span class='ocrx_word' id='word_1_49' title='bbox 1554 574 1721 624; x_wconf 91' lang='lat' dir='ltr'>noctu</span> <span class='ocrx_word' id='word_1_50' title='bbox 1753 569 2118 639; x_wconf 77' lang='lat' dir='ltr'>quiescerem,</span> <span class='ocrx_word' id='word_1_51' title='bbox 2205 568 2465 623; x_wconf 86' lang='lat' dir='ltr'>exhibere</span> <span class='ocrx_word' id='word_1_52' title='bbox 2494 569 2742 641; x_wconf 89' lang='lat' dir='ltr'>cupiens.</span> <span class='ocrx_word' id='word_1_53' title='bbox 2777 567 2889 642; x_wconf 86' lang='lat' dir='ltr'>Ipsi</span> <span class='ocrx_word' id='word_1_54' title='bbox 2917 584 3047 622; x_wconf 89' lang='lat' dir='ltr'>vero</span> <span class='ocrx_word' id='word_1_55' title='bbox 3078 566 3332 622; x_wconf 83' lang='lat' dir='ltr'>nolebant</span> <span class='ocrx_word' id='word_1_56' title='bbox 3353 572 3646 644; x_wconf 79' lang='lat' dir='ltr'>acquiescere</span> <span class='ocrx_word' id='word_1_57' title='bbox 3659 585 3703 631; x_wconf 88' lang='lat' dir='ltr'>ut</span> 
     </span>
    </p>
   </div>
   <div class='ocr_carea' id='block_1_5' title="bbox 529 655 3705 729">
    <p class='ocr_par' dir='ltr' id='par_1_5' title="bbox 529 655 3705 729">
     <span class='ocr_line' id='line_1_5' title="bbox 529 655 3705 729; baseline 0.002 -17"><span class='ocrx_word' id='word_1_58' title='bbox 529 655 716 712; x_wconf 87' lang='lat' dir='ltr'>audivi</span> <span class='ocrx_word' id='word_1_59' title='bbox 746 656 1025 710; x_wconf 77' lang='lat' dir='ltr'>daemones</span> <span class='ocrx_word' id='word_1_60' title='bbox 1046 655 1195 709; x_wconf 89' lang='lat' dir='ltr'>inter</span> <span class='ocrx_word' id='word_1_61' title='bbox 1233 671 1292 710; x_wconf 85' lang='lat' dir='ltr'>se</span> <span class='ocrx_word' id='word_1_62' title='bbox 1319 655 1610 726; x_wconf 85' lang='lat' dir='ltr'>loquentes</span> <span class='ocrx_word' id='word_1_63' title='bbox 1638 662 1695 711; x_wconf 93' lang='lat' dir='ltr'>et</span> <span class='ocrx_word' id='word_1_64' title='bbox 1719 657 2027 727; x_wconf 84' lang='lat' dir='ltr'>gloriantes</span> <span class='ocrx_word' id='word_1_65' title='bbox 2053 659 2122 714; x_wconf 91' lang='lat' dir='ltr'>de</span> <span class='ocrx_word' id='word_1_66' title='bbox 2204 658 2374 729; x_wconf 89' lang='lat' dir='ltr'>pedes</span> <span class='ocrx_word' id='word_1_67' title='bbox 2400 675 2594 712; x_wconf 92' lang='lat' dir='ltr'>eorum</span> <span class='ocrx_word' id='word_1_68' title='bbox 2621 657 2892 723; x_wconf 81' lang='lat' dir='ltr'>ablueret,</span> <span class='ocrx_word' id='word_1_69' title='bbox 2924 657 3018 711; x_wconf 91' lang='lat' dir='ltr'>sed</span> <span class='ocrx_word' id='word_1_70' title='bbox 3051 656 3331 713; x_wconf 87' lang='lat' dir='ltr'>dicebant:</span> <span class='ocrx_word' id='word_1_71' title='bbox 3361 660 3488 724; x_wconf 80' lang='lat' dir='ltr'>Noli,</span> <span class='ocrx_word' id='word_1_72' title='bbox 3513 661 3705 718; x_wconf 86' lang='lat' dir='ltr'>beatissi-</span> 
     </span>
    </p>
   </div>
   <div class='ocr_carea' id='block_1_6' title="bbox 524 744 3706 823">
    <p class='ocr_par' dir='ltr' id='par_1_6' title="bbox 524 744 3706 823">
     <span class='ocr_line' id='line_1_6' title="bbox 524 744 3706 823; baseline 0.002 -23"><span class='ocrx_word' id='word_1_73' title='bbox 524 747 689 818; x_wconf 86' lang='lat' dir='ltr'>lapsu</span> <span class='ocrx_word' id='word_1_74' title='bbox 709 744 1073 811; x_wconf 89' lang='lat' dir='ltr'>tuo,etnimis</span> <span class='ocrx_word' id='word_1_75' title='bbox 1089 744 1454 799; x_wconf 88' lang='lat' dir='ltr'>contristatus</span> <span class='ocrx_word' id='word_1_76' title='bbox 1475 762 1620 800; x_wconf 91' lang='lat' dir='ltr'>sum.</span> <span class='ocrx_word' id='word_1_77' title='bbox 1649 747 1805 808; x_wconf 88' lang='lat' dir='ltr'>Tunc</span> <span class='ocrx_word' id='word_1_78' title='bbox 1834 748 2122 818; x_wconf 87' lang='lat' dir='ltr'>respondit</span> <span class='ocrx_word' id='word_1_79' title='bbox 2202 763 2293 800; x_wconf 89' lang='lat' dir='ltr'>me</span> <span class='ocrx_word' id='word_1_80' title='bbox 2319 748 2506 805; x_wconf 84' lang='lat' dir='ltr'>Pater.</span> <span class='ocrx_word' id='word_1_81' title='bbox 2537 764 2772 818; x_wconf 79' lang='lat' dir='ltr'>gravare</span> <span class='ocrx_word' id='word_1_82' title='bbox 2799 746 3019 800; x_wconf 88' lang='lat' dir='ltr'>animas</span> <span class='ocrx_word' id='word_1_83' title='bbox 3049 751 3285 800; x_wconf 87' lang='lat' dir='ltr'>nostras.</span> <span class='ocrx_word' id='word_1_84' title='bbox 3316 750 3384 802; x_wconf 88' lang='lat' dir='ltr'>At</span> <span class='ocrx_word' id='word_1_85' title='bbox 3423 750 3502 803; x_wconf 88' lang='lat' dir='ltr'>ille</span> <span class='ocrx_word' id='word_1_86' title='bbox 3528 768 3706 823; x_wconf 87' lang='lat' dir='ltr'>respon-</span> 
     </span>
    </p>
   </div>
   <div class='ocr_carea' id='block_1_7' title="bbox 523 835 3703 908">
    <p class='ocr_par' dir='ltr' id='par_1_7' title="bbox 523 835 3703 908">
     <span class='ocr_line' id='line_1_7' title="bbox 523 835 3703 908; baseline 0.002 -18"><span class='ocrx_word' id='word_1_87' title='bbox 523 836 577 890; x_wconf 89' lang='lat' dir='ltr'>ei</span> <span class='ocrx_word' id='word_1_88' title='bbox 606 836 702 890; x_wconf 90' lang='lat' dir='ltr'>ille</span> <span class='ocrx_word' id='word_1_89' title='bbox 729 835 1057 902; x_wconf 77' lang='lat' dir='ltr'>monachus,</span> <span class='ocrx_word' id='word_1_90' title='bbox 1091 835 1304 890; x_wconf 89' lang='lat' dir='ltr'>dicens:</span> <span class='ocrx_word' id='word_1_91' title='bbox 1337 835 1476 890; x_wconf 90' lang='lat' dir='ltr'>Ecce</span> <span class='ocrx_word' id='word_1_92' title='bbox 1506 852 1608 906; x_wconf 86' lang='lat' dir='ltr'>ego</span> <span class='ocrx_word' id='word_1_93' title='bbox 1629 836 1902 907; x_wconf 85' lang='lat' dir='ltr'>egredior,</span> <span class='ocrx_word' id='word_1_94' title='bbox 1938 843 1995 892; x_wconf 89' lang='lat' dir='ltr'>et</span> <span class='ocrx_word' id='word_1_95' title='bbox 2029 855 2120 892; x_wconf 89' lang='lat' dir='ltr'>va-</span> <span class='ocrx_word' id='word_1_96' title='bbox 2200 835 2336 890; x_wconf 91' lang='lat' dir='ltr'>dens</span> <span class='ocrx_word' id='word_1_97' title='bbox 2357 836 2576 891; x_wconf 90' lang='lat' dir='ltr'>dicebat</span> <span class='ocrx_word' id='word_1_98' title='bbox 2596 837 2666 892; x_wconf 90' lang='lat' dir='ltr'>ei:</span> <span class='ocrx_word' id='word_1_99' title='bbox 2693 837 2808 908; x_wconf 89' lang='lat' dir='ltr'>Ego</span> <span class='ocrx_word' id='word_1_100' title='bbox 2829 853 3022 892; x_wconf 90' lang='lat' dir='ltr'>servus</span> <span class='ocrx_word' id='word_1_101' title='bbox 3047 842 3372 904; x_wconf 83' lang='lat' dir='ltr'>vestersum,</span> <span class='ocrx_word' id='word_1_102' title='bbox 3391 855 3506 892; x_wconf 87' lang='lat' dir='ltr'>nam</span> <span class='ocrx_word' id='word_1_103' title='bbox 3522 856 3600 894; x_wconf 84' lang='lat' dir='ltr'>vos</span> <span class='ocrx_word' id='word_1_104' title='bbox 3616 857 3703 896; x_wconf 84' lang='lat' dir='ltr'>esse</span> 
     </span>
    </p>
   </div>
   <div class='ocr_carea' id='block_1_8' title="bbox 521 924 3701 999">
    <p class='ocr_par' dir='ltr' id='par_1_8' title="bbox 521 924 3701 999">
     <span class='ocr_line' id='line_1_8' title="bbox 521 924 3701 999; baseline 0.001 -19"><span class='ocrx_word' id='word_1_105' title='bbox 521 925 592 980; x_wconf 92' lang='lat' dir='ltr'>do</span> <span class='ocrx_word' id='word_1_106' title='bbox 646 925 703 978; x_wconf 91' lang='lat' dir='ltr'>in</span> <span class='ocrx_word' id='word_1_107' title='bbox 758 925 1050 979; x_wconf 65' lang='lat' dir='ltr'>smeulum.</span> <span class='ocrx_word' id='word_1_108' title='bbox 1077 924 1208 980; x_wconf 63' lang='lat' dir='ltr'>Haec</span> <span class='ocrx_word' id='word_1_109' title='bbox 1256 925 1350 978; x_wconf 88' lang='lat' dir='ltr'>ille</span> <span class='ocrx_word' id='word_1_110' title='bbox 1396 924 1650 991; x_wconf 86' lang='lat' dir='ltr'>audiens,</span> <span class='ocrx_word' id='word_1_111' title='bbox 1711 926 2120 998; x_wconf 81' lang='lat' dir='ltr'>deprecabatur</span> <span class='ocrx_word' id='word_1_112' title='bbox 2201 925 2460 979; x_wconf 90' lang='lat' dir='ltr'>dominos</span> <span class='ocrx_word' id='word_1_113' title='bbox 2494 942 2647 980; x_wconf 89' lang='lat' dir='ltr'>meos</span> <span class='ocrx_word' id='word_1_114' title='bbox 2672 925 3026 996; x_wconf 90' lang='lat' dir='ltr'>omnipotens</span> <span class='ocrx_word' id='word_1_115' title='bbox 3054 926 3203 979; x_wconf 86' lang='lat' dir='ltr'>Deus</span> <span class='ocrx_word' id='word_1_116' title='bbox 3230 926 3522 992; x_wconf 84' lang='lat' dir='ltr'>constituit;</span> <span class='ocrx_word' id='word_1_117' title='bbox 3553 934 3701 999; x_wconf 78' lang='lat' dir='ltr'>etgra-</span> 
     </span>
    </p>
   </div>
   <div class='ocr_carea' id='block_1_9' title="bbox 521 1012 3700 1088">
    <p class='ocr_par' dir='ltr' id='par_1_9' title="bbox 521 1012 3700 1088">
     <span class='ocr_line' id='line_1_9' title="bbox 521 1012 3700 1088; baseline 0 -19"><span class='ocrx_word' id='word_1_118' title='bbox 521 1031 670 1080; x_wconf 90' lang='lat' dir='ltr'>eum,</span> <span class='ocrx_word' id='word_1_119' title='bbox 707 1013 898 1068; x_wconf 91' lang='lat' dir='ltr'>dicens</span> <span class='ocrx_word' id='word_1_120' title='bbox 922 1031 931 1066; x_wconf 96' lang='lat'>:</span> <span class='ocrx_word' id='word_1_121' title='bbox 979 1014 1105 1068; x_wconf 91' lang='lat' dir='ltr'>Noli</span> <span class='ocrx_word' id='word_1_122' title='bbox 1126 1015 1231 1067; x_wconf 90' lang='lat' dir='ltr'>hoc</span> <span class='ocrx_word' id='word_1_123' title='bbox 1257 1030 1442 1084; x_wconf 86' lang='lat' dir='ltr'>agere,</span> <span class='ocrx_word' id='word_1_124' title='bbox 1475 1015 1665 1080; x_wconf 80' lang='lat' dir='ltr'>frater,</span> <span class='ocrx_word' id='word_1_125' title='bbox 1695 1017 1791 1069; x_wconf 87' lang='lat' dir='ltr'>sed</span> <span class='ocrx_word' id='word_1_126' title='bbox 1813 1017 1992 1087; x_wconf 87' lang='lat' dir='ltr'>magis</span> <span class='ocrx_word' id='word_1_127' title='bbox 2022 1034 2117 1088; x_wconf 85' lang='lat' dir='ltr'>pa-</span> <span class='ocrx_word' id='word_1_128' title='bbox 2197 1012 2304 1068; x_wconf 90' lang='lat' dir='ltr'>tias</span> <span class='ocrx_word' id='word_1_129' title='bbox 2330 1031 2436 1086; x_wconf 88' lang='lat' dir='ltr'>ago</span> <span class='ocrx_word' id='word_1_130' title='bbox 2464 1015 2712 1069; x_wconf 89' lang='lat' dir='ltr'>dominio</span> <span class='ocrx_word' id='word_1_131' title='bbox 2745 1021 2946 1080; x_wconf 90' lang='lat' dir='ltr'>vestro,</span> <span class='ocrx_word' id='word_1_132' title='bbox 2979 1014 3107 1086; x_wconf 88' lang='lat' dir='ltr'>quia</span> <span class='ocrx_word' id='word_1_133' title='bbox 3138 1014 3343 1086; x_wconf 82' lang='lat' dir='ltr'>dignati</span> <span class='ocrx_word' id='word_1_134' title='bbox 3371 1016 3490 1069; x_wconf 89' lang='lat' dir='ltr'>estis</span> <span class='ocrx_word' id='word_1_135' title='bbox 3515 1033 3588 1070; x_wconf 87' lang='lat' dir='ltr'>me</span> <span class='ocrx_word' id='word_1_136' title='bbox 3607 1035 3700 1088; x_wconf 85' lang='lat' dir='ltr'>per-</span> 
     </span>
    </p>
   </div>
   <div class='ocr_carea' id='block_1_10' title="bbox 518 1101 3706 1173">
    <p class='ocr_par' dir='ltr' id='par_1_10' title="bbox 518 1101 3706 1173">
     <span class='ocr_line' id='line_1_10' title="bbox 518 1101 3706 1173; baseline 0.002 -17"><span class='ocrx_word' id='word_1_137' title='bbox 518 1103 728 1157; x_wconf 87' lang='lat' dir='ltr'>tienter</span> <span class='ocrx_word' id='word_1_138' title='bbox 756 1102 1040 1156; x_wconf 90' lang='lat' dir='ltr'>sustinens</span> <span class='ocrx_word' id='word_1_139' title='bbox 1060 1117 1327 1173; x_wconf 90' lang='lat' dir='ltr'>permane</span> <span class='ocrx_word' id='word_1_140' title='bbox 1357 1101 1414 1154; x_wconf 93' lang='lat' dir='ltr'>in</span> <span class='ocrx_word' id='word_1_141' title='bbox 1445 1101 1548 1156; x_wconf 91' lang='lat' dir='ltr'>hoc</span> <span class='ocrx_word' id='word_1_142' title='bbox 1580 1103 1719 1157; x_wconf 87' lang='lat' dir='ltr'>loco.</span> <span class='ocrx_word' id='word_1_143' title='bbox 1745 1105 1887 1158; x_wconf 87' lang='lat' dir='ltr'>Nam</span> <span class='ocrx_word' id='word_1_144' title='bbox 1919 1105 2114 1160; x_wconf 84' lang='lat' dir='ltr'>mulie-</span> <span class='ocrx_word' id='word_1_145' title='bbox 2195 1104 2419 1158; x_wconf 86' lang='lat' dir='ltr'>mittere</span> <span class='ocrx_word' id='word_1_146' title='bbox 2443 1109 2509 1158; x_wconf 91' lang='lat' dir='ltr'>ut</span> <span class='ocrx_word' id='word_1_147' title='bbox 2536 1103 2772 1158; x_wconf 83' lang='lat' dir='ltr'>serviam</span> <span class='ocrx_word' id='word_1_148' title='bbox 2803 1104 2918 1158; x_wconf 91' lang='lat' dir='ltr'>Deo</span> <span class='ocrx_word' id='word_1_149' title='bbox 2945 1103 3068 1157; x_wconf 90' lang='lat' dir='ltr'>vivo</span> <span class='ocrx_word' id='word_1_150' title='bbox 3097 1111 3154 1157; x_wconf 91' lang='lat' dir='ltr'>et</span> <span class='ocrx_word' id='word_1_151' title='bbox 3182 1121 3323 1168; x_wconf 91' lang='lat' dir='ltr'>vero,</span> <span class='ocrx_word' id='word_1_152' title='bbox 3341 1105 3548 1158; x_wconf 84' lang='lat' dir='ltr'>creatori</span> <span class='ocrx_word' id='word_1_153' title='bbox 3569 1123 3620 1161; x_wconf 85' lang='lat' dir='ltr'>ac</span> <span class='ocrx_word' id='word_1_154' title='bbox 3638 1107 3706 1161; x_wconf 91' lang='lat' dir='ltr'>do-</span> 
     </span>
    </p>
   </div>
   <div class='ocr_carea' id='block_1_11' title="bbox 517 1191 3703 1265">
    <p class='ocr_par' dir='ltr' id='par_1_11' title="bbox 517 1191 3703 1265">
     <span class='ocr_line' id='line_1_11' title="bbox 517 1191 3703 1265; baseline 0.001 -19"><span class='ocrx_word' id='word_1_155' title='bbox 517 1208 638 1246; x_wconf 88' lang='lat' dir='ltr'>rem</span> <span class='ocrx_word' id='word_1_156' title='bbox 667 1193 1424 1263; x_wconf 22' lang='lat' dir='ltr'>expellamus,etlrevertatur</span> <span class='ocrx_word' id='word_1_157' title='bbox 1442 1192 1512 1246; x_wconf 91' lang='lat' dir='ltr'>ad</span> <span class='ocrx_word' id='word_1_158' title='bbox 1534 1193 1909 1250; x_wconf 87' lang='lat' dir='ltr'>locumsuum.</span> <span class='ocrx_word' id='word_1_159' title='bbox 1930 1195 2111 1250; x_wconf 88' lang='lat' dir='ltr'>Mani-</span> <span class='ocrx_word' id='word_1_160' title='bbox 2194 1192 2457 1246; x_wconf 91' lang='lat' dir='ltr'>minatori</span> <span class='ocrx_word' id='word_1_161' title='bbox 2477 1192 2668 1247; x_wconf 69' lang='lat' dir='ltr'>caaliet</span> <span class='ocrx_word' id='word_1_162' title='bbox 2682 1198 2866 1258; x_wconf 63' lang='lat' dir='ltr'>terrae,</span> <span class='ocrx_word' id='word_1_163' title='bbox 2891 1192 3072 1245; x_wconf 92' lang='lat' dir='ltr'>etimo</span> <span class='ocrx_word' id='word_1_164' title='bbox 3091 1191 3264 1245; x_wconf 89' lang='lat' dir='ltr'>detuli</span> <span class='ocrx_word' id='word_1_165' title='bbox 3284 1191 3426 1246; x_wconf 87' lang='lat' dir='ltr'>vobis</span> <span class='ocrx_word' id='word_1_166' title='bbox 3441 1193 3703 1265; x_wconf 82' lang='lat' dir='ltr'>pensionem</span> 
     </span>
    </p>
   </div>
   <div class='ocr_carea' id='block_1_12' title="bbox 515 1279 3708 1352">
    <p class='ocr_par' dir='ltr' id='par_1_12' title="bbox 515 1279 3708 1352">
     <span class='ocr_line' id='line_1_12' title="bbox 515 1279 3708 1352; baseline 0.001 -19"><span class='ocrx_word' id='word_1_167' title='bbox 515 1279 656 1334; x_wconf 88' lang='lat' dir='ltr'>feste</span> <span class='ocrx_word' id='word_1_168' title='bbox 681 1280 830 1334; x_wconf 89' lang='lat' dir='ltr'>enim</span> <span class='ocrx_word' id='word_1_169' title='bbox 853 1281 960 1334; x_wconf 89' lang='lat' dir='ltr'>ista</span> <span class='ocrx_word' id='word_1_170' title='bbox 971 1280 1266 1352; x_wconf 85' lang='lat' dir='ltr'>exquisitio</span> <span class='ocrx_word' id='word_1_171' title='bbox 1284 1298 1376 1334; x_wconf 87' lang='lat' dir='ltr'>ars</span> <span class='ocrx_word' id='word_1_172' title='bbox 1400 1282 1630 1352; x_wconf 81' lang='lat' dir='ltr'>maligni</span> <span class='ocrx_word' id='word_1_173' title='bbox 1650 1281 1854 1337; x_wconf 86' lang='lat' dir='ltr'>diaboli</span> <span class='ocrx_word' id='word_1_174' title='bbox 1874 1289 1976 1338; x_wconf 90' lang='lat' dir='ltr'>est.</span> <span class='ocrx_word' id='word_1_175' title='bbox 1998 1285 2112 1338; x_wconf 87' lang='lat' dir='ltr'>Ma-</span> <span class='ocrx_word' id='word_1_176' title='bbox 2193 1281 2475 1336; x_wconf 89' lang='lat' dir='ltr'>servitutis</span> <span class='ocrx_word' id='word_1_177' title='bbox 2492 1299 2646 1336; x_wconf 66' lang='lat' dir='ltr'>meae.</span> <span class='ocrx_word' id='word_1_178' title='bbox 2662 1281 2887 1336; x_wconf 91' lang='lat' dir='ltr'>Domini</span> <span class='ocrx_word' id='word_1_179' title='bbox 2907 1286 3096 1334; x_wconf 87' lang='lat' dir='ltr'>autem</span> <span class='ocrx_word' id='word_1_180' title='bbox 3113 1283 3233 1351; x_wconf 84' lang='lat' dir='ltr'>ejus</span> <span class='ocrx_word' id='word_1_181' title='bbox 3251 1282 3708 1346; x_wconf 57' lang='lat' dir='ltr'>contendebantnoo</span> 
     </span>
    </p>
   </div>
   <div class='ocr_carea' id='block_1_13' title="bbox 513 1365 3705 1440">
    <p class='ocr_par' dir='ltr' id='par_1_13' title="bbox 513 1365 3705 1440">
     <span class='ocr_line' id='line_1_13' title="bbox 513 1365 3705 1440; baseline 0.001 -18"><span class='ocrx_word' id='word_1_182' title='bbox 513 1368 600 1440; x_wconf 85' lang='lat' dir='ltr'>gis</span> <span class='ocrx_word' id='word_1_183' title='bbox 616 1375 803 1424; x_wconf 85' lang='lat' dir='ltr'>autem</span> <span class='ocrx_word' id='word_1_184' title='bbox 825 1375 1046 1440; x_wconf 71' lang='lat' dir='ltr'>oportet</span> <span class='ocrx_word' id='word_1_185' title='bbox 1061 1377 1126 1424; x_wconf 89' lang='lat' dir='ltr'>ut</span> <span class='ocrx_word' id='word_1_186' title='bbox 1141 1386 1368 1424; x_wconf 89' lang='lat' dir='ltr'>maneas</span> <span class='ocrx_word' id='word_1_187' title='bbox 1383 1370 1441 1424; x_wconf 90' lang='lat' dir='ltr'>in</span> <span class='ocrx_word' id='word_1_188' title='bbox 1461 1371 1564 1425; x_wconf 91' lang='lat' dir='ltr'>hoc</span> <span class='ocrx_word' id='word_1_189' title='bbox 1587 1371 1704 1426; x_wconf 92' lang='lat' dir='ltr'>loco</span> <span class='ocrx_word' id='word_1_190' title='bbox 1731 1372 1788 1426; x_wconf 91' lang='lat' dir='ltr'>in</span> <span class='ocrx_word' id='word_1_191' title='bbox 1809 1373 2110 1428; x_wconf 84' lang='lat' dir='ltr'>afflictione</span> <span class='ocrx_word' id='word_1_192' title='bbox 2191 1365 2368 1420; x_wconf 85' lang='lat' dir='ltr'>lentes</span> <span class='ocrx_word' id='word_1_193' title='bbox 2389 1367 2641 1440; x_wconf 85' lang='lat' dir='ltr'>accipere</span> <span class='ocrx_word' id='word_1_194' title='bbox 2664 1383 2832 1437; x_wconf 85' lang='lat' dir='ltr'>quam</span> <span class='ocrx_word' id='word_1_195' title='bbox 2857 1366 3138 1420; x_wconf 80' lang='lat' dir='ltr'>detulerat</span> <span class='ocrx_word' id='word_1_196' title='bbox 3152 1366 3482 1437; x_wconf 73' lang='lat' dir='ltr'>pensionem.</span> <span class='ocrx_word' id='word_1_197' title='bbox 3513 1367 3705 1440; x_wconf 85' lang='lat' dir='ltr'>Respon-</span> 
     </span>
    </p>
   </div>
   <div class='ocr_carea' id='block_1_14' title="bbox 514 1454 3706 1531">
    <p class='ocr_par' dir='ltr' id='par_1_14' title="bbox 514 1454 3706 1531">
     <span class='ocr_line' id='line_1_14' title="bbox 514 1454 3706 1531; baseline 0 -19"><span class='ocrx_word' id='word_1_198' title='bbox 514 1458 698 1512; x_wconf 88' lang='lat' dir='ltr'>cordis</span> <span class='ocrx_word' id='word_1_199' title='bbox 729 1463 784 1512; x_wconf 90' lang='lat' dir='ltr'>et</span> <span class='ocrx_word' id='word_1_200' title='bbox 811 1458 1082 1531; x_wconf 79' lang='lat' dir='ltr'>corporis,</span> <span class='ocrx_word' id='word_1_201' title='bbox 1128 1465 1184 1512; x_wconf 91' lang='lat' dir='ltr'>et</span> <span class='ocrx_word' id='word_1_202' title='bbox 1213 1475 1340 1513; x_wconf 91' lang='lat' dir='ltr'>cum</span> <span class='ocrx_word' id='word_1_203' title='bbox 1371 1459 1556 1514; x_wconf 90' lang='lat' dir='ltr'>intimi</span> <span class='ocrx_word' id='word_1_204' title='bbox 1585 1461 1767 1514; x_wconf 88' lang='lat' dir='ltr'>cordis</span> <span class='ocrx_word' id='word_1_205' title='bbox 1799 1461 2014 1530; x_wconf 84' lang='lat' dir='ltr'>gemitu</span> <span class='ocrx_word' id='word_1_206' title='bbox 2044 1479 2108 1517; x_wconf 84' lang='lat' dir='ltr'>ac</span> <span class='ocrx_word' id='word_1_207' title='bbox 2191 1454 2328 1508; x_wconf 89' lang='lat' dir='ltr'>dens</span> <span class='ocrx_word' id='word_1_208' title='bbox 2357 1461 2546 1510; x_wconf 86' lang='lat' dir='ltr'>autem</span> <span class='ocrx_word' id='word_1_209' title='bbox 2579 1456 2888 1510; x_wconf 86' lang='lat' dir='ltr'>monachus</span> <span class='ocrx_word' id='word_1_210' title='bbox 2906 1455 3047 1509; x_wconf 81' lang='lat' dir='ltr'>dixit</span> <span class='ocrx_word' id='word_1_211' title='bbox 3075 1455 3182 1508; x_wconf 86' lang='lat' dir='ltr'>eis:</span> <span class='ocrx_word' id='word_1_212' title='bbox 3219 1455 3275 1510; x_wconf 90' lang='lat' dir='ltr'>Si</span> <span class='ocrx_word' id='word_1_213' title='bbox 3306 1456 3568 1510; x_wconf 85' lang='lat' dir='ltr'>nolueritis</span> <span class='ocrx_word' id='word_1_214' title='bbox 3604 1459 3706 1512; x_wconf 87' lang='lat' dir='ltr'>acci-</span> 
     </span>
    </p>
   </div>
   <div class='ocr_carea' id='block_1_15' title="bbox 511 1545 2052 1620">
    <p class='ocr_par' dir='ltr' id='par_1_15' title="bbox 511 1546 2052 1620">
     <span class='ocr_line' id='line_1_15' title="bbox 511 1546 2052 1620; baseline 0.003 -19"><span class='ocrx_word' id='word_1_215' title='bbox 511 1546 774 1619; x_wconf 86' lang='lat' dir='ltr'>lacrymis</span> <span class='ocrx_word' id='word_1_216' title='bbox 795 1564 970 1619; x_wconf 91' lang='lat' dir='ltr'>usque</span> <span class='ocrx_word' id='word_1_217' title='bbox 1000 1548 1072 1602; x_wconf 89' lang='lat' dir='ltr'>ad</span> <span class='ocrx_word' id='word_1_218' title='bbox 1093 1549 1301 1603; x_wconf 83' lang='lat' dir='ltr'>exitum</span> <span class='ocrx_word' id='word_1_219' title='bbox 1322 1549 1448 1604; x_wconf 76' lang='lat' dir='ltr'>vitae</span> <span class='ocrx_word' id='word_1_220' title='bbox 1477 1550 1776 1620; x_wconf 85' lang='lat' dir='ltr'>deprecare</span> <span class='ocrx_word' id='word_1_221' title='bbox 1803 1551 2052 1606; x_wconf 75' lang='lat' dir='ltr'>Domini:</span> 
     </span>
    </p>
   </div>
   <div class='ocr_carea' id='block_1_16' title="bbox 2135 1545 3706 1620">
    <p class='ocr_par' dir='ltr' id='par_1_16' title="bbox 2189 1545 3706 1616">
     <span class='ocr_line' id='line_1_16' title="bbox 2189 1545 3706 1616; baseline 0.003 -19"><span class='ocrx_word' id='word_1_222' title='bbox 2189 1561 2321 1615; x_wconf 90' lang='lat' dir='ltr'>pere</span> <span class='ocrx_word' id='word_1_223' title='bbox 2340 1545 2663 1616; x_wconf 90' lang='lat' dir='ltr'>pensionem</span> <span class='ocrx_word' id='word_1_224' title='bbox 2681 1562 2883 1611; x_wconf 88' lang='lat' dir='ltr'>meam,</span> <span class='ocrx_word' id='word_1_225' title='bbox 2911 1545 2992 1598; x_wconf 87' lang='lat' dir='ltr'>ita</span> <span class='ocrx_word' id='word_1_226' title='bbox 3009 1545 3226 1599; x_wconf 86' lang='lat' dir='ltr'>decrevi</span> <span class='ocrx_word' id='word_1_227' title='bbox 3239 1551 3299 1602; x_wconf 89' lang='lat' dir='ltr'>ut</span> <span class='ocrx_word' id='word_1_228' title='bbox 3320 1562 3424 1599; x_wconf 90' lang='lat' dir='ltr'>non</span> <span class='ocrx_word' id='word_1_229' title='bbox 3445 1554 3652 1602; x_wconf 84' lang='lat' dir='ltr'>revertar</span> <span class='ocrx_word' id='word_1_230' title='bbox 3665 1547 3706 1601; x_wconf 90' lang='lat' dir='ltr'>in</span> 
     </span>
    </p>
   </div>
   <div class='ocr_carea' id='block_1_17' title="bbox 511 1634 3706 1709">
    <p class='ocr_par' dir='ltr' id='par_1_17' title="bbox 511 1634 3706 1709">
     <span class='ocr_line' id='line_1_17' title="bbox 511 1634 3706 1709; baseline -0.001 -18"><span class='ocrx_word' id='word_1_231' title='bbox 511 1636 814 1691; x_wconf 88' lang='lat' dir='ltr'>Salvatoris</span> <span class='ocrx_word' id='word_1_232' title='bbox 845 1637 1024 1692; x_wconf 88' lang='lat' dir='ltr'>nostri</span> <span class='ocrx_word' id='word_1_233' title='bbox 1055 1637 1343 1708; x_wconf 83' lang='lat' dir='ltr'>pietatem,</span> <span class='ocrx_word' id='word_1_234' title='bbox 1368 1643 1432 1691; x_wconf 94' lang='lat' dir='ltr'>ut</span> <span class='ocrx_word' id='word_1_235' title='bbox 1453 1639 1630 1709; x_wconf 89' lang='lat' dir='ltr'>possis</span> <span class='ocrx_word' id='word_1_236' title='bbox 1651 1639 1901 1694; x_wconf 88' lang='lat' dir='ltr'>invenire</span> <span class='ocrx_word' id='word_1_237' title='bbox 1932 1641 2104 1696; x_wconf 89' lang='lat' dir='ltr'>mise-</span> <span class='ocrx_word' id='word_1_238' title='bbox 2188 1634 2563 1698; x_wconf 79' lang='lat' dir='ltr'>el&#39;emum,sed</span> <span class='ocrx_word' id='word_1_239' title='bbox 2587 1634 2679 1688; x_wconf 88' lang='lat' dir='ltr'>hic</span> <span class='ocrx_word' id='word_1_240' title='bbox 2699 1634 2754 1688; x_wconf 90' lang='lat' dir='ltr'>in</span> <span class='ocrx_word' id='word_1_241' title='bbox 2785 1635 3045 1706; x_wconf 70' lang='lat' dir='ltr'>praesenti</span> <span class='ocrx_word' id='word_1_242' title='bbox 3072 1641 3453 1706; x_wconf 85' lang='lat' dir='ltr'>permaneo,et</span> <span class='ocrx_word' id='word_1_243' title='bbox 3466 1634 3616 1689; x_wconf 83' lang='lat' dir='ltr'>servio</span> <span class='ocrx_word' id='word_1_244' title='bbox 3641 1653 3706 1690; x_wconf 87' lang='lat' dir='ltr'>vo-</span> 
     </span>
    </p>
   </div>
   <div class='ocr_carea' id='block_1_18' title="bbox 506 1721 3706 1809">
    <p class='ocr_par' dir='ltr' id='par_1_18' title="bbox 506 1721 3706 1809">
     <span class='ocr_line' id='line_1_18' title="bbox 506 1721 3706 1809; baseline 0.002 -30"><span class='ocrx_word' id='word_1_245' title='bbox 506 1725 805 1780; x_wconf 86' lang='lat' dir='ltr'>ricordiam</span> <span class='ocrx_word' id='word_1_246' title='bbox 836 1727 895 1780; x_wconf 91' lang='lat' dir='ltr'>in</span> <span class='ocrx_word' id='word_1_247' title='bbox 923 1726 1014 1782; x_wconf 88' lang='lat' dir='ltr'>die</span> <span class='ocrx_word' id='word_1_248' title='bbox 1044 1727 1138 1780; x_wconf 93' lang='lat' dir='ltr'>illo</span> <span class='ocrx_word' id='word_1_249' title='bbox 1167 1727 1404 1781; x_wconf 84' lang='lat' dir='ltr'>terribili</span> <span class='ocrx_word' id='word_1_250' title='bbox 1431 1729 1619 1797; x_wconf 85' lang='lat' dir='ltr'>magni</span> <span class='ocrx_word' id='word_1_251' title='bbox 1643 1729 1840 1797; x_wconf 82' lang='lat' dir='ltr'>judicii</span> <span class='ocrx_word' id='word_1_252' title='bbox 1871 1730 1992 1784; x_wconf 87' lang='lat' dir='ltr'>Dei.</span> <span class='ocrx_word' id='word_1_253' title='bbox 2121 1750 2166 1809; x_wconf 76' lang='grc' dir='ltr'><strong>Β</strong></span> <span class='ocrx_word' id='word_1_254' title='bbox 2187 1721 2424 1778; x_wconf 80' lang='lat' dir='ltr'>bis.Haec</span> <span class='ocrx_word' id='word_1_255' title='bbox 2442 1728 2631 1777; x_wconf 85' lang='lat' dir='ltr'>autem</span> <span class='ocrx_word' id='word_1_256' title='bbox 2660 1723 2956 1778; x_wconf 80' lang='lat' dir='ltr'>audientes</span> <span class='ocrx_word' id='word_1_257' title='bbox 2985 1723 3196 1778; x_wconf 88' lang='lat' dir='ltr'>domini</span> <span class='ocrx_word' id='word_1_258' title='bbox 3218 1725 3354 1793; x_wconf 82' lang='lat' dir='ltr'>ejus.</span> <span class='ocrx_word' id='word_1_259' title='bbox 3378 1724 3706 1796; x_wconf 80' lang='lat' dir='ltr'>acquievemnt</span> 
     </span>
    </p>
   </div>
   <div class='ocr_carea' id='block_1_19' title="bbox 576 1812 2052 1886">
    <p class='ocr_par' dir='ltr' id='par_1_19' title="bbox 576 1814 2052 1886">
     <span class='ocr_line' id='line_1_19' title="bbox 576 1814 2052 1886; baseline 0.002 -17"><span class='ocrx_word' id='word_1_260' title='bbox 576 1814 665 1870; x_wconf 86' lang='grc'>15.</span> <span class='ocrx_word' id='word_1_261' title='bbox 688 1815 821 1869; x_wconf 87' lang='lat' dir='ltr'>Erat</span> <span class='ocrx_word' id='word_1_262' title='bbox 840 1815 1066 1886; x_wconf 86' lang='lat' dir='ltr'>quidam</span> <span class='ocrx_word' id='word_1_263' title='bbox 1085 1815 1260 1870; x_wconf 87' lang='lat' dir='ltr'>frater</span> <span class='ocrx_word' id='word_1_264' title='bbox 1280 1815 1338 1870; x_wconf 91' lang='lat' dir='ltr'>in</span> <span class='ocrx_word' id='word_1_265' title='bbox 1357 1833 1564 1881; x_wconf 89' lang='lat' dir='ltr'>eremo,</span> <span class='ocrx_word' id='word_1_266' title='bbox 1594 1817 1882 1872; x_wconf 86' lang='lat' dir='ltr'>habitabat</span> <span class='ocrx_word' id='word_1_267' title='bbox 1912 1825 2052 1874; x_wconf 70' lang='lat' dir='ltr'>aute]</span> 
     </span>
    </p>
   </div>
   <div class='ocr_carea' id='block_1_20' title="bbox 2135 1812 3706 1886">
    <p class='ocr_par' dir='ltr' id='par_1_20' title="bbox 2184 1812 3706 1885">
     <span class='ocr_line' id='line_1_20' title="bbox 2184 1812 3706 1885; baseline 0.002 -21"><span class='ocrx_word' id='word_1_268' title='bbox 2184 1812 2467 1883; x_wconf 86' lang='lat' dir='ltr'>suscipere</span> <span class='ocrx_word' id='word_1_269' title='bbox 2490 1813 2914 1884; x_wconf 88' lang='lat' dir='ltr'>pensionem,ne</span> <span class='ocrx_word' id='word_1_270' title='bbox 2935 1813 3379 1875; x_wconf 86' lang='lat' dir='ltr'>contristaretur,</span> <span class='ocrx_word' id='word_1_271' title='bbox 3399 1813 3487 1866; x_wconf 90' lang='lat' dir='ltr'>sed</span> <span class='ocrx_word' id='word_1_272' title='bbox 3507 1813 3651 1885; x_wconf 83' lang='lat' dir='ltr'>magis</span> <span class='ocrx_word' id='word_1_273' title='bbox 3662 1820 3706 1867; x_wconf 90' lang='lat' dir='ltr'>ut</span> 
     </span>
    </p>
   </div>
   <div class='ocr_carea' id='block_1_21' title="bbox 505 1902 3704 1977">
    <p class='ocr_par' dir='ltr' id='par_1_21' title="bbox 505 1902 3704 1977">
     <span class='ocr_line' id='line_1_21' title="bbox 505 1902 3704 1977; baseline -0.001 -21"><span class='ocrx_word' id='word_1_274' title='bbox 505 1903 566 1958; x_wconf 89' lang='lat' dir='ltr'>in</span> <span class='ocrx_word' id='word_1_275' title='bbox 594 1903 715 1958; x_wconf 89' lang='lat' dir='ltr'>loco</span> <span class='ocrx_word' id='word_1_276' title='bbox 745 1904 841 1974; x_wconf 88' lang='lat' dir='ltr'>qui</span> <span class='ocrx_word' id='word_1_277' title='bbox 883 1903 1172 1958; x_wconf 86' lang='lat' dir='ltr'>dicebatur</span> <span class='ocrx_word' id='word_1_278' title='bbox 1197 1905 1389 1970; x_wconf 82' lang='lat' dir='ltr'>Gellia,</span> <span class='ocrx_word' id='word_1_279' title='bbox 1427 1911 1483 1959; x_wconf 83' lang='lat' dir='ltr'>et</span> <span class='ocrx_word' id='word_1_280' title='bbox 1534 1905 1944 1977; x_wconf 80' lang='lat' dir='ltr'>impugnabant</span> <span class='ocrx_word' id='word_1_281' title='bbox 1971 1925 2097 1962; x_wconf 82' lang='lat' dir='ltr'>eum</span> <span class='ocrx_word' id='word_1_282' title='bbox 2183 1906 2560 1956; x_wconf 82' lang='lat' dir='ltr'>reverteretur</span> <span class='ocrx_word' id='word_1_283' title='bbox 2581 1902 2648 1956; x_wconf 91' lang='lat' dir='ltr'>ad</span> <span class='ocrx_word' id='word_1_284' title='bbox 2681 1902 2801 1956; x_wconf 89' lang='lat' dir='ltr'>loca</span> <span class='ocrx_word' id='word_1_285' title='bbox 2828 1902 3002 1956; x_wconf 90' lang='lat' dir='ltr'>eremi</span> <span class='ocrx_word' id='word_1_286' title='bbox 3032 1902 3100 1955; x_wconf 89' lang='lat' dir='ltr'>ad</span> <span class='ocrx_word' id='word_1_287' title='bbox 3131 1902 3386 1956; x_wconf 87' lang='lat' dir='ltr'>cellulam</span> <span class='ocrx_word' id='word_1_288' title='bbox 3415 1919 3572 1956; x_wconf 88' lang='lat' dir='ltr'>suam.</span> <span class='ocrx_word' id='word_1_289' title='bbox 3600 1903 3704 1956; x_wconf 89' lang='lat' dir='ltr'>lllud</span> 
     </span>
    </p>
   </div>
   <div class='ocr_carea' id='block_1_22' title="bbox 504 1991 3701 2065">
    <p class='ocr_par' dir='ltr' id='par_1_22' title="bbox 504 1991 3701 2065">
     <span class='ocr_line' id='line_1_22' title="bbox 504 1991 3701 2065; baseline -0.001 -19"><span class='ocrx_word' id='word_1_290' title='bbox 504 1991 786 2047; x_wconf 70' lang='lat' dir='ltr'>daemones</span> <span class='ocrx_word' id='word_1_291' title='bbox 816 1991 874 2047; x_wconf 88' lang='lat' dir='ltr'>in</span> <span class='ocrx_word' id='word_1_292' title='bbox 900 1993 1160 2064; x_wconf 89' lang='lat' dir='ltr'>passione</span> <span class='ocrx_word' id='word_1_293' title='bbox 1190 1993 1590 2049; x_wconf 87' lang='lat' dir='ltr'>fornicationis.</span> <span class='ocrx_word' id='word_1_294' title='bbox 1609 1995 1888 2065; x_wconf 87' lang='lat' dir='ltr'>Cogitavit</span> <span class='ocrx_word' id='word_1_295' title='bbox 1908 2002 2097 2051; x_wconf 87' lang='lat' dir='ltr'>autem</span> <span class='ocrx_word' id='word_1_296' title='bbox 2180 1995 2369 2044; x_wconf 75' lang='lat' dir='ltr'>autem</span> <span class='ocrx_word' id='word_1_297' title='bbox 2400 1991 2548 2062; x_wconf 91' lang='lat' dir='ltr'>quod</span> <span class='ocrx_word' id='word_1_298' title='bbox 2578 1991 2636 2045; x_wconf 90' lang='lat' dir='ltr'>in</span> <span class='ocrx_word' id='word_1_299' title='bbox 2674 1991 2999 2062; x_wconf 89' lang='lat' dir='ltr'>pensionem</span> <span class='ocrx_word' id='word_1_300' title='bbox 3057 2008 3218 2044; x_wconf 89' lang='lat' dir='ltr'>suam</span> <span class='ocrx_word' id='word_1_301' title='bbox 3249 1992 3412 2044; x_wconf 87' lang='lat' dir='ltr'>etiam</span> <span class='ocrx_word' id='word_1_302' title='bbox 3442 1991 3701 2045; x_wconf 88' lang='lat' dir='ltr'>nolentibus</span> 
     </span>
    </p>
   </div>
   <div class='ocr_carea' id='block_1_23' title="bbox 504 2078 3705 2156">
    <p class='ocr_par' dir='ltr' id='par_1_23' title="bbox 504 2078 3705 2156">
     <span class='ocr_line' id='line_1_23' title="bbox 504 2078 3705 2156; baseline -0.001 -21"><span class='ocrx_word' id='word_1_303' title='bbox 504 2081 653 2152; x_wconf 83' lang='lat' dir='ltr'>apud</span> <span class='ocrx_word' id='word_1_304' title='bbox 674 2082 1058 2152; x_wconf 89' lang='lat' dir='ltr'>semetipsum,</span> <span class='ocrx_word' id='word_1_305' title='bbox 1081 2083 1271 2154; x_wconf 86' lang='lat' dir='ltr'>dicens</span> <span class='ocrx_word' id='word_1_306' title='bbox 1295 2102 1306 2136; x_wconf 91' lang='lat'><strong>:</strong></span> <span class='ocrx_word' id='word_1_307' title='bbox 1341 2083 1484 2146; x_wconf 85' lang='lat' dir='ltr'>Quia</span> <span class='ocrx_word' id='word_1_308' title='bbox 1502 2083 1737 2138; x_wconf 87' lang='lat' dir='ltr'>forsitan</span> <span class='ocrx_word' id='word_1_309' title='bbox 1754 2091 1978 2156; x_wconf 85' lang='lat' dir='ltr'>oportet</span> <span class='ocrx_word' id='word_1_310' title='bbox 2005 2103 2094 2140; x_wconf 86' lang='lat' dir='ltr'>me</span> <span class='ocrx_word' id='word_1_311' title='bbox 2178 2078 2354 2133; x_wconf 90' lang='lat' dir='ltr'>dabat</span> <span class='ocrx_word' id='word_1_312' title='bbox 2381 2079 2621 2135; x_wconf 90' lang='lat' dir='ltr'>dominis</span> <span class='ocrx_word' id='word_1_313' title='bbox 2639 2080 2772 2146; x_wconf 91' lang='lat' dir='ltr'>suis,</span> <span class='ocrx_word' id='word_1_314' title='bbox 2798 2081 2988 2135; x_wconf 86' lang='lat' dir='ltr'>statim</span> <span class='ocrx_word' id='word_1_315' title='bbox 3017 2087 3082 2134; x_wconf 92' lang='lat' dir='ltr'>ut</span> <span class='ocrx_word' id='word_1_316' title='bbox 3108 2079 3466 2151; x_wconf 84' lang='lat' dir='ltr'>accipiebant,</span> <span class='ocrx_word' id='word_1_317' title='bbox 3498 2080 3705 2151; x_wconf 86' lang='lat' dir='ltr'>pauperi-</span> 
     </span>
    </p>
   </div>
   <div class='ocr_carea' id='block_1_24' title="bbox 501 2168 3704 2245">
    <p class='ocr_par' dir='ltr' id='par_1_24' title="bbox 501 2168 3704 2245">
     <span class='ocr_line' id='line_1_24' title="bbox 501 2168 3704 2245; baseline -0 -22"><span class='ocrx_word' id='word_1_318' title='bbox 501 2169 682 2240; x_wconf 86' lang='lat' dir='ltr'>magis</span> <span class='ocrx_word' id='word_1_319' title='bbox 711 2169 771 2223; x_wconf 91' lang='lat' dir='ltr'>in</span> <span class='ocrx_word' id='word_1_320' title='bbox 801 2187 969 2241; x_wconf 88' lang='lat' dir='ltr'>opere</span> <span class='ocrx_word' id='word_1_321' title='bbox 999 2188 1268 2227; x_wconf 91' lang='lat' dir='ltr'>manuum</span> <span class='ocrx_word' id='word_1_322' title='bbox 1295 2170 1570 2238; x_wconf 90' lang='lat' dir='ltr'>laborare,</span> <span class='ocrx_word' id='word_1_323' title='bbox 1607 2178 1672 2226; x_wconf 93' lang='lat' dir='ltr'>ut</span> <span class='ocrx_word' id='word_1_324' title='bbox 1701 2174 2096 2245; x_wconf 82' lang='lat' dir='ltr'>exstinguatur</span> <span class='ocrx_word' id='word_1_325' title='bbox 2178 2168 2283 2222; x_wconf 89' lang='lat' dir='ltr'>bus</span> <span class='ocrx_word' id='word_1_326' title='bbox 2310 2168 2636 2240; x_wconf 87' lang='lat' dir='ltr'>erogabant.</span> <span class='ocrx_word' id='word_1_327' title='bbox 2657 2170 3077 2239; x_wconf 87' lang='lat' dir='ltr'>Interrogantes</span> <span class='ocrx_word' id='word_1_328' title='bbox 3095 2175 3287 2223; x_wconf 90' lang='lat' dir='ltr'>autem</span> <span class='ocrx_word' id='word_1_329' title='bbox 3302 2170 3543 2223; x_wconf 86' lang='lat' dir='ltr'>eumdem</span> <span class='ocrx_word' id='word_1_330' title='bbox 3567 2169 3704 2223; x_wconf 88' lang='lat' dir='ltr'>senio-</span> 
     </span>
    </p>
   </div>
   <div class='ocr_carea' id='block_1_25' title="bbox 497 2257 3707 2330">
    <p class='ocr_par' dir='ltr' id='par_1_25' title="bbox 497 2257 3707 2330">
     <span class='ocr_line' id='line_1_25' title="bbox 497 2257 3707 2330; baseline -0 -19"><span class='ocrx_word' id='word_1_331' title='bbox 497 2258 738 2312; x_wconf 88' lang='lat' dir='ltr'>carnalis</span> <span class='ocrx_word' id='word_1_332' title='bbox 765 2275 962 2324; x_wconf 79' lang='lat' dir='ltr'>sensus</span> <span class='ocrx_word' id='word_1_333' title='bbox 989 2276 1167 2314; x_wconf 89' lang='lat' dir='ltr'>meus.</span> <span class='ocrx_word' id='word_1_334' title='bbox 1216 2260 1351 2315; x_wconf 90' lang='lat' dir='ltr'>Erat</span> <span class='ocrx_word' id='word_1_335' title='bbox 1375 2265 1565 2330; x_wconf 83' lang='lat' dir='ltr'>autem</span> <span class='ocrx_word' id='word_1_336' title='bbox 1596 2262 1742 2315; x_wconf 90' lang='lat' dir='ltr'>idem</span> <span class='ocrx_word' id='word_1_337' title='bbox 1768 2262 1943 2317; x_wconf 86' lang='lat' dir='ltr'>frater</span> <span class='ocrx_word' id='word_1_338' title='bbox 1970 2269 2092 2319; x_wconf 88' lang='lat' dir='ltr'>arte</span> <span class='ocrx_word' id='word_1_339' title='bbox 2175 2275 2295 2312; x_wconf 89' lang='lat' dir='ltr'>rem</span> <span class='ocrx_word' id='word_1_340' title='bbox 2322 2258 2542 2324; x_wconf 85' lang='lat' dir='ltr'>fratres,</span> <span class='ocrx_word' id='word_1_341' title='bbox 2576 2258 2837 2314; x_wconf 85' lang='lat' dir='ltr'>dixerunt</span> <span class='ocrx_word' id='word_1_342' title='bbox 2864 2259 2915 2312; x_wconf 92' lang='lat' dir='ltr'>ei</span> <span class='ocrx_word' id='word_1_343' title='bbox 2947 2277 2958 2312; x_wconf 87' lang='lat'><strong><em>:</em></strong></span> <span class='ocrx_word' id='word_1_344' title='bbox 2994 2257 3367 2313; x_wconf 81' lang='lat' dir='ltr'>Obsecramus</span> <span class='ocrx_word' id='word_1_345' title='bbox 3389 2264 3459 2326; x_wconf 90' lang='lat' dir='ltr'>te,</span> <span class='ocrx_word' id='word_1_346' title='bbox 3482 2259 3634 2320; x_wconf 85' lang='lat' dir='ltr'>Pater,</span> <span class='ocrx_word' id='word_1_347' title='bbox 3661 2263 3707 2311; x_wconf 84' lang='lat' dir='ltr'>ut</span> 
     </span>
    </p>
   </div>
   <div class='ocr_carea' id='block_1_26' title="bbox 497 2345 3704 2421">
    <p class='ocr_par' dir='ltr' id='par_1_26' title="bbox 497 2345 3704 2421">
     <span class='ocr_line' id='line_1_26' title="bbox 497 2345 3704 2421; baseline -0 -22"><span class='ocrx_word' id='word_1_348' title='bbox 497 2345 724 2417; x_wconf 89' lang='lat' dir='ltr'>ﬁgulus.</span> <span class='ocrx_word' id='word_1_349' title='bbox 751 2347 1066 2419; x_wconf 84' lang='lat' dir='ltr'>Exsurgens</span> <span class='ocrx_word' id='word_1_350' title='bbox 1093 2353 1284 2404; x_wconf 89' lang='lat' dir='ltr'>autem</span> <span class='ocrx_word' id='word_1_351' title='bbox 1314 2349 1445 2404; x_wconf 88' lang='lat' dir='ltr'>fecit</span> <span class='ocrx_word' id='word_1_352' title='bbox 1465 2350 1521 2404; x_wconf 92' lang='lat' dir='ltr'>in</span> <span class='ocrx_word' id='word_1_353' title='bbox 1551 2351 1692 2417; x_wconf 91' lang='lat' dir='ltr'>luto,</span> <span class='ocrx_word' id='word_1_354' title='bbox 1724 2356 1781 2405; x_wconf 90' lang='lat' dir='ltr'>et</span> <span class='ocrx_word' id='word_1_355' title='bbox 1800 2352 2094 2421; x_wconf 88' lang='lat' dir='ltr'>plasmavit</span> <span class='ocrx_word' id='word_1_356' title='bbox 2175 2347 2326 2402; x_wconf 89' lang='lat' dir='ltr'>dicas</span> <span class='ocrx_word' id='word_1_357' title='bbox 2343 2347 2503 2420; x_wconf 76' lang='lat' dir='ltr'>nobis</span> <span class='ocrx_word' id='word_1_358' title='bbox 2516 2365 2616 2402; x_wconf 92' lang='lat' dir='ltr'>cur</span> <span class='ocrx_word' id='word_1_359' title='bbox 2637 2365 2766 2403; x_wconf 88' lang='lat' dir='ltr'>cum</span> <span class='ocrx_word' id='word_1_360' title='bbox 2789 2353 2947 2402; x_wconf 89' lang='lat' dir='ltr'>tanta</span> <span class='ocrx_word' id='word_1_361' title='bbox 2965 2348 3279 2402; x_wconf 90' lang='lat' dir='ltr'>intentione</span> <span class='ocrx_word' id='word_1_362' title='bbox 3299 2365 3396 2419; x_wconf 87' lang='lat' dir='ltr'>pro</span> <span class='ocrx_word' id='word_1_363' title='bbox 3417 2347 3612 2401; x_wconf 80' lang='lat' dir='ltr'>servitio</span> <span class='ocrx_word' id='word_1_364' title='bbox 3633 2353 3704 2400; x_wconf 85' lang='lat' dir='ltr'>tuo</span> 
     </span>
    </p>
   </div>
   <div class='ocr_carea' id='block_1_27' title="bbox 496 2434 3706 2509">
    <p class='ocr_par' dir='ltr' id='par_1_27' title="bbox 496 2434 3706 2509">
     <span class='ocr_line' id='line_1_27' title="bbox 496 2434 3706 2509; baseline -0 -20"><span class='ocrx_word' id='word_1_365' title='bbox 496 2434 656 2506; x_wconf 89' lang='lat' dir='ltr'>quasi</span> <span class='ocrx_word' id='word_1_366' title='bbox 685 2436 928 2506; x_wconf 88' lang='lat' dir='ltr'>ﬁguram</span> <span class='ocrx_word' id='word_1_367' title='bbox 958 2437 1229 2504; x_wconf 88' lang='lat' dir='ltr'>mulieris,</span> <span class='ocrx_word' id='word_1_368' title='bbox 1249 2443 1307 2492; x_wconf 91' lang='lat' dir='ltr'>et</span> <span class='ocrx_word' id='word_1_369' title='bbox 1324 2437 1465 2492; x_wconf 84' lang='lat' dir='ltr'>dixit</span> <span class='ocrx_word' id='word_1_370' title='bbox 1493 2439 1924 2508; x_wconf 83' lang='lat' dir='ltr'>cogitationibus</span> <span class='ocrx_word' id='word_1_371' title='bbox 1939 2442 2087 2497; x_wconf 90' lang='lat' dir='ltr'>suis:</span> <span class='ocrx_word' id='word_1_372' title='bbox 2174 2437 2500 2509; x_wconf 88' lang='lat' dir='ltr'>pensionem</span> <span class='ocrx_word' id='word_1_373' title='bbox 2539 2437 2711 2492; x_wconf 91' lang='lat' dir='ltr'>etiam</span> <span class='ocrx_word' id='word_1_374' title='bbox 2739 2436 3059 2492; x_wconf 90' lang='lat' dir='ltr'>nolentibus</span> <span class='ocrx_word' id='word_1_375' title='bbox 3098 2444 3154 2491; x_wconf 93' lang='lat' dir='ltr'>et</span> <span class='ocrx_word' id='word_1_376' title='bbox 3183 2437 3352 2492; x_wconf 88' lang='lat' dir='ltr'>nimis</span> <span class='ocrx_word' id='word_1_377' title='bbox 3381 2435 3706 2491; x_wconf 87' lang='lat' dir='ltr'>resistentibus</span> 
     </span>
    </p>
   </div>
   <div class='ocr_carea' id='block_1_28' title="bbox 494 2523 3708 2601">
    <p class='ocr_par' dir='ltr' id='par_1_28' title="bbox 494 2523 3708 2601">
     <span class='ocr_line' id='line_1_28' title="bbox 494 2523 3708 2601; baseline -0 -23"><span class='ocrx_word' id='word_1_378' title='bbox 494 2523 632 2579; x_wconf 87' lang='lat' dir='ltr'>Ecce</span> <span class='ocrx_word' id='word_1_379' title='bbox 661 2541 802 2579; x_wconf 86' lang='lat' dir='ltr'>uxor</span> <span class='ocrx_word' id='word_1_380' title='bbox 829 2530 947 2588; x_wconf 85' lang='lat' dir='ltr'>tua,</span> <span class='ocrx_word' id='word_1_381' title='bbox 993 2525 1370 2581; x_wconf 88' lang='lat' dir='ltr'>necessarium</span> <span class='ocrx_word' id='word_1_382' title='bbox 1392 2533 1476 2582; x_wconf 91' lang='lat' dir='ltr'>est</span> <span class='ocrx_word' id='word_1_383' title='bbox 1505 2544 1637 2599; x_wconf 88' lang='lat' dir='ltr'>ergo</span> <span class='ocrx_word' id='word_1_384' title='bbox 1668 2534 1732 2582; x_wconf 91' lang='lat' dir='ltr'>ut</span> <span class='ocrx_word' id='word_1_385' title='bbox 1759 2546 1929 2601; x_wconf 91' lang='lat' dir='ltr'>super</span> <span class='ocrx_word' id='word_1_386' title='bbox 1957 2548 2089 2586; x_wconf 89' lang='lat' dir='ltr'>con-</span> <span class='ocrx_word' id='word_1_387' title='bbox 2173 2526 2276 2581; x_wconf 89' lang='lat' dir='ltr'>tibi</span> <span class='ocrx_word' id='word_1_388' title='bbox 2306 2526 2549 2581; x_wconf 89' lang='lat' dir='ltr'>dominis</span> <span class='ocrx_word' id='word_1_389' title='bbox 2578 2527 2865 2597; x_wconf 89' lang='lat' dir='ltr'>ingessisti</span> <span class='ocrx_word' id='word_1_390' title='bbox 2897 2526 2925 2578; x_wconf 62' lang='grc' dir='ltr'>ξ’</span> <span class='ocrx_word' id='word_1_391' title='bbox 2951 2527 3033 2580; x_wconf 89' lang='lat' dir='ltr'>Ad</span> <span class='ocrx_word' id='word_1_392' title='bbox 3065 2527 3183 2581; x_wconf 83' lang='lat' dir='ltr'>haec</span> <span class='ocrx_word' id='word_1_393' title='bbox 3215 2527 3541 2598; x_wconf 90' lang='lat' dir='ltr'>respondens</span> <span class='ocrx_word' id='word_1_394' title='bbox 3564 2525 3708 2578; x_wconf 87' lang='lat' dir='ltr'>senior</span> 
     </span>
    </p>
   </div>
   <div class='ocr_carea' id='block_1_29' title="bbox 493 2612 3707 2690">
    <p class='ocr_par' dir='ltr' id='par_1_29' title="bbox 493 2612 3707 2690">
     <span class='ocr_line' id='line_1_29' title="bbox 493 2612 3707 2690; baseline -0 -23"><span class='ocrx_word' id='word_1_395' title='bbox 493 2613 852 2668; x_wconf 88' lang='lat' dir='ltr'>suetudinem</span> <span class='ocrx_word' id='word_1_396' title='bbox 875 2614 1116 2670; x_wconf 89' lang='lat' dir='ltr'>addasin</span> <span class='ocrx_word' id='word_1_397' title='bbox 1139 2632 1305 2686; x_wconf 90' lang='lat' dir='ltr'>opere</span> <span class='ocrx_word' id='word_1_398' title='bbox 1322 2632 1593 2670; x_wconf 89' lang='lat' dir='ltr'>manuum</span> <span class='ocrx_word' id='word_1_399' title='bbox 1616 2622 1936 2685; x_wconf 87' lang='lat' dir='ltr'>tuarum;et</span> <span class='ocrx_word' id='word_1_400' title='bbox 1966 2625 2092 2690; x_wconf 89' lang='lat' dir='ltr'>post</span> <span class='ocrx_word' id='word_1_401' title='bbox 2172 2616 2314 2670; x_wconf 83' lang='lat' dir='ltr'>dixit</span> <span class='ocrx_word' id='word_1_402' title='bbox 2337 2635 2352 2671; x_wconf 89' lang='lat'><strong><em>:</em></strong></span> <span class='ocrx_word' id='word_1_403' title='bbox 2407 2617 2542 2688; x_wconf 87' lang='lat' dir='ltr'>Ego,</span> <span class='ocrx_word' id='word_1_404' title='bbox 2575 2616 2795 2680; x_wconf 88' lang='lat' dir='ltr'>fratres,</span> <span class='ocrx_word' id='word_1_405' title='bbox 2823 2615 2949 2670; x_wconf 88' lang='lat' dir='ltr'>ideo</span> <span class='ocrx_word' id='word_1_406' title='bbox 2977 2616 3180 2670; x_wconf 88' lang='lat' dir='ltr'>festino</span> <span class='ocrx_word' id='word_1_407' title='bbox 3213 2633 3313 2687; x_wconf 89' lang='lat' dir='ltr'>pro</span> <span class='ocrx_word' id='word_1_408' title='bbox 3344 2615 3567 2679; x_wconf 87' lang='lat' dir='ltr'>servitio,</span> <span class='ocrx_word' id='word_1_409' title='bbox 3595 2612 3707 2685; x_wconf 90' lang='lat' dir='ltr'>quod</span> 
     </span>
    </p>
   </div>
   <div class='ocr_carea' id='block_1_30' title="bbox 491 2701 3708 2780">
    <p class='ocr_par' dir='ltr' id='par_1_30' title="bbox 491 2701 3708 2780">
     <span class='ocr_line' id='line_1_30' title="bbox 491 2701 3708 2780; baseline 0 -25"><span class='ocrx_word' id='word_1_410' title='bbox 491 2701 812 2772; x_wconf 88' lang='lat' dir='ltr'>aliquantos</span> <span class='ocrx_word' id='word_1_411' title='bbox 867 2703 987 2757; x_wconf 89' lang='lat' dir='ltr'>dies</span> <span class='ocrx_word' id='word_1_412' title='bbox 1034 2704 1237 2780; x_wconf 86' lang='lat' dir='ltr'>iterum</span> <span class='ocrx_word' id='word_1_413' title='bbox 1288 2705 1548 2770; x_wconf 88' lang='lat' dir='ltr'>similiter</span> <span class='ocrx_word' id='word_1_414' title='bbox 1591 2706 1721 2761; x_wconf 90' lang='lat' dir='ltr'>fecit</span> <span class='ocrx_word' id='word_1_415' title='bbox 1759 2725 1824 2761; x_wconf 85' lang='lat' dir='ltr'>ex</span> <span class='ocrx_word' id='word_1_416' title='bbox 1853 2708 1991 2772; x_wconf 91' lang='lat' dir='ltr'>luto,</span> <span class='ocrx_word' id='word_1_417' title='bbox 2027 2714 2084 2763; x_wconf 90' lang='lat' dir='ltr'>et</span> <span class='ocrx_word' id='word_1_418' title='bbox 2170 2712 2444 2776; x_wconf 84' lang='lat' dir='ltr'>tanquam</span> <span class='ocrx_word' id='word_1_419' title='bbox 2473 2704 2716 2760; x_wconf 90' lang='lat' dir='ltr'>dominis</span> <span class='ocrx_word' id='word_1_420' title='bbox 2741 2704 2881 2759; x_wconf 91' lang='lat' dir='ltr'>meis</span> <span class='ocrx_word' id='word_1_421' title='bbox 2906 2704 3080 2758; x_wconf 92' lang='lat' dir='ltr'>debeo</span> <span class='ocrx_word' id='word_1_422' title='bbox 3102 2705 3426 2776; x_wconf 88' lang='lat' dir='ltr'>pensionem</span> <span class='ocrx_word' id='word_1_423' title='bbox 3456 2721 3544 2774; x_wconf 89' lang='lat' dir='ltr'>per</span> <span class='ocrx_word' id='word_1_424' title='bbox 3563 2703 3708 2772; x_wconf 80' lang='lat' dir='ltr'>singu-</span> 
     </span>
    </p>
   </div>
   <div class='ocr_carea' id='block_1_31' title="bbox 491 2790 3705 2867">
    <p class='ocr_par' dir='ltr' id='par_1_31' title="bbox 491 2790 3705 2867">
     <span class='ocr_line' id='line_1_31' title="bbox 491 2790 3705 2867; baseline -0 -22"><span class='ocrx_word' id='word_1_425' title='bbox 491 2790 790 2862; x_wconf 88' lang='lat' dir='ltr'>plasmavit</span> <span class='ocrx_word' id='word_1_426' title='bbox 819 2793 979 2863; x_wconf 90' lang='lat' dir='ltr'>quasi</span> <span class='ocrx_word' id='word_1_427' title='bbox 1011 2793 1182 2847; x_wconf 88' lang='lat' dir='ltr'>ﬁliam</span> <span class='ocrx_word' id='word_1_428' title='bbox 1213 2793 1339 2859; x_wconf 89' lang='lat' dir='ltr'>sibi,</span> <span class='ocrx_word' id='word_1_429' title='bbox 1394 2800 1452 2848; x_wconf 93' lang='lat' dir='ltr'>et</span> <span class='ocrx_word' id='word_1_430' title='bbox 1479 2795 1618 2850; x_wconf 85' lang='lat' dir='ltr'>dixit</span> <span class='ocrx_word' id='word_1_431' title='bbox 1652 2797 2085 2867; x_wconf 85' lang='lat' dir='ltr'>cogitationibus</span> <span class='ocrx_word' id='word_1_432' title='bbox 2169 2795 2250 2850; x_wconf 91' lang='lat' dir='ltr'>los</span> <span class='ocrx_word' id='word_1_433' title='bbox 2270 2811 2446 2860; x_wconf 80' lang='lat' dir='ltr'>annos</span> <span class='ocrx_word' id='word_1_434' title='bbox 2467 2795 2777 2865; x_wconf 88' lang='lat' dir='ltr'>adimplere</span> <span class='ocrx_word' id='word_1_435' title='bbox 2789 2793 2886 2860; x_wconf 90' lang='lat' dir='ltr'>eis,</span> <span class='ocrx_word' id='word_1_436' title='bbox 2911 2799 2976 2848; x_wconf 89' lang='lat' dir='ltr'>ut</span> <span class='ocrx_word' id='word_1_437' title='bbox 3003 2793 3279 2866; x_wconf 87' lang='lat' dir='ltr'>quidquid</span> <span class='ocrx_word' id='word_1_438' title='bbox 3302 2795 3418 2864; x_wconf 88' lang='lat' dir='ltr'>jam</span> <span class='ocrx_word' id='word_1_439' title='bbox 3446 2810 3557 2846; x_wconf 90' lang='lat' dir='ltr'>cum</span> <span class='ocrx_word' id='word_1_440' title='bbox 3583 2791 3705 2862; x_wconf 84' lang='lat' dir='ltr'>adju-</span> 
     </span>
    </p>
   </div>
   <div class='ocr_carea' id='block_1_32' title="bbox 487 2879 3707 2954">
    <p class='ocr_par' dir='ltr' id='par_1_32' title="bbox 487 2879 3707 2954">
     <span class='ocr_line' id='line_1_32' title="bbox 487 2879 3707 2954; baseline -0 -20"><span class='ocrx_word' id='word_1_441' title='bbox 487 2879 603 2934; x_wconf 89' lang='lat' dir='ltr'>suis</span> <span class='ocrx_word' id='word_1_442' title='bbox 642 2898 654 2934; x_wconf 88' lang='lat'><strong>:</strong></span> <span class='ocrx_word' id='word_1_443' title='bbox 715 2881 854 2936; x_wconf 89' lang='lat' dir='ltr'>Ecce</span> <span class='ocrx_word' id='word_1_444' title='bbox 877 2883 1170 2952; x_wconf 85' lang='lat' dir='ltr'>generavit</span> <span class='ocrx_word' id='word_1_445' title='bbox 1196 2899 1336 2938; x_wconf 86' lang='lat' dir='ltr'>uxor</span> <span class='ocrx_word' id='word_1_446' title='bbox 1355 2889 1452 2938; x_wconf 90' lang='lat' dir='ltr'>tua</span> <span class='ocrx_word' id='word_1_447' title='bbox 1484 2885 1675 2951; x_wconf 89' lang='lat' dir='ltr'>ﬁliam,</span> <span class='ocrx_word' id='word_1_448' title='bbox 1710 2887 2085 2942; x_wconf 86' lang='lat' dir='ltr'>necessarium</span> <span class='ocrx_word' id='word_1_449' title='bbox 2168 2885 2312 2938; x_wconf 91' lang='lat' dir='ltr'>torio</span> <span class='ocrx_word' id='word_1_450' title='bbox 2343 2883 2567 2939; x_wconf 90' lang='lat' dir='ltr'>Domini</span> <span class='ocrx_word' id='word_1_451' title='bbox 2597 2883 2655 2938; x_wconf 91' lang='lat' dir='ltr'>in</span> <span class='ocrx_word' id='word_1_452' title='bbox 2674 2883 2908 2954; x_wconf 89' lang='lat' dir='ltr'>jejuniis</span> <span class='ocrx_word' id='word_1_453' title='bbox 2939 2888 2996 2938; x_wconf 92' lang='lat' dir='ltr'>et</span> <span class='ocrx_word' id='word_1_454' title='bbox 3023 2883 3393 2946; x_wconf 85' lang='lat' dir='ltr'>orationibus,</span> <span class='ocrx_word' id='word_1_455' title='bbox 3425 2900 3514 2937; x_wconf 90' lang='lat' dir='ltr'>seu</span> <span class='ocrx_word' id='word_1_456' title='bbox 3543 2881 3590 2936; x_wconf 92' lang='lat' dir='ltr'>in</span> <span class='ocrx_word' id='word_1_457' title='bbox 3615 2896 3707 2933; x_wconf 84' lang='lat' dir='ltr'>san-</span> 
     </span>
    </p>
   </div>
   <div class='ocr_carea' id='block_1_33' title="bbox 487 2969 3702 3046">
    <p class='ocr_par' dir='ltr' id='par_1_33' title="bbox 487 2969 3702 3046">
     <span class='ocr_line' id='line_1_33' title="bbox 487 2969 3702 3046; baseline -0.002 -21"><span class='ocrx_word' id='word_1_458' title='bbox 487 2973 675 3034; x_wconf 60' lang='grc' dir='ltr'>αυτ</span> <span class='ocrx_word' id='word_1_459' title='bbox 704 2975 792 3025; x_wconf 88' lang='lat' dir='ltr'>est</span> <span class='ocrx_word' id='word_1_460' title='bbox 815 2988 948 3042; x_wconf 90' lang='lat' dir='ltr'>ergo</span> <span class='ocrx_word' id='word_1_461' title='bbox 961 2977 1025 3026; x_wconf 90' lang='lat' dir='ltr'>ut</span> <span class='ocrx_word' id='word_1_462' title='bbox 1039 2972 1218 3044; x_wconf 86' lang='lat' dir='ltr'>magis</span> <span class='ocrx_word' id='word_1_463' title='bbox 1244 2973 1536 3044; x_wconf 83' lang='lat' dir='ltr'>magisque</span> <span class='ocrx_word' id='word_1_464' title='bbox 1567 2974 1809 3046; x_wconf 81' lang='lat' dir='ltr'>amplius</span> <span class='ocrx_word' id='word_1_465' title='bbox 1829 2993 2085 3031; x_wconf 87' lang='lat' dir='ltr'>exerceas</span> <span class='ocrx_word' id='word_1_466' title='bbox 2108 3031 2146 3046; x_wconf 49' lang='grc' dir='ltr'>Α</span> <span class='ocrx_word' id='word_1_467' title='bbox 2167 2973 2270 3028; x_wconf 90' lang='lat' dir='ltr'>ctis</span> <span class='ocrx_word' id='word_1_468' title='bbox 2299 2972 2521 3045; x_wconf 88' lang='lat' dir='ltr'>vigiliis,</span> <span class='ocrx_word' id='word_1_469' title='bbox 2555 2973 2640 3026; x_wconf 90' lang='lat' dir='ltr'>vel</span> <span class='ocrx_word' id='word_1_470' title='bbox 2671 2973 2729 3026; x_wconf 89' lang='lat' dir='ltr'>in</span> <span class='ocrx_word' id='word_1_471' title='bbox 2759 2973 2911 3027; x_wconf 91' lang='lat' dir='ltr'>omni</span> <span class='ocrx_word' id='word_1_472' title='bbox 2955 2989 3122 3044; x_wconf 80' lang='lat' dir='ltr'>Opere</span> <span class='ocrx_word' id='word_1_473' title='bbox 3177 2972 3470 3043; x_wconf 86' lang='lat' dir='ltr'>spirituali.</span> <span class='ocrx_word' id='word_1_474' title='bbox 3525 2969 3702 3024; x_wconf 84' lang='lat' dir='ltr'>Christo</span> 
     </span>
    </p>
   </div>
   <div class='ocr_carea' id='block_1_34' title="bbox 484 3060 3706 3133">
    <p class='ocr_par' dir='ltr' id='par_1_34' title="bbox 484 3060 3706 3133">
     <span class='ocr_line' id='line_1_34' title="bbox 484 3060 3706 3133; baseline -0.001 -21"><span class='ocrx_word' id='word_1_475' title='bbox 484 3072 657 3130; x_wconf 85' lang='lat' dir='ltr'>opera</span> <span class='ocrx_word' id='word_1_476' title='bbox 683 3076 973 3125; x_wconf 89' lang='lat' dir='ltr'>manuum,</span> <span class='ocrx_word' id='word_1_477' title='bbox 1009 3065 1073 3114; x_wconf 87' lang='lat' dir='ltr'>ut</span> <span class='ocrx_word' id='word_1_478' title='bbox 1101 3060 1280 3132; x_wconf 87' lang='lat' dir='ltr'>possis</span> <span class='ocrx_word' id='word_1_479' title='bbox 1321 3078 1548 3132; x_wconf 90' lang='lat' dir='ltr'>pascere</span> <span class='ocrx_word' id='word_1_480' title='bbox 1596 3069 1652 3116; x_wconf 91' lang='lat' dir='ltr'>et</span> <span class='ocrx_word' id='word_1_481' title='bbox 1671 3063 1890 3130; x_wconf 86' lang='lat' dir='ltr'>vestire,</span> <span class='ocrx_word' id='word_1_482' title='bbox 1915 3071 1972 3120; x_wconf 91' lang='lat' dir='ltr'>et</span> <span class='ocrx_word' id='word_1_483' title='bbox 1999 3071 2072 3131; x_wconf 91' lang='lat' dir='ltr'>te,</span> <span class='ocrx_word' id='word_1_484' title='bbox 2103 3060 2146 3090; x_wconf 72' lang='grc' dir='ltr'>υ</span> <span class='ocrx_word' id='word_1_485' title='bbox 2165 3063 2402 3116; x_wconf 86' lang='lat' dir='ltr'>Domino</span> <span class='ocrx_word' id='word_1_486' title='bbox 2430 3063 2750 3133; x_wconf 88' lang='lat' dir='ltr'>adjuvante,</span> <span class='ocrx_word' id='word_1_487' title='bbox 2781 3060 3126 3126; x_wconf 87' lang='lat' dir='ltr'>laboravero,</span> <span class='ocrx_word' id='word_1_488' title='bbox 3161 3061 3271 3115; x_wconf 88' lang='lat' dir='ltr'>hoc</span> <span class='ocrx_word' id='word_1_489' title='bbox 3302 3061 3435 3114; x_wconf 89' lang='lat' dir='ltr'>mihi</span> <span class='ocrx_word' id='word_1_490' title='bbox 3463 3060 3513 3113; x_wconf 92' lang='lat' dir='ltr'>in</span> <span class='ocrx_word' id='word_1_491' title='bbox 3539 3065 3706 3114; x_wconf 70' lang='lat' dir='ltr'>interna</span> 
     </span>
    </p>
   </div>
   <div class='ocr_carea' id='block_1_35' title="bbox 482 3147 3701 3223">
    <p class='ocr_par' dir='ltr' id='par_1_35' title="bbox 482 3147 3701 3223">
     <span class='ocr_line' id='line_1_35' title="bbox 482 3147 3701 3223; baseline -0.001 -20"><span class='ocrx_word' id='word_1_492' title='bbox 482 3152 541 3203; x_wconf 91' lang='lat' dir='ltr'>et</span> <span class='ocrx_word' id='word_1_493' title='bbox 568 3164 818 3214; x_wconf 85' lang='lat' dir='ltr'>uxorem,</span> <span class='ocrx_word' id='word_1_494' title='bbox 845 3153 903 3203; x_wconf 90' lang='lat' dir='ltr'>et</span> <span class='ocrx_word' id='word_1_495' title='bbox 930 3149 1105 3205; x_wconf 88' lang='lat' dir='ltr'>ﬁliam</span> <span class='ocrx_word' id='word_1_496' title='bbox 1137 3155 1333 3219; x_wconf 85' lang='lat' dir='ltr'>tuam;</span> <span class='ocrx_word' id='word_1_497' title='bbox 1368 3157 1426 3206; x_wconf 90' lang='lat' dir='ltr'>et</span> <span class='ocrx_word' id='word_1_498' title='bbox 1453 3151 1534 3205; x_wconf 86' lang='lat' dir='ltr'>ita</span> <span class='ocrx_word' id='word_1_499' title='bbox 1557 3169 1670 3223; x_wconf 68' lang='lat' dir='ltr'>pra:</span> <span class='ocrx_word' id='word_1_500' title='bbox 1687 3153 1861 3208; x_wconf 90' lang='lat' dir='ltr'>nimio</span> <span class='ocrx_word' id='word_1_501' title='bbox 1886 3153 2077 3209; x_wconf 89' lang='lat' dir='ltr'>labore</span> <span class='ocrx_word' id='word_1_502' title='bbox 2158 3151 2290 3217; x_wconf 88' lang='lat' dir='ltr'>vita,</span> <span class='ocrx_word' id='word_1_503' title='bbox 2340 3157 2395 3206; x_wconf 91' lang='lat' dir='ltr'>et</span> <span class='ocrx_word' id='word_1_504' title='bbox 2425 3151 2497 3206; x_wconf 90' lang='lat' dir='ltr'>ad</span> <span class='ocrx_word' id='word_1_505' title='bbox 2525 3151 2765 3205; x_wconf 89' lang='lat' dir='ltr'>salutem</span> <span class='ocrx_word' id='word_1_506' title='bbox 2795 3150 2996 3205; x_wconf 67' lang='lat' dir='ltr'>animae</span> <span class='ocrx_word' id='word_1_507' title='bbox 3028 3167 3162 3205; x_wconf 70' lang='lat' dir='ltr'>mea:</span> <span class='ocrx_word' id='word_1_508' title='bbox 3195 3151 3466 3221; x_wconf 86' lang='lat' dir='ltr'>proﬁciat,</span> <span class='ocrx_word' id='word_1_509' title='bbox 3497 3165 3559 3202; x_wconf 87' lang='lat' dir='ltr'>ne</span> <span class='ocrx_word' id='word_1_510' title='bbox 3591 3147 3701 3200; x_wconf 74' lang='lat' dir='ltr'>forte</span> 
     </span>
    </p>
   </div>
   <div class='ocr_carea' id='block_1_36' title="bbox 480 3237 3702 3314">
    <p class='ocr_par' dir='ltr' id='par_1_36' title="bbox 480 3237 3702 3314">
     <span class='ocr_line' id='line_1_36' title="bbox 480 3237 3702 3314; baseline -0 -23"><span class='ocrx_word' id='word_1_511' title='bbox 480 3237 786 3292; x_wconf 88' lang='lat' dir='ltr'>maceravit</span> <span class='ocrx_word' id='word_1_512' title='bbox 810 3254 1011 3310; x_wconf 89' lang='lat' dir='ltr'>corpus</span> <span class='ocrx_word' id='word_1_513' title='bbox 1042 3255 1226 3306; x_wconf 91' lang='lat' dir='ltr'>suum,</span> <span class='ocrx_word' id='word_1_514' title='bbox 1246 3244 1311 3294; x_wconf 92' lang='lat' dir='ltr'>ut</span> <span class='ocrx_word' id='word_1_515' title='bbox 1330 3256 1442 3294; x_wconf 91' lang='lat' dir='ltr'>non</span> <span class='ocrx_word' id='word_1_516' title='bbox 1464 3242 1789 3312; x_wconf 67' lang='lat' dir='ltr'>prmvaleret</span> <span class='ocrx_word' id='word_1_517' title='bbox 1810 3243 1930 3312; x_wconf 89' lang='lat' dir='ltr'>jam</span> <span class='ocrx_word' id='word_1_518' title='bbox 1950 3261 2077 3314; x_wconf 88' lang='lat' dir='ltr'>sup-</span> <span class='ocrx_word' id='word_1_519' title='bbox 2157 3241 2204 3295; x_wconf 92' lang='lat' dir='ltr'>si</span> <span class='ocrx_word' id='word_1_520' title='bbox 2233 3242 2558 3312; x_wconf 90' lang='lat' dir='ltr'>pensionem</span> <span class='ocrx_word' id='word_1_521' title='bbox 2590 3257 2690 3312; x_wconf 90' lang='lat' dir='ltr'>pro</span> <span class='ocrx_word' id='word_1_522' title='bbox 2719 3240 2944 3294; x_wconf 87' lang='lat' dir='ltr'>servitio</span> <span class='ocrx_word' id='word_1_523' title='bbox 2961 3257 3084 3294; x_wconf 91' lang='lat' dir='ltr'>meo</span> <span class='ocrx_word' id='word_1_524' title='bbox 3104 3240 3337 3294; x_wconf 89' lang='lat' dir='ltr'>minime</span> <span class='ocrx_word' id='word_1_525' title='bbox 3360 3238 3597 3299; x_wconf 87' lang='lat' dir='ltr'>intulero,</span> <span class='ocrx_word' id='word_1_526' title='bbox 3609 3237 3702 3306; x_wconf 83' lang='lat' dir='ltr'>jam</span> 
     </span>
    </p>
   </div>
   <div class='ocr_carea' id='block_1_37' title="bbox 478 3324 3699 3401">
    <p class='ocr_par' dir='ltr' id='par_1_37' title="bbox 478 3324 3699 3401">
     <span class='ocr_line' id='line_1_37' title="bbox 478 3324 3699 3401; baseline -0.001 -21"><span class='ocrx_word' id='word_1_527' title='bbox 478 3331 705 3397; x_wconf 87' lang='lat' dir='ltr'>portare</span> <span class='ocrx_word' id='word_1_528' title='bbox 731 3332 952 3382; x_wconf 89' lang='lat' dir='ltr'>tantum</span> <span class='ocrx_word' id='word_1_529' title='bbox 986 3327 1254 3383; x_wconf 90' lang='lat' dir='ltr'>laborem.</span> <span class='ocrx_word' id='word_1_530' title='bbox 1296 3329 1451 3383; x_wconf 89' lang='lat' dir='ltr'>Tunc</span> <span class='ocrx_word' id='word_1_531' title='bbox 1481 3328 1622 3383; x_wconf 82' lang='lat' dir='ltr'>dixit</span> <span class='ocrx_word' id='word_1_532' title='bbox 1644 3331 2075 3401; x_wconf 82' lang='lat' dir='ltr'>cogitationibus</span> <span class='ocrx_word' id='word_1_533' title='bbox 2157 3333 2310 3384; x_wconf 90' lang='lat' dir='ltr'>totus</span> <span class='ocrx_word' id='word_1_534' title='bbox 2339 3330 2610 3400; x_wconf 85' lang='lat' dir='ltr'>spiritalis</span> <span class='ocrx_word' id='word_1_535' title='bbox 2657 3329 2818 3383; x_wconf 89' lang='lat' dir='ltr'>labor</span> <span class='ocrx_word' id='word_1_536' title='bbox 2862 3347 3022 3384; x_wconf 90' lang='lat' dir='ltr'>meus</span> <span class='ocrx_word' id='word_1_537' title='bbox 3063 3329 3133 3383; x_wconf 89' lang='lat' dir='ltr'>ad</span> <span class='ocrx_word' id='word_1_538' title='bbox 3174 3329 3401 3383; x_wconf 92' lang='lat' dir='ltr'>illorum</span> <span class='ocrx_word' id='word_1_539' title='bbox 3433 3324 3699 3381; x_wconf 87' lang='lat' dir='ltr'>mercedem</span> 
     </span>
    </p>
   </div>
   <div class='ocr_carea' id='block_1_38' title="bbox 475 3404 2052 3488">
    <p class='ocr_par' dir='ltr' id='par_1_38' title="bbox 475 3415 2050 3488">
     <span class='ocr_line' id='line_1_38' title="bbox 475 3415 2050 3488; baseline 0.003 -18"><span class='ocrx_word' id='word_1_540' title='bbox 475 3415 624 3470; x_wconf 86' lang='lat' dir='ltr'>suis:</span> <span class='ocrx_word' id='word_1_541' title='bbox 662 3415 805 3481; x_wconf 87' lang='lat' dir='ltr'>Quia</span> <span class='ocrx_word' id='word_1_542' title='bbox 833 3416 881 3470; x_wconf 87' lang='lat' dir='ltr'>si</span> <span class='ocrx_word' id='word_1_543' title='bbox 911 3433 1021 3471; x_wconf 91' lang='lat' dir='ltr'>non</span> <span class='ocrx_word' id='word_1_544' title='bbox 1052 3417 1316 3488; x_wconf 76' lang='lat' dir='ltr'>praevales</span> <span class='ocrx_word' id='word_1_545' title='bbox 1347 3417 1584 3472; x_wconf 91' lang='lat' dir='ltr'>nimium</span> <span class='ocrx_word' id='word_1_546' title='bbox 1635 3419 1803 3473; x_wconf 91' lang='lat' dir='ltr'>istum</span> <span class='ocrx_word' id='word_1_547' title='bbox 1834 3420 2050 3475; x_wconf 91' lang='lat' dir='ltr'>sustine</span> 
     </span>
    </p>
   </div>
   <div class='ocr_carea' id='block_1_39' title="bbox 2135 3404 3701 3488">
    <p class='ocr_par' dir='ltr' id='par_1_39' title="bbox 2155 3404 3701 3481">
     <span class='ocr_line' id='line_1_39' title="bbox 2155 3404 3701 3481; baseline -0.005 -17"><span class='ocrx_word' id='word_1_548' title='bbox 2155 3411 2428 3481; x_wconf 89' lang='lat' dir='ltr'>proﬁciat,</span> <span class='ocrx_word' id='word_1_549' title='bbox 2461 3410 2557 3481; x_wconf 90' lang='lat' dir='ltr'>qui</span> <span class='ocrx_word' id='word_1_550' title='bbox 2586 3427 2676 3464; x_wconf 91' lang='lat' dir='ltr'>me</span> <span class='ocrx_word' id='word_1_551' title='bbox 2724 3409 3102 3480; x_wconf 89' lang='lat' dir='ltr'>permiserunt</span> <span class='ocrx_word' id='word_1_552' title='bbox 3130 3409 3356 3464; x_wconf 90' lang='lat' dir='ltr'>Christo</span> <span class='ocrx_word' id='word_1_553' title='bbox 3385 3407 3602 3463; x_wconf 90' lang='lat' dir='ltr'>Domino</span> <span class='ocrx_word' id='word_1_554' title='bbox 3627 3404 3701 3458; x_wconf 87' lang='lat' dir='ltr'>de-</span> 
     </span>
    </p>
   </div>
   <div class='ocr_carea' id='block_1_40' title="bbox 473 3503 2068 3580">
    <p class='ocr_par' dir='ltr' id='par_1_40' title="bbox 473 3503 2068 3580">
     <span class='ocr_line' id='line_1_40' title="bbox 473 3503 2068 3580; baseline 0.004 -22"><span class='ocrx_word' id='word_1_555' title='bbox 473 3519 536 3558; x_wconf 89' lang='lat' dir='ltr'>re</span> <span class='ocrx_word' id='word_1_556' title='bbox 564 3503 835 3566; x_wconf 85' lang='lat' dir='ltr'>laborem.</span> <span class='ocrx_word' id='word_1_557' title='bbox 883 3521 1066 3578; x_wconf 87' lang='lat' dir='ltr'>neque</span> <span class='ocrx_word' id='word_1_558' title='bbox 1096 3506 1390 3560; x_wconf 90' lang='lat' dir='ltr'>mulierem</span> <span class='ocrx_word' id='word_1_559' title='bbox 1423 3507 1696 3578; x_wconf 85' lang='lat' dir='ltr'>requiras.</span> <span class='ocrx_word' id='word_1_560' title='bbox 1730 3509 1939 3580; x_wconf 69' lang='lat' dir='ltr'>Yidens</span> <span class='ocrx_word' id='word_1_561' title='bbox 1967 3527 2068 3564; x_wconf 88' lang='lat' dir='ltr'>au-</span> 
     </span>
    </p>
   </div>
   <div class='ocr_carea' id='block_1_41' title="bbox 471 3593 2068 3668">
    <p class='ocr_par' dir='ltr' id='par_1_41' title="bbox 471 3593 2068 3668">
     <span class='ocr_line' id='line_1_41' title="bbox 471 3593 2068 3668; baseline 0.003 -20"><span class='ocrx_word' id='word_1_562' title='bbox 471 3599 588 3649; x_wconf 89' lang='lat' dir='ltr'>tem</span> <span class='ocrx_word' id='word_1_563' title='bbox 615 3595 764 3649; x_wconf 89' lang='lat' dir='ltr'>Deus</span> <span class='ocrx_word' id='word_1_564' title='bbox 789 3593 1006 3649; x_wconf 84' lang='lat' dir='ltr'>fervens</span> <span class='ocrx_word' id='word_1_565' title='bbox 1031 3595 1378 3666; x_wconf 89' lang='lat' dir='ltr'>propositum</span> <span class='ocrx_word' id='word_1_566' title='bbox 1399 3602 1604 3650; x_wconf 80' lang='lat' dir='ltr'>mentis</span> <span class='ocrx_word' id='word_1_567' title='bbox 1619 3597 1742 3666; x_wconf 86' lang='lat' dir='ltr'>ejus</span> <span class='ocrx_word' id='word_1_568' title='bbox 1768 3614 1870 3668; x_wconf 91' lang='lat' dir='ltr'>pro</span> <span class='ocrx_word' id='word_1_569' title='bbox 1893 3604 2068 3653; x_wconf 87' lang='lat' dir='ltr'>certa-</span> 
     </span>
    </p>
   </div>
   <div class='ocr_carea' id='block_1_42' title="bbox 474 3682 2070 3758">
    <p class='ocr_par' dir='ltr' id='par_1_42' title="bbox 474 3682 2070 3758">
     <span class='ocr_line' id='line_1_42' title="bbox 474 3682 2070 3758; baseline 0.004 -21"><span class='ocrx_word' id='word_1_570' title='bbox 474 3683 626 3737; x_wconf 88' lang='lat' dir='ltr'>mine</span> <span class='ocrx_word' id='word_1_571' title='bbox 655 3682 949 3751; x_wconf 85' lang='lat' dir='ltr'>castitatis,</span> <span class='ocrx_word' id='word_1_572' title='bbox 979 3683 1210 3738; x_wconf 87' lang='lat' dir='ltr'>abstulit</span> <span class='ocrx_word' id='word_1_573' title='bbox 1239 3683 1310 3737; x_wconf 90' lang='lat' dir='ltr'>ab</span> <span class='ocrx_word' id='word_1_574' title='bbox 1337 3700 1402 3738; x_wconf 90' lang='lat' dir='ltr'>eo</span> <span class='ocrx_word' id='word_1_575' title='bbox 1432 3684 1747 3739; x_wconf 88' lang='lat' dir='ltr'>molestiam</span> <span class='ocrx_word' id='word_1_576' title='bbox 1777 3685 2070 3758; x_wconf 86' lang='lat' dir='ltr'>impugna-</span> 
     </span>
    </p>
   </div>
   <div class='ocr_carea' id='block_1_43' title="bbox 473 3770 2066 3847">
    <p class='ocr_par' dir='ltr' id='par_1_43' title="bbox 473 3770 2066 3847">
     <span class='ocr_line' id='line_1_43' title="bbox 473 3770 2066 3847; baseline 0.004 -23"><span class='ocrx_word' id='word_1_577' title='bbox 473 3770 645 3824; x_wconf 88' lang='lat' dir='ltr'>tionis</span> <span class='ocrx_word' id='word_1_578' title='bbox 672 3771 1008 3826; x_wconf 64' lang='lat' dir='ltr'>daemonum.</span> <span class='ocrx_word' id='word_1_579' title='bbox 1044 3773 1114 3826; x_wconf 89' lang='lat' dir='ltr'>Et</span> <span class='ocrx_word' id='word_1_580' title='bbox 1164 3772 1499 3842; x_wconf 87' lang='lat' dir='ltr'>gloriﬁcavit</span> <span class='ocrx_word' id='word_1_581' title='bbox 1540 3773 1718 3828; x_wconf 91' lang='lat' dir='ltr'>Deum</span> <span class='ocrx_word' id='word_1_582' title='bbox 1749 3791 1917 3847; x_wconf 91' lang='lat' dir='ltr'>super</span> <span class='ocrx_word' id='word_1_583' title='bbox 1945 3793 2066 3832; x_wconf 88' lang='lat' dir='ltr'>ma-</span> 
     </span>
    </p>
   </div>
   <div class='ocr_carea' id='block_1_44' title="bbox 471 3858 1190 3931">
    <p class='ocr_par' dir='ltr' id='par_1_44' title="bbox 471 3858 1190 3931">
     <span class='ocr_line' id='line_1_44' title="bbox 471 3858 1190 3931; baseline 0.006 -17"><span class='ocrx_word' id='word_1_584' title='bbox 471 3858 767 3929; x_wconf 85' lang='lat' dir='ltr'>gnitudine</span> <span class='ocrx_word' id='word_1_585' title='bbox 786 3859 984 3930; x_wconf 70' lang='lat' dir='ltr'>gratia:</span> <span class='ocrx_word' id='word_1_586' title='bbox 1001 3861 1141 3931; x_wconf 88' lang='lat' dir='ltr'>ejus.</span> <span class='ocrx_word' id='word_1_587' title='bbox 1185 3913 1190 3918; x_wconf 92' lang='lat'>.</span> 
     </span>
    </p>
   </div>
   <div class='ocr_carea' id='block_1_45' title="bbox 548 3947 2064 4021">
    <p class='ocr_par' dir='ltr' id='par_1_45' title="bbox 548 3947 2064 4021">
     <span class='ocr_line' id='line_1_45' title="bbox 548 3947 2064 4021; baseline 0.003 -17"><span class='ocrx_word' id='word_1_588' title='bbox 548 3947 633 4004; x_wconf 83' lang='grc'>16.</span> <span class='ocrx_word' id='word_1_589' title='bbox 667 3948 906 4012; x_wconf 88' lang='lat' dir='ltr'>Quidam</span> <span class='ocrx_word' id='word_1_590' title='bbox 931 3949 1106 4003; x_wconf 86' lang='lat' dir='ltr'>frater</span> <span class='ocrx_word' id='word_1_591' title='bbox 1133 3949 1519 4021; x_wconf 83' lang='lat' dir='ltr'>interrogabat</span> <span class='ocrx_word' id='word_1_592' title='bbox 1547 3950 1774 4008; x_wconf 88' lang='lat' dir='ltr'>beatum</span> <span class='ocrx_word' id='word_1_593' title='bbox 1805 3952 2064 4009; x_wconf 86' lang='lat' dir='ltr'>abbatem</span> 
     </span>
    </p>
   </div>
   <div class='ocr_carea' id='block_1_46' title="bbox 470 4031 2065 4110">
    <p class='ocr_par' dir='ltr' id='par_1_46' title="bbox 470 4031 2065 4110">
     <span class='ocr_line' id='line_1_46' title="bbox 470 4031 2065 4110; baseline 0.004 -24"><span class='ocrx_word' id='word_1_594' title='bbox 470 4031 1018 4102; x_wconf 86' lang='lat' dir='ltr'>Poemenem,dicens</span> <span class='ocrx_word' id='word_1_595' title='bbox 1043 4053 1054 4089; x_wconf 90' lang='lat'>:</span> <span class='ocrx_word' id='word_1_596' title='bbox 1084 4035 1230 4099; x_wconf 85' lang='lat' dir='ltr'>Quid</span> <span class='ocrx_word' id='word_1_597' title='bbox 1254 4035 1477 4102; x_wconf 88' lang='lat' dir='ltr'>faciam,</span> <span class='ocrx_word' id='word_1_598' title='bbox 1510 4037 1696 4104; x_wconf 89' lang='lat' dir='ltr'>Pater,</span> <span class='ocrx_word' id='word_1_599' title='bbox 1729 4039 1862 4109; x_wconf 89' lang='lat' dir='ltr'>quia</span> <span class='ocrx_word' id='word_1_600' title='bbox 1885 4038 2065 4110; x_wconf 87' lang='lat' dir='ltr'>impu-</span> 
     </span>
    </p>
   </div>
   <div class='ocr_carea' id='block_1_47' title="bbox 466 4124 2064 4198">
    <p class='ocr_par' dir='ltr' id='par_1_47' title="bbox 466 4124 2064 4198">
     <span class='ocr_line' id='line_1_47' title="bbox 466 4124 2064 4198; baseline 0.004 -23"><span class='ocrx_word' id='word_1_601' title='bbox 466 4127 608 4193; x_wconf 86' lang='lat' dir='ltr'>gnat</span> <span class='ocrx_word' id='word_1_602' title='bbox 643 4139 732 4177; x_wconf 83' lang='lat' dir='ltr'>me</span> <span class='ocrx_word' id='word_1_603' title='bbox 761 4124 947 4194; x_wconf 88' lang='lat' dir='ltr'>passio</span> <span class='ocrx_word' id='word_1_604' title='bbox 999 4124 1403 4192; x_wconf 83' lang='lat' dir='ltr'>fornicationis,</span> <span class='ocrx_word' id='word_1_605' title='bbox 1437 4131 1494 4180; x_wconf 90' lang='lat' dir='ltr'>et</span> <span class='ocrx_word' id='word_1_606' title='bbox 1531 4126 1719 4197; x_wconf 87' lang='lat' dir='ltr'>rapior</span> <span class='ocrx_word' id='word_1_607' title='bbox 1768 4127 1825 4180; x_wconf 92' lang='lat' dir='ltr'>in</span> <span class='ocrx_word' id='word_1_608' title='bbox 1855 4128 2064 4198; x_wconf 88' lang='lat' dir='ltr'>passio-</span> 
     </span>
    </p>
   </div>
   <div class='ocr_carea' id='block_1_48' title="bbox 466 4210 2058 4284">
    <p class='ocr_par' dir='ltr' id='par_1_48' title="bbox 466 4210 2058 4284">
     <span class='ocr_line' id='line_1_48' title="bbox 466 4210 2058 4284; baseline 0.004 -19"><span class='ocrx_word' id='word_1_609' title='bbox 466 4226 596 4265; x_wconf 90' lang='lat' dir='ltr'>nem</span> <span class='ocrx_word' id='word_1_610' title='bbox 620 4210 826 4266; x_wconf 85' lang='lat' dir='ltr'>furoris</span> <span class='ocrx_word' id='word_1_611' title='bbox 848 4212 873 4264; x_wconf 74' lang='lat' dir='ltr'>’I</span> <span class='ocrx_word' id='word_1_612' title='bbox 900 4213 970 4267; x_wconf 88' lang='lat' dir='ltr'>Et</span> <span class='ocrx_word' id='word_1_613' title='bbox 995 4213 1340 4284; x_wconf 88' lang='lat' dir='ltr'>respondens</span> <span class='ocrx_word' id='word_1_614' title='bbox 1363 4214 1504 4268; x_wconf 87' lang='lat' dir='ltr'>dixit</span> <span class='ocrx_word' id='word_1_615' title='bbox 1525 4214 1576 4268; x_wconf 91' lang='lat' dir='ltr'>ei</span> <span class='ocrx_word' id='word_1_616' title='bbox 1607 4221 1836 4271; x_wconf 88' lang='lat' dir='ltr'>sanctus</span> <span class='ocrx_word' id='word_1_617' title='bbox 1849 4217 2058 4273; x_wconf 90' lang='lat' dir='ltr'>senior:</span> 
     </span>
    </p>
   </div>
   <div class='ocr_carea' id='block_1_49' title="bbox 465 4299 2058 4375">
    <p class='ocr_par' dir='ltr' id='par_1_49' title="bbox 465 4299 2058 4375">
     <span class='ocr_line' id='line_1_49' title="bbox 465 4299 2058 4375; baseline 0.003 -20"><span class='ocrx_word' id='word_1_618' title='bbox 465 4299 597 4355; x_wconf 92' lang='lat' dir='ltr'>Ideo</span> <span class='ocrx_word' id='word_1_619' title='bbox 635 4301 829 4374; x_wconf 89' lang='lat' dir='ltr'>utique</span> <span class='ocrx_word' id='word_1_620' title='bbox 849 4301 1023 4368; x_wconf 82' lang='lat' dir='ltr'>David</span> <span class='ocrx_word' id='word_1_621' title='bbox 1046 4303 1319 4375; x_wconf 86' lang='lat' dir='ltr'>propheta</span> <span class='ocrx_word' id='word_1_622' title='bbox 1355 4303 1610 4359; x_wconf 88' lang='lat' dir='ltr'>dicebat:</span> <span class='ocrx_word' id='word_1_623' title='bbox 1663 4305 1807 4370; x_wconf 87' lang='lat' dir='ltr'>Quia</span> <span class='ocrx_word' id='word_1_624' title='bbox 1838 4306 2058 4360; x_wconf 89' lang='lat' dir='ltr'>leonem</span> 
     </span>
    </p>
   </div>
   <div class='ocr_carea' id='block_1_50' title="bbox 2152 3498 3191 3570">
    <p class='ocr_par' dir='ltr' id='par_1_50' title="bbox 2152 3498 3191 3570">
     <span class='ocr_line' id='line_1_50' title="bbox 2152 3498 3191 3570; baseline -0.003 -16"><span class='ocrx_word' id='word_1_625' title='bbox 2152 3499 2378 3565; x_wconf 88' lang='lat' dir='ltr'>servire,</span> <span class='ocrx_word' id='word_1_626' title='bbox 2417 3505 2475 3553; x_wconf 91' lang='lat' dir='ltr'>et</span> <span class='ocrx_word' id='word_1_627' title='bbox 2502 3498 2829 3570; x_wconf 87' lang='lat' dir='ltr'>spiritaliter</span> <span class='ocrx_word' id='word_1_628' title='bbox 2853 3499 3191 3552; x_wconf 88' lang='lat' dir='ltr'>conversari.</span> 
     </span>
    </p>
   </div>
   <div class='ocr_carea' id='block_1_51' title="bbox 2218 3579 3702 3656">
    <p class='ocr_par' dir='ltr' id='par_1_51' title="bbox 2218 3579 3702 3656">
     <span class='ocr_line' id='line_1_51' title="bbox 2218 3579 3702 3656; baseline -0.004 -14"><span class='ocrx_word' id='word_1_629' title='bbox 2218 3588 2308 3643; x_wconf 81' lang='lat'>18.</span> <span class='ocrx_word' id='word_1_630' title='bbox 2343 3589 2518 3642; x_wconf 88' lang='lat' dir='ltr'>Erant</span> <span class='ocrx_word' id='word_1_631' title='bbox 2547 3587 2656 3642; x_wconf 92' lang='lat' dir='ltr'>duo</span> <span class='ocrx_word' id='word_1_632' title='bbox 2685 3588 2904 3654; x_wconf 83' lang='lat' dir='ltr'>fratres,</span> <span class='ocrx_word' id='word_1_633' title='bbox 2937 3587 3248 3642; x_wconf 90' lang='lat' dir='ltr'>secundum</span> <span class='ocrx_word' id='word_1_634' title='bbox 3277 3579 3497 3642; x_wconf 86' lang='lat' dir='ltr'>carnem</span> <span class='ocrx_word' id='word_1_635' title='bbox 3516 3583 3702 3656; x_wconf 89' lang='lat' dir='ltr'>quidem</span> 
     </span>
    </p>
   </div>
   <div class='ocr_carea' id='block_1_52' title="bbox 2147 3671 3700 3749">
    <p class='ocr_par' dir='ltr' id='par_1_52' title="bbox 2147 3671 3700 3749">
     <span class='ocr_line' id='line_1_52' title="bbox 2147 3671 3700 3749; baseline -0.005 -17"><span class='ocrx_word' id='word_1_636' title='bbox 2147 3678 2424 3749; x_wconf 89' lang='lat' dir='ltr'>germani,</span> <span class='ocrx_word' id='word_1_637' title='bbox 2445 3682 3078 3748; x_wconf 87' lang='lat' dir='ltr'>verumtamenuterque</span> <span class='ocrx_word' id='word_1_638' title='bbox 3109 3677 3168 3731; x_wconf 91' lang='lat' dir='ltr'>in</span> <span class='ocrx_word' id='word_1_639' title='bbox 3194 3676 3433 3749; x_wconf 86' lang='lat' dir='ltr'>spiritali</span> <span class='ocrx_word' id='word_1_640' title='bbox 3462 3671 3700 3746; x_wconf 86' lang='lat' dir='ltr'>preposito</span> 
     </span>
    </p>
   </div>
   <div class='ocr_carea' id='block_1_53' title="bbox 2150 3763 3699 3838">
    <p class='ocr_par' dir='ltr' id='par_1_53' title="bbox 2150 3763 3699 3838">
     <span class='ocr_line' id='line_1_53' title="bbox 2150 3763 3699 3838; baseline -0.006 -16"><span class='ocrx_word' id='word_1_641' title='bbox 2150 3767 2410 3822; x_wconf 90' lang='lat' dir='ltr'>monachi</span> <span class='ocrx_word' id='word_1_642' title='bbox 2450 3767 2769 3833; x_wconf 84' lang='lat' dir='ltr'>existentes,</span> <span class='ocrx_word' id='word_1_643' title='bbox 2824 3765 3312 3838; x_wconf 87' lang='lat' dir='ltr'>insidiabaturque</span> <span class='ocrx_word' id='word_1_644' title='bbox 3349 3766 3426 3820; x_wconf 88' lang='lat' dir='ltr'>eis</span> <span class='ocrx_word' id='word_1_645' title='bbox 3461 3763 3699 3833; x_wconf 83' lang='lat' dir='ltr'>malignus</span> 
     </span>
    </p>
   </div>
   <div class='ocr_carea' id='block_1_54' title="bbox 2150 3849 3699 3928">
    <p class='ocr_par' dir='ltr' id='par_1_54' title="bbox 2150 3849 3699 3928">
     <span class='ocr_line' id='line_1_54' title="bbox 2150 3849 3699 3928; baseline -0.004 -18"><span class='ocrx_word' id='word_1_646' title='bbox 2150 3856 2425 3923; x_wconf 91' lang='lat' dir='ltr'>diabolus,</span> <span class='ocrx_word' id='word_1_647' title='bbox 2459 3863 2523 3911; x_wconf 90' lang='lat' dir='ltr'>ut</span> <span class='ocrx_word' id='word_1_648' title='bbox 2545 3856 3048 3928; x_wconf 91' lang='lat' dir='ltr'>quomodocunque</span> <span class='ocrx_word' id='word_1_649' title='bbox 3075 3872 3171 3910; x_wconf 89' lang='lat' dir='ltr'>eos</span> <span class='ocrx_word' id='word_1_650' title='bbox 3202 3861 3491 3927; x_wconf 86' lang='lat' dir='ltr'>separaret</span> <span class='ocrx_word' id='word_1_651' title='bbox 3507 3852 3569 3907; x_wconf 89' lang='lat' dir='ltr'>ab</span> <span class='ocrx_word' id='word_1_652' title='bbox 3586 3849 3699 3905; x_wconf 87' lang='lat' dir='ltr'>invi-</span> 
     </span>
    </p>
   </div>
   <div class='ocr_carea' id='block_1_55' title="bbox 2147 3937 3699 4015">
    <p class='ocr_par' dir='ltr' id='par_1_55' title="bbox 2147 3937 3699 4015">
     <span class='ocr_line' id='line_1_55' title="bbox 2147 3937 3699 4015; baseline -0.006 -14"><span class='ocrx_word' id='word_1_653' title='bbox 2147 3962 2266 4001; x_wconf 88' lang='lat' dir='ltr'>cem</span> <span class='ocrx_word' id='word_1_654' title='bbox 2285 3948 2785 4015; x_wconf 73' lang='lat' dir='ltr'>(Pelag.,lz&#39;bell.xv,</span> <span class='ocrx_word' id='word_1_655' title='bbox 2803 3962 2960 3998; x_wconf 88' lang='lat' dir='ltr'>num.</span> <span class='ocrx_word' id='word_1_656' title='bbox 2976 3943 3364 4014; x_wconf 80' lang='lat' dir='ltr'>89).Quadam</span> <span class='ocrx_word' id='word_1_657' title='bbox 3383 3945 3544 4015; x_wconf 86' lang='lat' dir='ltr'>igitur</span> <span class='ocrx_word' id='word_1_658' title='bbox 3559 3941 3635 3994; x_wconf 89' lang='lat' dir='ltr'>die</span> <span class='ocrx_word' id='word_1_659' title='bbox 3645 3937 3699 3993; x_wconf 88' lang='lat' dir='ltr'>ad</span> 
     </span>
    </p>
   </div>
   <div class='ocr_carea' id='block_1_56' title="bbox 2146 4029 3700 4107">
    <p class='ocr_par' dir='ltr' id='par_1_56' title="bbox 2146 4029 3700 4107">
     <span class='ocr_line' id='line_1_56' title="bbox 2146 4029 3700 4107; baseline -0.005 -18"><span class='ocrx_word' id='word_1_660' title='bbox 2146 4051 2454 4107; x_wconf 88' lang='lat' dir='ltr'>vesperam,</span> <span class='ocrx_word' id='word_1_661' title='bbox 2479 4035 2786 4090; x_wconf 90' lang='lat' dir='ltr'>secundum</span> <span class='ocrx_word' id='word_1_662' title='bbox 2799 4034 3267 4088; x_wconf 88' lang='lat' dir='ltr'>consuetudinem</span> <span class='ocrx_word' id='word_1_663' title='bbox 3287 4035 3381 4088; x_wconf 92' lang='lat' dir='ltr'>ille</span> <span class='ocrx_word' id='word_1_664' title='bbox 3400 4033 3594 4103; x_wconf 86' lang='lat' dir='ltr'>junior,</span> <span class='ocrx_word' id='word_1_665' title='bbox 3611 4029 3700 4082; x_wconf 87' lang='lat' dir='ltr'>fra-</span> 
     </span>
    </p>
   </div>
   <div class='ocr_carea' id='block_1_57' title="bbox 2144 4119 3696 4195">
    <p class='ocr_par' dir='ltr' id='par_1_57' title="bbox 2144 4119 3696 4195">
     <span class='ocr_line' id='line_1_57' title="bbox 2144 4119 3696 4195; baseline -0.006 -16"><span class='ocrx_word' id='word_1_666' title='bbox 2144 4131 2232 4179; x_wconf 89' lang='lat' dir='ltr'>ter</span> <span class='ocrx_word' id='word_1_667' title='bbox 2259 4125 2567 4179; x_wconf 88' lang='lat' dir='ltr'>accendens</span> <span class='ocrx_word' id='word_1_668' title='bbox 2592 4125 2878 4178; x_wconf 88' lang='lat' dir='ltr'>lucernam</span> <span class='ocrx_word' id='word_1_669' title='bbox 2911 4124 3098 4194; x_wconf 91' lang='lat' dir='ltr'>posuit</span> <span class='ocrx_word' id='word_1_670' title='bbox 3129 4139 3304 4195; x_wconf 89' lang='lat' dir='ltr'>super</span> <span class='ocrx_word' id='word_1_671' title='bbox 3321 4119 3696 4176; x_wconf 88' lang='lat' dir='ltr'>candelabrum.</span> 
     </span>
    </p>
   </div>
   <div class='ocr_carea' id='block_1_58' title="bbox 2142 4209 3698 4278">
    <p class='ocr_par' dir='ltr' id='par_1_58' title="bbox 2142 4209 3698 4278">
     <span class='ocr_line' id='line_1_58' title="bbox 2142 4209 3698 4278; baseline -0.005 -10"><span class='ocrx_word' id='word_1_672' title='bbox 2142 4214 2404 4268; x_wconf 90' lang='lat' dir='ltr'>Faciente</span> <span class='ocrx_word' id='word_1_673' title='bbox 2414 4219 2604 4268; x_wconf 90' lang='lat' dir='ltr'>autem</span> <span class='ocrx_word' id='word_1_674' title='bbox 2617 4213 2832 4268; x_wconf 90' lang='lat' dir='ltr'>malitia</span> <span class='ocrx_word' id='word_1_675' title='bbox 2842 4212 3156 4267; x_wconf 67' lang='lat' dir='ltr'>daemonum</span> <span class='ocrx_word' id='word_1_676' title='bbox 3166 4213 3307 4278; x_wconf 91' lang='lat' dir='ltr'>,ruit</span> <span class='ocrx_word' id='word_1_677' title='bbox 3321 4209 3698 4269; x_wconf 89' lang='lat' dir='ltr'>candelabrum,</span> 
     </span>
    </p>
   </div>
   <div class='ocr_carea' id='block_1_59' title="bbox 2142 4294 3698 4358">
    <p class='ocr_par' dir='ltr' id='par_1_59' title="bbox 2142 4294 3698 4358">
     <span class='ocr_line' id='line_1_59' title="bbox 2142 4294 3698 4358; baseline -0.006 -1"><span class='ocrx_word' id='word_1_678' title='bbox 2142 4309 2200 4357; x_wconf 90' lang='lat' dir='ltr'>et</span> <span class='ocrx_word' id='word_1_679' title='bbox 2229 4303 2503 4358; x_wconf 85' lang='lat' dir='ltr'>exstincta</span> <span class='ocrx_word' id='word_1_680' title='bbox 2532 4308 2616 4357; x_wconf 90' lang='lat' dir='ltr'>est</span> <span class='ocrx_word' id='word_1_681' title='bbox 2644 4303 2892 4358; x_wconf 90' lang='lat' dir='ltr'>lucerna.</span> <span class='ocrx_word' id='word_1_682' title='bbox 2925 4303 3035 4356; x_wconf 90' lang='lat' dir='ltr'>Per</span> <span class='ocrx_word' id='word_1_683' title='bbox 3061 4302 3206 4355; x_wconf 88' lang='lat' dir='ltr'>hanc</span> <span class='ocrx_word' id='word_1_684' title='bbox 3228 4301 3569 4356; x_wconf 88' lang='lat' dir='ltr'>occasionem</span> <span class='ocrx_word' id='word_1_685' title='bbox 3587 4294 3698 4350; x_wconf 85' lang='lat' dir='ltr'>insi-</span> 
     </span>
    </p>
   </div>
   <div class='ocr_carea' id='block_1_60' title="bbox 465 4385 3698 4466">
    <p class='ocr_par' dir='ltr' id='par_1_60' title="bbox 465 4385 3698 4466">
     <span class='ocr_line' id='line_1_60' title="bbox 465 4385 3698 4466; baseline -0.002 -21"><span class='ocrx_word' id='word_1_686' title='bbox 465 4390 693 4462; x_wconf 88' lang='lat' dir='ltr'>quidem</span> <span class='ocrx_word' id='word_1_687' title='bbox 722 4390 1121 4462; x_wconf 90' lang='lat' dir='ltr'>percutiebam,</span> <span class='ocrx_word' id='word_1_688' title='bbox 1152 4408 1282 4446; x_wconf 89' lang='lat' dir='ltr'>nam</span> <span class='ocrx_word' id='word_1_689' title='bbox 1312 4398 1369 4446; x_wconf 92' lang='lat' dir='ltr'>et</span> <span class='ocrx_word' id='word_1_690' title='bbox 1386 4409 1579 4448; x_wconf 87' lang='lat' dir='ltr'>ursum</span> <span class='ocrx_word' id='word_1_691' title='bbox 1605 4393 1866 4466; x_wconf 87' lang='lat' dir='ltr'>frequens</span> <span class='ocrx_word' id='word_1_692' title='bbox 1894 4394 2059 4449; x_wconf 79' lang='lat' dir='ltr'>suffo-</span> <span class='ocrx_word' id='word_1_693' title='bbox 2080 4387 2402 4447; x_wconf 88' lang='lat' dir='ltr'>Ddiabatur</span> <span class='ocrx_word' id='word_1_694' title='bbox 2429 4392 2510 4446; x_wconf 90' lang='lat' dir='ltr'>eis</span> <span class='ocrx_word' id='word_1_695' title='bbox 2538 4391 2820 4463; x_wconf 89' lang='lat' dir='ltr'>malignus</span> <span class='ocrx_word' id='word_1_696' title='bbox 2847 4391 3122 4458; x_wconf 87' lang='lat' dir='ltr'>diabolus,</span> <span class='ocrx_word' id='word_1_697' title='bbox 3155 4396 3221 4446; x_wconf 90' lang='lat' dir='ltr'>ut</span> <span class='ocrx_word' id='word_1_698' title='bbox 3242 4391 3302 4445; x_wconf 90' lang='lat' dir='ltr'>in</span> <span class='ocrx_word' id='word_1_699' title='bbox 3331 4392 3486 4445; x_wconf 91' lang='lat' dir='ltr'>litem</span> <span class='ocrx_word' id='word_1_700' title='bbox 3517 4404 3601 4443; x_wconf 89' lang='lat' dir='ltr'>eos</span> <span class='ocrx_word' id='word_1_701' title='bbox 3628 4385 3698 4439; x_wconf 90' lang='lat' dir='ltr'>in-</span> 
     </span>
    </p>
   </div>
   <div class='ocr_carea' id='block_1_61' title="bbox 463 4479 2052 4553">
    <p class='ocr_par' dir='ltr' id='par_1_61' title="bbox 463 4479 2052 4553">
     <span class='ocr_line' id='line_1_61' title="bbox 463 4479 2052 4553; baseline 0.001 -19"><span class='ocrx_word' id='word_1_702' title='bbox 463 4479 659 4534; x_wconf 87' lang='lat' dir='ltr'>cabam</span> <span class='ocrx_word' id='word_1_703' title='bbox 689 4480 737 4547; x_wconf 90' lang='grc' dir='ltr'>(Ι</span> <span class='ocrx_word' id='word_1_704' title='bbox 781 4481 904 4548; x_wconf 84' lang='lat' dir='ltr'>Reg.</span> <span class='ocrx_word' id='word_1_705' title='bbox 939 4479 1090 4552; x_wconf 82' lang='lat' dir='ltr'>xvn).</span> <span class='ocrx_word' id='word_1_706' title='bbox 1136 4479 1258 4534; x_wconf 90' lang='lat' dir='ltr'>Hoc</span> <span class='ocrx_word' id='word_1_707' title='bbox 1306 4487 1494 4536; x_wconf 90' lang='lat' dir='ltr'>autem</span> <span class='ocrx_word' id='word_1_708' title='bbox 1553 4483 1636 4537; x_wconf 89' lang='lat' dir='ltr'>ita</span> <span class='ocrx_word' id='word_1_709' title='bbox 1693 4483 2052 4553; x_wconf 87' lang='lat' dir='ltr'>intelligitur,</span> 
     </span>
    </p>
   </div>
   <div class='ocr_carea' id='block_1_62' title="bbox 462 4567 2058 4639">
    <p class='ocr_par' dir='ltr' id='par_1_62' title="bbox 462 4567 2058 4639">
     <span class='ocr_line' id='line_1_62' title="bbox 462 4567 2058 4639; baseline 0.003 -17"><span class='ocrx_word' id='word_1_710' title='bbox 462 4568 595 4639; x_wconf 90' lang='lat' dir='ltr'>quia</span> <span class='ocrx_word' id='word_1_711' title='bbox 621 4568 868 4623; x_wconf 88' lang='lat' dir='ltr'>furorem</span> <span class='ocrx_word' id='word_1_712' title='bbox 898 4567 968 4623; x_wconf 88' lang='lat' dir='ltr'>ab</span> <span class='ocrx_word' id='word_1_713' title='bbox 998 4569 1187 4623; x_wconf 88' lang='lat' dir='ltr'>animo</span> <span class='ocrx_word' id='word_1_714' title='bbox 1216 4586 1342 4624; x_wconf 90' lang='lat' dir='ltr'>meo</span> <span class='ocrx_word' id='word_1_715' title='bbox 1379 4570 1788 4638; x_wconf 90' lang='lat' dir='ltr'>abscindebam,</span> <span class='ocrx_word' id='word_1_716' title='bbox 1822 4572 2058 4627; x_wconf 88' lang='lat' dir='ltr'>fornica-</span> 
     </span>
    </p>
   </div>
   <div class='ocr_carea' id='block_1_63' title="bbox 460 4658 1659 4730">
    <p class='ocr_par' dir='ltr' id='par_1_63' title="bbox 460 4658 1659 4730">
     <span class='ocr_line' id='line_1_63' title="bbox 460 4658 1659 4730; baseline 0.001 -18"><span class='ocrx_word' id='word_1_717' title='bbox 460 4658 674 4712; x_wconf 90' lang='lat' dir='ltr'>tionem</span> <span class='ocrx_word' id='word_1_718' title='bbox 704 4663 895 4713; x_wconf 91' lang='lat' dir='ltr'>autem</span> <span class='ocrx_word' id='word_1_719' title='bbox 925 4658 982 4712; x_wconf 79' lang='lat' dir='ltr'>in</span> <span class='ocrx_word' id='word_1_720' title='bbox 1007 4658 1289 4713; x_wconf 86' lang='lat' dir='ltr'>laboribus</span> <span class='ocrx_word' id='word_1_721' title='bbox 1319 4659 1659 4730; x_wconf 86' lang='lat' dir='ltr'>affligebam.</span> 
     </span>
    </p>
   </div>
   <div class='ocr_carea' id='block_1_64' title="bbox 536 4746 2049 4822">
    <p class='ocr_par' dir='ltr' id='par_1_64' title="bbox 536 4746 2049 4822">
     <span class='ocr_line' id='line_1_64' title="bbox 536 4746 2049 4822; baseline 0.002 -20"><span class='ocrx_word' id='word_1_722' title='bbox 536 4746 617 4802; x_wconf 86' lang='grc'>17.</span> <span class='ocrx_word' id='word_1_723' title='bbox 652 4746 923 4802; x_wconf 89' lang='lat' dir='ltr'>Dicebant</span> <span class='ocrx_word' id='word_1_724' title='bbox 949 4748 1128 4802; x_wconf 90' lang='lat' dir='ltr'>sancti</span> <span class='ocrx_word' id='word_1_725' title='bbox 1173 4749 1424 4802; x_wconf 90' lang='lat' dir='ltr'>seniores</span> <span class='ocrx_word' id='word_1_726' title='bbox 1473 4749 1667 4804; x_wconf 87' lang='lat' dir='ltr'>Patres</span> <span class='ocrx_word' id='word_1_727' title='bbox 1709 4749 1777 4804; x_wconf 88' lang='lat' dir='ltr'>de</span> <span class='ocrx_word' id='word_1_728' title='bbox 1804 4751 2049 4822; x_wconf 80' lang='lat' dir='ltr'>quodam</span> 
     </span>
    </p>
   </div>
   <div class='ocr_carea' id='block_1_65' title="bbox 459 4836 2044 4908">
    <p class='ocr_par' dir='ltr' id='par_1_65' title="bbox 459 4836 2044 4908">
     <span class='ocr_line' id='line_1_65' title="bbox 459 4836 2044 4908; baseline 0.004 -20"><span class='ocrx_word' id='word_1_729' title='bbox 459 4836 730 4890; x_wconf 86' lang='lat' dir='ltr'>monacho</span> <span class='ocrx_word' id='word_1_730' title='bbox 742 4837 862 4904; x_wconf 90' lang='lat' dir='ltr'>jam</span> <span class='ocrx_word' id='word_1_731' title='bbox 889 4837 1108 4892; x_wconf 91' lang='lat' dir='ltr'>seniore</span> <span class='ocrx_word' id='word_1_732' title='bbox 1123 4837 1182 4892; x_wconf 91' lang='lat' dir='ltr'>in</span> <span class='ocrx_word' id='word_1_733' title='bbox 1197 4837 1388 4908; x_wconf 82' lang='lat' dir='ltr'>Scythi</span> <span class='ocrx_word' id='word_1_734' title='bbox 1419 4854 1606 4892; x_wconf 90' lang='lat' dir='ltr'>eremo</span> <span class='ocrx_word' id='word_1_735' title='bbox 1638 4845 2044 4906; x_wconf 88' lang='lat' dir='ltr'>commanente,</span> 
     </span>
    </p>
   </div>
   <div class='ocr_carea' id='block_1_66' title="bbox 461 4922 2049 4999">
    <p class='ocr_par' dir='ltr' id='par_1_66' title="bbox 461 4922 2049 4999">
     <span class='ocr_line' id='line_1_66' title="bbox 461 4922 2049 4999; baseline 0.005 -23"><span class='ocrx_word' id='word_1_736' title='bbox 461 4922 739 4994; x_wconf 90' lang='lat' dir='ltr'>quomodo</span> <span class='ocrx_word' id='word_1_737' title='bbox 772 4941 963 4980; x_wconf 90' lang='lat' dir='ltr'>servus</span> <span class='ocrx_word' id='word_1_738' title='bbox 1007 4926 1381 4997; x_wconf 89' lang='lat' dir='ltr'>quorumdam</span> <span class='ocrx_word' id='word_1_739' title='bbox 1413 4933 1550 4994; x_wconf 89' lang='lat' dir='ltr'>erat,</span> <span class='ocrx_word' id='word_1_740' title='bbox 1586 4934 1642 4982; x_wconf 91' lang='lat' dir='ltr'>et</span> <span class='ocrx_word' id='word_1_741' title='bbox 1671 4945 1770 4998; x_wconf 89' lang='lat' dir='ltr'>per</span> <span class='ocrx_word' id='word_1_742' title='bbox 1797 4929 2049 4999; x_wconf 88' lang='lat' dir='ltr'>singulos</span> 
     </span>
    </p>
   </div>
   <div class='ocr_carea' id='block_1_67' title="bbox 456 5012 2046 5082">
    <p class='ocr_par' dir='ltr' id='par_1_67' title="bbox 456 5012 2046 5082">
     <span class='ocr_line' id='line_1_67' title="bbox 456 5012 2046 5082; baseline 0.006 -18"><span class='ocrx_word' id='word_1_743' title='bbox 456 5028 632 5065; x_wconf 87' lang='lat' dir='ltr'>annos</span> <span class='ocrx_word' id='word_1_744' title='bbox 669 5012 1042 5068; x_wconf 89' lang='lat' dir='ltr'>descendebat</span> <span class='ocrx_word' id='word_1_745' title='bbox 1071 5016 1139 5069; x_wconf 89' lang='lat' dir='ltr'>de</span> <span class='ocrx_word' id='word_1_746' title='bbox 1194 5032 1382 5070; x_wconf 87' lang='lat' dir='ltr'>eremo</span> <span class='ocrx_word' id='word_1_747' title='bbox 1415 5015 1470 5070; x_wconf 91' lang='lat' dir='ltr'>in</span> <span class='ocrx_word' id='word_1_748' title='bbox 1502 5017 1918 5082; x_wconf 79' lang='lat' dir='ltr'>Alexandriam,</span> <span class='ocrx_word' id='word_1_749' title='bbox 1951 5019 2046 5073; x_wconf 89' lang='lat' dir='ltr'>ubi</span> 
     </span>
    </p>
   </div>
   <div class='ocr_carea' id='block_1_68' title="bbox 453 5100 2042 5177">
    <p class='ocr_par' dir='ltr' id='par_1_68' title="bbox 453 5100 2042 5177">
     <span class='ocr_line' id='line_1_68' title="bbox 453 5100 2042 5177; baseline 0.005 -23"><span class='ocrx_word' id='word_1_750' title='bbox 453 5100 883 5155; x_wconf 88' lang='lat' dir='ltr'>commanebant</span> <span class='ocrx_word' id='word_1_751' title='bbox 911 5103 1123 5158; x_wconf 88' lang='lat' dir='ltr'>domini</span> <span class='ocrx_word' id='word_1_752' title='bbox 1144 5106 1286 5175; x_wconf 90' lang='lat' dir='ltr'>ejus,</span> <span class='ocrx_word' id='word_1_753' title='bbox 1319 5105 1572 5159; x_wconf 87' lang='lat' dir='ltr'>deferens</span> <span class='ocrx_word' id='word_1_754' title='bbox 1595 5107 1674 5160; x_wconf 88' lang='lat' dir='ltr'>eis</span> <span class='ocrx_word' id='word_1_755' title='bbox 1697 5107 2042 5177; x_wconf 88' lang='lat' dir='ltr'>pensionem,</span> 
     </span>
    </p>
   </div>
   <div class='ocr_carea' id='block_1_69' title="bbox 451 5189 2038 5265">
    <p class='ocr_par' dir='ltr' id='par_1_69' title="bbox 451 5189 2038 5265">
     <span class='ocr_line' id='line_1_69' title="bbox 451 5189 2038 5265; baseline 0.006 -21"><span class='ocrx_word' id='word_1_756' title='bbox 451 5189 600 5244; x_wconf 88' lang='lat' dir='ltr'>sicut</span> <span class='ocrx_word' id='word_1_757' title='bbox 625 5189 807 5244; x_wconf 89' lang='lat' dir='ltr'>solent</span> <span class='ocrx_word' id='word_1_758' title='bbox 826 5191 968 5244; x_wconf 90' lang='lat' dir='ltr'>servi</span> <span class='ocrx_word' id='word_1_759' title='bbox 981 5192 1114 5247; x_wconf 84' lang='lat' dir='ltr'>dare</span> <span class='ocrx_word' id='word_1_760' title='bbox 1126 5194 1366 5250; x_wconf 85' lang='lat' dir='ltr'>dominis</span> <span class='ocrx_word' id='word_1_761' title='bbox 1395 5195 1511 5250; x_wconf 91' lang='lat' dir='ltr'>suis</span> <span class='ocrx_word' id='word_1_762' title='bbox 1524 5199 1898 5265; x_wconf 77' lang='lat' dir='ltr'>(Pclag.,lzbell</span> <span class='ocrx_word' id='word_1_763' title='bbox 1907 5239 1917 5250; x_wconf 98' lang='lat'>.</span> <span class='ocrx_word' id='word_1_764' title='bbox 1949 5199 2038 5263; x_wconf 84' lang='grc'>15,</span> 
     </span>
    </p>
   </div>
   <div class='ocr_carea' id='block_1_70' title="bbox 450 5277 2041 5358">
    <p class='ocr_par' dir='ltr' id='par_1_70' title="bbox 450 5277 2041 5358">
     <span class='ocr_line' id='line_1_70' title="bbox 450 5277 2041 5358; baseline 0.005 -24"><span class='ocrx_word' id='word_1_765' title='bbox 450 5296 609 5335; x_wconf 80' lang='lat' dir='ltr'>num.</span> <span class='ocrx_word' id='word_1_766' title='bbox 644 5277 732 5344; x_wconf 74' lang='lat' dir='ltr'>3i,</span> <span class='ocrx_word' id='word_1_767' title='bbox 762 5283 987 5334; x_wconf 79' lang='lat' dir='ltr'>nomine</span> <span class='ocrx_word' id='word_1_768' title='bbox 1015 5281 1299 5353; x_wconf 73' lang='lat' dir='ltr'>Olympii).</span> <span class='ocrx_word' id='word_1_769' title='bbox 1328 5284 1436 5339; x_wconf 91' lang='lat' dir='ltr'>Sed</span> <span class='ocrx_word' id='word_1_770' title='bbox 1474 5285 1686 5340; x_wconf 91' lang='lat' dir='ltr'>domini</span> <span class='ocrx_word' id='word_1_771' title='bbox 1715 5288 1838 5357; x_wconf 88' lang='lat' dir='ltr'>ejus</span> <span class='ocrx_word' id='word_1_772' title='bbox 1859 5288 2041 5358; x_wconf 89' lang='lat' dir='ltr'>magis</span> 
     </span>
    </p>
   </div>
   <div class='ocr_carea' id='block_1_71' title="bbox 446 5367 2040 5440">
    <p class='ocr_par' dir='ltr' id='par_1_71' title="bbox 446 5367 2040 5440">
     <span class='ocr_line' id='line_1_71' title="bbox 446 5367 2040 5440; baseline 0.004 -16"><span class='ocrx_word' id='word_1_773' title='bbox 446 5367 818 5425; x_wconf 89' lang='lat' dir='ltr'>reverentiam</span> <span class='ocrx_word' id='word_1_774' title='bbox 833 5384 936 5440; x_wconf 89' lang='lat' dir='ltr'>pro</span> <span class='ocrx_word' id='word_1_775' title='bbox 956 5369 1158 5426; x_wconf 91' lang='lat' dir='ltr'>timore</span> <span class='ocrx_word' id='word_1_776' title='bbox 1187 5373 1286 5427; x_wconf 92' lang='lat' dir='ltr'>Dei</span> <span class='ocrx_word' id='word_1_777' title='bbox 1300 5373 1568 5430; x_wconf 87' lang='lat' dir='ltr'>habentes</span> <span class='ocrx_word' id='word_1_778' title='bbox 1586 5375 1733 5430; x_wconf 89' lang='lat' dir='ltr'>circa</span> <span class='ocrx_word' id='word_1_779' title='bbox 1754 5392 1903 5440; x_wconf 91' lang='lat' dir='ltr'>eum,</span> <span class='ocrx_word' id='word_1_780' title='bbox 1945 5376 2040 5430; x_wconf 85' lang='lat' dir='ltr'>ho-</span> 
     </span>
    </p>
   </div>
   <div class='ocr_carea' id='block_1_72' title="bbox 444 5458 2036 5537">
    <p class='ocr_par' dir='ltr' id='par_1_72' title="bbox 444 5458 2036 5537">
     <span class='ocr_line' id='line_1_72' title="bbox 444 5458 2036 5537; baseline 0.004 -23"><span class='ocrx_word' id='word_1_781' title='bbox 444 5458 724 5514; x_wconf 85' lang='lat' dir='ltr'>norabant</span> <span class='ocrx_word' id='word_1_782' title='bbox 750 5463 1105 5514; x_wconf 88' lang='lat' dir='ltr'>occurrentes</span> <span class='ocrx_word' id='word_1_783' title='bbox 1126 5462 1502 5518; x_wconf 87' lang='lat' dir='ltr'>etsalutantes</span> <span class='ocrx_word' id='word_1_784' title='bbox 1512 5481 1661 5530; x_wconf 87' lang='lat' dir='ltr'>eum,</span> <span class='ocrx_word' id='word_1_785' title='bbox 1669 5469 1854 5536; x_wconf 75' lang='lat' dir='ltr'>petent</span> <span class='ocrx_word' id='word_1_786' title='bbox 1865 5481 2036 5537; x_wconf 89' lang='lat' dir='ltr'>esque</span> 
     </span>
    </p>
   </div>
   <div class='ocr_carea' id='block_1_73' title="bbox 441 5547 2034 5620">
    <p class='ocr_par' dir='ltr' id='par_1_73' title="bbox 441 5547 2034 5620">
     <span class='ocr_line' id='line_1_73' title="bbox 441 5547 2034 5620; baseline 0.003 -16"><span class='ocrx_word' id='word_1_787' title='bbox 441 5555 504 5604; x_wconf 88' lang='lat' dir='ltr'>ut</span> <span class='ocrx_word' id='word_1_788' title='bbox 531 5566 632 5620; x_wconf 89' lang='lat' dir='ltr'>pro</span> <span class='ocrx_word' id='word_1_789' title='bbox 657 5548 738 5604; x_wconf 89' lang='lat' dir='ltr'>eis</span> <span class='ocrx_word' id='word_1_790' title='bbox 768 5547 1070 5604; x_wconf 90' lang='lat' dir='ltr'>Dominum</span> <span class='ocrx_word' id='word_1_791' title='bbox 1095 5557 1368 5609; x_wconf 82' lang='lat' dir='ltr'>exoraret.</span> <span class='ocrx_word' id='word_1_792' title='bbox 1405 5551 1502 5606; x_wconf 91' lang='lat' dir='ltr'>Ille</span> <span class='ocrx_word' id='word_1_793' title='bbox 1530 5557 1725 5607; x_wconf 85' lang='lat' dir='ltr'>autem</span> <span class='ocrx_word' id='word_1_794' title='bbox 1775 5553 2034 5608; x_wconf 90' lang='lat' dir='ltr'>mittebat</span> 
     </span>
    </p>
   </div>
   <div class='ocr_carea' id='block_1_74' title="bbox 2139 4480 3694 4552">
    <p class='ocr_par' dir='ltr' id='par_1_74' title="bbox 2139 4480 3694 4552">
     <span class='ocr_line' id='line_1_74' title="bbox 2139 4480 3694 4552; baseline -0.005 -16"><span class='ocrx_word' id='word_1_795' title='bbox 2139 4482 2403 4537; x_wconf 90' lang='lat' dir='ltr'>cenderet</span> <span class='ocrx_word' id='word_1_796' title='bbox 2434 4501 2446 4549; x_wconf 90' lang='lat'><strong>;</strong></span> <span class='ocrx_word' id='word_1_797' title='bbox 2482 4497 2829 4552; x_wconf 87' lang='lat' dir='ltr'>surgensque</span> <span class='ocrx_word' id='word_1_798' title='bbox 2858 4481 3046 4535; x_wconf 90' lang='lat' dir='ltr'>senior</span> <span class='ocrx_word' id='word_1_799' title='bbox 3076 4480 3248 4552; x_wconf 64' lang='lat' dir='ltr'>cepit</span> <span class='ocrx_word' id='word_1_800' title='bbox 3275 4484 3559 4552; x_wconf 88' lang='lat' dir='ltr'>percutere</span> <span class='ocrx_word' id='word_1_801' title='bbox 3593 4489 3694 4528; x_wconf 85' lang='lat' dir='ltr'>cum</span> 
     </span>
    </p>
   </div>
   <div class='ocr_carea' id='block_1_75' title="bbox 2136 4569 3695 4642">
    <p class='ocr_par' dir='ltr' id='par_1_75' title="bbox 2136 4569 3695 4642">
     <span class='ocr_line' id='line_1_75' title="bbox 2136 4569 3695 4642; baseline -0.004 -18"><span class='ocrx_word' id='word_1_802' title='bbox 2136 4571 2324 4625; x_wconf 91' lang='lat' dir='ltr'>furore</span> <span class='ocrx_word' id='word_1_803' title='bbox 2347 4572 2577 4626; x_wconf 87' lang='lat' dir='ltr'>fratrem</span> <span class='ocrx_word' id='word_1_804' title='bbox 2597 4587 2783 4625; x_wconf 89' lang='lat' dir='ltr'>suum.</span> <span class='ocrx_word' id='word_1_805' title='bbox 2813 4570 2912 4624; x_wconf 93' lang='lat' dir='ltr'>Ille</span> <span class='ocrx_word' id='word_1_806' title='bbox 2935 4586 3064 4624; x_wconf 90' lang='lat' dir='ltr'>vero</span> <span class='ocrx_word' id='word_1_807' title='bbox 3091 4569 3479 4642; x_wconf 89' lang='lat' dir='ltr'>prostratusin</span> <span class='ocrx_word' id='word_1_808' title='bbox 3500 4573 3695 4627; x_wconf 87' lang='lat' dir='ltr'>terram,</span> 
     </span>
    </p>
   </div>
   <div class='ocr_carea' id='block_1_76' title="bbox 2136 4655 3695 4731">
    <p class='ocr_par' dir='ltr' id='par_1_76' title="bbox 2136 4655 3695 4731">
     <span class='ocr_line' id='line_1_76' title="bbox 2136 4655 3695 4731; baseline -0.007 -17"><span class='ocrx_word' id='word_1_809' title='bbox 2136 4655 2542 4731; x_wconf 89' lang='lat' dir='ltr'>deprecabatur</span> <span class='ocrx_word' id='word_1_810' title='bbox 2553 4675 2885 4730; x_wconf 88' lang='lat' dir='ltr'>germanum</span> <span class='ocrx_word' id='word_1_811' title='bbox 2904 4676 3088 4725; x_wconf 91' lang='lat' dir='ltr'>suum,</span> <span class='ocrx_word' id='word_1_812' title='bbox 3104 4658 3298 4713; x_wconf 88' lang='lat' dir='ltr'>dicens</span> <span class='ocrx_word' id='word_1_813' title='bbox 3314 4678 3325 4711; x_wconf 95' lang='lat'><strong>:</strong></span> <span class='ocrx_word' id='word_1_814' title='bbox 3342 4655 3695 4728; x_wconf 84' lang='lat' dir='ltr'>Magnanimus</span> 
     </span>
    </p>
   </div>
   <div class='ocr_carea' id='block_1_77' title="bbox 2135 4741 3695 4820">
    <p class='ocr_par' dir='ltr' id='par_1_77' title="bbox 2135 4741 3695 4820">
     <span class='ocr_line' id='line_1_77' title="bbox 2135 4741 3695 4820; baseline -0.003 -17"><span class='ocrx_word' id='word_1_815' title='bbox 2135 4756 2273 4815; x_wconf 89' lang='lat' dir='ltr'>esto,</span> <span class='ocrx_word' id='word_1_816' title='bbox 2297 4749 2542 4814; x_wconf 89' lang='lat' dir='ltr'>domine,</span> <span class='ocrx_word' id='word_1_817' title='bbox 2569 4754 2626 4803; x_wconf 91' lang='lat' dir='ltr'>et</span> <span class='ocrx_word' id='word_1_818' title='bbox 2649 4765 2750 4820; x_wconf 90' lang='lat' dir='ltr'>ego</span> <span class='ocrx_word' id='word_1_819' title='bbox 2771 4764 2966 4803; x_wconf 90' lang='lat' dir='ltr'>rursus</span> <span class='ocrx_word' id='word_1_820' title='bbox 2986 4748 3230 4803; x_wconf 88' lang='lat' dir='ltr'>accendo</span> <span class='ocrx_word' id='word_1_821' title='bbox 3268 4741 3695 4811; x_wconf 73' lang='lat' dir='ltr'>lucernamErgo</span> 
     </span>
    </p>
   </div>
   <div class='ocr_carea' id='block_1_78' title="bbox 2133 4831 3694 4911">
    <p class='ocr_par' dir='ltr' id='par_1_78' title="bbox 2133 4831 3694 4911">
     <span class='ocr_line' id='line_1_78' title="bbox 2133 4831 3694 4911; baseline -0.006 -18"><span class='ocrx_word' id='word_1_822' title='bbox 2133 4839 2266 4911; x_wconf 90' lang='lat' dir='ltr'>quia</span> <span class='ocrx_word' id='word_1_823' title='bbox 2283 4855 2394 4892; x_wconf 92' lang='lat' dir='ltr'>non</span> <span class='ocrx_word' id='word_1_824' title='bbox 2407 4837 2694 4909; x_wconf 89' lang='lat' dir='ltr'>respondit</span> <span class='ocrx_word' id='word_1_825' title='bbox 2707 4837 2758 4892; x_wconf 92' lang='lat' dir='ltr'>ei</span> <span class='ocrx_word' id='word_1_826' title='bbox 2779 4836 3163 4892; x_wconf 89' lang='lat' dir='ltr'>turbulentum</span> <span class='ocrx_word' id='word_1_827' title='bbox 3187 4831 3694 4898; x_wconf 87' lang='lat' dir='ltr'>sermonem,statim</span> 
     </span>
    </p>
   </div>
   <div class='ocr_carea' id='block_1_79' title="bbox 2133 4925 3694 4999">
    <p class='ocr_par' dir='ltr' id='par_1_79' title="bbox 2133 4925 3694 4999">
     <span class='ocr_line' id='line_1_79' title="bbox 2133 4925 3694 4999; baseline -0.006 -17"><span class='ocrx_word' id='word_1_828' title='bbox 2133 4929 2410 4999; x_wconf 81' lang='lat' dir='ltr'>malignus</span> <span class='ocrx_word' id='word_1_829' title='bbox 2427 4928 2658 4999; x_wconf 86' lang='lat' dir='ltr'>spiritus</span> <span class='ocrx_word' id='word_1_830' title='bbox 2674 4925 2937 4981; x_wconf 88' lang='lat' dir='ltr'>confusus</span> <span class='ocrx_word' id='word_1_831' title='bbox 2947 4926 3176 4980; x_wconf 89' lang='lat' dir='ltr'>recessit</span> <span class='ocrx_word' id='word_1_832' title='bbox 3191 4925 3262 4980; x_wconf 89' lang='lat' dir='ltr'>ab</span> <span class='ocrx_word' id='word_1_833' title='bbox 3275 4926 3377 4980; x_wconf 91' lang='lat' dir='ltr'>eis.</span> <span class='ocrx_word' id='word_1_834' title='bbox 3407 4925 3475 4980; x_wconf 89' lang='lat' dir='ltr'>Et</span> <span class='ocrx_word' id='word_1_835' title='bbox 3490 4935 3694 4995; x_wconf 74' lang='lat' dir='ltr'>pergens</span> 
     </span>
    </p>
   </div>
   <div class='ocr_carea' id='block_1_80' title="bbox 2131 5011 3690 5088">
    <p class='ocr_par' dir='ltr' id='par_1_80' title="bbox 2131 5011 3690 5088">
     <span class='ocr_line' id='line_1_80' title="bbox 2131 5011 3690 5088; baseline -0.008 -16"><span class='ocrx_word' id='word_1_836' title='bbox 2131 5019 2327 5073; x_wconf 84' lang='lat' dir='ltr'>eadem</span> <span class='ocrx_word' id='word_1_837' title='bbox 2358 5023 2518 5071; x_wconf 88' lang='lat' dir='ltr'>nocte</span> <span class='ocrx_word' id='word_1_838' title='bbox 2545 5017 2826 5070; x_wconf 89' lang='lat' dir='ltr'>nuntiavit</span> <span class='ocrx_word' id='word_1_839' title='bbox 2852 5015 3091 5088; x_wconf 88' lang='lat' dir='ltr'>principi</span> <span class='ocrx_word' id='word_1_840' title='bbox 3113 5015 3460 5081; x_wconf 64' lang='lat' dir='ltr'>daemonum,</span> <span class='ocrx_word' id='word_1_841' title='bbox 3491 5011 3690 5066; x_wconf 86' lang='lat' dir='ltr'>dicens:</span> 
     </span>
    </p>
   </div>
   <div class='ocr_carea' id='block_1_81' title="bbox 2130 5095 3692 5177">
    <p class='ocr_par' dir='ltr' id='par_1_81' title="bbox 2130 5095 3692 5177">
     <span class='ocr_line' id='line_1_81' title="bbox 2130 5095 3692 5177; baseline -0.006 -17"><span class='ocrx_word' id='word_1_842' title='bbox 2130 5106 2406 5170; x_wconf 90' lang='lat' dir='ltr'>Quoniam</span> <span class='ocrx_word' id='word_1_843' title='bbox 2435 5111 2666 5177; x_wconf 90' lang='lat' dir='ltr'>propter</span> <span class='ocrx_word' id='word_1_844' title='bbox 2696 5103 3072 5159; x_wconf 88' lang='lat' dir='ltr'>humilitatem</span> <span class='ocrx_word' id='word_1_845' title='bbox 3120 5103 3271 5158; x_wconf 87' lang='lat' dir='ltr'>illius</span> <span class='ocrx_word' id='word_1_846' title='bbox 3313 5100 3588 5167; x_wconf 83' lang='lat' dir='ltr'>monachi,</span> <span class='ocrx_word' id='word_1_847' title='bbox 3616 5095 3692 5169; x_wconf 88' lang='lat' dir='ltr'>qui</span> 
     </span>
    </p>
   </div>
   <div class='ocr_carea' id='block_1_82' title="bbox 2125 5191 3690 5267">
    <p class='ocr_par' dir='ltr' id='par_1_82' title="bbox 2125 5191 3690 5267">
     <span class='ocr_line' id='line_1_82' title="bbox 2125 5191 3690 5267; baseline -0.005 -19"><span class='ocrx_word' id='word_1_848' title='bbox 2125 5201 2438 5267; x_wconf 88' lang='lat' dir='ltr'>prostratus</span> <span class='ocrx_word' id='word_1_849' title='bbox 2466 5196 2524 5249; x_wconf 91' lang='lat' dir='ltr'>in</span> <span class='ocrx_word' id='word_1_850' title='bbox 2552 5200 2707 5249; x_wconf 89' lang='lat' dir='ltr'>terra</span> <span class='ocrx_word' id='word_1_851' title='bbox 2734 5194 2953 5249; x_wconf 84' lang='lat' dir='ltr'>veniam</span> <span class='ocrx_word' id='word_1_852' title='bbox 2983 5191 3307 5265; x_wconf 87' lang='lat' dir='ltr'>postulabat</span> <span class='ocrx_word' id='word_1_853' title='bbox 3335 5209 3371 5246; x_wconf 82' lang='lat' dir='ltr'>a</span> <span class='ocrx_word' id='word_1_854' title='bbox 3390 5193 3556 5246; x_wconf 86' lang='lat' dir='ltr'>fratre</span> <span class='ocrx_word' id='word_1_855' title='bbox 3584 5203 3690 5249; x_wconf 93' lang='lat' dir='ltr'>suo,</span> 
     </span>
    </p>
   </div>
   <div class='ocr_carea' id='block_1_83' title="bbox 2124 5279 3691 5356">
    <p class='ocr_par' dir='ltr' id='par_1_83' title="bbox 2124 5279 3691 5356">
     <span class='ocr_line' id='line_1_83' title="bbox 2124 5279 3691 5356; baseline -0.007 -17"><span class='ocrx_word' id='word_1_856' title='bbox 2124 5302 2236 5340; x_wconf 92' lang='lat' dir='ltr'>non</span> <span class='ocrx_word' id='word_1_857' title='bbox 2265 5285 2530 5356; x_wconf 77' lang='lat' dir='ltr'>przevalui</span> <span class='ocrx_word' id='word_1_858' title='bbox 2560 5284 2618 5338; x_wconf 91' lang='lat' dir='ltr'>in</span> <span class='ocrx_word' id='word_1_859' title='bbox 2649 5283 2748 5338; x_wconf 90' lang='lat' dir='ltr'>eis.</span> <span class='ocrx_word' id='word_1_860' title='bbox 2784 5283 3100 5354; x_wconf 67' lang='lat' dir='ltr'>\‘idensque</span> <span class='ocrx_word' id='word_1_861' title='bbox 3128 5283 3280 5338; x_wconf 87' lang='lat' dir='ltr'>Deus</span> <span class='ocrx_word' id='word_1_862' title='bbox 3342 5279 3691 5336; x_wconf 86' lang='lat' dir='ltr'>humilitatem</span> 
     </span>
    </p>
   </div>
   <div class='ocr_carea' id='block_1_84' title="bbox 2122 5367 3692 5452">
    <p class='ocr_par' dir='ltr' id='par_1_84' title="bbox 2122 5367 3692 5452">
     <span class='ocr_line' id='line_1_84' title="bbox 2122 5367 3692 5452; baseline -0.006 -24"><span class='ocrx_word' id='word_1_863' title='bbox 2122 5375 2264 5445; x_wconf 90' lang='lat' dir='ltr'>ejus,</span> <span class='ocrx_word' id='word_1_864' title='bbox 2297 5373 2494 5452; x_wconf 82' lang='lat' dir='ltr'>effudit</span> <span class='ocrx_word' id='word_1_865' title='bbox 2519 5389 2690 5446; x_wconf 87' lang='lat' dir='ltr'>super</span> <span class='ocrx_word' id='word_1_866' title='bbox 2709 5390 2838 5428; x_wconf 91' lang='lat' dir='ltr'>eum</span> <span class='ocrx_word' id='word_1_867' title='bbox 2853 5373 3096 5445; x_wconf 85' lang='lat' dir='ltr'>gratiam</span> <span class='ocrx_word' id='word_1_868' title='bbox 3117 5389 3281 5428; x_wconf 86' lang='lat' dir='ltr'>suam</span> <span class='ocrx_word' id='word_1_869' title='bbox 3301 5391 3316 5437; x_wconf 90' lang='lat'><strong>;</strong></span> <span class='ocrx_word' id='word_1_870' title='bbox 3341 5379 3400 5426; x_wconf 89' lang='lat' dir='ltr'>et</span> <span class='ocrx_word' id='word_1_871' title='bbox 3419 5386 3522 5441; x_wconf 89' lang='lat' dir='ltr'>ego</span> <span class='ocrx_word' id='word_1_872' title='bbox 3536 5367 3692 5422; x_wconf 86' lang='lat' dir='ltr'>sentio</span> 
     </span>
    </p>
   </div>
   <div class='ocr_carea' id='block_1_85' title="bbox 2121 5459 3690 5535">
    <p class='ocr_par' dir='ltr' id='par_1_85' title="bbox 2121 5459 3690 5535">
     <span class='ocr_line' id='line_1_85' title="bbox 2121 5459 3690 5535; baseline -0.007 -17"><span class='ocrx_word' id='word_1_873' title='bbox 2121 5481 2210 5518; x_wconf 90' lang='lat' dir='ltr'>me</span> <span class='ocrx_word' id='word_1_874' title='bbox 2250 5465 2405 5519; x_wconf 89' lang='lat' dir='ltr'>valde</span> <span class='ocrx_word' id='word_1_875' title='bbox 2433 5463 2684 5535; x_wconf 89' lang='lat' dir='ltr'>torqueri</span> <span class='ocrx_word' id='word_1_876' title='bbox 2703 5468 2871 5534; x_wconf 91' lang='lat' dir='ltr'>atque</span> <span class='ocrx_word' id='word_1_877' title='bbox 2885 5463 3141 5529; x_wconf 88' lang='lat' dir='ltr'>cruciari,</span> <span class='ocrx_word' id='word_1_878' title='bbox 3162 5459 3432 5533; x_wconf 88' lang='lat' dir='ltr'>quoniam</span> <span class='ocrx_word' id='word_1_879' title='bbox 3454 5471 3558 5512; x_wconf 91' lang='lat' dir='ltr'>non</span> <span class='ocrx_word' id='word_1_880' title='bbox 3573 5469 3690 5528; x_wconf 69' lang='lat' dir='ltr'>pm-</span> 
     </span>
    </p>
   </div>
   <div class='ocr_carea' id='block_1_86' title="bbox 2119 5545 3689 5626">
    <p class='ocr_par' dir='ltr' id='par_1_86' title="bbox 2119 5545 3689 5626">
     <span class='ocr_line' id='line_1_86' title="bbox 2119 5545 3689 5626; baseline -0.005 -19"><span class='ocrx_word' id='word_1_881' title='bbox 2119 5553 2269 5609; x_wconf 83' lang='lat' dir='ltr'>valui</span> <span class='ocrx_word' id='word_1_882' title='bbox 2296 5570 2390 5609; x_wconf 89' lang='lat' dir='ltr'>eos</span> <span class='ocrx_word' id='word_1_883' title='bbox 2409 5570 2672 5626; x_wconf 84' lang='lat' dir='ltr'>separare</span> <span class='ocrx_word' id='word_1_884' title='bbox 2701 5553 2773 5608; x_wconf 90' lang='lat' dir='ltr'>ab</span> <span class='ocrx_word' id='word_1_885' title='bbox 2821 5552 3076 5609; x_wconf 89' lang='lat' dir='ltr'>invicem.</span> <span class='ocrx_word' id='word_1_886' title='bbox 3112 5553 3239 5607; x_wconf 63' lang='lat' dir='ltr'>Hec.</span> <span class='ocrx_word' id='word_1_887' title='bbox 3280 5557 3477 5606; x_wconf 71' lang='lat' dir='ltr'>autem</span> <span class='ocrx_word' id='word_1_888' title='bbox 3521 5545 3689 5605; x_wconf 82' lang='lat' dir='ltr'>omnia</span> 
     </span>
    </p>
   </div>
  </div>
