3892 6182
208 298 289 356 749

1486 295 1722 352 VERBA
1762 293 2154 351 SENIORUM.

3348 305 3455 365 750

206 422 346 478 verba
362 422 599 478 audiens
616 421 879 477 sacerdos
907 420 1186 476 idolorum
1214 420 1309 493 qui
1344 420 1434 476 ibi
1463 438 1779 477 commane-
1794 424 1843 483 Î‘
1857 426 2125 476 aeternam
2153 424 2212 475 et
2229 418 2300 475 ad
2321 419 2567 477 caelestia
2584 422 2817 494 praemia
2825 424 3115 496 pervenire
3129 428 3373 500 possitis.
3387 430 3454 488 In

206 513 296 579 bat,
317 518 683 584 compunctus
703 511 869 567 estin
890 511 1095 566 timore
1114 510 1338 566 Domini
1350 516 1409 566 et
1424 527 1617 567 amore
1645 512 1675 567 J
1679 528 1778 567 esu

206 602 405 668 Christi;
425 602 785 657 considerans
804 601 954 655 enim
977 600 1244 671 quoniam
1258 600 1438 671 magis
1454 600 1702 656 seductio
1723 606 1782 656 et

204 691 417 764 perditio
450 692 770 747 animarum
799 696 886 745 est
912 690 1097 745 cultus
1126 689 1422 756 idolorum,
1458 690 1779 762 relinquens

206 781 385 843 omnia,
418 780 754 835 festinanter
792 780 1039 853 perrexit
1079 780 1149 833 ad
1198 784 1422 834 sanctos
1467 780 1663 835 Patres
1708 780 1779 834 ad

205 870 607 935 monasterium,
641 874 699 924 et
720 869 918 924 retulit
940 869 1022 924 eis
1067 868 1257 923 omnia
1302 885 1424 939 quae
1454 885 1553 939 per
1589 872 1779 936 498

205 959 452 1012 malitiam
492 959 773 1015 damones
815 958 963 1012 inter
998 975 1058 1011 se
1090 957 1480 1029 loquebantur.
1526 959 1780 1029 Cumque

206 1048 405 1102 monitis
433 1047 776 1101 salutaribus
799 1047 1197 1101 instruxissent
1220 1063 1348 1101 eum
1380 1048 1559 1102 sancti
1585 1048 1781 1102 Patres

208 1138 262 1190 de
273 1136 521 1191 doctrina
531 1136 752 1191 Domini
767 1136 1409 1208 Salvatoris,baptizatus
1422 1142 1587 1203 est;et
1603 1136 1782 1191 sancti

205 1225 453 1297 propositi
481 1225 882 1280 monachorum
911 1226 1084 1279 vitam
1113 1225 1371 1297 arripuit,
1395 1231 1451 1279 et
1479 1225 1781 1297 adjuvante

205 1321 250 1369 et
267 1320 598 1386 cooperante
625 1314 812 1385 gratia
839 1314 960 1381 Dei,
1002 1314 1181 1369 factus
1226 1321 1311 1369 est
1353 1314 1781 1386 probatissimus

1861 510 2094 566 veritate
2108 509 2257 565 enim
2268 510 2391 566 dico
2407 510 2509 566 tibi
2524 511 2660 583 quia
2671 519 2824 569 certe
2843 514 2902 570 in
2915 532 3091 588 regno
3105 523 3275 576 natus
3302 536 3451 589 sum,

1862 606 1919 655 et
1936 608 2085 654 nunc
2104 600 2161 655 in
2172 616 2346 672 regno
2366 600 2527 672 dego,
2553 606 2611 656 et
2629 618 2919 675 nunquam
2940 605 3062 661 sine
3080 607 3457 666 sollicitudine

1861 689 2047 744 cibum
2079 689 2257 761 capio.
2290 690 2426 745 Post
2453 690 2570 745 haec
2588 697 2778 747 autem
2806 693 2967 749 valde
2987 695 3293 753 honorifice
3311 700 3459 754 salu-

1860 779 2003 833 tavit
2015 795 2141 833 eum
2158 778 2484 851 imperator,
2500 786 2557 834 et
2568 780 2647 835 ita
2667 797 2924 852 egressus
2947 790 3033 838 est
3059 784 3128 839 ab
3148 803 3233 843 eo.
3249 788 3458 844 Eadem

1863 872 2052 923 autem
2077 873 2240 923 nocte
2256 868 2425 940 coepit
2443 870 2592 924 intra
2615 887 2674 925 se
2702 871 2947 942 cogitare
2974 873 3217 931 famulus
3236 876 3459 944 Dei,di-

1863 974 1993 1011 cens
2017 976 2028 1010 :
2055 958 2331 1021 Quoniam
2345 975 2457 1012 non
2478 960 2823 1030 oportetjam
2845 978 2935 1016 me
2951 961 3009 1016 in
3026 963 3130 1017 hoc
3146 965 3265 1019 loco
3295 981 3416 1021 esse
3439 985 3454 1035 ;

1863 1046 2025 1099 multi
2059 1045 2209 1100 enim
2238 1062 2352 1100 non
2381 1047 2565 1101 solum
2594 1047 2664 1101 de
2693 1049 2918 1119 populo,
2952 1050 3050 1104 sed
3080 1052 3251 1107 etiam
3273 1053 3342 1108 de
3366 1071 3461 1126 pa-

1863 1134 1997 1188 latio
2026 1139 2084 1188 et
2107 1134 2178 1188 de
2206 1134 2561 1191 senatoribus
2593 1138 2992 1209 quamplurimi
3014 1141 3329 1213 exemplum
3359 1143 3462 1198 im-

1864 1223 2141 1295 peratoris
2172 1224 2370 1291 secuti,
2402 1224 2474 1278 ad
2502 1225 2804 1281 videndum
2833 1243 2924 1282 me
2952 1228 3174 1283 venturi
3214 1236 3365 1298 sunt,
3407 1237 3467 1287 et

1864 1312 2135 1367 honorem
2173 1313 2312 1368 mihi
2349 1318 2620 1385 tanquam
2663 1331 2821 1371 servo
2860 1316 2961 1371 Dei
2996 1318 3299 1374 deferendo
3351 1336 3463 1376 non

1865 1402 2182 1457 cessabunt.
2207 1403 2278 1457 Et
2296 1402 2378 1456 illi
2394 1403 2620 1474 quidem
2634 1404 2753 1459 haec
2766 1410 2997 1476 propter
3010 1423 3217 1463 nomen
3236 1409 3463 1465 Domini

1863 1490 2065 1545 facturi
2098 1497 2248 1555 sunt,
2269 1508 2371 1561 ego
2391 1498 2583 1547 autem
2610 1492 2780 1548 timeo
2814 1510 2885 1549 ne
2902 1494 3048 1550 forte
3067 1496 3322 1553 diabolus
3350 1514 3466 1554 ma-

205 1404 511 1470 monachus,
526 1409 861 1475 tantumque
887 1408 1185 1459 veneratus
1211 1410 1295 1457 est
1323 1408 1380 1458 et
1397 1403 1583 1459 tenuit
1603 1404 1783 1459 virtu-

203 1498 297 1547 tem
316 1492 672 1558 humilitatis,
706 1498 770 1547 ut
797 1509 993 1548 omnes
1014 1493 1245 1547 nimiam
1262 1492 1639 1548 humilitatem
1661 1494 1783 1564 ejus

204 1581 616 1638 admirarentur.
630 1581 861 1636 Dicebat
880 1582 1050 1646 enim,
1077 1582 1342 1653 quoniam
1364 1598 1587 1636 omnem
1603 1582 1782 1635 virtu-
1866 1579 2053 1650 lignus
2086 1579 2222 1634 mihi
2250 1579 2527 1652 subripiat
2559 1581 2656 1652 (8),
2700 1587 2756 1637 et
2788 1581 3030 1638 libenter
3077 1585 3343 1657 incipiam
3372 1603 3471 1643 eos

204 1674 296 1724 tem
352 1671 809 1726 adversariorum
864 1678 1186 1726 nostrorum
1240 1672 1560 1726 daemonum
1617 1670 1787 1725 solvit
1868 1669 2175 1740 suscipere,
2218 1673 2276 1723 et
2302 1670 2718 1726 condelectetur
2752 1688 2849 1727 cor
2874 1689 3065 1728 meum
3093 1674 3261 1730 laude
3288 1680 3346 1730 et
3372 1676 3471 1731 ho-

204 1759 518 1814 humilitatis
547 1760 805 1815 intentio.
833 1760 1085 1832 Denique
1102 1766 1159 1815 et
1176 1760 1448 1815 Dominus
1474 1765 1667 1815 noster
1696 1748 1849 1813 Je-B
1873 1774 2008 1812 nere
2030 1774 2247 1823 eorum,
2279 1764 2337 1813 et
2365 1775 2466 1830 per
2492 1759 2607 1815 haec
2631 1762 2750 1831 jam
2780 1761 3045 1834 incipiam
3072 1764 3340 1820 virtutem
3366 1764 3469 1821 hu-

203 1864 281 1903 sus
300 1849 556 1904 Christus
576 1867 677 1921 per
694 1850 1067 1905 humilitatem
1082 1849 1454 1921 triumphavit
1475 1849 1780 1916 diabolum,
1866 1846 2122 1902 militatis
2144 1848 2398 1919 perdere,
2415 1853 2473 1903 et
2499 1849 2761 1905 laudibus
2780 1856 2950 1923 atque
2964 1852 3273 1909 honoribus
3292 1855 3470 1910 homi-

204 1944 250 1992 et
272 1955 494 1994 omnem
526 1941 649 2010 ejus
678 1941 944 1994 virtutem
986 1939 1264 1994 contrivit.
1313 1939 1569 1993 Addebat
1613 1939 1784 1993 etiam
1866 1953 2002 1991 num
2029 1936 2319 1991 delectari.
2352 1937 2484 1992 Haec
2513 1938 2689 2010 igitur
2714 1940 2909 1995 omnia
2941 1941 3112 1998 homo
3139 1943 3244 1998 Dei
3272 1959 3465 2000 secum

204 2026 384 2093 dicens,
424 2029 692 2099 quoniam
720 2029 1045 2100 frequenter
1072 2029 1322 2083 audisset
1343 2028 1786 2083 daemonesinter
1868 2025 2138 2096 cogitans,
2183 2026 2381 2105 eadem
2423 2033 2587 2081 nocte
2641 2027 2787 2100 fugit
2834 2029 2986 2098 inde,
3043 2035 3101 2085 et
3139 2033 3383 2104 perrexit
3407 2032 3468 2089 in

203 2133 251 2170 se
275 2117 581 2188 loquentes,
617 2118 750 2189 quia
770 2118 993 2189 quando
1011 2118 1081 2172 ad
1109 2117 1461 2172 iracundiam
1491 2116 1784 2172 succendi-
1867 2114 2169 2185 Egyptum
2200 2115 2271 2169 ad
2290 2120 2515 2171 sanctos
2535 2116 2732 2171 Patres
2761 2117 2819 2171 in
2836 2134 3044 2173 eremo.
3068 2121 3266 2192 Itaque
3288 2121 3468 2178 consi-

204 2221 309 2259 mus
332 2207 505 2261 corda
530 2206 845 2273 hominum,
876 2207 923 2262 si
952 2208 1077 2278 quis
1125 2207 1460 2262 sustinuerit
1504 2206 1787 2278 patienter
1866 2203 2147 2271 deremus,
2177 2204 2527 2260 dilectissimi
2573 2204 2794 2273 fratres,
2844 2212 3057 2279 quanta
3091 2209 3467 2267 sollicitudine

204 2295 426 2351 convicia
440 2296 802 2366 injuriarum,
828 2301 1193 2351 etconversus
1218 2296 1397 2367 magis
1426 2296 1785 2367 rogaveritea
1867 2291 2130 2347 virtutem
2160 2292 2493 2348 humilitatis
2522 2295 2807 2350 custodire
2824 2295 3069 2352 famulus
3097 2298 3198 2353 Dei
3225 2299 3462 2367 studuit,

206 2400 307 2454 qua;
334 2384 401 2439 ad
421 2401 621 2457 pacem
639 2391 789 2453 sunt,
804 2386 1021 2440 dicens:
1048 2386 1187 2450 Quia
1207 2402 1308 2455 ego
1328 2385 1567 2456 peccavi,
1588 2385 1786 2440 statim
1867 2387 1930 2435 ut
1944 2382 2001 2435 in
2030 2382 2240 2436 ccelesti
2257 2399 2431 2453 regno
2455 2388 2724 2438 aeternam
2745 2384 2983 2455 gloriam
3005 2393 3108 2457 pro
3128 2386 3318 2443 labore
3332 2404 3467 2444 san-

203 2475 462 2529 sentimus
489 2491 714 2529 omnem
761 2480 1013 2530 nostram
1047 2475 1312 2530 virtutem
1342 2489 1610 2542 marcere,
1653 2474 1786 2547 quia
1866 2476 1968 2525 ctae
1987 2470 2111 2526 vitae
2131 2488 2264 2538 suae,
2290 2487 2458 2543 quem
2485 2478 2717 2544 prepter
2739 2489 2947 2529 nomen
2965 2474 3193 2531 Domini
3210 2491 3470 2534 exercue-

204 2564 541 2633 approximat
566 2564 646 2618 eis
660 2564 844 2636 gratia
858 2564 1058 2619 divinae
1080 2564 1365 2636 potentiae.
1868 2565 1975 2626 rat,
2008 2562 2298 2633 percipere
2327 2578 2362 2615 a
2391 2561 2614 2617 Christo
2644 2562 2886 2618 Domino
2916 2570 3250 2621 mereretur.

268 2650 338 2709 19.
360 2653 668 2708 Referebat
687 2659 876 2708 autem
907 2653 1106 2708 beatus
1137 2653 1326 2708 senior
1344 2654 1574 2707 Poemen
1593 2653 1784 2708 fratri-
1938 2648 2027 2705 20.
2052 2650 2133 2704 De
2147 2649 2252 2704 hoc
2273 2657 2463 2705 autem
2485 2650 2608 2722 ipso
2642 2656 2836 2707 sancto
2856 2652 3119 2710 Pcemene
3148 2655 3472 2715 referebant

200 2740 305 2807 bus,
333 2743 530 2797 dicens
553 2762 565 2796 :
591 2743 866 2807 Quoniam
888 2743 996 2798 fuit
1015 2743 1245 2814 quidam
1268 2759 1448 2815 nuper
1476 2742 1784 2797 monachus
1866 2738 1962 2792 alii
1994 2739 2172 2793 sancti
2188 2739 2437 2795 seniores
2453 2739 2704 2795 dicentes
2726 2759 2738 2793 Îµ
2760 2741 2902 2805 Qnia
2922 2743 3166 2814 quodam
3186 2750 3462 2819 tempore,

199 2829 247 2884 in
268 2832 752 2903 Constantinopoli
763 2831 1109 2903 temporibus
1117 2832 1413 2886 Theodosii
1429 2831 1784 2904 imperatoris
1865 2843 1992 2881 cum
2010 2828 2329 2883 advenisset
2334 2829 2505 2900 judex
2517 2828 3200 2905 provinciae,audissetque
3212 2841 3466 2892 sanctam

201 2920 403 2989 (Pclag.,
434 2923 609 2976 libell.
625 2938 712 2987 xv,
740 2939 898 2976 num.
933 2921 1043 2986 66).
1069 2920 1373 2975 Habitabat
1396 2927 1587 2975 autem
1613 2936 1786 2992 parva
1865 2916 2184 2988 opinionem
2209 2917 2357 2971 beati
2382 2917 2684 2983 Pmmenis,
2711 2918 3067 2975 desiderabat
3094 2922 3284 2978 videre
3307 2940 3458 2994 eum,

196 3008 319 3063 cella
342 3010 481 3065 foris
501 3010 780 3066 civitatem
804 3028 976 3083 prope
991 3011 1303 3084 proastium
1320 3011 1413 3081 (6),
1436 3010 1532 3081 qui
1552 3015 1785 3064 vocatur
1803 3072 1841 3084 Î‘
1864 3005 2125 3077 misitque
2137 3006 2399 3061 nuntium
2418 3006 2490 3061 ad
2501 3007 2986 3079 deprecandumut
3002 3009 3314 3082 susciperet
3329 3022 3463 3069 eum

195 3098 246 3152 iu
288 3100 539 3172 Septimo
572 3101 665 3169 (7),
698 3072 1012 3155 ubi-solent
1046 3072 1415 3172 imperatores
1452 3072 1667 3171 egressi
1713 3098 1782 3153 de
1800 3072 1844 3132 ÎŸ
1864 3072 2089 3163 (Pelag-ï¬
2126 3097 2292 3153 lz'bell.
2320 3110 2434 3163 vm,
2459 3072 2620 3152 nimi.
2642 3095 2756 3164 13).
2783 3096 2989 3153 Beatus
3009 3072 3202 3155 autem
3230 3100 3461 3159 Paemen

196 3186 397 3243 civitate
418 3189 669 3244 libenter
694 3190 916 3261 degere.
960 3190 1211 3244 Audiens
1250 3195 1438 3244 autem
1474 3190 1782 3261 imperator
1864 3184 2227 3239 contristatus
2254 3190 2341 3240 est
2368 3185 2544 3252 valde,
2578 3186 2832 3257 cogitans
2860 3187 3009 3259 apud
3038 3186 3409 3261 semetipsum
3444 3210 3458 3247 :

195 3278 326 3346 quod
345 3279 421 3332 ibi
445 3285 598 3333 esset
618 3279 845 3350 quidam
866 3279 1174 3333 monachus
1195 3279 1500 3343 solitarius,
1525 3278 1621 3349 qui
1634 3295 1781 3333 nun-
1864 3273 2006 3339 Quia
2031 3274 2076 3328 si
2106 3273 2376 3345 coeperint
2401 3290 2652 3346 persona:
2679 3274 2896 3331 nobiles
2910 3277 3102 3333 venire
3115 3278 3188 3334 ad
3207 3279 3462 3336 salutan-

195 3381 345 3434 quam
367 3356 769 3438 egrediebatur
786 3368 855 3422 de
873 3368 1032 3434 cella,
1047 3368 1214 3439 coepit
1228 3367 1639 3422 deambulando
1659 3384 1781 3438 per-
1863 3363 1998 3417 dum
2020 3368 2076 3418 et
2090 3363 2482 3419 honorandum
2501 3381 2612 3432 me,
2634 3365 2993 3421 manifestum
3015 3372 3103 3422 est
3130 3367 3266 3440 quia
3279 3374 3336 3425 et
3364 3369 3463 3425 alii

190 3472 308 3524 gere
334 3458 405 3511 ad
437 3474 576 3512 eum
598 3457 779 3512 locum
811 3457 906 3512 ubi
936 3463 1058 3513 erat
1077 3458 1430 3530 supradictus
1452 3458 1777 3522 monachus,
1866 3453 2029 3508 multi
2056 3454 2226 3508 etiam
2257 3454 2554 3526 populares
2578 3455 2837 3511 homines
2864 3455 3307 3528 frequentabunt
3336 3474 3458 3529 me;

192 3547 559 3616 praecepitque
589 3545 952 3617 sequentibus
979 3564 1038 3600 se
1065 3546 1337 3601 eunuchis
1373 3552 1436 3601 ut
1463 3546 1649 3600 nullus
1679 3562 1779 3617 rp-

191 3635 524 3703 proximaret
560 3635 630 3690 ad
660 3635 918 3689 cellulam
957 3636 1216 3690 monachi
1243 3636 1414 3690 illius.
1442 3637 1567 3707 Ipse
1590 3641 1779 3691 autem

189 3724 325 3778 solus
351 3725 629 3797 perrexit,
664 3724 1017 3796 pulsavitque
1047 3725 1271 3779 ostium.
1307 3726 1560 3780 Surrexit
1587 3732 1775 3781 autem

188 3816 511 3881 monachus,
534 3819 594 3869 et
621 3814 845 3886 aperuit
867 3814 939 3881 ei,
965 3819 1020 3868 et
1041 3830 1153 3868 non
1175 3816 1432 3885 cognovit
1460 3831 1589 3869 eum
1629 3816 1777 3887 quod

188 3908 322 3957 esset
339 3904 675 3975 imperator.
697 3904 929 3959 Tulerat
952 3903 1102 3957 enim
1113 3902 1215 3958 sibi
1234 3919 1493 3958 coronam
1516 3903 1584 3957 de
1595 3904 1777 3975 capite

186 4006 294 4053 suo,
326 3999 391 4048 ut
428 4010 552 4048 non
586 3998 1037 4064 cognosceretur.
1076 3993 1210 4047 Post
1246 3994 1557 4047 orationem
1586 3999 1777 4048 autem

184 4083 442 4138 sederunt
473 4083 712 4154 pariter,
746 4088 805 4137 et
826 4082 1193 4153 interrogavit
1208 4099 1336 4137 eum
1356 4083 1662 4153 imperator
1690 4081 1776 4136 di-

185 4186 303 4225 cens
328 4193 340 4226 :
374 4172 682 4238 Quomodo
710 4173 887 4227 sancti
914 4172 1110 4226 Patres
1143 4172 1356 4243 degunt
1407 4173 1468 4225 in
1496 4172 1735 4243 lEgypto
1753 4172 1779 4225 â€™I

181 4259 660 4334 Respondensque
713 4262 1038 4327 monachus,
1103 4261 1185 4315 ait
1224 4280 1235 4314 :
1295 4262 1503 4317 Omnes
1546 4266 1780 4315 exorant

181 4347 346 4405 Deum
366 4368 477 4423 pro
498 4352 682 4405 salute
711 4356 915 4405 vestra.
938 4348 1259 4423 Aspiciebat
1272 4356 1457 4405 autem
1475 4349 1779 4422 imperator

1863 3546 1919 3595 et
1946 3557 2175 3597 necesse
2205 3547 2291 3596 est
2316 3548 2381 3597 ut
2411 3559 2513 3614 per
2539 3544 2645 3599 hoc
2670 3544 3036 3617 perturbetur
3070 3552 3290 3604 secreta
3333 3548 3462 3605 vita

1862 3646 2001 3684 meae
2021 3631 2385 3699 conversatio,
2418 3636 2476 3686 et
2491 3626 2825 3688 humilitatis
2847 3635 3111 3705 gratiam,
3140 3652 3309 3710 quem
3330 3653 3459 3695 cum

1857 3718 2047 3773 labore
2075 3724 2253 3784 tanto,
2306 3719 2609 3775 auxiliante
2638 3722 2898 3786 Domino,
2940 3741 2975 3779 a
2997 3726 3295 3796 juventute
3330 3744 3461 3785 mea

1858 3809 2047 3864 studui
2063 3808 2363 3876 custodire,
2380 3808 2613 3864 forsitan
2624 3811 2965 3883 surripiente
2975 3815 3224 3888 maligno
3232 3816 3457 3875 diabolo

1857 3898 2108 3969 perdam,
2152 3904 2209 3954 et
2259 3914 2414 3953 vanae
2466 3899 2660 3970 gloriae
2706 3900 2993 3958 incurram
3028 3903 3278 3977 laqueos.
3327 3907 3459 3964 Hac

1859 4003 1991 4057 ergo
2007 3987 2155 4059 apud
2165 3989 2528 4060 semetipsum
2540 3992 3171 4061 pertractans,deï¬nivit
3179 4000 3456 4067 quatenus

1860 4082 2151 4132 excusaret
2176 4077 2376 4149 magis,
2402 4084 2460 4133 et
2484 4095 2599 4133 non
2627 4080 2938 4151 susciperet
2965 4087 3159 4148 4Î¿.
3179 4083 3449 4154 judicem.

1862 4165 2238 4221 (iontristatus
2258 4172 2446 4221 autem
2453 4168 2645 4239 judex,
2660 4168 2794 4239 quia
2812 4184 2926 4224 non
2940 4185 3073 4225 eum
3092 4173 3451 4245 suscepisset,

1860 4254 1941 4309 ait
1952 4254 2022 4309 ad
2044 4254 2287 4309 ofï¬cium
2305 4271 2471 4310 suum
2488 4274 2499 4309 :
2517 4255 2793 4320 Quoniam
2809 4272 2924 4313 non
2943 4259 3127 4316 merui
3148 4260 3341 4316 videre
3352 4262 3450 4318 ho-

1860 4344 2068 4398 minem
2092 4344 2210 4408 Dei,
2241 4344 2484 4416 peccatis
2508 4345 2650 4400 meis
2677 4345 2913 4418 imputo.
2945 4347 3349 4406 Verumtamen
3367 4351 3453 4407 ni-

179 4440 382 4496 intente
411 4441 686 4497 cellulam
714 4441 915 4512 ipsam,
939 4440 1147 4495 etnihil
1172 4441 1232 4494 in
1252 4439 1484 4506 eavidit,
1507 4438 1614 4493 nisi
1640 4455 1774 4511 pau-
1790 4428 1840 4487 D
1854 4434 1962 4489 mis
1976 4433 2314 4489 desideravit
2341 4449 2443 4506 per
2462 4450 2875 4508 quamcumque
2894 4438 3241 4494 occasionem
3262 4439 3450 4496 videre

177 4544 261 4582 cos
288 4546 469 4601 panes
508 4529 684 4585 siccos
722 4530 781 4583 in
811 4535 1001 4601 sporta
1048 4529 1372 4600 pendentes,
1406 4534 1464 4583 et
1506 4528 1644 4582 dixit
1674 4528 1723 4582 ei
1758 4547 1769 4582 :

173 4618 249 4672 Da
274 4622 417 4675 mihi
436 4619 917 4686 benedictionem,
939 4616 1100 4685 abba,
1118 4623 1182 4672 ut
1201 4616 1534 4672 reï¬‚ciamus.
1550 4617 1775 4672 Statim-

174 4723 272 4777 que
302 4709 603 4764 festinavit
631 4708 957 4773 monachus,
997 4712 1055 4762 et
1089 4706 1245 4761 misit
1272 4723 1475 4777 aquam
1501 4711 1558 4761 et
1583 4707 1685 4772 sal,
1718 4711 1777 4761 et

169 4797 315 4853 misit
342 4798 659 4865 buccellas,
695 4804 751 4852 et
769 4797 1132 4851 comederunt
1158 4796 1389 4867 pariter,
1416 4795 1774 4868 porrexitque

168 4885 215 4938 ei
242 4888 480 4944 calicem
503 4904 684 4959 aquae,
708 4893 765 4941 et
786 4885 943 4940 bibit.
979 4886 1136 4941 Tunc
1166 4884 1509 4939 Theodosius
1535 4884 1775 4957 impera-

166 4978 252 5029 tor
276 4976 425 5031 dixit
452 4996 464 5030 :
498 4976 619 5031 Scis
643 4975 767 5046 quis
789 4991 891 5045 ego
903 4974 1064 5028 sum?
1087 4973 1447 5045 Respondens
1468 4973 1773 5028 monachus

164 5063 338 5119 dixit:
373 5064 594 5121 Nescio
639 5063 761 5134 quis
785 5064 885 5131 sis,
914 5063 1156 5118 domine.
1188 5063 1337 5118 Dixit
1365 5063 1415 5116 ei
1452 5082 1463 5116 :
1498 5062 1613 5134 Ego
1647 5079 1771 5117 sum

162 5151 525 5211 Theodosius
553 5153 881 5224 imperator,
912 5158 970 5207 et
996 5152 1066 5207 ob
1090 5152 1441 5207 devotionem
1484 5153 1612 5208 veni
1638 5153 1767 5208 huc.

162 5241 273 5297 Hoc
285 5261 423 5298 cum
448 5241 709 5297 audisset
726 5242 1049 5309 monachus,
1067 5242 1370 5314 prostravit
1379 5258 1438 5296 se
1448 5248 1578 5296 ante
1589 5241 1767 5295 illum.

157 5332 341 5389 Atille
354 5333 520 5388 dixit
538 5332 625 5386 ei:
658 5332 817 5387 Beati
845 5332 978 5387 estis
992 5343 1106 5399 vos,
1140 5332 1420 5400 monachi,
1445 5331 1560 5403 qui,
1590 5330 1771 5386 securi

157 5439 217 5477 ac
238 5424 411 5479 liberi
445 5422 530 5477 de
543 5422 780 5492 negotiis
794 5422 998 5490 saeculi,
1022 5422 1327 5494 tranquilla
1355 5427 1412 5476 et
1425 5422 1616 5493 quieta
1642 5437 1773 5493 per-

155 5512 418 5568 fruimini
450 5510 595 5579 \ita,
630 5517 685 5566 et
716 5512 1064 5567 solummodo
1108 5512 1177 5566 de
1226 5511 1405 5566 salute
1455 5511 1773 5566 animarum

151 5609 487 5659 vestrarum
509 5600 729 5656 habetis
745 5600 1198 5671 sollicitudinem,
1219 5600 1497 5673 quomodo
1516 5600 1771 5655 advitam

1857 4528 2115 4577 sanctum
2137 4523 2337 4579 virum.
2359 4523 2705 4596 Excogitavit
2734 4541 2869 4597 ergo
2893 4526 3282 4598 hujuscemodi
3310 4544 3450 4585 cau-

1858 4629 1977 4667 sam
1988 4629 2130 4684 ,quaz
2145 4614 2493 4669 occasionem
2510 4613 2559 4669 ei
2575 4613 2850 4686 praeberet
2865 4616 3088 4671 videndi
3105 4632 3255 4673 eum.
3280 4619 3447 4676 Com-
3458 4674 3481 4699 Î¿

1855 4702 2207 4774 prehendens
2227 4703 2376 4758 enim
2391 4703 2566 4758 tilium
2580 4704 2789 4759 sororis
2801 4703 2952 4760 beati
2970 4706 3270 4776 Pcemenis,
3292 4708 3447 4767 misit

1855 4791 1915 4846 in
1934 4806 2236 4860 carcerem,
2269 4798 2333 4847 ut
2347 4809 2449 4865 per
2466 4793 2637 4847 istam
2654 4792 3000 4850 occasionem
3020 4800 3121 4850 aut
3137 4797 3447 4871 susciperet

1849 4881 2508 4954 judicem,autcerteipse
2525 4882 2743 4938 veniret
2759 4883 2831 4938 ad
2843 4886 3155 4955 rogandum
3169 4888 3442 4959 judicem.

1854 4971 2115 5043 Dixitque
2144 4972 2214 5027 ad
2262 4971 2503 5027 ofï¬cium
2554 4988 2765 5026 suum:
2813 4978 2878 5027 ut
2925 4990 3038 5029 non
3080 4977 3446 5037 contristetur

1854 5066 2082 5115 sanctus
2110 5061 2315 5127 senior,
2339 5061 2601 5116 mandate
2621 5061 2672 5114 ei
2692 5060 2740 5115 si
2755 5062 2994 5117 voluerit
3010 5065 3201 5121 venire
3230 5068 3303 5124 ad
3329 5086 3440 5139 me,

1854 5167 2081 5205 necesse
2100 5155 2186 5204 est
2202 5155 2267 5204 ut
2283 5150 2473 5204 statim
2496 5150 2798 5206 educamus
2818 5167 2947 5207 eum
2968 5152 3037 5208 de
3046 5157 3445 5215 carcere.Talis

1854 5240 2003 5295 enim
2026 5244 2112 5294 est
2130 5254 2299 5293 causa
2314 5240 2585 5310 ejus,quae
2604 5255 2717 5296 non
2735 5241 2912 5312 possit
2930 5242 3159 5316 impune
3175 5249 3439 5305 transire.

1852 5327 2102 5384 Audiens
2124 5334 2314 5383 autem
2333 5328 2452 5384 haec
2472 5334 2655 5384 mater
2668 5330 2912 5401 juvenis,
2932 5332 2991 5388 id
3014 5338 3116 5402 est,
3141 5352 3302 5392 soror
3317 5353 3444 5394 san-

1855 5419 1929 5473 cti
1953 5417 2250 5485 Pwmenis,
2281 5416 2422 5472 abiit
2448 5418 2507 5473 in
2536 5435 2789 5474 eremum
2818 5421 2915 5476 ubi
2945 5430 3069 5480 erat
3084 5424 3260 5481 frater
3282 5442 3438 5495 suus,

1854 5506 2149 5579 stabatque
2177 5507 2248 5562 ad
2273 5507 2479 5563 ostium
2504 5508 2716 5564 cellulae
2736 5512 2860 5583 ejus
2879 5528 3007 5567 cum
3028 5514 3205 5569 multo
3220 5515 3357 5570 ï¬‚etu
3386 5519 3445 5571 et

1854 5598 2093 5668 ululatu,
2126 5614 2331 5672 rogans
2360 5614 2491 5655 eum
2521 5605 2587 5656 ut
2608 5599 2972 5660 descenderet
2998 5603 3070 5659 ad
3088 5603 3356 5678 judicem,
3387 5609 3447 5665 et
