3966 6184
3696 330 3771 390 75‘2

605 330 702 385 751
1742 315 1834 374 DE
1870 317 2058 374 VITIS
2098 315 2392 374 PATRUM
2428 320 2640 378 LIBER
2678 320 2777 377 ῙΙῘ.

556 503 564 512 ,
603 456 830 522 rogaret
855 464 956 521 pro
977 445 1091 501 filio
1110 460 1232 499 suo.
1256 443 1463 498 Beatus
1482 449 1674 498 autem
1704 443 1931 498 Poemen
1961 460 2073 498 non
2101 460 2192 496 so-
2211 449 2256 504 A
2277 444 2402 500 falsi
2435 451 2624 514 testes,
2671 445 2849 500 multa
2875 443 3140 500 adversus
3169 461 3292 501 eum
3332 447 3458 504 falsa
3482 451 3708 522 dixerunt,
3730 469 3770 512 et

599 539 718 594 lum
747 536 819 593 ad
855 551 980 590 eam
1005 532 1146 588 nihil
1173 531 1330 598 dixit,
1362 530 1458 586 sed
1481 548 1583 586 nec
1601 530 1804 585 ostium
1828 531 1877 584 ei
1899 529 2193 602 aperuitut
2273 549 2452 606 usque
2477 537 2546 590 ad
2573 541 2812 591 mortem
2835 535 3016 590 crucis
3047 535 3321 606 patienter
3344 545 3525 594 cuncta
3545 543 3766 601 sustinuit.

549 661 556 670 ς
597 626 961 696 egrederetur
983 622 1052 676 ad
1075 639 1219 678 eam.
1251 621 1408 676 Tunc
1427 619 1594 691 coepit
1620 619 1719 674 illa
1745 620 2077 674 maledicere
2113 621 2184 684 ei,
2271 623 2358 678 Ita
2389 625 2539 679 enim
2569 631 2626 679 et
2668 625 2953 696 apostolus
2985 625 3187 679 Petrus
3224 627 3548 696 praedicabat,
3580 632 3728 688 dicens
3755 655 3764 688 :

592 731 660 770 ac
686 714 873 768 dicere
895 731 906 766 :
933 710 1245 768 Durissime
1260 709 1399 763 etim
1405 708 1674 780 piissime,
1699 712 1756 761 et
1773 707 1954 761 ferrea
1976 709 2186 763 viscera
2269 711 2528 768 Christus
2541 729 2738 784 passus
2749 719 2837 768 est
2854 729 2956 784 pro
2972 711 3149 779 nobis,
3167 713 3316 768 vobis
3337 715 3618 788 relinquens
3633 737 3768 776 exem-

589 819 813 875 gerens,
847 799 1126 874 quomodo
1173 805 1230 853 te
1260 803 1455 852 tantus
1500 797 1661 852 dolor
1689 797 1860 852 ﬂetus
1903 797 2014 852 mei
2071 813 2184 852 non
2266 801 2442 872 plum,
2475 808 2540 856 ut
2559 801 3118 874 sequaminivestigia
3145 803 3266 872 ejus
3292 805 3339 870 (1
3361 806 3460 863 Pet.
3489 815 3560 861 ul.
3592 809 3767 880 Oportet

589 893 765 948 ﬂectit
794 891 865 946 ad
895 887 1356 952 misericordiam,
1377 886 1644 957 quoniam
1667 886 1895 940 unicum
1916 885 2100 957 ipsum
2122 887 2184 940 ti-
2265 890 2438 961 igitur
2465 896 2531 946 ut
2552 891 2830 963 patienter
2854 907 2982 946 cum
3030 891 3340 946 humilitate
3375 901 3555 949 cuncta
3591 896 3764 953 adversa

587 981 726 1038 lium
746 980 946 1046 habeo,
981 993 1148 1050 quem
1166 976 1225 1031 in
1245 975 1489 1048 periculo
1518 974 1713 1029 mortis
1734 975 1892 1029 video
1905 975 2181 1030 constitu-
2262 980 2660 1035 sustineamus.
2695 981 3022 1034 Sermonem
3045 985 3253 1044 autem,
3281 998 3438 1053 quem
3465 983 3698 1053 objecistis
3717 989 3766 1042 de

584 1072 750 1126 tum?
777 1071 934 1134 Tunc
961 1069 1149 1124 senior
1176 1065 1464 1121 mandavit
1492 1065 1542 1117 oi
1581 1081 1680 1134 per
1724 1064 1956 1117 fratrem
1999 1063 2096 1133 qui
2125 1063 2177 1116 ei

582 1158 961 1224 ministrabat,
983 1157 1174 1212 dicens
1197 1174 1208 1208 :
1233 1155 1406 1220 Vade,
1425 1153 1514 1207 dic
1535 1153 1586 1207 ei
1611 1172 1622 1206 :
1648 1153 1877 1207 Poemen
1901 1151 2044 1206 ﬁlios
2063 1168 2176 1206 non

576 1249 792 1320 genuit,
818 1254 877 1303 et
902 1247 1027 1301 ideo
1058 1262 1169 1300 non
1197 1245 1366 1299 dolet.
1399 1243 1529 1308 Hac
1555 1241 1789 1296 audiens
1818 1241 2008 1311 judex,
2035 1239 2175 1295 dixit

576 1338 770 1394 amicis
808 1337 958 1392 suis:
986 1333 1222 1391 Scribite
1248 1333 1320 1387 ad
1349 1349 1498 1398 eum,
1527 1337 1591 1385 ut
1614 1331 1698 1384 vel
1723 1330 2016 1402 epistolam
2051 1346 2174 1402 pre-

577 1427 847 1483 catoriam
875 1425 1043 1480 faciat
1068 1424 1138 1478 ad
1162 1439 1266 1486 me,
1295 1428 1572 1494 quatenus
1592 1419 1801 1492 possim
1825 1435 1951 1473 eum
1983 1419 2173 1473 dimit-

574 1523 715 1572 tere.
745 1517 902 1572 Tunc
926 1516 1046 1586 jam
1073 1511 1503 1584 quamplurimis
1531 1508 1915 1572 suadentibus,
1944 1514 2172 1562 sanctus

577 1606 765 1662 senior
782 1604 1007 1676 scripsit
1034 1603 1102 1658 ad
1125 1601 1396 1672 judicem,
1423 1600 1613 1654 dicens
1637 1617 1648 1651 :
1675 1597 1878 1653 Juheat
1906 1597 2170 1652 nobilitas

2261 1068 2478 1134 haeresi,
2511 1085 2624 1124 non
2654 1069 2810 1141 potui
2839 1068 3138 1136 sustinere,
3187 1076 3242 1123 et
3291 1071 3438 1125 valde
3481 1071 3764 1130 abominatus

2259 1174 2404 1224 sum,
2444 1159 2579 1230 quia
2615 1157 2842 1212 haeresis
2885 1159 3168 1230 separatio
3194 1165 3278 1213 est
3303 1176 3337 1213 a
3363 1159 3487 1214 Deo.
3525 1162 3764 1219 Haereticus

2256 1247 2405 1301 enim
2435 1252 2733 1320 separatur
2769 1263 2804 1302 a
2849 1247 2965 1302 Deo
2993 1247 3114 1302 vivo
3143 1253 3201 1302 et
3230 1265 3369 1312 vero,
3401 1255 3455 1303 et
3476 1253 3764 1321 conjungitur

2256 1333 2478 1390 diabolo
2519 1340 2578 1390 et
2621 1335 2836 1406 angelis
2871 1336 3012 1405 ejus.
3044 1336 3333 1390 Alienatus
3359 1338 3496 1393 enim
3523 1355 3553 1392 a
3574 1339 3760 1404 Christo,

2247 1424 2368 1494 jam
2397 1441 2510 1479 non
2537 1423 2710 1480 habet
2721 1425 2898 1479 Deum
2923 1441 3092 1496 quem
3112 1432 3300 1480 exoret
3321 1443 3414 1496 pro
3431 1429 3640 1500 peccatis
3657 1430 3758 1492 suis,

2253 1513 2388 1584 quia
2415 1529 2480 1567 ex
2494 1513 2646 1568 omni
2663 1518 2822 1585 parte
2851 1513 3036 1585 periit.
3070 1513 3129 1568 Si
3151 1521 3338 1569 autem
3359 1531 3624 1570 conversus
3638 1517 3764 1572 fuerit

2251 1601 2324 1655 ad
2350 1618 2537 1657 veram
2559 1607 2616 1656 et
2634 1601 2965 1657 catholicam
2993 1610 3198 1657 sanctae
3229 1604 3475 1658 Ecclesia:
3499 1605 3656 1672 ﬁdem,
3677 1624 3762 1661 sus-

575 1702 672 1751 tua
701 1694 1001 1766 diligenter
1031 1691 1319 1762 requirere
1336 1705 1563 1745 causam
1583 1687 1752 1752 illius,
1776 1693 1834 1740 et
1861 1687 2058 1758 siquid
2087 1686 2218 1766 di-_
2250 1689 2459 1762 cipitur
2496 1708 2550 1745 a-
2571 1690 2718 1747 bono
2747 1695 2804 1746 et
2832 1691 2924 1762 pio
2960 1691 3253 1746 Salvatore
3297 1698 3476 1747 nostro
3503 1694 3700 1756 Christo,
3723 1703 3763 1748 et

571 1801 746 1855 gnum
765 1763 946 1838 morte
961 1780 1207 1846 admisit,
1232 1783 1524 1841 moriatur,
1550 1776 1901 1848 quatenusin
1913 1776 2017 1829 hoc
2029 1792 2167 1847 prae-
2183 1763 2229 1822 Β
2251 1779 2675 1850 reconjungitur
2697 1781 2813 1835 Deo
2839 1797 2971 1835 vero
2998 1781 3239 1835 creatori
3264 1787 3320 1835 et
3351 1782 3598 1836 Salvatori
3622 1791 3762 1837 nostro

570 1873 718 1928 senti
743 1873 945 1928 saeculo
969 1871 1216 1925 exsolvat
1241 1868 1454 1923 crimen
1484 1865 1696 1938 peccati
1736 1865 1843 1930 sui,
1872 1869 1936 1918 ut
1963 1865 2166 1919 evadat

570 1967 810 2024 aeternas
829 1977 892 2016 ac
907 1966 1190 2032 perpetuae
1207 1958 1479 2028 gehennae
1503 1971 1730 2026 poenas;
1753 1955 1840 2008 sin
1867 1959 2056 2008 autem
2076 1953 2162 2008 ni-

571 2051 649 2106 hil
677 2051 913 2122 dignum
951 2054 1131 2104 morte
1169 2046 1469 2112 commisit,
1509 2044 1658 2117 quod
1697 2045 1912 2114 justum
1943 2043 2166 2098 videtur

567 2139 804 2210 legibus,
829 2139 912 2194 ita
940 2138 1010 2194 de
1038 2154 1104 2192 eo
1127 2135 1263 2208 jube
1291 2135 1626 2190 discernere.

637 2229 723 2285 21.
747 2227 876 2284 Fuit
906 2225 1078 2282 etiam
1103 2226 1173 2280 de
1202 2223 1420 2295 magnis
1437 2221 1690 2294 patribus
1701 2220 1930 2292 quidam
1951 2218 2156 2285 senior,

561 2316 792 2374 nomine
805 2309 1642 2388 Agathon,nominatissimusin
1655 2310 1860 2364 virtute
1878 2307 2162 2362 humilita-

553 2407 633 2462 tis
664 2411 722 2462 et
748 2405 1033 2479 patientiae
1058 2405 1288 2477 (Pclag.,
1321 2404 1489 2456 libell.
1514 2417 1566 2466 κ,
1587 2415 1743 2453 num.
1771 2397 1874 2468 10).
1903 2397 2158 2462 Quodam

547 2502 752 2552 autem
766 2499 1022 2567 tempore
1045 2495 1413 2565 perrexerunt
1439 2489 1511 2544 ad
1537 2487 1876 2542 visitandum
1901 2503 2029 2541 eum
2050 2486 2158 2540 fra-

559 2583 1014 2640 tres.Audientes
1030 2581 1179 2638 enim
1209 2581 1280 2634 de
1311 2595 1376 2634 eo
1401 2579 1546 2650 quod
1572 2593 1836 2647 magnam
1866 2575 2154 2630 humilita-

2248 1867 2491 1934 Christo,
2527 1869 2623 1941 qui
2651 1874 2738 1925 est
2767 1869 2823 1924 in
2854 1869 3021 1924 Patre
3051 1869 3228 1924 Filius
3252 1887 3462 1941 semper
3486 1887 3597 1925 cum
3620 1877 3760 1926 sancto

2249 1956 2483 2027 Spiritu.
2519 1958 2631 2028 Ipsi
2659 1957 2842 2027 gloria
2870 1957 2926 2013 in
2953 1959 3159 2013 saecula
3188 1960 3521 2014 saeculorum.
3546 1961 3709 2014 Amen.

2315 2043 2406 2101 22.
2441 2046 2749 2101 Consilium
2765 2046 2914 2102 inter
2939 2064 2999 2102 se
3019 2047 3341 2102 habuerunt
3359 2049 3582 2103 seniores
3599 2049 3756 2112 Patres,

2245 2138 2301 2187 et
2329 2151 2525 2189 omnes
2553 2135 2811 2190 monachi
2858 2135 3174 2192 habitantes
3205 2137 3265 2191 in
3312 2154 3490 2192 eremo
3530 2136 3700 2209 Scythi,
3720 2144 3758 2191 et

2241 2229 2646 2278 consenserunt
2665 2229 2730 2278 ut
2743 2227 2904 2279 Pater
2923 2226 3080 2280 Isaac
3090 2231 3283 2291 500
3292 2225 3563 2298 presbyter
3573 2225 3639 2280 eis
3653 2225 3755 2279 ordi-

2243 2318 2475 2366 naretur
2501 2313 2557 2367 in
2590 2313 2824 2368 ecclesia
2852 2330 2974 2393 quae
3005 2314 3060 2368 in
3092 2313 3217 2386 ipsa
3243 2331 3426 2370 eremo
3451 2315 3548 2370 sita
3574 2321 3658 2378 est,
3689 2313 3754 2368 ubi

2238 2401 2498 2456 convenit
2515 2401 2607 2456 die
2622 2407 2681 2457 et
2698 2402 2836 2457 hora
2855 2408 3068 2458 statuta
3096 2403 3397 2459 multitudo
3411 2404 3750 2466 monachorum,

2239 2489 2334 2561 qui
2365 2490 2424 2545 in
2452 2491 2551 2546 illa
2579 2507 2768 2546 eremo
2792 2498 3196 2546 conversantur
3226 2476 3446 2560 (Pasch,
3475 2510 3516 2550 c.
3545 2491 3616 2558 33,
3639 2488 3750 2559 n.‘Z).

2237 2579 2486 2634 Audiens
2511 2585 2702 2635 autem
2727 2579 3082 2652 supradictus
3093 2580 3270 2636 abbas
3283 2583 3433 2637 Isaac
3445 2579 3749 2652 hujuscemodi

2236 2668 2548 2734 consilium,
2575 2669 2721 2740 fugit
2739 2669 2796 2724 in
2814 2670 3116 2742 Egyptum
3125 2712 3138 2737 ,
3163 2676 3223 2726 et
3235 2669 3513 2725 abscondit
3524 2687 3575 2724 se
3594 2670 3640 2724 in
3650 2684 3748 2740 quo-

557 2679 674 2728 tem
689 2671 967 2738 habuerit,
982 2671 1339 2739 volentesque
1350 2666 1661 2739 probare,si
1679 2682 1806 2720 vere
1819 2664 2152 2718 humilitatis

2234 2757 2363 2812 dam
2393 2774 2529 2828 agro
2559 2757 2707 2813 inter
2726 2758 2954 2825 fruteta,
2983 2759 3268 2814 arbitrans
3298 2761 3569 2831 indignum
3594 2775 3642 2812 se
3664 2773 3749 2811 esse

553 2761 888 2834 patientiam
901 2757 1497 2832 possideret,dixerunt
1513 2756 1563 2810 ei
1577 2774 1588 2808 :
1605 2754 1764 2810 Multi
1776 2754 2152 2808 scandalizan-

554 2857 651 2906 tur
675 2850 734 2906 in
759 2856 835 2916 te,
869 2850 1056 2916 Pater,
1075 2847 1207 2920 quia
1225 2847 1396 2902 nimis
1422 2845 1556 2899 vitio
1585 2843 1860 2916 superbiae
1881 2843 2145 2906 tenearis,
2231 2846 2444 2901 honore
2472 2846 2802 2919 presbyterii
2827 2867 2838 2902 :
2866 2849 3272 2920 quamplurimi
3291 2856 3472 2904 autem
3486 2849 3652 2926 fratres
3663 2862 3748 2900 mo-

552 2946 612 2994 et
628 2940 754 2995 ideo
773 2939 914 2994 alios
938 2937 1230 3010 despicias,
1261 2942 1319 2990 et
1343 2953 1446 3008 pro
1472 2933 1648 2989 nihilo
1678 2950 1774 2988 eos
1798 2931 2024 2997 habeas,
2049 2931 2146 2987 sed
2228 2935 2391 2989 nachi
2423 2935 2820 3007 sequebantur,
2851 2943 2917 2991 ut
2943 2937 3480 3008 comprehenderent
3494 2955 3621 2993 eum.
3647 2937 3746 2990 Cum

551 3035 610 3086 et
631 3028 1008 3084 detractiones
1044 3027 1311 3082 adversus
1340 3025 1541 3078 fratres
1588 3039 1699 3077 non
1729 3039 1912 3076 cesses
1943 3021 2094 3093 loqui
2129 3039 2141 3073 :
2227 3029 2418 3079 autem
2445 3025 2847 3097 applicuissent
2860 3026 2932 3080 ad
2951 3044 3240 3098 vesperam
3265 3027 3319 3082 in
3337 3028 3516 3082 eodem
3533 3042 3643 3096 agro
3656 3039 3747 3096 pro-

520 3115 838 3174 .aflirmant
865 3117 1037 3173 etiam
1065 3113 1467 3188 quamplurimi
1497 3112 1648 3184 quod
1685 3112 1800 3166 haec
1829 3111 1955 3165 ideo
1985 3127 2140 3181 agas,
2163 3121 2206 3182 ο
2227 3113 2468 3184 longius.
2491 3119 2555 3168 ut
2573 3115 2938 3170 reficerentur
2956 3114 3175 3186 fatigati
3206 3117 3278 3171 de
3305 3112 3748 3187 itinere(eratenim

549 3207 682 3280 quia
709 3205 1094 3264 fornicationis
1119 3204 1252 3259 vitio
1281 3202 1546 3268 tenearis,
1560 3206 1617 3256 et
1637 3217 1707 3255 ne
1725 3200 1878 3254 solus
1908 3199 2147 3254 videaris
2229 3206 2380 3272 nox),
2397 3203 2734 3258 dimiserunt
2752 3204 2986 3259 asellum
3009 3204 3104 3275 qui
3127 3205 3210 3260 eis
3234 3210 3481 3276 sumptus
3491 3201 3746 3276 portabatin

547 3313 756 3363 errare,
792 3295 998 3351 idcirco
1025 3294 1151 3350 aliis
1187 3309 1300 3348 non
1343 3309 1527 3347 cesses
1567 3289 1881 3345 detrahere.
1915 3290 2000 3344 Ad
2029 3289 2146 3342 haec
2228 3291 2429 3346 itinere
2449 3297 2514 3346 ut
2540 3297 2813 3364 pasceret.
2848 3293 2990 3348 Cum
3024 3298 3217 3348 autem
3247 3299 3554 3366 pascerctur
3574 3291 3743 3350 asellus,

545 3385 892 3458 respondens
921 3384 1126 3450 senior,
1143 3382 1224 3438 ait
1248 3401 1259 3436 :
1281 3382 1410 3437 Haec
1431 3379 1621 3436 omnia
1641 3395 1764 3450 quae
1779 3378 1997 3433 dixistis
2011 3377 2144 3431 vitia

547 3477 606 3530 in
637 3491 728 3528 me
755 3490 880 3529 esse
907 3489 1199 3544 cognosco,
1215 3487 1317 3526 nec
1342 3487 1572 3543 possum
1592 3485 1800 3539 negare
1824 3473 2011 3522 tantas
2031 3466 2138 3521 ini-

544 3564 791 3636 quitates
819 3579 1001 3629 meas;
1031 3561 1438 3634 procidensque
1457 3575 1668 3631 pronus
1689 3558 1748 3612 in
1769 3557 2138 3622 terram,ado—

541 3653 706 3710 rabat
733 3652 958 3708 eosdem
985 3653 1206 3710 fratres.
1229 3648 1418 3704 dicens
1441 3667 1453 3701 :
1479 3649 1761 3719 Deprecor
1778 3663 1890 3714 vos,
1910 3646 2132 3712 fratres,

539 3742 888 3797 utintentius
902 3757 1003 3812 pro
1026 3756 1117 3795 me
1139 3738 1344 3793 misero
1363 3742 1420 3792 et
1438 3736 1632 3791 multis
1640 3735 1882 3808 peccatis
1901 3734 2136 3790 obnoxio

541 3830 830 3888 Christum
849 3829 1152 3885 Dominum
1184 3842 1415 3882 exorare
1441 3841 1555 3880 non
1584 3824 1832 3890 cessatis,
1867 3829 1933 3879 ut
1950 3823 2136 3879 indul-

537 3918 790 3990 gentiam
811 3917 1020 3974 tribuat
1049 3914 1439 3988 iniquitatibus
1466 3913 1606 3969 meis
1635 3913 1826 3969 multis
1855 3930 1920 3968 ac
1947 3913 2130 3968 malis.

538 4009 625 4064 Ad
653 4009 772 4064 hinc
817 4005 1124 4079 supradicti
1166 4005 1369 4060 fratres
1398 4003 1688 4070 addentes,
1739 4002 2006 4058 dixerunt
2031 4002 2082 4057 ei
2115 4021 2127 4056 :

535 4099 663 4154 Non
687 4101 746 4154 te
773 4097 948 4152 lateat
970 4095 1144 4152 etiam
1190 4094 1314 4162 hoc,
1359 4093 1492 4166 quia
1535 4092 1860 4148 haereticum
1903 4097 1960 4147 te
2009 4109 2130 4147 esse

535 4185 938 4260 quamplurimi
966 4186 1248 4240 afﬁrmare
1272 4183 1484 4238 volunt.
1520 4181 1637 4237 Hoc
1665 4187 1857 4236 autem
1885 4196 2014 4235 cum
2033 4197 2132 4236 au-

530 4277 710 4334 disset
735 4275 942 4342 senior,
973 4273 1112 4330 dixit
1133 4273 1214 4330 eis
1247 4292 1260 4329 :
1284 4273 1442 4328 Licet
1459 4272 1516 4326 in
1531 4271 1658 4326 aliis
1676 4270 1868 4326 multis
1885 4269 2125 4343 peccatis

531 4365 802 4422 obnoxius
828 4365 956 4432 sim,
1000 4369 1192 4419 tamen
1225 4361 1520 4418 haereticus
1552 4361 1776 4434 penitus
1807 4375 1917 4414 non
1947 4375 2072 4414 sum
2106 4377 2118 4412 :

2226 3381 2479 3451 pervenit
2507 3381 2562 3435 in
2585 3381 2770 3436 locum
2793 3381 2888 3436 ubi
2903 3382 3260 3454 supradictus
3275 3382 3441 3438 abbas
3460 3383 3596 3436 Isaac
3611 3379 3744 3434 latita-

2224 3469 2339 3524 bat.
2376 3470 2631 3542 Cumque
2663 3470 2936 3525 illuxisset
2963 3471 3102 3538 dies,
3159 3472 3504 3544 requirentes
3547 3467 3743 3524 monachi

2221 3559 2938 3632 asellum,perveneruntad
2959 3561 3224 3615 eumdem
3242 3562 3418 3616 locum
3438 3559 3520 3614 ubi
3539 3576 3590 3613 se
3607 3557 3742 3612 senior

2219 3648 2610 3714 occultaverat,
2625 3655 2684 3703 et
2698 3648 3045 3704 admirantes
3073 3649 3237 3705 valde
3256 3644 3742 3723 dispensationemdi-

2218 3736 2421 3803 vinam,
2455 3738 2990 3810 comprehendentes
3011 3739 3188 3810 ligare
3211 3745 3270 3794 et
3295 3739 3638 3808 constringere
3649 3749 3739 3789 eum

2218 3826 2692 3892 voluerunt,etita
2711 3827 3395 3899 perducere.Venerabilis
3417 3833 3584 3883 autem
3603 3823 3740 3879 senior

2218 3932 2331 3970 non
2361 3915 2634 3988 permisit,
2649 3915 2839 3971 dicens
2863 3935 2874 3970 :
2895 3917 3022 3972 Jam
3047 3933 3161 3972 non
3173 3935 3401 3989 possum
3429 3914 3738 3972 contradicere

2217 4004 2393 4072 vobis,
2409 4005 2539 4078 quia
2560 4005 2794 4060 forsitan
2826 4007 3082 4061 voluntas
3099 4007 3204 4062 Dei
3224 4015 3312 4063 est
3325 4007 3516 4062 utlicet
3534 4003 3737 4074 indignus

2214 4093 2516 4166 suscipiam
2545 4094 2800 4149 ordinem
2829 4093 3184 4167 presbyterii.

2282 4180 2372 4239 23.
2407 4183 2581 4238 Erant
2608 4189 2798 4238 autem
2828 4183 2940 4238 duo
2968 4184 3172 4240 fratres
3217 4185 3470 4240 monachi
3499 4181 3674 4256 pariter
3696 4176 3737 4230 in

2209 4273 2350 4327 cella
2375 4279 2806 4338 commorantes,
2838 4290 3076 4345 quorum
3108 4274 3481 4330 humilitatem
3499 4279 3550 4328 et
3569 4269 3736 4343 patien-

2203 4361 2343 4416 tiam
2357 4361 2694 4418 multietiam
2707 4363 2777 4418 de
2788 4365 2996 4418 sanctis
3009 4363 3270 4420 Patribus
3281 4357 3734 4420 collaudabant.Au-

529 4455 676 4512 absit
701 4455 807 4510 hoc
825 4453 896 4508 ab
925 4453 1116 4508 anima
1145 4467 1290 4507 mea.
1321 4451 1478 4506 Tunc
1497 4467 1695 4506 omnes
1714 4449 1918 4504 fratres
1937 4449 2036 4519 qui
2049 4447 2120 4502 ad
2145 4481 2192 4541 D
2209 4451 2369 4506 diens
2390 4469 2521 4507 vero
2542 4451 2767 4524 quidam
2803 4458 3031 4508 sanctus
3051 4453 3154 4519 vir,
3179 4454 3359 4510 voluit
3379 4451 3589 4526 probare
3609 4447 3647 4502 si
3667 4463 3732 4499 ve-

527 4561 656 4602 eum
686 4548 971 4609 venerant,
1003 4545 1427 4615 prostraverunt
1451 4556 1511 4594 se
1530 4539 1590 4594 in
1615 4545 1825 4594 terram
1855 4537 1925 4592 ad
1951 4536 2122 4610 pedes
2145 4536 2183 4541 ⁷
2208 4557 2330 4595 ram
2352 4541 2767 4614 perfectamque
2786 4541 3164 4597 humilitatem
3182 4539 3617 4604 haberent;venit
3633 4548 3731 4604 ergo

525 4637 668 4706 ejus,
699 4632 1055 4689 obsecrantes
1085 4648 1234 4696 cum,
1285 4645 1350 4684 ac
1388 4629 1635 4684 dicentes
1665 4647 1676 4681 :
1711 4629 2017 4683 Precamur
2043 4632 2118 4691 te,

481 4707 501 4726 ⁶
523 4724 686 4791 abba,
721 4729 786 4779 ut
802 4723 955 4778 dicas
974 4720 1134 4776 nobis
1161 4736 1262 4775 cur
1287 4723 1448 4773 tanta
1471 4717 1606 4772 vitia
1621 4722 1676 4772 et
1687 4722 1914 4789 peccata
1929 4716 2121 4770 dicen-

523 4813 673 4868 tibus
693 4812 853 4868 nobis
878 4811 948 4867 de
991 4815 1066 4877 te,
1101 4810 1160 4866 in
1189 4808 1346 4863 nullo
1373 4811 1687 4862 commotus
1717 4823 1806 4872 es;
1855 4806 1924 4860 de
1953 4805 2120 4862 verbo

523 4906 712 4956 autem
743 4901 990 4958 haeretici
1016 4900 1174 4954 valde
1195 4904 1252 4954 te
1279 4895 1647 4962 commovisti,
1681 4901 1738 4950 et
1761 4894 2118 4950 abominatus

518 5007 602 5057 es,
631 5007 732 5045 nec
753 4991 908 5046 sutl‘ei
927 5007 986 5044 re
1016 4987 1248 5060 potuisti
1279 4985 1535 5042 auditum
1559 4985 1582 5038 ’I
1610 4983 1761 5040 Dixit
1783 4984 1863 5038 eis
1893 4984 2110 5040 senior:

520 5078 651 5134 Illas
682 5079 896 5150 priores
919 5079 1112 5150 culpas
1141 5082 1198 5133 et
1224 5081 1454 5149 peccata
1475 5079 1704 5147 propter
1737 5073 2114 5128 humilitatem

519 5167 781 5235 sustinui.
813 5173 877 5222 ut
899 5172 1244 5238 peccatorem
1269 5183 1358 5220 me
1373 5181 1495 5219 esse
1506 5163 1826 5218 crederetis.
1846 5162 2114 5218 Novimus

517 5256 668 5326 enim
688 5255 835 5328 quod
865 5255 914 5310 si
941 5255 1290 5310 custodiatur
1318 5253 1653 5309 humilitatis
1683 5253 1876 5320 virtus,
1909 5268 2115 5324 magna

515 5347 668 5407 salus
690 5351 777 5401 est
804 5344 1026 5404 animai.
1061 5346 1204 5400 Nam
1236 5343 1508 5399 Dominus
1531 5348 1588 5398 et
1637 5342 1891 5398 Salvator
1920 5347 2112 5397 noster

511 5437 674 5511 .lesus
691 5433 970 5501 Christus,
987 5449 1114 5488 cum
1145 5432 1195 5487 ei
1223 5432 1402 5488 Judaei
1431 5432 1637 5488 multas
1657 5431 2024 5486 contumelias
2053 5436 2111 5486 et

508 5524 757 5582 convicia
792 5523 1156 5595 irrogassent,
1191 5521 1470 5594 patienter
1508 5525 1708 5576 cuncta
1737 5519 2016 5588 toleravit,
2045 5526 2110 5576 ut

2204 4630 2275 4684 ad
2285 4630 2627 4686 visitandum
2639 4647 2751 4686 eos.
2775 4631 3026 4703 Cumque
3046 4649 3172 4687 cum
3189 4633 3397 4704 gaudio
3425 4626 3731 4700 suscepissent

2204 4735 2354 4787 eum,
2383 4725 2440 4774 et
2470 4737 2536 4775 ex
2575 4736 2729 4774 more
2756 4720 3135 4792 complessent
3163 4721 3444 4776 orationes
3472 4724 3524 4773 et
3547 4715 3728 4789 psalmo-

2202 4807 2374 4875 diam,
2405 4825 2663 4879 egressus
2685 4808 2822 4864 foris
2851 4809 3107 4864 cellulam
3138 4809 3278 4865 vidit
3315 4825 3534 4882 parvum
3555 4805 3726 4860 hortum

2200 4897 2300 4952 ubi
2327 4897 2432 4952 sibi
2453 4898 2607 4953 olera
2627 4896 3408 4971 faciebant.Apprehensoque
3427 4895 3616 4958 baculo,
3633 4903 3724 4945 cum

2198 4991 2317 5041 toto
2348 4985 2561 5059 impetu
2589 4985 2756 5058 coepit
2775 4987 2962 5042 omnia
2985 4987 3139 5042 olera
3148 4985 3409 5042 caedendo
3423 4981 3724 5051 confringere,

2197 5075 2352 5131 itaut
2369 5075 2510 5131 nihil
2521 5074 2750 5131 omnino
2770 5081 3107 5132 remaneret.
3122 5076 3226 5130 Vid
3234 5083 3390 5132 entes
3401 5080 3571 5130 autem
3583 5079 3726 5139 supra-

2196 5164 2330 5220 dicti
2358 5165 2578 5231 fratres,
2601 5165 2743 5220 nihil
2770 5165 2998 5238 penitus
3025 5165 3306 5232 dixerunt,
3332 5163 3426 5220 sed
3448 5178 3539 5218 nec
3559 5156 3724 5214 vultum

2194 5253 2414 5310 tristem
2443 5259 2540 5310 aut
2570 5253 2861 5310 turbatum
2903 5255 3194 5310 habentes.
3228 5254 3298 5310 Et
3329 5267 3513 5309 rursus
3539 5240 3723 5319 ingm‘Si

2193 5344 2821 5416 cellulam,vespertinas
2830 5344 3113 5400 orationes
3123 5337 3722 5416 complentes,adorantes

2191 5449 2320 5488 eum
2351 5433 2614 5488 dixerunt
2644 5451 2657 5488 :
2697 5433 2755 5488 Si
2775 5433 3048 5506 precipis,
3067 5432 3312 5497 domine,
3337 5429 3546 5494 ibimus,
3561 5430 3720 5480 uteum

2190 5520 2286 5592 qui
2315 5521 2588 5577 remansit
2613 5522 2830 5578 caulem
2860 5528 3161 5594 coquentes
3185 5528 3490 5594 gustamus.
3513 5510 3716 5587 quidam

506 5615 668 5679 nobis
694 5611 1036 5707 humilitatis
1063 5609 1341 5686 pmberet
1369 5611 1642 5682 exempla.
1678 5609 1925 5665 Immissi
1954 5609 2105 5666 enim
2187 5609 2329 5666 hora
2349 5621 2437 5666 est
2467 5616 2532 5666 ut
2558 5607 2746 5666 cibum
2781 5627 3089 5668 sumamus.
3121 5610 3277 5668 Tunc
3303 5609 3484 5666 senior
3515 5601 3715 5659 adorant
