3966 6184
238 315 348 372 753

1547 325 1786 380 VERBA
1823 321 2211 377 SENIORUM.

3409 323 3510 378 754

233 445 576 508 eos,dicens:
593 448 814 502 Gratias
833 465 938 518 ago
954 449 1069 502 Deo
1088 451 1371 519 meo,quia
1388 449 1544 503 video
1567 448 1838 520 Spiritum
1856 450 1905 507 Α
1925 447 2178 518 Cumque
2194 463 2293 517 per
2330 444 2577 500 triduum
2609 445 2984 511 observarent,
3001 445 3096 517 qui
3117 462 3243 500 cum
3261 463 3326 501 eo
3356 463 3516 500 vene-

231 541 500 589 sanctum
514 537 860 607 requiescere
873 538 927 592 in
941 537 1112 604 vobis;
1129 544 1185 591 et
1196 537 1318 592 ideo
1333 537 1528 592 hortor
1539 555 1633 593 vos
1649 556 1713 592 ac
1727 556 1841 592 nio-

232 639 364 686 neo,
388 623 592 679 fratres
613 627 945 691 charissimi,
979 633 1042 680 ut
1062 643 1238 697 usque
1269 626 1326 680 in
1359 628 1528 681 finem
1557 628 1838 682 custodia-

228 711 305 765 tis
337 719 548 768 sanctaz
567 715 901 769 humilitatis
931 722 988 770 et
1004 715 1288 787 patientiae
1316 716 1600 782 virtutem,
1634 723 1699 771 ut
1717 717 1839 787 ipsa

229 800 289 855 in
311 819 492 872 regno
520 804 729 858 caelesti
767 821 861 858 vos
889 821 1122 874 magnos
1151 810 1206 858 et
1234 803 1502 859 sublimes
1520 805 1577 858 in
1607 822 1837 876 conspe-

227 894 327 943 ctu
359 891 584 946 Domini
615 893 782 946 faciat
810 911 1102 964 apparere.

303 979 397 1035 24.
449 981 582 1034 Erat
594 983 819 1052 quidam
837 982 894 1036 in
908 982 1159 1036 cmnobio
1169 984 1288 1053 jam
1309 999 1477 1037 senex
1490 987 1547 1037 et
1562 982 1832 1054 probatis-

227 1069 413 1122 simus
427 1072 753 1138 monachus,
787 1064 844 1125 et
865 1071 1102 1125 incurrit
1130 1071 1517 1142 gravissimam
1544 1073 1832 1143 aegritudi-

226 1174 363 1212 nem
400 1177 412 1224 ;
462 1159 854 1232 confectusque
870 1160 1460 1214 nimiaetintolerabili
1481 1161 1828 1228 inﬁrmitate,

226 1263 334 1317 per
349 1248 583 1318 longum
605 1249 1127 1320 tempuslaborabat
1143 1249 1198 1303 in
1212 1249 1496 1304 doloribus
1517 1250 1835 1317 multis,nec

224 1336 419 1390 inveni
429 1354 486 1390 re
507 1343 769 1408 poterant
790 1339 1090 1410 fratres,qu
1097 1339 1262 1392 aliter
1273 1355 1434 1393 succu
1443 1344 1664 1394 rrerent
1676 1340 1834 1410 aegri-

223 1425 416 1478 tudini
440 1427 579 1496 ejus,
616 1428 880 1498 quoniam
897 1445 964 1481 ea
994 1445 1117 1498 quae
1148 1427 1449 1482 necessitas
1486 1428 1831 1483 infirmitatis

223 1515 351 1582 ejus
383 1515 697 1586 expetebat,
715 1533 826 1570 non
847 1517 1124 1571 habebant
1144 1517 1202 1571 in
1214 1517 1830 1572 monasterio.Audiens

219 1609 418 1656 autem
443 1605 696 1674 quaedam
714 1605 926 1660 famula
945 1606 1045 1660 Dei
1070 1607 1139 1660 de
1161 1605 1465 1659 afﬂictione
1488 1605 1831 1661 infirmitatis

218 1693 788 1764 ejus,deprecabatur
805 1695 1029 1748 Patrem
1045 1695 1463 1761 monasterii,ut
1485 1711 1615 1750 eum
1634 1695 1703 1749 ad
1716 1696 1830 1750 cel-

1921 543 2069 602 rant,
2093 535 2446 590 obsecrantes
2466 551 2657 590 senem
2677 540 2740 589 ut
2751 552 2876 590 eum
2892 553 2948 590 in
2964 535 3190 590 nomine
3209 535 3416 590 Christi
3434 536 3518 590 fu-

1921 625 1996 678 sis
2016 625 2086 678 ad
2108 625 2284 679 Deum
2300 623 2554 696 precibus
2564 625 3155 696 curaretgrespondens
3166 625 3518 690 senior,dixit

1920 714 2000 768 eis
2021 731 2132 768 non
2145 731 2263 768 esse
2276 731 2334 768 se
2346 714 2513 784 hujus
2535 713 2810 778 meriti,ut
2825 714 3169 768 daemonibus
3186 715 3510 786 imperaret.

1919 803 2059 857 Cum
2073 809 2258 857 autem
2275 803 2638 874 persisterent
2655 802 2751 872 qui
2767 809 3051 869 venerant,
3072 809 3334 874 rogantes
3355 820 3505 868 cum,

1918 898 1975 946 et
1995 894 2193 946 flentes
2223 893 2390 946 nimis
2409 892 2790 963 deprecantes,
2812 892 3039 946 tandem
3061 893 3351 964 acquievit.
3369 895 3506 948 Cum

1915 986 2104 1035 autem
2133 981 2191 1035 in
2221 981 2446 1035 nomine
2469 981 2691 1035 Domini
2732 981 3034 1036 Salvatoris
3067 982 3242 1035 nostri
3273 982 3510 1053 impera-

1915 1075 2004 1124 ret
2031 1071 2290 1136 daemoni,
2319 1071 2508 1124 dicens
2539 1088 2549 1122 :
2576 1070 2693 1134 Exi,
2721 1069 3010 1124 immunde
3023 1071 3273 1141 spiritus,
3307 1071 3375 1123 de
3396 1072 3510 1141 pla-

1916 1165 2096 1214 smate
2125 1160 2246 1214 Dei.
2276 1161 2432 1214 Tunc
2482 1160 2826 1230 respondens
2867 1159 3085 1213 daemon
3119 1159 3258 1212 dixit
3283 1159 3361 1213 ei:
3395 1161 3508 1230 Ego

1917 1249 2142 1319 quidem
2174 1249 2487 1320 imperante
2517 1248 2720 1302 virtute
2769 1247 2976 1302 Christi
3015 1247 3288 1318 egredior,
3319 1253 3510 1302 tamen

1915 1336 2271 1408 interrogabo
2301 1344 2355 1392 te
2400 1354 2714 1391 sermonem
2748 1343 2812 1391 ut
2838 1336 2986 1391 dicas
3022 1337 3157 1390 mihi
3187 1355 3198 1388 :
3251 1336 3393 1400 Quid
3425 1342 3512 1390 est

1914 1426 2062 1496 quod
2092 1427 2358 1498 scriptum
2392 1426 2562 1480 estin
2595 1426 2895 1496 Evangelio
2929 1425 3138 1496 (Matth.
3178 1427 3299 1492 xxv)
3338 1444 3348 1477 :
3403 1424 3509 1490 Qui

1913 1521 2046 1569 sunt
2073 1515 2234 1580 haedi,
2271 1522 2328 1570 et
2357 1533 2480 1586 quae
2509 1521 2642 1568 sunt
2657 1532 2783 1569 oves
2799 1515 2822 1568 ?
2836 1514 3199 1585 Respondens
3217 1520 3407 1568 autem
3427 1531 3510 1569 sc-

1913 1604 2251 1658 niordixitei
2271 1623 2282 1656 :
2305 1604 2702 1674 Haediquidem
2722 1604 2916 1674 injusti
2938 1609 3086 1667 sunt,
3121 1603 3270 1657 inter
3285 1620 3424 1674 quos
3452 1610 3510 1658 et

1912 1706 2016 1761 ego
2030 1708 2152 1745 sum
2184 1697 2459 1763 peccator,
2496 1693 2590 1763 qui
2613 1693 2802 1745 multis
2815 1691 3052 1763 peccatis
3065 1690 3339 1745 obnoxius
3354 1694 3502 1758 sum;

216 1781 392 1835 lulam
413 1800 574 1836 suam
597 1785 905 1848 tolleret,ut
922 1785 1270 1839 ministraret
1291 1785 1612 1850 ei,maxime
1630 1790 1820 1840 autem
1843 1796 2032 1868 Boves
2061 1786 2252 1834 autem
2275 1782 2422 1836 Deus
2453 1782 2606 1836 novit
2633 1799 2757 1852 quae
2794 1788 2944 1836 sunt.
2990 1785 3144 1838 Tunc
3179 1783 3508 1837 exclamavit

212 1870 347 1940 quia
370 1870 592 1926 facilius
610 1872 856 1927 invenire
878 1874 1139 1944 possetin
1155 1873 1374 1928 civitate
1394 1891 1516 1945 quae
1541 1875 1824 1929 necesaria
1906 1869 2123 1924 daemon
2155 1887 2287 1924 voce
2316 1888 2540 1941 magna,
2576 1871 2796 1926 dicens:
2854 1873 3090 1943 Propter
3123 1872 3502 1927 humilitatem

210 1960 539 2030 zegritudini
555 1963 602 2032 ej
613 1979 676 2016 us
699 1962 1048 2017 videbantur.
1071 1963 1339 2035 Praecepit
1353 1980 1486 2033 ergo
1504 1965 1673 2020 Pater
1700 1981 1821 2018 mo-

211 2050 455 2104 nasterii
472 2055 534 2103 ut
557 2057 849 2122 portarent
869 2069 997 2106 eum
1014 2052 1215 2107 fratres
1232 2052 1301 2106 ad
1317 2053 1578 2107 cellulam
1597 2053 1820 2108 famulis

210 2137 330 2191 Dei.
350 2139 484 2209 Ipsa
497 2157 624 2194 vero
637 2157 764 2194 cum
779 2142 932 2195 omni
944 2142 1297 2196 veneratione
1309 2142 1619 2214 suscipiens
1631 2159 1821 2197 senem

207 2234 446 2298 propter
461 2245 664 2283 nomen
690 2231 914 2284 Domini
935 2229 1290 2285 ministrabat
1305 2230 1354 2284 ei
1379 2247 1480 2302 pro
1499 2231 1818 2286 retributio-

207 2330 279 2370 ne
292 2318 573 2371 mercedis
585 2323 1002 2391 eeternae,quam
1015 2320 1278 2374 credebat
1292 2337 1325 2374 a
1339 2320 1560 2375 Christo
1575 2321 1821 2375 Salvato-

207 2422 267 2459 re
281 2413 483 2461 nostro
500 2408 768 2479 recipere.
784 2409 1039 2480 Cumque
1056 2427 1156 2481 per
1176 2415 1289 2464 tres
1311 2416 1368 2463 et
1379 2409 1618 2481 amplius
1639 2427 1816 2465 annos

207 2495 406 2549 sedule
448 2495 851 2568 obsequeretur
868 2498 1077 2553 famulo
1109 2498 1228 2564 Dei,
1252 2504 1543 2570 coeperunt
1559 2499 1814 2555 homines

204 2589 400 2638 mente
431 2586 681 2656 corrupti
709 2587 1015 2641 secundum
1053 2587 1296 2642 scabiem
1333 2587 1537 2643 mentis
1587 2605 1703 2644 sua:
1724 2607 1814 2644 su-

202 2673 414 2742 spicari
445 2674 595 2745 quod
625 2691 736 2730 non
765 2676 1039 2730 sinceram
1062 2677 1298 2731 haberet
1323 2677 1510 2732 senior
1532 2678 1814 2734 conscien-

201 2761 344 2815 tiam
387 2763 458 2816 de
486 2757 720 2834 virgine,
745 2782 867 2835 qua:
900 2765 1259 2820 ministrabat
1273 2766 1605 2822 ei.Audiens
1619 2773 1810 2822 autem

199 2849 318 2904 hzec
341 2851 555 2916 senior,
589 2853 850 2907 exorabat
869 2854 1219 2909 divinitatem
1249 2855 1478 2922 Christi,
1501 2855 1706 2911 dicens:
1725 2857 1808 2911 Tu

197 2937 444 2994 Domine
473 2941 622 2994 Deus
643 2947 850 3009 noster,
885 2943 979 3013 qui
1007 2943 1157 2997 solus
1187 2945 1332 2998 nosti
1353 2944 1559 3010 omnia,
1586 2951 1643 3000 et
1655 2945 1807 2999 vides

193 3028 334 3098 quia
355 3029 522 3084 multi
536 3036 668 3085 sunt
697 3032 916 3086 dolores
953 3033 1299 3103 aegritudinis
1316 3039 1372 3088 et
1387 3033 1626 3089 miseriae
1645 3051 1803 3101 meaa,

1904 1963 2062 2012 tuam
2092 1964 2242 2014 stare
2268 1960 2498 2014 omnino
2526 1977 2636 2014 non
2668 1978 2915 2032 possum,
2944 1968 3001 2016 et
3027 1961 3217 2016 statim
3247 1978 3505 2032 egressus

1905 2052 1992 2101 est
2018 2048 2086 2102 de
2115 2049 2340 2103 homine
2367 2066 2533 2121 quem
2554 2049 2866 2106 obsederat.
2891 2051 3156 2106 Videntes
3177 2056 3367 2105 autem
3389 2068 3504 2106 om-

1905 2152 2004 2191 nes
2026 2137 2122 2208 qui
2144 2137 2420 2204 astabant,
2455 2139 2731 2194 dederunt
2755 2140 2996 2210 gloriam
3017 2141 3152 2195 Deo.

1974 2223 2062 2282 ‘26.
2085 2227 2422 2282 Reterebant
2436 2229 2616 2283 sancti
2631 2229 2880 2283 seniores
2895 2229 3053 2284 nobis
3071 2230 3336 2284 dicentes:
3355 2230 3500 2295 Quia

1901 2313 2006 2369 fuit
2020 2316 2247 2387 quidam
2267 2318 2640 2372 monachusin
2661 2335 2848 2373 eremo
2861 2318 3084 2390 Scythi;
3117 2319 3271 2374 venit
3307 2325 3496 2374 autem

1900 2404 1971 2458 ad
1992 2405 2296 2460 visitandos
2318 2412 2540 2462 sanctos
2556 2408 2821 2462 Patresin
2835 2409 2954 2462 loco
2967 2408 3062 2479 qui
3074 2407 3280 2463 dicitur
3297 2409 3490 2475 Cellia,

1897 2491 1994 2548 ubi
2007 2495 2309 2550 multitudo
2325 2497 2726 2552 monachorum
2746 2497 2937 2551 divisis
2947 2497 3238 2552 habitabat
3255 2498 3488 2554 cellulis.

1897 2581 2150 2654 Cumque
2160 2601 2272 2639 non
2285 2584 2561 2640 inveniret
2574 2586 2643 2639 ad
2663 2602 2905 2657 praesens
2923 2586 3177 2641 cellulam
3193 2586 3287 2642 ubi
3309 2592 3498 2660 posset

1894 2687 2124 2727 manere
2133 2673 2382 2744 ,quidam
2398 2674 2467 2729 de
2477 2673 2788 2730 senioribus
2799 2675 3012 2730 habens
3023 2676 3191 2730 aliam
3202 2682 3491 2732 vacantem

1892 2761 2170 2828 cellulam,
2204 2763 2359 2816 dedit
2379 2763 2448 2830 ei,
2487 2763 2709 2818 dicens:
2757 2765 2990 2819 Interim
3022 2782 3261 2837 repausa
3301 2766 3359 2821 in
3387 2767 3492 2821 hac

1891 2850 2109 2912 cellula.
2142 2851 2317 2906 donec
2337 2852 2588 2907 invenias
2620 2852 2713 2907 ubi
2738 2855 2916 2925 possis
2963 2872 3208 2926 manere.
3237 2856 3490 2927 Cumque

1890 2939 1960 2992 ad
1991 2939 2330 2994 visitandum
2364 2958 2493 2996 eum
2522 2943 2882 2997 convenirent
2928 2944 3328 3016 quamplurimi
3375 2945 3488 2999 fra-

1885 3033 2022 3095 tres,
2056 3029 2440 3085 desiderantes
2465 3031 2535 3086 ab
2565 3048 2630 3086 eo
2653 3033 2847 3086 audire
2868 3033 3093 3088 verbum
3116 3033 3312 3088 salutis
3330 3039 3488 3088 aeter-

191 3123 249 3171 et
272 3117 640 3174 afﬂictionem
663 3121 983 3175 consideras
1003 3127 1172 3177 tantae
1192 3123 1682 3194 infirmitatis,quaa
1712 3141 1802 3178 me
1825 3131 1866 3192 C
1889 3133 2004 3184 me;
2029 3117 2272 3173 habebat
2292 3121 2443 3174 enim
2473 3121 2820 3192 spirituaiem
2842 3122 3082 3192 gratiam
3105 3123 3338 3177 docendi
3359 3140 3482 3178 ver—
3549 3143 3558 3150 ·

190 3207 273 3260 ita
312 3225 418 3278 per
437 3214 657 3263 tantum
681 3211 1029 3282 consumpsit
1055 3219 1297 3284 tempus,
1331 3217 1394 3266 ut
1421 3213 1800 3268 necessarium
1889 3205 2022 3260 bum
2051 3207 2184 3272 Βθὶς
2218 3209 2408 3262 Videris
2435 3209 2527 3264 ille
2555 3210 2761 3272 εθηίοικ
2805 3211 2900 3282 qui
2930 3211 2980 3266 ei
3011 3213 3081 3266 ad
3111 3212 3480 3269 habitandum

193 3295 440 3350 habeam
502 3297 829 3370 obsequium
875 3300 1046 3370 hujus
1085 3301 1307 3356 famula;
1343 3308 1472 3367 tuae,
1509 3319 1630 3373 quae
1661 3303 1798 3357 mihi
1879 3296 2220 3366 praestiterat
2263 3298 2477 3364 cellam,
2502 3299 2722 3354 invidiae
2755 3300 2924 3354 livore
2959 3318 3055 3356 cor
3081 3303 3205 3373 ejus
3228 3303 3482 3358 vulnera-

188 3393 427 3458 propter
454 3403 660 3443 nomen
704 3394 864 3442 tuum
893 3389 1211 3456 ministrat;
1245 3389 1431 3445 tribue
1453 3391 1523 3458 ei,
1559 3392 1794 3447 Domine
1877 3389 1998 3439 tum
2030 3391 2134 3452 est,
2163 3393 2220 3440 et
2247 3386 2530 3458 indignari
2551 3388 2796 3459 cwpitac
2832 3389 3049 3444 dicere:
3075 3391 3351 3456 Quoniam
3374 3409 3478 3463 ego

185 3475 342 3529 Deus
371 3493 550 3540 meus,
587 3477 921 3548 condignam
953 3479 1265 3533 mercedem
1307 3480 1366 3533 in
1417 3480 1531 3533 vita
1559 3485 1788 3549 aeterna,

183 3563 337 3618 sicut
354 3564 620 3635 dignatus
641 3582 700 3620 es
715 3567 1041 3637 promittere
1059 3574 1284 3640 pr0ptcr
1299 3568 1607 3623 bonitatem
1631 3575 1791 3625 tuam

182 3653 274 3706 his
312 3653 411 3724 qui
433 3660 662 3725 propter
681 3672 885 3710 nomen
905 3662 1065 3711 tuum
1096 3657 1359 3712 exhibent
1403 3658 1593 3728 egenis
1626 3664 1681 3713 et
1701 3659 1788 3714 in-

181 3741 367 3796 firmis
395 3759 558 3797 suum
586 3743 977 3799 ministerium.
1008 3746 1146 3800 Cum
1185 3751 1372 3801 autem
1405 3747 1788 3819 approximas-

177 3836 268 3885 set
293 3831 418 3886 dies
447 3834 720 3888 transitus
749 3836 890 3904 ejus,
915 3842 1296 3890 convenerunt
1325 3837 1395 3890 ad
1427 3853 1556 3891 eum
1587 3855 1786 3908 quam-

178 3920 414 3990 plurimi
435 3922 611 3976 sancti
629 3923 876 3978 seniores
897 3924 1098 3979 fratres
1115 3926 1184 3978 de
1209 3926 1632 3991 monasterio,et
1645 3926 1786 3981 dixit

173 4009 258 4062 eis
284 4010 518 4064 senior:
571 4011 815 4066 Obsecro
844 4030 958 4079 vos,
993 4014 1225 4079 domini,
1260 4019 1314 4068 et
1353 4018 1559 4086 patres,
1585 4021 1642 4069 et
1669 4015 1781 4068 fra-

171 4101 308 4161 tres,
350 4103 416 4151 ut
439 4115 564 4152 cum
581 4099 873 4154 defunctus
886 4101 1062 4162 fuero,
1092 4102 1300 4156 tollatis
1311 4101 1570 4156 baculum
1593 4119 1779 4158 meum

1875 3475 2050 3529 tantis
2080 3475 2425 3547 temporibus
2454 3476 2512 3530 in
2541 3477 2645 3532 hoc
2669 3478 2788 3532 loco
2809 3477 3021 3546 habito,
3056 3485 3114 3533 et
3140 3481 3210 3534 ad
3241 3498 3332 3536 me
3363 3499 3473 3537 non

1873 3563 2106 3619 veniunt
2121 3565 2322 3619 fratres
2348 3564 2456 3620 nisi
2485 3566 2788 3631 rarissime,
2815 3572 2874 3622 et
2889 3567 3066 3622 hocin
3095 3568 3292 3625 diebus
3319 3571 3477 3626 festis

1873 3657 1930 3706 et
1949 3669 2074 3708 ecce
2099 3654 2170 3708 ad
2198 3654 2372 3709 istum
2398 3655 2762 3727 impostorem
2788 3673 2931 3728 pene
2983 3659 3232 3730 quotidie
3271 3660 3475 3716 fratres

1870 3743 2269 3815 quamplurimi
2293 3745 2530 3808 vadunt;
2564 3744 2814 3816 dixitque
2829 3745 3100 3819 discipulo
3121 3765 3222 3803 suo
3245 3767 3256 3802 :
3291 3749 3465 3818 Vade,

1869 3837 1929 3886 et
1953 3832 2042 3886 dic
2069 3832 2121 3887 ei
2149 3838 2212 3886 ut
2239 3833 2563 3904 egrediatur
2596 3834 2666 3888 de
2695 3835 2898 3890 cellula
2925 3836 3040 3904 illa,
3076 3839 3341 3910 quoniam
3373 3857 3467 3895 ne-

1869 3921 2113 3976 cessaria
2141 3921 2278 3976 mihi
2300 3928 2402 3976 est.
2428 3923 2566 3977 Cum
2590 3930 2779 3980 autem
2800 3925 3136 3997 perrexisset
3161 3929 3467 4002 discipulus

1867 4011 1988 4080 ejus
2015 4011 2085 4064 ad
2125 4010 2283 4066 illum
2318 4011 2570 4080 fratrem,
2619 4013 2759 4068 dixit
2799 4014 2850 4069 ei
2895 4033 2906 4068 :
2961 4017 3247 4072 Mandavit
3291 4019 3463 4075 abbas

1866 4115 2024 4153 meus
2052 4100 2338 4155 sanctitati
2356 4107 2488 4168 tuae,
2507 4101 2643 4172 jube
2673 4103 2723 4156 ei
2744 4120 2844 4175 per
2875 4121 2965 4157 me
2987 4107 3256 4183 mandare
3278 4109 3459 4181 quali-

169 4191 228 4238 et
255 4187 528 4256 plantetis
559 4205 688 4242 eum
719 4206 888 4260 super
905 4190 1263 4261 sepulchrum
1287 4208 1494 4257 meum,
1525 4197 1581 4246 et
1607 4193 1655 4246 si
1686 4211 1776 4248 ra-
1861 4191 1950 4243 ter
1977 4189 2202 4256 habeas,
2235 4190 2450 4245 ευάίνίῐ
2476 4191 2624 4245 enim
2649 4196 2703 4245 te
2733 4192 3028 4248 inﬁrmari-
3057 4196 3184 4266 Ιρεθ
3211 4213 3340 4253 “ere
3368 4215 3459 4253 Pe-

166 4273 326 4328 dices
354 4275 568 4340 fecerit,
602 4277 928 4350 miseritque
967 4279 1232 4345 fructum,
1263 4285 1394 4335 tunc
1434 4280 1618 4335 scietis
1645 4283 1774 4353 quia
1859 4279 2206 4332 mandavitei
2227 4279 2446 4334 dicens:
2477 4280 2588 4334 Ora
2609 4297 2709 4352 pro
2731 4297 2840 4348 me,
2868 4281 3092 4338 domine
3111 4285 3296 4353 Pater,
3325 4288 3458 4359 quia

167 4364 387 4418 munda
413 4370 500 4418 est
519 4367 858 4422 conscientia
885 4385 1010 4422 meo
1039 4386 1072 4423 a
1093 4369 1304 4424 famula
1331 4370 1452 4437 Dei,
1487 4388 1608 4442 quae
1636 4372 1772 4426 mihi
1857 4367 2014 4422 valde
2033 4368 2382 4422 stomachum
2413 4368 2592 4422 doleo.
2627 4369 2902 4424 Reversus
2930 4376 3120 4428 autem
3149 4375 3457 4448 discipulus

165 4453 550 4508 ministrabat.
589 4455 647 4510 Si
676 4462 865 4511 autem
897 4474 1009 4512 non
1044 4458 1376 4524 fronduerit,
1414 4460 1610 4515 scitote
1639 4461 1772 4532 quia
1792 4450 1993 4510 DdiXit
2010 4456 2196 4511 abbati
2226 4473 2326 4511 suo
2371 4476 2385 4512 ε
2414 4457 2595 4512 Nimis
2622 4464 2785 4530 rogat
2813 4462 3168 4518 sanctitatem
3185 4469 3362 4533 tuam,
3391 4473 3454 4522 ut

163 4558 277 4596 non
303 4560 436 4598 sum
467 4545 711 4598 mundus
741 4545 811 4600 ab
841 4563 926 4601 ea.
973 4548 1114 4602 Cum
1145 4565 1277 4620 ergo
1307 4549 1390 4602 vir
1413 4549 1512 4604 Dei
1545 4549 1771 4605 exiisset
1853 4545 1937 4599 vel
1967 4544 2107 4600 duos
2135 4546 2255 4600 dies
2265 4545 2528 4618 jubeasei
2560 4547 2814 4603 inducias
2841 4549 2998 4619 dare,
3019 4557 3084 4606 ut
3119 4554 3297 4625 possit
3347 4554 3451 4610 sibi

160 4631 232 4686 de
260 4649 519 4703 corpore,
570 4634 882 4689 secundum
924 4643 1258 4709 prazceptum
1292 4639 1414 4709 ejus
1451 4639 1628 4694 sancti
1668 4640 1770 4694 Pu-
1850 4634 2018 4689 aliam
2061 4636 2258 4690 cellam
2309 4635 2620 4708 providere.
2667 4637 2990 4696 Transactis
3034 4647 3224 4698 autem
3271 4643 3450 4699 tribus

158 4725 278 4775 tres
319 4721 720 4792 plantaverunt
760 4723 1020 4779 baculum
1073 4728 1194 4797 ejus
1237 4744 1406 4798 super
1445 4729 1762 4800 sepulcrum
1850 4723 2062 4791 diebus,
2088 4725 2295 4781 iterum
2317 4726 2473 4782 misit
2499 4727 2840 4800 discipulum
2866 4731 3448 4796 suum,dicens:Vade

151 4809 364 4880 ipsius,
395 4816 452 4864 et
480 4811 748 4878 fronduit,
780 4815 1188 4886 accedenteque
1233 4822 1483 4887 tempore
1531 4821 1765 4890 protulit
1844 4813 1931 4868 dic
1955 4813 2005 4869 ei
2026 4819 2089 4868 ut
2119 4815 2441 4886 egrediatur
2468 4816 2537 4871 de
2566 4817 2768 4872 cellula
2795 4835 2957 4887 mea;
3013 4836 3143 4876 nam
3172 4822 3220 4877 si
3249 4840 3446 4882 rursus

140 4899 425 4970 fructum;
438 4905 496 4954 et
509 4900 772 4956 admirati
791 4908 924 4957 sunt
935 4920 1148 4971 omnes,
1162 4905 1541 4975 gloriﬁcantes
1562 4909 1758 4964 Deum.
1845 4902 2145 4970 distulerit,
2165 4905 2314 4959 dices
2333 4905 2402 4959 ad
2419 4922 2568 4971 eum,
2595 4907 2728 4977 quia
2745 4907 3011 4964 continuo
3033 4911 3217 4980 venio,
3241 4919 3297 4968 et
3311 4931 3440 4971 cum

144 4988 240 5043 Ad
269 4988 386 5042 tale
409 4989 559 5043 enim
581 4989 932 5059 miraculum,
958 4993 1126 5047 etiam
1145 4995 1213 5049 de
1227 4995 1418 5051 vicinis
1438 4998 1759 5068 regionibus
1845 4991 2041 5047 13801110
2070 4995 2332 5048 cardendo
2361 4995 2574 5066 expello
2603 5012 2732 5049 eum
2759 4995 2829 5050 de
2857 4996 2999 5052 cella
3017 5015 3161 5054 mea.
3194 5002 3442 5075 Pergens

140 5077 318 5132 multi
351 5079 744 5134 convenientes
775 5082 1135 5153 magniﬁcant
1160 5084 1403 5155 gratiam
1432 5087 1753 5152 Salvatoris,

137 5183 285 5222 nam
307 5171 368 5222 et
391 5184 494 5223 nos
525 5168 704 5239 ipsam
754 5171 1107 5228 arbusculam
1144 5173 1414 5244 vidimus;
1449 5181 1506 5229 et
1532 5174 1756 5247 benedi-

138 5258 337 5312 xirnus
367 5257 696 5326 Dominum,
721 5260 813 5331 qui
836 5262 1079 5332 protegit
1108 5262 1165 5316 in
1196 5262 1456 5318 omnibus
1485 5263 1541 5319 in
1569 5265 1750 5320 since-

137 5346 321 5400 ritate
353 5351 410 5400 et
433 5345 668 5402 veritate
693 5347 798 5402 sibi
821 5350 1143 5404 servientes.
1271 5339 1276 5342 ’

217 5434 403 5495 501
433 5429 525 5486 ‘25.
581 5431 836 5496 Quodam
856 5439 1109 5506 tempore
1141 5435 1210 5489 ad
1243 5434 1469 5491 beatum
1493 5437 1752 5493 abbatem

129 5517 512 5590 Apollonium
532 5518 1121 5594 duxeruntquemdam
1139 5526 1521 5597 vexatum,qui
1537 5526 1756 5582 fortiter

131 5625 170 5664 a
221 5606 510 5667 damonio
556 5609 925 5683 torquebatur
965 5615 1186 5685 (Pelag.,
1223 5616 1387 5671 libell.
1426 5632 1511 5683 xv,
1555 5633 1610 5672 n.
1642 5617 1752 5686 65).

1841 5087 2030 5137 autem
2058 5083 2363 5156 discipulus
2394 5085 2465 5138 ad
2501 5084 2886 5156 supradictum
2916 5086 3147 5143 fratrem
3175 5091 3318 5148 dixit
3337 5095 3388 5149 ei
3423 5115 3434 5150 :

1838 5171 2113 5235 Quoniam
2155 5172 2314 5227 valde
2349 5173 2622 5227 sollicitus
2657 5179 2743 5228 est
2791 5173 2963 5230 abbas
2989 5194 3148 5234 meus
3181 5181 3250 5236 de
3289 5183 3442 5240 infir-

1835 5261 2030 5315 mitate
2047 5267 2162 5328 tua,
2182 5262 2307 5316 ideo
2330 5261 2481 5316 misit
2500 5279 2589 5317 me
2604 5263 2893 5335 requirens
2913 5266 2958 5320 si
2984 5268 3186 5325 melius
3210 5271 3437 5330 habeas.

1836 5351 1909 5404 At
1937 5350 2030 5404 ille
2057 5351 2400 5423 respondens
2427 5351 2569 5406 dixit
2600 5369 2613 5409 :
2645 5353 2867 5411 Gratias
2895 5373 3020 5428 ago,
3052 5358 3278 5419 domine
3306 5362 3436 5420 san-

1837 5444 1941 5505 cte,
1976 5440 2236 5494 charitati
2266 5445 2394 5508 tua),
2439 5440 2573 5512 quia
2594 5442 2866 5499 sollicitus
2885 5462 2944 5500 es
2972 5447 3040 5501 de.
3071 5465 3179 5518 me,
3213 5467 3436 5507 verum-

1839 5534 2026 5584 tamen
2055 5529 2312 5600 precibus
2359 5530 2471 5585 tuis
2502 5531 2700 5586 melius
2745 5533 2943 5590 habeo.
3003 5537 3277 5594 Reversus
3333 5557 3436 5595 au-

1841 5625 1955 5674 tem
2009 5617 2330 5690 discipulus,
2375 5619 2514 5677 dixit
2557 5621 2744 5679 abbati
2774 5640 2877 5680 suo
2912 5643 2922 5680 :
2971 5625 3153 5684 Etiam
3187 5633 3244 5684 et
3289 5645 3436 5686 nunc
