3966 6184
467 290 576 349 755
1579 295 1672 349 DE
1709 295 1898 351 VITIS
1936 295 2232 351 PATRUM
2270 294 2484 350 LIBER
2521 294 2624 350 III.
3607 299 3692 356 756

470 416 802 490 deprecatur
811 415 1164 472 sanctitatem
1175 421 1335 474 tuam
1350 417 1631 488 dicens,ut
1641 437 1817 492 usque
1833 421 1903 475 ad
1916 421 2063 476 diem
2083 421 2138 481 A
2149 425 2495 493 praeceptum
2521 419 2757 487 abbatis;
2780 435 3021 490 cumque
3049 425 3327 490 pergeret,
3365 420 3497 475 dixit
3539 422 3698 479 abbati

468 507 816 563 Dominicam
841 511 1146 576 exspectes.
1164 511 1221 560 et
1241 507 1432 561 statim
1451 509 1786 580 egredietur.
1813 511 1954 565 Cum
1974 528 2071 566 au-
2151 496 2277 566 suo':
2313 511 2550 566 Domine
2577 516 2756 581 pater,
2790 510 2978 564 audivi
3025 511 3463 581 quamplurimos
3489 511 3700 570 dicentes

470 603 586 651 tem
615 595 930 650 advenisset
955 595 1282 651 Dominicus
1310 597 1446 662 dies,
1472 603 1530 652 et
1554 615 1666 653 non
1686 599 2065 670 egrederetur,
2153 601 2287 672 quia
2310 601 2369 655 in
2389 601 2484 654 illo
2515 601 2637 654 loco
2665 600 2815 653 mala
2838 598 3018 653 bestia
3037 600 3210 652 leaena
3229 599 3322 653 sit.
3354 601 3501 654 Tunc
3524 604 3698 668 senior,

470 684 747 755 accipiens
775 688 985 738 vectem
1004 684 1211 750 senior,
1225 685 1610 742 inﬂammatus
1631 688 1848 743 invidia:
1875 694 1932 742 et
1957 689 2071 744 ira-
2131 689 2312 762 quasi
2335 689 2664 760 joculariter
2691 688 2826 742 dicit
2855 687 2905 742 ei
2930 707 2942 744 :
2992 688 3048 742 Si
3081 688 3294 742 venerit
3323 706 3487 759 super
3510 696 3577 757 te,
3597 696 3702 746 tene

467 773 685 829 cundia:
713 772 932 845 spiritu,
965 773 1232 844 pergebat
1252 781 1316 829 ut
1339 775 1600 830 caedendo
1629 778 1931 849 expelleret
1943 795 2069 833 eum
2153 785 2210 833 et
2238 780 2408 849 alliga
2437 795 2581 844 eam,
2617 784 2674 832 et
2707 778 2950 832 adduces
2989 794 3116 831 eam
3153 783 3360 832 tecum.
3385 778 3518 832 Cum
3545 787 3703 835 autem

469 863 540 918 de
567 863 708 918 cella
734 879 856 916 sua.
905 863 1190 917 Accedens
1229 869 1419 918 autem
1438 865 1742 936 discipulus
1781 869 1901 937 ejus
1932 868 2073 922 dixit
2151 869 2398 923 venisset
2425 868 2494 921 ad
2525 868 2707 921 locum
2734 868 2853 937 jam
2875 883 3126 938 vespere,
3151 867 3341 921 statim
3372 884 3584 937 egressa
3600 870 3704 923 leae-

469 952 549 1008 ei:
577 952 636 1007 Si
659 951 844 1022 jubes,
880 951 1064 1018 Pater,
1097 953 1349 1024 praecedo
1370 959 1445 1021 te,
1469 960 1526 1008 et
1538 955 1716 1023 video,
1745 973 1815 1010 ne
1836 957 2069 1011 forsitan
2153 975 2226 1012 na
2246 958 2413 1013 irruit
2442 973 2611 1029 super
2638 973 2787 1021 eum,
2819 962 2876 1009 et
2902 955 2997 1009 ille
3026 957 3500 1027 comprehendens
3541 963 3705 1012 tenere

471 1040 648 1113 aliqui
668 1041 870 1095 fratres
890 1041 960 1095 ad
985 1042 1345 1096 salutandum
1379 1061 1509 1098 eum
1535 1045 1807 1110 venerint,
1836 1051 1893 1100 et
1921 1046 1967 1099 si
1996 1047 2072 1100 vi-
2154 1064 2280 1102 eam
2309 1046 2500 1110 voluit,
2536 1046 2633 1100 illa
2664 1062 2791 1098 vero
2823 1044 3109 1099 excutiens
3138 1062 3215 1109 se,
3249 1045 3320 1099 de
3351 1045 3594 1100 manibus
3611 1049 3708 1116 ejus

469 1129 659 1184 derint
686 1135 760 1196 te,
786 1130 1250 1185 scandalizentur.
1279 1133 1567 1187 Praecessit
1615 1151 1745 1205 ergo
1773 1135 2074 1206 discipulus
2157 1136 2392 1207 aufugit.
2429 1134 2781 1205 Sequebatur
2808 1139 2997 1188 autem
3020 1134 3114 1187 ille
3151 1135 3343 1188 dicens
3369 1153 3379 1186 :
3408 1135 3544 1198 Quia
3568 1135 3710 1191 abbas

473 1223 532 1272 et
551 1219 839 1289 ingressus
867 1219 940 1273 ad
969 1236 1098 1273 eum
1125 1220 1264 1274 dixit
1295 1238 1305 1272 :
1353 1221 1488 1276 Ecce
1517 1221 1690 1277 abbas
1737 1241 1896 1279 meus
1924 1218 2078 1279 venit
2157 1242 2316 1280 meus
2357 1224 2621 1295 praecepit
2651 1228 2713 1278 ut
2741 1223 3031 1294 alligatam
3063 1228 3118 1276 te
3153 1223 3451 1294 perducam
3493 1225 3558 1278 ad
3588 1241 3710 1278 eum.

474 1307 546 1362 ad
566 1307 925 1362 salutandum
959 1314 1034 1375 te,
1076 1310 1344 1380 egredere
1399 1327 1530 1382 ergo
1572 1312 1828 1377 celerius,
1863 1319 1919 1368 et
1947 1331 2074 1368 cum
2158 1314 2436 1370 Continuo
2458 1319 2647 1368 autem
2679 1312 2838 1366 stetit
2861 1311 3058 1374 bestia,
3083 1317 3141 1365 et
3168 1317 3368 1366 tenens
3397 1329 3535 1378 eam,
3566 1330 3715 1368 rever-

472 1397 785 1468 gratiarum
807 1396 1025 1452 actione
1041 1414 1267 1452 occurre
1283 1399 1458 1471 ei,qui
1479 1417 1581 1472 pro
1605 1400 1781 1456 nimia
1803 1402 2077 1457 charitate
2156 1404 2383 1459 tebatur
2410 1403 2482 1458 ad
2511 1402 2935 1456 monasterium.
2968 1402 3117 1456 Dum
3137 1407 3330 1456 autem
3351 1403 3644 1456 retardaret
3669 1404 3715 1457 in

478 1491 536 1542 et
561 1485 857 1542 dilectione
882 1487 1034 1542 venit
1075 1487 1146 1542 ad
1175 1493 1252 1542 te.
1287 1488 1394 1553 Qui
1433 1490 1626 1544 statim
1675 1507 1911 1562 surgens
1948 1509 2076 1546 cum
2160 1476 2381 1559 itinere,
2413 1491 2584 1548 abbas
2613 1490 2779 1545 nimis
2826 1490 3098 1545 sollicitus
3127 1507 3229 1561 pro
3279 1507 3366 1557 eo,
3423 1491 3718 1546 tristabatur

475 1574 655 1630 nimia
681 1574 972 1630 alacritate
1014 1575 1259 1630 occurrit
1295 1576 1366 1630 ei.
1399 1578 1653 1650 Cumque
1682 1579 1912 1634 vidisset
1949 1597 2079 1635 eum
2163 1582 2447 1652 graviter;
2481 1585 2539 1634 et
2567 1597 2690 1635 ecce
2719 1579 2905 1634 subito
2950 1581 3274 1650 supervenit
3303 1580 3593 1652 discipulus
3618 1583 3716 1650 ejus

475 1669 780 1737 antequam
800 1666 1218 1739 approximaret
1243 1668 1316 1722 ad
1343 1684 1493 1734 eum,
1518 1670 1822 1740 prostravit
1859 1689 1919 1726 se
1948 1688 2080 1743 pro-
2097 1701 2143 1761 B
2161 1677 2360 1726 tenens
2382 1671 2614 1741 ligatam
2648 1669 2904 1724 leaenam.
2939 1669 3099 1733 Quod
3128 1685 3259 1723 cum
3288 1669 3514 1723 vidisset
3544 1669 3714 1736 senior,

474 1770 582 1810 nus
610 1755 671 1810 in
700 1761 929 1822 terram,
958 1756 1339 1827 adorabatque
1382 1774 1574 1812 senem
1614 1776 1740 1813 cum
1770 1761 2080 1830 gratiarum
2100 1755 2140 1761 ”
2163 1760 2474 1815 admiratus
2488 1758 2896 1829 valde,gratias
2917 1757 3121 1828 agebat
3140 1758 3419 1813 Salvatori
3446 1759 3720 1813 nostroDo-

477 1843 718 1909 actione,
750 1843 980 1899 dicens:
1023 1845 1318 1900 Retribuat
1348 1846 1454 1901 tibi
1483 1848 1774 1916 Dominus,
1825 1850 2083 1904 charissi-
2164 1850 2338 1904 mino.
2370 1848 2514 1903 Dicit
2541 1852 2733 1902 autem
2769 1847 3076 1918 discipulus
3127 1849 3277 1918 ejus:
3327 1848 3481 1913 Ecce,
3511 1848 3718 1913 domine,

477 1949 570 1987 me
601 1934 788 1999 Pater,
823 1933 970 1988 bona
989 1940 1199 1989 aeterna
1227 1953 1327 2006 pro
1363 1937 1564 1992 cellula
1590 1943 1708 2005 tua,
1748 1956 1914 2009 quam
1945 1940 2082 1995 mihi
2163 1939 2308 1993 sicut
2334 1937 2668 2009 praecepisti,
2687 1936 2893 1991 adduxi
2919 1937 3153 1991 leaenam
3174 1937 3429 2006 ligatam.
3449 1937 3490 1989 ν
3497 1937 3633 1990 olens
3650 1954 3724 1990 au-

478 2027 709 2094 propter
728 2038 934 2078 nomen
954 2025 1076 2094 ejus
1102 2025 1432 2096 praestitisti,
1464 2032 1519 2080 et
1549 2027 1607 2080 in
1636 2027 1846 2082 caelesti
1865 2030 2087 2084 Jerusa-
2167 2034 2284 2084 tem
2313 2026 2610 2082 humiliare
2640 2042 2868 2081 sensum
2899 2027 3019 2096 ejus
3048 2026 3256 2093 senior,
3291 2043 3364 2080 ne
3401 2027 3723 2080 extolleretse

478 2111 590 2166 lem
606 2111 762 2182 inter,
782 2119 1004 2166 sanctos
1032 2130 1163 2168 suos
1189 2115 1446 2171 Christus
1466 2117 1739 2172 Dominus
1761 2117 1863 2172 tibi
1885 2119 2089 2190 glorio—
2170 2119 2230 2172 in
2257 2114 2688 2188 cogitationibus
2719 2115 2833 2170 suis
2870 2115 3180 2186 discipulus
3198 2132 3357 2180 suus,
3382 2115 3462 2169 ait
3489 2115 3536 2169 ei
3559 2135 3568 2167 :
3602 2115 3726 2170 Sicut

480 2216 601 2255 sam
630 2205 689 2255 et
707 2201 1057 2272 splendidam
1071 2210 1347 2276 praeparet
1365 2207 1735 2262 mansionem.
1757 2209 2089 2264 Haecautem
2169 2213 2233 2262 tu
2261 2205 2601 2261 insensibilis
2643 2223 2721 2272 es,
2763 2205 2845 2258 ita
2890 2205 3062 2259 etiam
3111 2210 3169 2260 et
3199 2205 3372 2259 istam
3389 2204 3724 2259 insensibilem

481 2288 717 2345 audiens
745 2290 950 2360 senior,
974 2299 1338 2363 compunctus
1370 2300 1458 2350 est
1481 2296 1668 2364 corde,
1709 2303 1766 2351 et
1788 2299 2090 2369 projiciens
2169 2295 2408 2352 bestiam
2437 2293 2717 2350 adduxisti
2749 2313 2762 2361 ;
2812 2294 2961 2348 solve
2991 2311 3144 2365 ergo,
3189 2300 3247 2349 et
3287 2295 3504 2348 dimitte
3525 2311 3649 2361 eam,
3679 2301 3726 2346 ut

480 2378 742 2434 baculum
771 2381 1012 2435 recurrit
1047 2381 1106 2436 in
1130 2384 1419 2454 amplexus
1449 2386 1590 2455 ejus,
1627 2391 1684 2440 et
1701 2388 1985 2442 osculatus
2006 2393 2092 2443 est
2172 2391 2373 2458 pergat
2400 2385 2470 2438 ad
2498 2385 2685 2438 locum
2713 2399 2896 2437 suum.

483 2485 634 2536 eum,
669 2474 726 2523 et
753 2469 1008 2524 invitavit
1029 2471 1186 2526 illum
1210 2473 1280 2526 ad
1301 2473 1558 2528 cellulam
1587 2493 1767 2542 suam,
1791 2482 1855 2531 ut
1879 2477 2090 2548 pariter
2241 2473 2331 2532 28.
2357 2474 2597 2538 Quidam
2623 2473 2692 2527 de
2703 2472 2912 2527 sanctis
2933 2472 3247 2528 senioribus
3273 2473 3430 2528 misit
3441 2471 3724 2542 discipulum

481 2573 612 2614 cum
646 2558 958 2630 gratiarum
1009 2560 1228 2616 actione
1284 2569 1572 2619 sumerent
1624 2564 1828 2620 cibum.
1862 2566 2093 2622 Vocavit
2173 2559 3722 2634 suumadhauriendamaquam(Joannes,libell.u,n.l'7).

481 2652 673 2704 autem
700 2648 891 2704 senior
943 2657 1491 2720 supramemoratum
1534 2653 1871 2726 discipulum
1901 2673 2086 2724 suum,
2176 2653 2506 2723 Prolongius
2536 2657 2727 2706 autem
2757 2657 2880 2706 erat
2899 2656 3100 2722 puteus
3127 2668 3161 2705 a
3189 2652 3336 2706 cella
3363 2647 3724 2706 senioris.0bli-

486 2741 544 2793 et
562 2737 928 2809 interrogavit
956 2755 1104 2805 eum,
1137 2739 1327 2794 dicens
1352 2759 1362 2793 :
1386 2741 1488 2797 Dic
1515 2743 1673 2809 mihi,
1704 2744 1804 2812 fili,
1827 2744 1876 2799 si
1902 2745 2093 2801 dixisti
2175 2748 2268 2796 tus
2297 2747 2384 2796 est
2409 2745 2601 2796 autem
2630 2757 2821 2796 secum
2848 2741 3045 2796 tollere
3070 2740 3266 2797 funem
3298 2741 3589 2812 discipulus
3611 2741 3721 2809 ejus

485 2827 656 2882 verba
684 2827 777 2883 isti
809 2828 990 2894 fratri,
1025 2846 1146 2900 quae
1179 2837 1410 2902 propter
1446 2833 1706 2889 cellulam
1737 2836 2001 2890 mandavi
2031 2841 2093 2892 ut
2176 2833 2244 2887 de
2269 2848 2379 2903 quo
2401 2831 2654 2886 hauriret
2681 2847 2908 2902 aquam.
2931 2831 3184 2903 Cumque
3199 2831 3543 2902 pervenisset
3567 2829 3627 2882 ad
3651 2845 3721 2899 pu-

489 2917 702 2972 diceres
735 2918 806 2972 ei.
854 2919 1010 2974 Tunc
1048 2919 1355 2991 discipulus
1392 2923 1514 2992 ejus
1558 2923 1842 2979 confessus
1889 2931 1975 2980 est
2016 2926 2085 2992 ei,
2175 2927 2352 2988 teum,
2385 2920 2748 2977 contristatus
2772 2925 2858 2974 est
2878 2921 3057 2987 valde,
3091 2921 3224 2992 quia
3242 2921 3413 2991 longe
3437 2924 3551 2974 erat
3567 2918 3728 2972 cellula

491 3007 712 3062 dicens:
736 3007 901 3076 Vere,
942 3008 1187 3075 domine,
1233 3010 1355 3065 dico
1385 3012 1518 3083 quia
1553 3019 1781 3084 propter
1809 3015 2095 3070 humilita-
2114 3068 2154 3084 Α
2175 3028 2390 3078 eorum;
2424 3010 2556 3082 quid
2587 3014 2799 3080 ageret,
2829 3026 2938 3082 quo
2955 3026 3016 3064 se
3043 3005 3729 3075 verteret,nesciebat,dubi-

493 3101 609 3152 tem
641 3113 811 3168 quam
861 3068 963 3152 tibi
1009 3068 1275 3154 exhibuere
1313 3068 1487 3156 debeo
1533 3068 1807 3174 tanquam
2112 3068 2156 3130 ο
2173 3101 2334 3156 tabat
2359 3068 2509 3156 enim
2535 3068 2895 3154 ad‘cellulam
2931 3100 3051 3154 sine
3072 3116 3220 3171 aqua
3239 3068 3466 3155 reverti.
3489 3068 3625 3152 Tunc
3649 3115 3728 3150 au-

493 3185 745 3256 domino,
773 3186 898 3242 ideo
927 3204 1041 3242 non
1070 3187 1347 3244 audebam
1369 3192 1709 3261 respondere
1741 3192 1843 3248 tibi
1880 3194 2094 3266 aliquid
2176 3191 2298 3246 xius
2326 3189 2513 3257 nimis,
2545 3189 2850 3260 prostravit
2863 3189 2997 3244 sein
3009 3189 3327 3244 orationem
3358 3205 3482 3243 cum
3509 3186 3728 3258 lacrymis

496 3276 719 3349 quando
747 3293 837 3333 me
866 3275 1127 3332 mittebas
1142 3278 1214 3333 ad
1241 3295 1369 3334 eum
1395 3298 1408 3346 ;
1435 3287 1820 3338 verumtamen
1842 3283 1985 3338 nihil
2008 3300 2098 3339 eo-
2178 3280 2396 3335 dicens:
2432 3279 2690 3346 Domine,
2724 3278 2992 3334 miserere
3020 3279 3134 3333 mei
3175 3279 3485 3334 secundum
3511 3293 3728 3347 magnam

495 3383 624 3423 rum
645 3367 760 3424 dixi
797 3367 849 3422 ei
880 3384 1004 3440 quae
1041 3367 1348 3424 mandabas
1387 3370 1458 3424 ad
1506 3387 1656 3426 eum.
1693 3373 1824 3428 Haec
1863 3374 2098 3429 audiens
2179 3369 2623 3425 misericordiam
2643 3374 2801 3424 tuam
2827 3371 2993 3436 (Psal.
3033 3370 3080 3439 L)
3115 3387 3128 3435 ;
3159 3369 3254 3440 qui
3282 3369 3457 3423 fecisti
3486 3368 3663 3422 caelum
3689 3368 3731 3416 et

499 3458 705 3526 senior,
731 3457 924 3514 statim
951 3459 1249 3530 prostravit
1276 3476 1336 3514 se
1356 3459 1427 3514 ad
1456 3461 1626 3532 pedes
1646 3465 1838 3532 502
1868 3465 1990 3536 ejus
2019 3465 2102 3521 di-
2180 3464 2411 3525 terram,
2441 3475 2618 3527 mare,
2649 3464 2706 3514 et
2731 3458 2921 3514 omnia
2949 3474 3071 3530 quae
3099 3458 3159 3513 in
3177 3458 3257 3513 eis
3292 3464 3441 3526 sunt,
3475 3457 3563 3529 qui
3587 3453 3729 3510 fecisti

503 3563 635 3604 cens
666 3566 682 3602 :
722 3547 800 3602 Ex
831 3547 1105 3603 hodierna
1145 3546 1234 3601 die
1274 3551 1336 3601 tu
1367 3564 1528 3604 meus
1557 3556 1718 3622 pater
1745 3559 1883 3618 esto,
1918 3558 1975 3608 et
1996 3569 2100 3624 ego
2181 3547 2463 3603 mirabilia
2491 3564 2702 3620 magna
2730 3549 2898 3614 solus,
2932 3547 3201 3602 miserere
3256 3547 3374 3602 mei
3413 3552 3625 3619 propter
3646 3558 3732 3595 ser-

501 3637 807 3711 discipulus
821 3643 988 3705 tuus;
1010 3640 1275 3709 quoniam
1299 3649 1356 3699 te
1379 3638 1681 3696 festinante
1697 3647 1754 3696 et
1775 3641 2100 3698 moderante
2181 3654 2313 3693 vum
2340 3643 2502 3692 tuum
2533 3636 2630 3710 qui
2667 3637 2820 3692 misit
2848 3653 2958 3704 me,
3005 3641 3063 3691 et
3107 3653 3236 3692 cum
3280 3635 3656 3691 exsurrexisset
3679 3629 3730 3682 ab

506 3744 572 3783 ac
593 3745 723 3784 cum
751 3729 956 3786 timore
984 3737 1042 3786 et
1069 3731 1342 3788 charitate
1371 3732 1471 3787 Dei
1501 3736 1721 3803 agente,
1747 3735 1803 3786 et
1833 3747 2019 3786 meam
2044 3736 2102 3786 et
2181 3727 2453 3794 oratione,
2487 3726 2821 3782 exclamavit
2838 3726 3060 3781 dicens:
3087 3726 3133 3782 Ο
3152 3731 3344 3798 putee,
3373 3731 3549 3797 putec,
3578 3737 3732 3777 servus

506 3817 659 3872 illius
679 3819 872 3874 fratris
898 3819 1148 3876 animam
1166 3820 1235 3876 de
1247 3821 1458 3894 peccati
1483 3821 1684 3892 laqueo
1715 3819 1971 3875 Christus
1992 3821 2101 3876 Do-
2183 3817 2392 3872 Christi
2421 3816 2592 3871 abbas
2620 3833 2780 3872 meus
2815 3816 2971 3870 misit
2999 3831 3107 3883 me,
3155 3822 3219 3870 ut
3253 3816 3511 3870 hauriam
3545 3827 3729 3884 aquam.

508 3905 697 3961 minus
713 3905 986 3964 liberavit.
1020 3909 1128 3964 Pro
1154 3910 1264 3965 fide
1292 3910 1443 3966 enim
1472 3916 1530 3966 et
1555 3915 1750 3966 sancta
1778 3909 2100 3964 sollicitudi-
2184 3907 2388 3962 Statim
2419 3913 2609 3961 autem
2650 3906 2901 3962 ascendit
2943 3922 3092 3977 aqua
3121 3922 3351 3960 sursum
3391 3921 3557 3976 usque
3589 3902 3650 3956 ad
3687 3916 3733 3952 os

509 4009 583 4050 ne
612 3999 670 4050 et
684 3994 998 4052 intentione
1046 3996 1311 4070 discipuli
1339 3998 1435 4070 qui
1465 3998 1706 4070 perfecte
1742 3999 1802 4054 in
1824 3999 2100 4056 charitate
2182 3997 2357 4067 putei,
2405 4002 2461 4050 et
2488 4012 2616 4052 cum
2639 3995 2928 4067 implesset
2949 3996 3209 4067 lagenam
3237 4012 3402 4050 suam
3426 3995 3600 4058 frater,
3632 3989 3732 4043 abs-

513 4083 723 4140 Christi
747 4083 1016 4156 diligebat
1033 4085 1294 4143 abbatem
1315 4104 1500 4156 suum,
1553 4093 1611 4143 et
1651 4087 1813 4144 anxie
1849 4088 2103 4157 timebat,
2190 4086 2356 4141 cessit
2373 4085 2695 4157 glorificans
2713 4085 3022 4158 potentiam
3044 4085 3266 4140 Domini
3285 4084 3593 4150 Salvatoris;
3619 4093 3734 4149 aqua

513 4190 585 4230 ne
603 4191 705 4247 per
721 4173 941 4232 invidie
969 4181 1026 4232 et
1046 4176 1351 4233 iracundiae
1376 4177 1593 4244 vitium,
1619 4177 1830 4248 aliquid
1849 4180 1962 4234 tale
1982 4195 2110 4249 age-
2191 4181 2381 4231 autem
2402 4175 2556 4247 putei
2576 4192 2800 4230 reversa
2829 4182 2914 4230 est
2937 4175 2995 4230 in
3023 4175 3207 4230 locum
3237 4191 3425 4230 suum.

512 4270 603 4320 ret
620 4269 783 4337 pater
806 4281 942 4322 suus
969 4266 1299 4339 spiritualis,
1348 4273 1415 4323 ut
1451 4267 1712 4340 perderet
1737 4274 1932 4323 omnes
1959 4268 2111 4323 labo-
2266 4265 2353 4321 29.
2374 4265 2506 4320 Fuit
2530 4265 2758 4336 quidam
2779 4266 2953 4320 frater
2967 4265 3025 4319 in
3047 4265 3409 4331 monasterio,
3433 4261 3636 4317 nomine
3657 4258 3737 4312 Eu-

512 4371 606 4411 res
621 4360 863 4424 sanctos,
893 4372 1032 4428 quos
1060 4356 1130 4412 ab
1160 4356 1390 4413 ineunte
1411 4362 1574 4413 aetate
1602 4357 1662 4412 in
1701 4357 1908 4413 Christi
1937 4357 2111 4414 servi-
2192 4354 2552 4420 lalius,nimis
2565 4354 2751 4425 gratia
2770 4353 3104 4409 humilitatis
3120 4359 3355 4408 ornatus
3375 4349 3733 4420 (Pelag.,libell.

513 4445 614 4512 tio,
637 4462 737 4518 pro
763 4445 889 4502 vitae
908 4450 1130 4502 eterna:
1159 4447 1404 4518 pmmiis
1440 4446 1808 4502 laboraverat.
1860 4446 2109 4519 Ideoque
2126 4434 2176 4494 D
2193 4441 2535 4513 xv,n.86).Si
2548 4445 2681 4515 quid
2695 4444 2959 4515 igitur,ut
2971 4443 3416 4515 solet,culpabile
3434 4438 3739 4496 admisissent

514 4535 790 4592 Dominus
819 4535 1047 4591 donavit
1067 4535 1312 4606 gratiam
1341 4552 1522 4604 suam,
1563 4535 1704 4593 utin
1733 4553 1871 4608 pace
1900 4537 2108 4592 Christi
2189 4533 2390 4588 fratres
2409 4533 2863 4604 negligentiores,
2879 4541 3205 4588 excusantes
3225 4535 3419 4604 culpas
3433 4548 3570 4594 suas,
3585 4540 3738 4597 supra-

516 4625 732 4698 pariter
748 4625 1097 4681 laetarentur.
2191 4623 2402 4679 dictum
2413 4622 2644 4678 fratrem
2657 4623 2984 4678 asserebant
3010 4640 3132 4678 esse
3152 4623 3500 4694 culpabilem.
3531 4620 3738 4687 Cumque

586 4715 677 4772 27.
724 4713 998 4771 Dicebant
1030 4715 1210 4770 sancti
1241 4713 1489 4770 seniores
1508 4715 1578 4770 de
1598 4714 1871 4788 discipulo
1893 4715 2110 4772 abbatis
2194 4718 2527 4784 argueretur
2553 4730 2587 4767 a
2613 4713 2926 4768 senioribus
2953 4713 3242 4780 fratribus,
3274 4731 3388 4768 non
3410 4709 3643 4782 negabat,
3663 4702 3736 4758 sed

518 4805 699 4872 Pauli,
722 4804 950 4862 nomine
978 4805 1240 4872 Joannes,
1273 4805 1540 4876 quoniam
1583 4821 1848 4876 magnam
1881 4805 2115 4862 haberet
2193 4801 2584 4875 prosternebat
2597 4821 2656 4857 se
2673 4803 2733 4857 in
2745 4807 2977 4868 terram,
3008 4802 3316 4858 etadorans
3344 4819 3454 4867 eos,
3485 4816 3539 4854 se
3563 4793 3738 4852 dicebat

519 4893 915 4962 humilitatem,
949 4900 1006 4950 et
1035 4895 1300 4951 virtutem
1333 4895 1753 4962 obedientiaa,ut
1766 4895 1936 4950 etiam
1972 4897 2116 4952 diffi-
2196 4910 2476 4965 peccasse,
2521 4899 2578 4946 et
2623 4892 2972 4963 negligenter
3008 4891 3223 4946 fecisse.
3271 4892 3410 4947 Cum
3453 4893 3622 4944 autem
3657 4884 3737 4937 ite-

521 4982 654 5039 ciles
681 5001 880 5041 causas
920 4985 1234 5056 imperante
1265 4985 1318 5040 ei
1366 4983 1586 5053 abbate,
1615 4985 1675 5040 in
1704 4985 1858 5040 nullo
1891 4987 2115 5057 penitus
2197 5000 2326 5037 rum
2367 4999 2432 5036 ac
2471 4982 2793 5054 frequenter
2831 4986 3160 5036 accusarent
3187 4998 3335 5048 eum,
3386 4985 3442 5034 et
3484 4973 3738 5068 secundus!

521 5074 930 5130 contradiceret
969 5074 1199 5144 (Pclag.,
1232 5075 1401 5130 liba”.
1431 5072 1516 5139 lli,
1550 5073 1700 5145 φιλ),
1738 5075 1835 5130 sed
1866 5092 1968 5130 nec
1987 5077 2117 5130 levi-
2198 5073 2451 5144 regulam
2494 5072 2860 5126 monasticam
2904 5070 3151 5125 biduana
3178 5089 3243 5126 ac
3278 5071 3534 5126 triduana
3565 5066 3740 5136 jejunis!

521 5161 684 5217 terin
718 5163 906 5235 aliquo
944 5169 1344 5220 mnrmuraret.
1376 5165 1518 5219 Cum
1549 5169 1740 5220 autem
1765 5166 2118 5220 necessarius
2200 5162 2252 5216 ei
2270 5161 2670 5228 indicerentur,
2693 5160 2786 5214 ille
2817 5160 3007 5215 omnia
3034 5161 3317 5232 patienter
3335 5153 3741 5245 tolerabatlgno-

524 5257 674 5308 esset
686 5250 742 5305 in
756 5252 1080 5308 monasterii
1092 5253 1426 5310 utensilibus
1441 5255 1610 5308 fimus
1621 5252 1788 5308 boum
1798 5253 1974 5320 ,misit
1989 5271 2118 5309 eum
2201 5256 2390 5306 rantes
2411 5256 2600 5305 autem
2620 5250 2822 5304 fratres
2849 5250 2980 5320 quia
2993 5251 3112 5305 haec
3132 5250 3323 5305 omnia
3336 5265 3432 5320 pro
3459 5242 3740 5301 humilitatis

523 5340 697 5398 abbas
724 5341 783 5396 in
817 5342 1134 5413 proximum
1162 5343 1364 5411 vicum,
1398 5348 1462 5398 ut
1489 5343 1805 5414 requireret
1817 5343 1892 5398 ibi
1922 5345 2117 5399 ﬁmum
2201 5341 2406 5396 virtute
2423 5341 2702 5412 patienter
2719 5340 3042 5405 sustineret,
3067 5339 3454 5394 convenientes
3473 5333 3672 5406 pariter.
3699 5329 3740 5377 et

522 5430 712 5499 boum,
741 5435 799 5486 et
828 5446 957 5486 cum
993 5430 1282 5487 celeritate
1312 5431 1539 5488 alierret
1565 5433 1636 5487 ad
1677 5434 2111 5492 monasterium.
2201 5431 2439 5486 maxime
2460 5431 2710 5486 seniores
2727 5430 2928 5484 fratres
2951 5430 3020 5484 ad
3037 5430 3264 5484 Patrem
3285 5418 3738 5512 monasterii,de

523 5521 658 5577 Erat
689 5525 879 5580 autem
907 5520 968 5577 in
996 5521 1118 5576 loco
1143 5522 1240 5576 illo
1264 5522 1417 5577 mala
1443 5521 1642 5591 bestia,
1674 5521 1871 5578 leaena.
1914 5523 2119 5578 Statim
2201 5527 2348 5576 runt:
2375 5520 2698 5588 Considera,
2715 5521 2900 5586 Pater,
2928 5519 3060 5592 quid
3079 5519 3390 5574 faciendum
3422 5515 3507 5580 sit,
3538 5504 3738 5582 quandi“

523 5628 656 5686 ergo
675 5629 934 5687 egressus
946 5611 1253 5686 discipulus
1265 5612 1387 5684 ejus
1405 5612 1793 5682 Joannes,ibat
1810 5614 2118 5671 secundum
2201 5611 2352 5668 enim
2363 5627 2665 5686 possumus
2678 5611 2956 5668 sustinere
2970 5608 3340 5682 negligentias
3359 5610 3414 5663 et
3434 5605 3621 5661 damna
3643 5608 3735 5668 qua3
