3892 6182
207 255 314 322 757

1514 247 1748 320 vertex
1785 250 2184 320 suumn.

3382 263 3484 323 753

205 390 384 446 frater
408 382 510 446 ille
540 385 789 448 Eulalius
816 392 950 448 facit
977 393 1034 446 in
1065 389 1446 448 monasterio?
1486 377 1615 451 iJam
1648 391 2010 464 'peneAcem
2039 394 2102 444 ut
2130 381 2395 461 probaret
2419 403 2568 444 eum.
2593 385 2795 446 Statim
2824 395 3014 448 autem
3032 393 3208 449 frater
3233 393 3326 449 ille
3355 407 3484 448 cum

205 481 402 535 omnia
427 495 562 536 vasa
593 482 922 537 etu'tensili‘a
941 482 1268 536 monasterii
1287 481 1569 538 confracta
1588 485 1738 552 sunt,
1755 493 1812 542 et

206 571 587 626 exterminata
613 585 716 643 per
739 572 1139 644 negligentiam
1169 573 1309 642 ejus.
1357 573 1647 638 Quomodo
1677 591 1810 647 ergo

207 658 316 713 iste
345 660 479 715 talis
505 661 834 716 toleran'dlIs
857 661 980 716 est?
1010 659 1372 733 Respondens
1417 663 1584 718 Pater
1610 680 1809 719 mona-

208 749 369 803 sterii
399 749 511 804 ait:
530 750 762 806 Interim
792 766 998 822 paucos
1019 751 1137 806 dies
1158 751 1538 807 sustineamus
1554 752 1807 822 fratrem,

209 843 266 891 et
294 844 494 909 postea
519 839 902 895 ordinabimus
932 840 1001 895 de
1049 857 1114 895 eo
1157 841 1302 912 quod
1349 843 1617 914 competit
1666 845 1806 899 fieri.

210 927 343 981 Haec
371 928 564 983 dicens
593 929 808 984 dimisit
825 929 1046 984 fratres.
1076 931 1368 1001 Ingressus
1394 947 1525 987 vero
1551 933 1810 989 cellulam

208 1018 517 1087 prostravit
563 1035 622 1072 se
669 1019 728 1073 in
753 1018 1117 1086 Orationibus,
1169 1018 1468 1074 obsecrans
1496 1021 1810 1077 misericor-

207 1105 364 1159 diam
395 1106 640 1172 Domini,
675 1112 738 1161 ut
767 1107 816 1161 ei
847 1105 1208 1162 manifestare
1235 1106 1565 1178 dignaretur
1580 1111 1713 1181 quid
1727 1127 1812 1166 or-

208 1194 410 1249 dinare
442 1201 543 1250 aut
563 1195 798 1251 delinire
827 1201 1015 1268 poSset
1029 1195 1097 1250 de
1119 1212 1265 1268 saepe
1286 1197 1432 1253 dicto
1442 1198 1645 1254 fratre:
1678 1204 1812 1255 tunc

209 1284 525 1339 revelatum
548 1292 632 1339 est
655 1286 704 1339 ei
727 1285 858 1357 quid
875 1291 1085 1356 ageret.
1112 1286 1444 1341 Convocavit
1464 1303 1596 1359 ergo
1619 1305 1813 1345 omnes

207 1372 418 1428 fratres
449 1373 640 1440 abbas,
677 1374 928 1446 dixitque
954 1375 1061 1429 eis:
1097 1375 1322 1430 Credite
1376 1376 1536 1443 mihi,
1587 1377 1809 1446 fratres,

210 1462 349 1532 quia
377 1463 560 1534 magis
585 1465 718 1535 op'to
739 1463 1035 1519 mattulam
1056 1464 1246 1519 fratris
1263 1464 1464 1520 Eulalii
1485 1482 1610 1521 cum
1623 1468 1812 1522 humi-

208 1552 373 1606 litate
403 1556 463 1606 et
508 1553 781 1624 patientia
810 1555 932 1625 ejus
981 1569 1151 1626 quam
1181 1554 1370 1609 omnia
1407 1570 1579 1628 opera
1617 1573 1812 1612 eorum

209 1641 490 1696 duntaxat
513 1642 628 1713 qui,
661 1649 1083 1698 murmurantes
1108 1644 1166 1698 in
1200 1643 1460 1700 cordibus
1502 1646 1640 1710 suis,
1678 1663 1812 1720 Ope-

1893 479 2015 550 ipso
2044 477 2246 534 Codice
2271 478 2518 550 perrexit
2543 480 2614 533 ad
2642 487 2898 536 sanctum
2913 483 3294 549 Anastasium,
3328 488 3385 539 et
3401 499 3488 538 ro-

1892 567 2064 639 gabat
2091 568 2452 623 eumdicens:
2477 568 2618 623 Jube
2633 571 3007 638 considerare,
3031 569 3486 639 Pater,Codicem

1893 657 2086 724 istum,
2119 664 2176 712 et
2205 657 2485 712 aestimare
2513 673 2643 712 eum
2671 659 2719 712 si
2749 659 2934 714 valeat
2973 661 3180 716 solidos
3221 660 3483 727 sedecim,

1894 747 2159 819 quoniam
2189 753 2411 801 tantum
2442 747 2607 818 pretii
2627 747 2767 819 petit
2789 749 2884 820 qui
2905 749 3169 806 distrahit
3194 751 3374 805 illum.
3395 750 3489 805 Di-

1895 835 1977 890 xit
2003 843 2192 890 autem
2223 835 2392 890 abbas
2404 837 2736 891 Anastasius
2761 855 2772 890 :
2806 838 2950 902 Quia
2963 837 3142 893 bonus
3171 845 3260 894 est
3279 839 3484 906 Codex,

1895 932 1951 980 et
1981 925 2128 980 valet
2151 926 2317 980 tanti.
2341 927 2616 980 Reversus
2644 932 2834 981 autem
2865 928 2960 998 qui
2982 945 3112 983 eum
3131 945 3316 983 emere
3346 929 3491 984 vole-

1893 1013 2007 1081 bat,
2041 1015 2181 1070 dixit
2224 1015 2594 1070 distrahenti:
2646 1017 2782 1070 Ecce
2825 1018 3010 1089 accipe
3047 1019 3310 1090 pretium,
3358 1019 3492 1090 quia

1893 1105 2111 1159 ostendi
2143 1105 2405 1161 Codicem
2431 1105 2620 1160 abbati
2667 1107 2986 1170 Anastasio,
3028 1113 3085 1161 et
3112 1107 3252 1162 dixit
3297 1108 3437 1162 mihi
3471 1125 3482 1161 :

1895 1193 2040 1259 Quia
2065 1193 2242 1248 bonus
2263 1200 2348 1248 est
2376 1195 2581 1258 Codex,
2627 1202 2686 1250 et
2711 1196 2859 1249 valet
2906 1196 3068 1250 tanti.
3120 1198 3493 1268 Interrogavit

1895 1288 2084 1337 autem
2115 1283 2292 1338 frater
2314 1283 2408 1338 ille
2451 1283 2497 1338 si
2546 1283 2687 1338 nihil
2736 1284 2934 1339 beatus
2980 1287 3310 1340 Anastasius
3352 1286 3492 1341 dixit

1895 1372 2067 1427 aliud.
2093 1373 2195 1426 Cui
2219 1374 2671 1444 respondensille
2687 1374 2766 1428 ait
2794 1393 2804 1428 :
2843 1374 3020 1429 Crede
3038 1375 3173 1428 mihi
3187 1375 3319 1446 quia
3352 1376 3492 1430 nihil

1894 1461 2118 1534 penitus
2151 1462 2288 1516 mihi
2315 1460 2467 1516 aliud
2498 1462 2661 1516 dixit.
2689 1464 2820 1518 Haec
2848 1479 2974 1518 cum
3021 1465 3274 1518 audisset
3319 1463 3495 1520 frater

1894 1551 2007 1612 ille,
2039 1551 2177 1605 dixit
2205 1550 2293 1606 ei:
2328 1551 2471 1616 Quia
2504 1552 2624 1622 jam
2667 1553 2988 1622 recogitavi,
3028 1551 3220 1620 frater,
3267 1561 3331 1610 et
3362 1555 3492 1610 nolo

1895 1641 2208 1695 distrahere
2231 1640 2491 1696 Codicem
2512 1652 2729 1708 meum;
2755 1648 3120 1714 compunctus
3135 1644 3287 1698 enim
3303 1646 3491 1711 corde,

209 1738 417 1785 rantur
444 1731 504 1786 in
534 1732 892 1787 monasterio.
915 1732 989 1787 Ut
1016 1739 1208 1788 autem
1235 1734 1495 1788 ostendat
1522 1733 1679 1789 vobis
1703 1715 1814 1790 ὐο-
1839 1715 2228 1784 Bfestinanter
2256 1729 2581 1802 perrexitad
2595 1730 2855 1785 abbatem
2879 1733 3257 1797 Anastasium.
3283 1740 3341 1788 et
3368 1751 3494 1806 pro-

210 1820 403 1875 minus
429 1821 594 1892 quale
623 1821 888 1876 meritum
916 1825 1107 1889 τίθει
1128 1822 1296 1878 habet
1325 1823 1444 1895 ipse
1472 1823 1623 1878 idem
1641 1823 1816 1880 frater
1896 1819 2096 1873 stravit
2111 1835 2171 1873 se
2189 1819 2246 1873 in
2269 1824 2481 1873 terram
2501 1820 2569 1873 ad
2587 1819 2756 1891 pedes
2777 1822 2920 1892 ejus,
2935 1827 2994 1876 et
3013 1822 3346 1893 precabatur
3363 1840 3494 1879 cum

209 1911 364 1982 apud
394 1911 595 1977 Deum,
626 1911 888 1983 praecipio
912 1912 1066 1966 vobis
1079 1918 1142 1967 ut
1161 1912 1488 1968 deferantur
1507 1914 1646 1969 mihi
1676 1919 1818 1970 mat-
1900 1909 2039 1963 ﬂetu
2071 1912 2128 1962 et
2157 1908 2420 1981 lacrymis
2443 1909 2790 1980 paenitendo,
2820 1915 2884 1965 ut
2911 1912 3284 1984 resusciperet
3326 1913 3494 1968 Codi-

210 1999 348 2054 tulae
376 2001 633 2054 omnium
663 2000 901 2055 fratrum
925 2020 936 2054 ε
973 2018 1111 2074 quas
1139 2005 1267 2057 cum
1295 2001 1821 2074 detulissentJussit
1901 2013 2021 2051 cem
2051 2014 2238 2064 suum.
2269 1997 2367 2052 sed
2389 2014 2502 2052 non
2523 1998 2914 2071 acquiescebat
2942 2001 2994 2055 ei
3039 2000 3228 2067 abbas.
3267 2002 3490 2058 dicens:

210 2089 884 2160 utaccenderentignem,
916 2095 974 2145 et
995 2091 1152 2146 misit
1173 2090 1231 2146 in
1262 2101 1392 2147 eum
1421 2093 1675 2156 omnium
1701 2093 1817 2148 ἣδε,-
1900 2085 2055 2140 Vade
2085 2103 2212 2142 cum
2242 2103 2399 2160 pace,
2421 2087 2612 2143 frater:
2638 2105 2765 2144 ecce
2777 2090 2898 2160 jam
2920 2107 3048 2145 cum
3065 2091 3352 2148 voluntate
3372 2109 3501 2148 mea

210 2183 364 2232 trum
397 2180 686 2246 mattulas,
721 2188 843 2252 quae
869 2180 1059 2235 statim
1091 2180 1398 2236 Combustae
1422 2187 1572 2249 sunt,
1609 2188 1818 2254 praeter

211 2268 514 2322 mattulam
543 2267 734 2324 fratris
757 2269 974 2335 Eulalii,
1000 2287 1122 2342 quae
1143 2271 1365 2342 integra
1384 2276 1610 2344 reperta
1630 2278 1733 2339 est,
1759 2278 1817 2328 et

212 2370 324 2408 non
355 2360 444 2408 est
463 2354 772 2410 combusta.
798 2356 1052 2428 Cumque
1073 2357 1177 2412 hoc
1189 2356 1458 2412 vidissent
1475 2357 1679 2414 fratres
1699 2375 1816 2413 om-

211 2460 331 2508 nes,
363 2443 682 2498 timuerunt
707 2443 884 2510 valde,
906 2450 963 2499 et
973 2450 1396 2516 prostraverunt
1419 2461 1480 2501 se
1503 2446 1563 2502 in
1577 2452 1810 2516 terram,

212 2532 437 2586 veniam
470 2538 525 2586 et
545 2532 952 2604 indulgentiam
983 2549 1015 2587 a
1039 2534 1263 2589 Christo
1277 2534 1516 2590 Domino
1528 2536 1816 2606 postulan-

211 2627 316 2683 tes,
350 2627 408 2676 et
435 2622 820 2677 coliaudantes
848 2621 1276 2678 admirabantur
1295 2623 1460 2678 nimis
1479 2624 1814 2696 patientiam

212 2713 268 2765 et
289 2710 673 2766 humilitatem
702 2713 892 2767 fratris
923 2711 1142 2768 Eulalii.
1176 2713 1430 2786 Denique
1451 2730 1517 2769 ex
1544 2730 1609 2769 eo
1637 2715 1816 2771 hono-

211 2800 417 2856 rabant
445 2807 503 2856 et
547 2801 983 2872 magnificabant
1032 2811 1182 2868 eum,
1225 2807 1502 2874 tanquam
1535 2811 1712 2859 unum
1747 2805 1816 2860 de

212 2892 436 2962 magnis
465 2891 726 2945 Patribus
755 2910 767 2958 ;
796 2892 933 2946 istos
955 2897 1144 2946 autem
1165 2891 1404 2946 honores
1419 2899 1475 2947 et
1487 2893 1682 2948 laudes
1701 2907 1815 2949 non

212 2983 437 3052 poterat
467 2979 745 3033 sustinere
772 2977 946 3033 frater
977 2979 1246 3046 Eulalius,
1280 2979 1471 3035 dicens
1503 2999 1514 3035 :
1549 2979 1644 3036 Vae
1676 2982 1814 3036 mihi

1900 2175 2104 2231 habeto
2129 2177 2314 2248 ipsum
2341 2177 2622 2232 Codicem.
2650 2179 2750 2234 llle
2776 2185 2964 2234 autem
3004 2180 3342 2252 persistebat
3365 2199 3498 2238 cum

1897 2265 2161 2338 lacrymis
2189 2267 2430 2338 petendo
2453 2283 2580 2322 eum
2601 2267 2822 2323 dicens:
2853 2269 3000 2334 Quia
3028 2269 3077 2324 si
3103 2286 3216 2325 non
3242 2287 3499 2344 suscepe-

1897 2355 1974 2409 ris
2007 2355 2288 2424 Codicem,
2321 2357 2548 2411 domine
2576 2356 2762 2424 Pater,
2796 2358 2950 2413 nullo
2988 2359 3154 2414 modo
3184 2361 3499 2432 requiescet

1896 2445 2088 2499 anima
2119 2462 2264 2500 mea.
2303 2447 2442 2500 Post
2465 2447 2569 2501 hoc
2595 2446 2690 2502 ille
2737 2448 2948 2520 recepit
2989 2449 3251 2505 Codicem
3287 2467 3492 2520 suum;

1896 2551 2029 2589 nam
2057 2534 2233 2590 frater
2261 2534 2355 2590 ille
2369 2536 2686 2607 permansit
2721 2537 2870 2608 apud
2893 2537 3119 2594 beatum
3135 2541 3500 2596 Anastasium

1896 2624 1956 2679 in
1985 2625 2187 2679 cellula
2218 2625 2362 2696 ejus,
2389 2639 2566 2697 usque
2595 2623 2654 2680 in
2683 2626 2892 2681 exitum
2920 2627 3048 2683 vita:
3076 2645 3209 2684 suae.

1971 2711 2060 2770 3i.
2094 2713 2224 2768 Fuit
2247 2714 2476 2786 quidam
2503 2715 2758 2783 eremita,
2791 2716 2923 2772 Pior
2957 2719 3205 2786 nomine,
3235 2719 3306 2774 de
3348 2720 3498 2776 anti-

1898 2801 2023 2872 quis
2052 2801 2330 2868 Patribus,
2356 2820 2521 2874 quem
2549 2802 2747 2859 beatus
2785 2806 3063 2861 Antonius
3091 2807 3497 2865 adolescentem

1896 2891 1956 2944 in
1976 2896 2168 2946 sancto
2191 2892 2478 2963 proposito
2497 2894 2900 2950 monachorum
2919 2895 3186 2951 instruxit
3208 2917 3220 2952 :
3245 2898 3500 2954 demora-

1897 2985 1990 3034 tus
2017 2986 2100 3035 est
2120 2985 2310 3035 autem
2327 2981 2476 3052 apud
2502 2981 2727 3037 beatum
2746 2985 3053 3039 Antonium
3070 3001 3246 3042 annos
3267 3004 3494 3059 paucos.

211 3069 440 3135 infelici,
459 3069 592 3140 quia
609 3065 1220 3141 pe‘rdidihumilitatem
1240 3083 1621 3142 meam,quam
1633 3071 1810 3127 tantis
1831 3083 1878 3144 ο
1898 3069 2152 3140 Cumque
2180 3069 2377 3140 viginti
2407 3076 2466 3124 et
2493 3071 2740 3144 quinque
2761 3078 2908 3128 esset
2931 3091 3230 3140 annorum,
3263 3075 3404 3132 abiit
3424 3079 3497 3133 ad

212 3158 565 3231 temporibus
593 3158 903 3230 acquirere,
936 3159 1241 3213 auxiliante
1283 3165 1339 3214 et
1375 3160 1675 3231 adjuvante
1722 3179 1813 3217 me

212 3248 438 3304 Christo
454 3248 714 3314 Domino,
755 3246 1030 3302 festinavi.
1054 3247 1412 3320 Consurgens
1424 3249 1614 3322 itaque
1626 3256 1810 3320 nocte,

211 3353 475 3410 egressus
503 3337 573 3392 de
604 3337 944 3392 monasterio
973 3337 1118 3409 fugit
1133 3338 1189 3392 in
1215 3355 1490 3406 eremum,
1511 3334 1610 3394 ubi
1623 3341 1812 3396 nullus

210 3444 341 3482 eum
372 3431 726 3498 agnosceret,
759 3433 818 3482 et
843 3425 920 3481 ibi
941 3429 999 3482 in
1015 3429 1280 3499 spelunca
1299 3427 1589 3483 habitavit.
1619 3430 1814 3486 Noluit

211 3518 363 3572 enim
393 3517 735 3589 temporales
780 3517 1072 3572 hominum
1119 3517 1333 3583 laudes,
1384 3518 1481 3572 sed
1528 3518 1810 3574 caelestem

212 3615 595 3678 aeternamque
614 3606 853 3678 gloriam
882 3621 916 3660 a
945 3607 1233 3662 Salvatore
1267 3613 1460 3662 nostro
1487 3605 1709 3664 Christo
1749 3609 1809 3664 in

209 3698 400 3753 futuro
429 3698 635 3753 saeculo
666 3697 970 3770 percipere.

284 3787 371 3845 30.
401 3787 565 3842 Beati
590 3785 806 3842 abbatis
833 3787 1118 3842 Anastasii
1157 3785 1498 3843 laudabilem
1526 3787 1811 3844 humilita-

211 3885 324 3933 tem
353 3881 414 3932 et
439 3877 725 3949 patientiae
756 3876 1014 3932 virtutem
1045 3882 1266 3950 oportet
1292 3881 1357 3932 ut
1384 3893 1804 3949 cognoscamus,

213 3974 493 4040 quatenus
505 3965 949 4021 admirabilemm
957 3967 1417 4038 agnanimitatem
1431 3972 1489 4022 et
1498 3969 1811 4039 tranquilli-

211 4063 383 4113 tatem
398 4056 664 4127 ani’mteej
670 4073 735 4111 us
745 4056 1181 4125 considerantes,
1195 4057 1484 4112 imitemur
1493 4058 1810 4129 exemplum

204 4147 440 4218 (Pelag.,
463 4149 631 4202 libell.
661 4160 776 4212 xvr,
808 4162 864 4200 η.
896 4146 945 4213 i,
971 4149 1194 4202 nomine
1215 4147 1454 4216 Galam).
1490 4147 1594 4202 Hic
1615 4147 1806 4218 itaque

205 4237 543 4292 Anastasius
573 4235 814 4290 habebat
857 4235 1116 4291 Codicem
1149 4236 1209 4290 in
1245 4236 1600 4308 pergamenis
1645 4236 1805 4291 valde

207 4326 434 4399 Optimis
456 4325 750 4397 scriptum,
783 4325 878 4397 qui
910 4324 1100 4379 decem
1121 4330 1178 4379 et
1203 4330 1327 4380 octo
1348 4324 1568 4378 valebat
1589 4324 1800 4392 solidis,

1896 3158 2070 3212 alium
2087 3163 2366 3214 secretum
2378 3161 2553 3215 eremi
2573 3161 2777 3228 locum,
2801 3168 2867 3217 ut
2885 3164 3170 3219 solitarius
3190 3164 3494 3234 habitaret,

1895 3247 2000 3302 hoc
2030 3247 2200 3302 etiam
2230 3248 2450 3304 volente
2481 3255 2540 3304 et
2585 3251 2968 3307 consentiente
3015 3252 3182 3308 beato
3225 3255 3492 3311 Antonio.

1894 3337 2156 3409 Dixitque
2175 3337 2226 3392 ei
2239 3343 2466 3394 sanctus
2485 3340 2764 3396 Antonius
2789 3360 2800 3394 :
2838 3340 3007 3407 Vade,
3031 3343 3182 3410 Pior,
3217 3348 3275 3398 et
3301 3344 3497 3401 habita

1895 3425 1990 3480 ubi
2016 3427 2256 3481 volueris
2283 3446 2295 3494 ;
2330 3433 2388 3482 et
2415 3445 2552 3484 cum
2573 3429 2673 3484 tibi
2698 3447 2798 3500 per
2816 3430 3064 3502 aliquam
3101 3433 3492 3490 rationabilem

1893 3515 2238 3571 occasionem
2256 3517 2586 3574 revelaverit
2599 3519 2892 3584 Dominus,
2914 3520 3101 3576 venies
3121 3522 3192 3577 ad
3221 3539 3328 3577 me.
3349 3525 3494 3580 Cum

1892 3610 2082 3660 autem
2113 3607 2458 3678 pervenisset
2487 3607 2575 3662 hic
2594 3607 2712 3679 ipse
2733 3609 2866 3664 Pior
2883 3611 2956 3665 ad
2991 3609 3176 3666 locum
3214 3613 3310 3684 qui
3348 3614 3490 3669 situs

1891 3700 1977 3750 est
2001 3695 2152 3750 inter
2177 3696 2418 3751 Nitriam
2435 3701 2492 3752 et
2505 3713 2753 3753 eremum
2776 3699 2988 3772 Scythi,
3023 3700 3214 3756 effodit
3233 3707 3488 3774 puteum,

1891 3784 2142 3856 cogitans
2166 3786 2315 3858 apud
2329 3787 2720 3860 semetipsum:
2744 3788 3022 3853 Quoniam
3042 3791 3491 3866 qualemcunque

1890 3890 2095 3946 aquam
2124 3875 2408 3944 invenero,
2441 3882 2662 3950 oportet
2690 3893 2782 3932 me
2811 3878 2934 3952 ipsa
2970 3885 3296 3937 contentum
3327 3899 3487 3952 esse;

1891 3965 2040 4035 quod
2068 3970 2126 4019 ct
2160 3965 2368 4021 factum
2389 3971 2492 4034 est,
2518 3967 2589 4022 ad
2611 3973 2978 4040 augmentum
3002 3970 3333 4027 meritorum
3361 3975 3486 4044 ejus

1891 4053 2020 4109 talis
2051 4055 2303 4123 occasio;
2335 4060 2559 4111 tantum
2589 4058 2740 4112 enim
2761 4059 2910 4114 salsa
2941 4065 2998 4113 et
3027 4077 3222 4115 amara
3258 4061 3488 4118 inventa

1891 4148 1977 4198 est
1997 4159 2162 4216 aqua,
2191 4150 2256 4200 ut
2280 4145 2329 4199 si
2359 4146 2484 4216 quis
2504 4146 2575 4200 ad
2605 4163 2735 4201 eum
2760 4146 3024 4204 visitandi
3047 4150 3234 4220 gratia
3249 4152 3483 4220 veniret,

1887 4233 1946 4287 in
1967 4233 2192 4304 proprio
2212 4234 2434 4290 vasculo
2452 4234 2556 4289 sibi
2568 4251 2772 4307 aquam
2788 4236 3129 4308 deportaret.
3147 4239 3486 4296 Remoratus

1887 4327 1974 4377 est
2008 4322 2066 4377 in
2096 4323 2293 4378 eodem
2321 4323 2442 4378 loco
2470 4323 2633 4378 annis
2661 4323 2916 4394 triginta.
2958 4325 3231 4382 Dicebant
3259 4345 3392 4401 ergo
3431 4330 3483 4386 ei

205 4422 386 4471 totum
417 4415 571 4470 enim
593 4419 749 4469 vetus
780 4419 836 4468 et
863 4430 1068 4469 novum
1088 4415 1510 4469 Testamentum
1531 4414 1802 4486 scriptum
1817 4406 1866 4466 D
1888 4412 2090 4466 fratres
2107 4418 2169 4467 ut
2187 4412 2474 4467 recederet
2490 4413 2561 4467 de
2579 4412 2699 4468 loco
2715 4413 2838 4484 ipso
2874 4422 3104 4487 propter
3145 4417 3481 4476 amaritudi-

207 4503 468 4560 habebat.
504 4504 646 4559 Cum
676 4509 866 4558 autem
879 4503 1105 4575 quidam
1117 4503 1292 4559 frater
1319 4503 1562 4558 venisset
1590 4505 1802 4558 adeum

206 4592 466 4650 visitandi
489 4595 696 4666 gratia,
724 4593 862 4648 vidit
875 4593 933 4648 in
948 4593 1148 4648 cellula
1165 4594 1288 4663 ejus
1319 4593 1578 4649 Codicem
1594 4593 1798 4665 ipsum,

203 4688 262 4738 et
278 4683 615 4756 concupivit,
639 4683 966 4755 furatusque
979 4688 1068 4738 est
1085 4697 1233 4748 eum,
1257 4688 1314 4737 et
1325 4683 1482 4738 abiit.
1505 4685 1802 4755 Suprame-

201 4781 458 4828 moratus
489 4778 678 4828 autem
705 4773 878 4828 abbas
918 4773 1269 4839 Anastasius,
1311 4789 1437 4827 cum
1475 4773 1804 4845 requisisset

200 4863 402 4918 eadem
432 4863 525 4918 die
546 4864 617 4918 ad
638 4863 935 4934 legendum
953 4863 1212 4918 Codicem
1234 4879 1418 4928 suum,
1443 4867 1501 4918 et
1529 4864 1800 4920 noninve-

199 4952 396 5018 nisset,
431 4952 709 5008 intellexit
724 4952 856 5024 quia
885 4952 1060 5007 frater
1075 4951 1168 5006 ille
1181 4952 1400 5007 furatus
1420 4957 1569 5006 esset
1588 4957 1803 5019 eum,et

197 5042 386 5098 noluit
413 5041 641 5097 mittere
669 5047 795 5114 post
823 5041 1030 5114 ipsum,
1058 5055 1161 5096 nec
1198 5041 1486 5113 requirere
1535 5057 1685 5106 eum,
1729 5058 1800 5097 ne

199 5138 331 5204 post
358 5131 574 5188 furtum
604 5131 775 5186 etiam
805 5137 862 5187 et
889 5132 1140 5204 perjuria
1168 5131 1527 5186 adderentur.
1556 5132 1799 5186 Descen-

198 5221 342 5276 dens
373 5226 567 5275 autem
593 5218 767 5276 frater
794 5220 888 5296 ille
913 5219 972 5275 in
1001 5235 1126 5276 eam
1159 5237 1284 5292 quae
1313 5219 1371 5274 in
1399 5219 1650 5292 proximo
1679 5224 1802 5275 erat

198 5311 513 5379 civitatem,
543 5309 719 5365 voluit
747 5309 1059 5364 distrahere
1086 5309 1346 5365 Codicem
1365 5310 1542 5373 illum,
1577 5309 1802 5381 petebat

198 5409 398 5456 autem
421 5400 482 5454 in
506 5399 686 5471 pretio
717 5400 839 5470 ejus
868 5399 1075 5454 solidos
1119 5399 1382 5454 sedecim.
1430 5399 1577 5454 Dicit
1619 5399 1670 5454 ei
1707 5399 1802 5453 ille

198 5491 300 5562 qui
329 5506 464 5546 eum
490 5503 676 5544 emere
704 5487 958 5544 volebat:
989 5488 1073 5544 Da
1100 5489 1238 5544 mihi
1269 5489 1550 5556 Codicem,
1578 5494 1642 5544 ut
1668 5504 1798 5561 pos-

198 5583 308 5640 sim
342 5579 583 5654 probare
601 5580 648 5638 si
675 5579 819 5636 tanti
839 5579 1006 5653 pretii
1034 5580 1181 5636 valet
1201 5597 1215 5648 ;
1245 5578 1402 5635 dedit
1419 5595 1553 5651 ergo
1572 5579 1623 5635 ei
1643 5579 1802 5636 Codi-

1885 4517 2015 4556 nem
2029 4517 2216 4573 aquae;
2251 4501 2370 4574 ipse
2391 4505 2580 4556 autem
2600 4501 2742 4558 dixit
2761 4502 2868 4558 eis:
2893 4503 2951 4559 Si
2973 4505 3410 4563 amaritudinem
3423 4513 3482 4565 et

1885 4590 2135 4646 laborem
2173 4591 2418 4662 fugimus
2447 4591 2818 4661 abstinentiae,
2867 4597 2924 4648 et
2969 4594 3225 4651 volumus
3268 4596 3328 4652 in
3372 4598 3480 4654 hoc

1883 4679 2093 4736 mundo
2122 4681 2374 4752 requiem
2392 4680 2618 4749 habere,
2651 4685 2778 4754 post
2797 4683 3006 4738 exitum
3017 4683 3144 4740 vitae
3167 4685 3334 4757 hujus
3362 4702 3477 4744 non

1884 4770 2261 4842 percipiemus
2292 4770 2389 4825 illa
2415 4776 2626 4826 aeterna
2655 4777 2712 4827 et
2754 4789 2884 4827 vere
2919 4773 3105 4828 dulcia
3157 4773 3324 4844 bona,
3373 4793 3478 4833 nec

1881 4860 2138 4914 fruemur
2161 4860 2272 4915 illis
2299 4861 2586 4932 perpetuis
2615 4860 2763 4916 beati
2798 4862 3044 4934 paradisi
3068 4863 3300 4922 deliciis.

1953 4949 2226 5005 Dicebant
2251 4967 2384 5022 ergo
2403 4950 2604 5007 fratres
2634 4951 2767 5023 quia
2791 4956 3013 5008 tantum
3025 4969 3202 5010 unum
3230 4957 3477 5028 paxima-

1881 5038 2024 5094 tium
2050 5046 2104 5095 et
2137 5040 2387 5112 quinque
2422 5041 2594 5096 olivas
2621 5040 2682 5097 in
2726 5041 2850 5097 cibo
2896 5042 3222 5115 accipiebat,
3269 5052 3327 5102 et
3371 5049 3478 5106 hoc

1881 5128 2294 5186 deambulando
2321 5129 2474 5184 foris.

1958 5219 2141 5275 Etiam
2171 5226 2230 5275 et
2255 5219 2361 5275 hoc
2387 5218 2745 5275 afﬁrmabant
2773 5220 2843 5276 de
2863 5237 2929 5277 eo
2957 5221 3122 5280 multi
3149 5231 3473 5285 sanctorum

1884 5309 2134 5374 Patrum,
2157 5308 2286 5379 quia
2307 5309 2542 5379 triginta
2562 5314 2620 5364 et
2638 5309 2880 5382 amplius
2896 5316 3083 5379 504
3096 5317 3348 5383 annis,ex
3362 5333 3474 5390 quo

1883 5415 2138 5468 egressus
2170 5402 2255 5452 est
2283 5399 2352 5452 de
2377 5398 2543 5454 domo
2573 5403 2868 5471 parentum
2891 5417 3141 5470 suorum,
3185 5421 3473 5478 nunquam

1883 5490 1933 5542 ei
1962 5504 2190 5542 suasum
2213 5487 2400 5554 fuisse,
2423 5487 2593 5543 etiam
2614 5505 2740 5544 cum
2761 5489 3054 5547 defunctos
3095 5492 3346 5548 audisset
3372 5508 3477 5564 pa-

1883 5583 2070 5634 rentes
2107 5593 2256 5647 suos,
2275 5583 2338 5633 ut
2357 5583 2616 5651 pergeret
2629 5578 2699 5635 ad
2715 5579 3113 5655 requirendum
3130 5597 3231 5641 seu
3245 5580 3469 5644 visitan-
