3892 6182
400 201 506 262 759
1520 204 1615 262 DE
1648 205 1839 266 VITIS
1875 203 2174 264 PATRUM
2207 201 2424 260 LIBER
2459 201 2559 258 III.
3515 217 3603 282 7,0

398 331 535 388 dum
563 331 910 405 propinquos
939 331 1159 400 (Pelag..
1183 332 1348 386 libell.
1381 343 1436 384 Iv
1463 345 1522 384 η.
1564 328 1674 400 34).
1697 332 1991 388 Verumta-
2004 327 2322 396 Averbum,
2353 345 2425 384 ne
2447 327 2591 383 forte
2609 331 2968 399 cognosceret
2993 329 3053 384 in
3075 345 3200 387 voce
3215 349 3353 390 eum.
3379 339 3600 402 Monachi

399 439 531 478 men
559 439 719 478 soror
745 423 869 492 ejus
895 437 1022 476 cum
1051 424 1202 476 esset
1218 419 1404 487 vidua,
1437 418 1650 475 habens
1677 421 1819 477 duos
1849 422 1995 478 ﬁlios
2075 435 2206 474 vero
2223 418 2462 490 quicum
2481 417 2602 489 ipso
2624 422 2804 486 erant,
2829 417 3174 474 dixeruntad
3195 438 3332 478 eam:
3354 427 3602 500 Rogamus

393 513 517 584 jam
541 511 1002 576 adoleswntulos,
1037 509 1194 565 misit
1220 526 1316 564 eos
1343 509 1402 564 in
1426 525 1678 565 eremum
1700 512 1770 566 ad
1803 513 1993 583 requi-
2075 514 2154 573 te,
2187 508 2416 563 domina
2439 513 2640 575 mater,
2664 513 2729 562 ut
2742 506 2942 578 jubeas
2954 508 3112 563 nobis
3131 527 3322 582 aquam
3336 515 3455 572 dare
3465 522 3526 574 ad
3544 523 3607 576 bi-

399 601 638 656 rendum
667 599 902 655 fratrem
929 615 1095 654 suum
1114 599 1266 656 Pior.
1289 598 1397 664 Qui
1413 615 1541 654 cum
1557 599 1778 655 diversa
1804 617 1996 656 mona—
2074 597 2338 663 bendum,
2372 599 2506 668 quia
2531 596 2602 651 de
2629 597 2833 651 itinere
2852 597 3069 668 fatigati
3089 615 3294 654 sumus.
3313 603 3436 660 Cum
3449 615 3606 667 autem

397 689 570 746 steria
596 688 945 755 circuissent,
977 687 1329 759 requirentes
1359 704 1506 755 eum,
1541 688 1625 742 vix
1656 689 1885 744 tandem
1912 689 1996 744 in-
2075 687 2438 759 accepissent,
2471 691 2529 740 et
2567 685 2859 752 bibissent,
2911 686 3172 742 facientes
3217 692 3513 760 orationem,
3563 706 3609 755 et

397 777 684 834 venientes
710 777 871 832 illum
900 777 1165 832 dixerunt
1187 777 1239 830 ei
1267 794 1279 830 :
1324 777 1440 831 Nos
1485 777 1590 832 ﬁlii
1633 778 1842 832 sororis
1881 784 1994 835 tuae
2073 776 2288 848 gratias
2312 780 2543 846 agentes
2572 775 2708 841 Deo,
2737 775 3114 830 discesserunt
3132 781 3186 830 et
3210 783 3402 836 reversi
3428 792 3541 839 sunt
3553 790 3610 842 ad

393 883 609 931 sumus,
641 883 765 938 quae
790 865 965 922 nimio
985 865 1262 920 desiderio
1289 870 1514 938 optatte
1534 866 1721 922 videre
1732 873 1864 922 ante
1884 867 1993 922 exi-
2073 863 2478 920 monasterium
2504 880 2688 919 suum.
2726 865 2860 918 Post
2889 864 3200 936 aliquantus
3219 873 3395 924 autem
3409 871 3514 928 dies
3529 875 3612 929 ite-

394 961 518 1013 tum
547 973 732 1013 suum.
765 957 893 1028 Ipse
921 972 1052 1011 vero
1065 971 1178 1011 non
1197 955 1472 1026 acquievit
1487 956 1744 1028 petitioni
1772 974 1988 1013 eorum,
2072 967 2200 1004 rum
2227 949 2451 1022 scripsit
2469 949 2538 1004 ad
2571 965 2702 1004 cum
2730 965 2890 1003 soror
2919 966 3022 1004 sua
3043 955 3108 1004 ut
3130 951 3335 1024 veniret
3360 959 3412 1008 et
3432 957 3614 1015 videret

395 1047 774 1102 Perrexerunt
795 1051 988 1100 autem
1016 1045 1397 1100 adolescentes
1445 1045 1518 1100 ad
1558 1045 1845 1101 hominem
1889 1045 1991 1101 Dei
2072 1056 2202 1095 eum
2231 1044 2363 1094 ante
2386 1038 2598 1093 exitum
2628 1055 2814 1104 suum,
2842 1043 2898 1092 et
2914 1038 3220 1094 orationem
3235 1039 3428 1098 faceret
3443 1045 3495 1100 in
3513 1063 3614 1102 mo-

2073 1128 2320 1184 nasterio
2359 1129 2499 1199 ejus.
2531 1129 2687 1183 Tunc
2704 1128 2797 1182 ille
2817 1127 3102 1200 rescripsit
3122 1129 3190 1183 ad
3209 1147 3348 1197 eam,
3372 1139 3422 1186 et
3447 1134 3619 1190 direxit

2073 1218 2367 1290 epistolam
2394 1233 2497 1288 per
2515 1217 2852 1272 monachum
2875 1218 2944 1272 de
2965 1219 3296 1274 monasterio
3313 1222 3612 1288 suo,dicens:

391 1133 622 1191 beatum
651 1134 980 1200 Antonium,
1011 1133 1322 1190 indicantes
1345 1133 1398 1189 ei
1423 1150 1526 1206 pro
1556 1151 1668 1206 qua
1693 1151 1864 1190 causa
1891 1150 1990 1190 ve-

382 1229 620 1280 'nerant.
638 1223 793 1280 Misit
813 1228 1003 1278 autem
1023 1221 1222 1278 beatus
1239 1223 1537 1290 Antonius,
1557 1228 1615 1278 et
1635 1225 1846 1279 vocavit
1860 1241 1990 1279 eum

397 1313 470 1368 ad
491 1329 570 1378 se,
599 1313 846 1384 dixitque
871 1311 922 1368 ei
947 1331 959 1366 :
979 1312 1186 1378 Quare,
1215 1311 1406 1378 frater,
1430 1317 1588 1368 tanto
1609 1317 1861 1386 tempore
1877 1330 1991 1368 non
2072 1307 2216 1372 Quia
2244 1311 2542 1378 praestante
2560 1307 2747 1377 gratia
2775 1306 2985 1362 Christi
3013 1323 3116 1377 ego
3139 1308 3260 1362 veni
3277 1309 3344 1363 ad
3355 1314 3428 1375 te,
3448 1317 3500 1364 et
3509 1313 3618 1366 nul-

398 1403 599 1458 venisti
631 1401 701 1457 ad
731 1401 866 1456 me?
903 1401 1012 1466 Qui
1040 1401 1406 1474 respondens,
1455 1401 1596 1456 dixit
1637 1403 1690 1458 ei
1715 1421 1726 1456 :
1773 1403 1992 1458 Praece-
2074 1397 2165 1451 1118
2187 1412 2280 1450 me
2305 1396 2564 1467 ϐοεῐιονίῐ
2587 1415 2600 1464 ;
2626 1396 2748 1468 ipsa
2773 1412 2905 1450 vero
2926 1412 3151 1466 egressa
3177 1397 3316 1452 838d
3345 1414 3456 1464 n09,
3483 1400 3620 1455 etde-

398 1491 532 1564 pisti
561 1491 721 1558 mihi,
748 1489 1070 1546 beatissime
1091 1491 1276 1558 Pater,
1293 1497 1360 1546 ut
1376 1507 1503 1546 cum
1520 1507 1622 1562 per
1639 1491 1886 1564 aliquam
1906 1509 1994 1547 oc—
2076 1484 2208 1540 disti
2239 1483 2399 1539 nobis
2415 1500 2642 1556 aquam,
2668 1489 2726 1538 et
2743 1485 2932 1556 accepi
2947 1485 3016 1539 de
3029 1485 3282 1541 manibus
3303 1487 3426 1548 tuis.
3449 1487 3618 1554 etbibi,

399 1581 680 1636 casionem
708 1581 1012 1636 revelasset
1039 1580 1178 1635 mihi
1209 1581 1498 1647 Dominus,
1532 1580 1782 1636 venirem
1813 1581 1883 1636 ad
1914 1587 1990 1649 te,
2078 1578 2136 1628 et
2159 1573 2374 1644 gratias
2402 1589 2576 1644 agens
2607 1573 2850 1628 Domino
2879 1589 3134 1630 reversus
3158 1591 3282 1630 sum
3309 1575 3363 1630 in
3383 1583 3622 1631 monaste-

399 1675 457 1726 et
484 1685 611 1724 ecce
628 1686 806 1741 usque
826 1669 1096 1725 hactenus
1113 1685 1226 1724 non
1247 1669 1384 1724 mihi
1396 1670 1702 1725 revelatum
1725 1675 1829 1726 est.
1843 1668 1996 1726 Dixit
2013 1649 2062 1710 Β
2077 1663 2223 1719 rium
2249 1681 2261 1730 ;
2293 1662 2539 1718 sufﬁciat
2569 1679 2701 1734 ergo
2731 1661 2835 1716 tibi
2861 1661 2994 1734 quia
3018 1662 3206 1717 vidisti
3227 1679 3332 1730 me,
3363 1670 3416 1718 et
3439 1681 3540 1719 non
3560 1665 3622 1720 sis

397 1759 452 1816 ei
479 1757 680 1815 beatus
706 1758 984 1814 Antonius
1009 1777 1022 1812 :
1055 1759 1211 1814 Vade
1237 1763 1304 1814 ut
1337 1758 1522 1814 videat
1563 1765 1622 1814 te
1670 1775 1830 1814 soror
1871 1765 1989 1814 tua.
2075 1752 2313 1808 ulterius
2328 1751 2468 1806 mihi
2483 1751 2738 1818 molesta,
2763 1751 2862 1806 sed
2882 1767 2981 1806 ora
3003 1767 3104 1824 pro
3133 1769 3224 1806 me
3237 1752 3550 1808 incessanter
3567 1753 3622 1808 ad

397 1849 553 1904 Tunc
567 1846 872 1920 assumpsit
888 1864 1078 1904 secum
1101 1847 1276 1902 alium
1296 1848 1652 1915 monachum,
1677 1853 1736 1904 et
1752 1848 1997 1920 perrexit
2075 1842 2380 1897 Dominum
2408 1845 2666 1896 nostrum
2694 1841 2722 1895 J
2727 1857 2888 1896 esum
2918 1841 3224 1896 Cnristum.

399 1937 471 1993 ad
501 1938 682 1993 locum
697 1941 755 1992 et
771 1937 1003 1993 domum
1045 1937 1255 1992 sororis
1278 1954 1394 1992 suae
1417 1956 1429 2002 ;
1463 1943 1520 1992 et
1537 1942 1694 1993 stans
1705 1937 1840 1994 foris
1869 1955 1996 2010 pro-
2149 1930 2238 1988 33.
2273 1931 2384 1986 Sed
2412 1935 2465 1984 et
2494 1929 2898 2002 alius‘quidam
2926 1931 3233 1986 monachus
3261 1931 3395 1986 abiit
3419 1932 3483 1986 ad
3494 1949 3626 1986 soro-

399 2043 470 2099 pe
490 2027 726 2097 januam
747 2025 898 2094 atrii,
929 2025 1134 2080 clausis
1161 2027 1354 2093 oculis,
1385 2031 1449 2082 ut
1476 2043 1590 2082 non
1605 2027 1822 2083 videret
1847 2043 1999 2082 soro-
2078 2036 2198 2076 rem
2230 2037 2412 2086 suam.
2452 2024 2518 2074 ut
2571 2019 2827 2074 νίδίῒὲινθῐ
2867 2035 3010 2086 (ἔδων
3059 2019 3313 2076 andiel‘at
3352 2021 3492 2075 enim
3523 2037 3626 2074 eam

401 2133 522 2170 rem
551 2131 710 2172 suam
738 2115 914 2171 stetit.
947 2115 1049 2170 Illa
1075 2119 1267 2170 autem
1293 2117 1521 2172 veniens
1557 2117 1796 2188 projecit
1822 2133 1882 2172 se
1924 2117 1996 2172 ad
2075 2114 2442 2182 egrotantem
2472 2108 2530 2163 in
2559 2109 2902 2164 monasterio
2935 2111 3158 2180 (Pelag.,
3187 2112 3329 2165 libel.
3364 2125 3430 2175 IV,
3454 2127 3505 2163 η.
3535 2109 3626 2178 61).

401 2205 572 2277 pedes
591 2205 745 2276 ejus,
776 2205 847 2260 de
873 2203 1048 2260 nimio
1069 2205 1223 2260 enim
1266 2206 1475 2277 gaudio
1523 2207 1846 2278 angustiata
1889 2211 1992 2262 est.
2078 2201 2212 2256 Erat
2241 2204 2429 2254 autem
2452 2199 2576 2271 ipsa
2600 2198 2813 2254 famula
2830 2199 2931 2254 Dei
2948 2199 3242 2254 nominata
3259 2200 3318 2254 in
3343 2205 3629 2254 sanctacon-

399 2293 550 2350 Dicit
576 2294 628 2349 ei
649 2294 816 2350 Pior:
850 2294 988 2350 Ecce
1017 2311 1120 2366 ego
1147 2311 1274 2350 sum
1306 2295 1440 2350 Pior
1467 2295 1646 2350 frater
1671 2301 1824 2364 tuus,
1869 2293 1996 2350 vide
2077 2288 2390 2345 versatione
2413 2307 2428 2357 ;
2449 2288 2640 2362 itaque
2653 2305 2768 2344 non
2793 2289 3072 2360 acquievit
3089 2289 3188 2343 illa
3216 2288 3483 2360 suscipere
3508 2293 3556 2342 et
3570 2289 3632 2342 vi-

401 2400 536 2456 ergo
552 2401 642 2440 me
669 2388 942 2456 quantum
969 2383 1230 2449 volueris,
1257 2389 1314 2438 et
1329 2389 1458 2454 post
1475 2384 1580 2438 hoc
1599 2384 1792 2439 statim
1815 2400 1998 2439 rever-
2078 2379 2212 2435 dere
2239 2378 2470 2434 fratrem
2499 2395 2682 2444 suum,
2699 2382 2764 2434 ut
2789 2395 2903 2434 non
2919 2396 3020 2450 per
3037 2378 3381 2434 occasionem
3410 2379 3520 2448 ejus
3558 2377 3630 2430 in-

385 2489 496 2528 sus
520 2477 608 2528 est
633 2472 705 2528 ad
731 2489 982 2527 eremum
1011 2472 1072 2527 in
1099 2471 1359 2527 cellulam
1383 2489 1565 2528 suam.
1588 2473 1707 2528 Hoc
1721 2478 1911 2528 autem
1923 2473 1998 2529 fe-
2075 2468 2410 2539 grederetur
2434 2467 2841 2523 monasterium
2876 2467 3237 2536 feminarum,
3266 2468 3364 2522 sed
3387 2465 3634 2521 mandavit

401 2561 566 2617 citad
603 2561 972 2617 erudiendum
997 2561 1302 2616 monachos
1335 2565 1400 2615 ut
1423 2577 1535 2616 non
1559 2561 1792 2617 daretur
1818 2562 1898 2617 eis
1926 2563 1994 2617 li-
2079 2559 2149 2626 ei,
2185 2557 2406 2613 dicens:
2443 2558 2616 2624 Vade,
2647 2557 2873 2612 domine
2911 2557 3106 2624 frater,
3156 2563 3215 2612 et
3252 2575 3350 2614 ora
3391 2574 3485 2629 pro
3525 2572 3628 2619 me;

402 2651 606 2716 centia,
640 2667 767 2704 cum
793 2649 1014 2705 libitum
1046 2649 1128 2704 eis
1145 2648 1316 2704 fuerit
1358 2649 1586 2706 visitare
1632 2655 1894 2723 parentes
1913 2653 1995 2707 vel
2077 2653 2382 2721 praestante
2401 2647 2552 2702 enim
2567 2645 2754 2718 gratia
2775 2647 2874 2702 Dei
2895 2651 2951 2701 et
2980 2647 3288 2703 Salvatoris
3305 2646 3490 2712 nostri,
3514 2644 3634 2699 vide-

401 2739 745 2813 prOpinquos
769 2755 919 2796 suos.
2079 2738 2149 2793 bo
2177 2742 2234 2792 te
2261 2737 2322 2792 in
2349 2736 2537 2792 futuro
2565 2735 2767 2792 seculo
2793 2735 2854 2792 in
2882 2752 3057 2808 regno
3089 2737 3315 2793 Domini
3339 2735 3501 2791 nostri
3525 2736 3635 2789 Jesu

475 2828 565 2884 23.
609 2829 792 2884 Etiam
839 2827 1012 2884 abbas
1047 2830 1311 2897 Joannes,
1363 2829 1458 2901 qui
1504 2829 1895 2886 commanebat
1937 2830 1998 2885 in
2080 2827 2310 2884 Christi.

405 2922 598 2974 monte
627 2919 724 2989 qui
745 2923 974 2974 vocatur
998 2918 1278 2986 Calamus,
1311 2917 1555 2974 habebat
1584 2936 1853 2987 sororem,
1875 2937 2000 2992 quae
2153 2915 2240 2975 34.
2272 2915 2456 2972 Etiam
2472 2916 2542 2971 de
2556 2914 2757 2970 abbate
2775 2916 3068 2972 Theodoro
3107 2920 3328 2990 oportet
3353 2931 3451 2970 nos
3477 2929 3638 2968 exem-

405 3025 474 3064 ex
497 3008 739 3064 infantia
769 3008 828 3064 in
856 3012 1049 3064 sancto
1079 3009 1364 3080 proposito
1393 3008 1846 3076 conversabatur,
1879 3007 2058 3081 ipsaG
2078 3007 2174 3080 pla
2197 3007 2472 3061 virtutum
2502 3005 2770 3078 proferre.
2805 3006 2910 3060 Hic
2940 3005 3135 3078 itaque
3175 3006 3371 3061 beatus
3416 3002 3636 3058 Theodo-

405 3097 557 3154 enim
591 3097 834 3152 erudivit
860 3101 916 3152 et
943 3097 1134 3152 docuit
1157 3095 1392 3152 fratrem
1421 3113 1587 3152 suum
1609 3098 1870 3152 eumdem
1899 3097 1998 3152 ab-
2079 3113 2177 3152 rus
2207 3095 2512 3168 discipulus
2539 3094 2648 3150 fuit
2671 3095 2850 3150 sancti
2879 3095 3172 3151 Pachomii
3209 3095 3313 3150 viri
3350 3095 3416 3149 de
3465 3091 3641 3147 sanctis

402 3187 590 3243 batem
601 3188 878 3243 Joannem
888 3191 954 3242 ut
969 3185 1316 3258 relinqueret
1323 3187 1597 3242 vanitates
1608 3187 1796 3243 saeculi
1806 3187 1994 3258 hujus,
2079 3183 2361 3254 Patribus,
2395 3184 2492 3257 qui
2518 3183 2625 3240 fuit
2649 3185 2820 3240 Pater
2831 3184 3066 3240 infinitae
3082 3183 3456 3240 multitudinis
3478 3197 3639 3236 mons-

403 3283 462 3334 et
483 3277 877 3350 ingrederetur
903 3277 1327 3332 monasterium.
1353 3277 1494 3332 Cum
1514 3281 1704 3332 autem
1713 3277 1998 3347 ingressus
2079 3275 2333 3341 chorum,
2363 3275 2782 3346 multorumque
2804 3274 3281 3330 monasteriorum
3297 3277 3450 3346 pater
3466 3271 3520 3325 in
3541 3285 3644 3341 par-

402 3367 602 3423 fuisset
629 3366 1054 3432 monasterium,
1087 3382 1190 3438 per
1233 3366 1435 3438 viginti
1463 3371 1521 3421 et
1549 3371 1794 3439 quatuor
1821 3381 2000 3422 annos
2080 3364 2229 3420 tibus
2253 3363 2550 3420 Thebaidze
2579 3363 2620 3418 ί.
2651 3364 2794 3419 Cum
2822 3363 2973 3418 enim
2999 3363 3060 3418 in
3086 3363 3349 3419 omnibus
3367 3357 3644 3417 sanctitatis

401 3473 518 3513 non
543 3460 630 3512 est
655 3472 916 3527 egressus
946 3455 1016 3510 de
1043 3455 1407 3523 monasterio,
1439 3471 1542 3510 nec
1568 3455 1814 3510 visitavit
1840 3471 1998 3510 soro-

403 3563 522 3601 rem
553 3563 714 3602 suam
739 3565 752 3598 :
780 3545 878 3600 illa
905 3561 1035 3600 vero
1063 3543 1234 3600 nimis
1250 3543 1607 3599 desiderabat
1633 3544 1824 3600 videre
1843 3561 1994 3612 cum;

404 3652 539 3690 nam
559 3636 885 3707 frequenter
920 3632 1199 3689 scribebat
1225 3637 1285 3688 et
1309 3632 1573 3688 mittebat
1594 3633 1666 3689 ad
1715 3651 1844 3688 eum
1872 3633 1999 3706 epi-

405 3725 598 3790 stolas,
617 3723 954 3796 petebatque
965 3727 1030 3778 ut
1043 3726 1174 3778 ante
1185 3722 1396 3777 exitum
1417 3723 1466 3793 ej
1474 3739 1540 3777 us
1561 3723 1632 3778 de
1649 3723 1755 3778 hoc
1767 3739 1998 3795 corpore

407 3813 626 3868 veniret
643 3812 713 3867 ad
733 3827 880 3880 eam,
894 3812 965 3866 ut
983 3811 1043 3866 in
1061 3811 1336 3866 charitate
1371 3811 1582 3866 Christi
1605 3801 1676 3867 de
1700 3813 2001 3884 praesentia

408 3917 512 3958 sua
537 3901 842 3956 laetaretur.
865 3901 966 3956 Ille
992 3904 1184 3955 autem
1213 3899 1532 3967 excusabat,
1566 3901 1901 3974 uolebatque
1929 3903 2000 3960 de

405 3990 750 4046 monasterio
777 3989 990 4061 egredi.
1006 3989 1356 4045 Venerabilis
1384 3994 1574 4046 autem
1598 3990 1811 4046 famula
1831 3991 1925 4047 Dei
1945 3998 2001 4047 et

406 4095 566 4136 soror
595 4081 716 4151 ejus
744 4079 952 4135 iterum
977 4079 1201 4150 scripsit
1227 4079 1298 4134 ad
1327 4096 1456 4135 eum
1505 4079 1694 4136 dicens
1721 4098 1732 4134 :
1778 4080 1922 4146 Quia
1951 4081 1999 4135 si
2080 4081 2220 4136 duos
2247 4081 2567 4148 monachos,
2601 4081 2696 4152 qui
2725 4080 3097 4136 observabant
3125 4082 3200 4136 ad
3224 4083 3457 4152 januam
3478 4089 3647 4130 mona-

402 4168 652 4226 nolueris
675 4169 866 4224 venire
893 4167 964 4223 ad
983 4184 1094 4235 me,
1113 4183 1338 4224 necesse
1357 4167 1537 4224 habeo
1563 4174 1627 4224 ut
1645 4185 1748 4240 ego
1777 4169 1998 4224 veniam
2081 4170 2259 4239 sterii,
2278 4170 2678 4242 mandavitque
2695 4187 2800 4242 per
2813 4187 2909 4226 eos
2919 4171 3098 4226 sorori
3121 4187 3261 4238 suae,
3278 4170 3462 4224 ditens
3485 4165 3644 4225 :Ecce,

405 4259 568 4326 adte,
592 4263 656 4314 ut
671 4263 800 4331 post
816 4263 1038 4314 tantum
1057 4257 1329 4330 temporis
1366 4259 1603 4314 adorare
1641 4275 1861 4315 merear
1874 4275 2000 4314 san-
2019 4331 2049 4332 ί
2080 4277 2256 4326 soror,
2293 4260 2500 4315 audisti
2530 4265 2588 4314 et
2616 4260 2923 4331 cognovisti
2951 4261 3085 4332 quia
3113 4261 3260 4326 vivo,
3293 4275 3365 4314 ne
3383 4255 3648 4314 contriste-

403 4353 550 4404 ctam
563 4347 1622 4404 charitatemtuam.Haaccumaudisset
1635 4349 1997 4421 supradictus
2017 4331 2177 4416 1)ris,
2211 4349 2344 4421 quia
2369 4349 2600 4404 minime
2639 4366 2731 4404 me
2758 4331 2983 4416 vidisti,
3013 4350 3113 4404 sed
3162 4349 3350 4421 magis
3390 4344 3647 4402 considera

401 4439 666 4505 Joannes,
706 4437 1070 4492 contristatus
1101 4442 1188 4492 est
1209 4437 1396 4504 nimis,
1427 4443 1484 4493 et
1523 4437 1805 4510 cogitabat
1847 4438 1998 4510 apud
2075 4438 2382 4494 vanitatem
2411 4445 2469 4494 et
2493 4438 2917 4494 instabilitatem
2932 4439 3230 4510 praesentis
3247 4438 3458 4497 mundi,
3477 4441 3530 4490 et
3543 4447 3650 4487 con-

2079 3453 2322 3526 fulgeret
2345 3453 2662 3521 virtutibus,
2696 3453 2868 3508 etiam
2897 3453 3211 3525 prophetiae
3229 3451 3465 3524 gratiam
3492 3467 3523 3502 a
3547 3449 3642 3503 Do-

2078 3544 2233 3600 mino
2271 3542 2603 3616 promeruit,
2629 3543 2809 3598 multa
2834 3543 2985 3598 enim
2995 3542 3192 3598 futura
3219 3540 3493 3598 revelabat
3503 3538 3546 3592 ei
3557 3537 3644 3592 Do-

2079 3634 2286 3689 minus.
2312 3639 2504 3700 505
2523 3631 2778 3697 Quodam
2822 3638 3014 3688 autem
3057 3638 3318 3705 tempore
3371 3624 3646 3702 supradicti

2078 3722 2355 3779 Theodori
2374 3738 2534 3778 soror
2556 3738 2830 3794 germana
2860 3722 3014 3777 venit
3032 3722 3105 3777 ad
3153 3720 3562 3783 monasterium,
3597 3716 3644 3768 in

2081 3829 2191 3885 quo
2219 3812 2370 3868 idem
2409 3811 2606 3868 beatus
2633 3812 2961 3868 Theodorus
2988 3812 3446 3872 conversabatur,
3471 3815 3526 3863 ut
3544 3811 3650 3879 post

2081 3903 2262 3956 multa
2288 3906 2546 3974 tempora
2573 3901 2787 3958 videret
2812 3918 3150 3973 germanum
3188 3919 3374 3958 suum.
3425 3899 3646 3970 Cumque

2081 3991 2437 4047 nuntiassent
2449 3991 2500 4046 ei
2520 3991 2589 4046 de
2608 3991 2851 4046 adventu
2871 3991 3079 4046 sororis
3088 3993 3234 4064 ejus,
3251 3990 3405 4046 misit
3415 3985 3647 4044 continuo

402 4527 790 4599 semetipsum,
824 4526 1049 4582 dicens:
1085 4525 1363 4591 Quoniam
1383 4527 1432 4582 si
1459 4527 1768 4598 permisero
1813 4533 1877 4584 ut
1921 4527 1993 4582 ad

399 4632 493 4672 me
520 4616 712 4672 veniat
733 4631 894 4671 soror
921 4631 1072 4684 mea,
1090 4615 1161 4670 de
1186 4621 1386 4671 caetero
1412 4615 1640 4672 licentia
1667 4617 1836 4673 datur
1862 4622 1926 4672 ut
1941 4623 1998 4673 et

401 4706 498 4762 alii
525 4711 788 4778 parentes
809 4710 868 4761 et
895 4704 1197 4777 pmpinqui
1223 4705 1401 4760 nostri
1419 4706 1648 4762 veniant
1668 4707 1741 4761 ad
1761 4707 1992 4763 visitan-

399 4795 537 4850 dum
566 4812 656 4865 me
681 4795 952 4868 ;ideoque
980 4793 1239 4850 tractavit
1266 4793 1416 4866 apud
1445 4811 1506 4850 se
1543 4799 1608 4850 ut
1648 4794 1828 4866 magis
1874 4795 1995 4868 ipse

398 4889 660 4954 pergeret
687 4889 745 4939 et
769 4883 1027 4940 visitaret
1053 4899 1302 4940 sororem
1336 4900 1496 4938 suam
1521 4903 1534 4952 ;
1567 4885 1781 4957 accepit
1821 4885 1992 4941 etiam

399 4972 541 5028 alios
561 4973 700 5027 duos
723 4988 914 5028 secum
940 4973 1144 5028 fratres
1171 4973 1242 5028 de
1269 4973 1630 5030 monasterio.
1655 4973 1725 5030 Et
1748 4991 1875 5030 cum
1904 4992 1994 5030 ve-

397 5061 578 5116 nisset
603 5061 675 5116 ad
699 5063 934 5132 januam
958 5062 1290 5118 monasterii
1323 5063 1530 5118 sororis
1554 5080 1670 5119 suae
1709 5064 1986 5132 clamavit,

399 5150 624 5222 dicens:
667 5150 1008 5219 Benedicite,
1037 5157 1096 5207 et
1122 5152 1314 5208 audite
1359 5153 1702 5226 peregrinos.
1753 5154 1993 5226 Egressa

397 5245 484 5295 est
509 5243 698 5294 autem
727 5254 886 5294 soror
911 5241 1035 5312 ejus
1054 5258 1181 5297 cum
1201 5242 1314 5296 alia
1329 5242 1545 5298 famula
1555 5243 1676 5310 Dei,
1696 5248 1753 5299 et
1771 5243 1993 5316 aperuit

391 5331 649 5402 januam,
673 5333 732 5386 et
749 5328 972 5401 penitus
991 5345 1105 5384 non
1123 5331 1384 5404 cognovit
1393 5331 1624 5388 fratrem
1644 5349 1809 5388 suum
1832 5352 1846 5401 ;
1869 5333 1991 5404 ipse

397 5425 588 5478 autem
613 5417 872 5490 cognovit
897 5433 1146 5474 sororem
1176 5435 1360 5488 suam,
1386 5422 1485 5477 sed
1511 5437 1624 5477 non
1649 5426 1737 5478 est
1771 5423 1992 5478 locutus

2073 4532 2228 4583 verte
2253 4545 2349 4583 cor
2373 4533 2558 4595 tuum,
2591 4533 2649 4582 et
2669 4529 3026 4600 apprehende
3055 4533 3269 4583 sanctae
3298 4527 3421 4582 vita:
3448 4535 3646 4578 conver-

2077 4617 2374 4686 sationem,
2401 4623 2466 4672 ut
2490 4618 2668 4690 possis
2695 4617 2986 4690 pervenire
3004 4617 3076 4672 ad
3103 4623 3382 4674 aeternam
3409 4615 3582 4678 vitam,
3604 4615 3651 4663 et

2077 4707 2150 4761 ad
2177 4707 2425 4763 coelestia
2451 4706 2617 4772 bona,
2658 4723 2782 4778 qua:
2818 4707 3156 4778 praeparavit
3204 4704 3560 4777 diligentibus
3599 4713 3648 4752 se

2076 4796 2366 4864 Dominus,
2399 4803 2457 4852 et
2483 4795 2816 4851 facientibus
2845 4796 3112 4851 mandata
3135 4798 3284 4868 ejus.
3319 4797 3514 4852 Tracta
3536 4805 3649 4860 ergo

2076 4885 2224 4958 apud
2255 4891 2330 4953 te,
2365 4886 2498 4958 quia
2525 4885 2642 4942 haec
2661 4890 2749 4940 est
2776 4886 2894 4940 sola
2919 4901 3050 4940 vera
3077 4892 3136 4940 et
3158 4887 3331 4941 ﬁrma
3358 4900 3498 4957 spes,
3519 4879 3650 4936 utia-

2074 4975 2185 5030 ciat
2212 4975 2378 5030 homo
2411 4979 2688 5048 praecepta
2715 4975 2836 5042 Dei,
2867 4979 2932 5030 ut
2961 4981 3256 5032 mereatur
3285 4976 3452 5031 homo
3479 4985 3648 5046 perve-

2073 5065 2196 5120 nire
2224 5065 2296 5120 ad
2323 5065 2570 5136 gloriosa
2593 5069 2651 5120 et
2677 5070 2888 5120 veterna
2915 5065 3196 5136 promissa
3226 5064 3451 5122 Domini
3479 5061 3650 5117 Salva-

2070 5155 2212 5209 toris
2239 5154 2416 5209 nostri
2442 5154 2670 5210 Christi.
2705 5155 2834 5210 Haec
2861 5160 3048 5209 autem
3083 5171 3221 5210 cum
3261 5155 3510 5211 audisset
3549 5149 3647 5214 illa,

2073 5243 2264 5298 statim
2284 5249 2616 5315 compuncta
2640 5248 2726 5299 est
2743 5244 2926 5312 corde,
2969 5243 3370 5318 lacrymasque
3411 5239 3650 5298 fundebat

2073 5333 2132 5386 in
2161 5337 2462 5405 conspectu
2481 5333 2723 5401 Domini,
2741 5337 2799 5388 et
2823 5340 2952 5406 post
2979 5336 3279 5406 paululum
3309 5336 3554 5408 ingressa
3579 5332 3650 5383 est

2073 5423 2134 5477 in
2157 5423 2564 5478 monasterium
2590 5421 2869 5495 virginum
2901 5425 3250 5484 famularum
3279 5425 3402 5492 Dei,
3431 5421 3566 5502 quod
3601 5419 3650 5475 in

468 5536 488 5572 ¹
529 5536 730 5609 Supra,
761 5535 801 5591 l.
831 5549 872 5605 ι,
903 5535 964 5592 in
990 5534 1122 5594 Vita
1149 5537 1330 5596 sancti
1359 5537 1666 5606 Pachomii,
1706 5555 1756 5600 c.
1789 5537 1878 5608 28,
1922 5537 2130 5596 dicitur
2157 5539 2228 5597 de
2259 5555 2452 5596 sorore
2477 5539 2782 5598 Pachomii.
