3966 6184
281 255 386 318 761
1585 266 1826 325 VERBA
1864 266 2256 326 SENIORUM.
3460 260 3565 319 762

278 390 485 445 eodem
495 390 615 444 vico
645 393 1030 445 constructum
1046 396 1187 459 erat,
1206 396 1265 447 et
1282 391 1607 464 procedenti
1626 397 1879 467 tempore
1899 397 1944 456 Α
1961 393 2144 448 varias
2171 397 2323 448 artes
2349 407 2502 461 suas,
2533 407 2673 463 quas
2699 395 2892 446 contra
2922 390 3226 445 servientes
3256 388 3392 454 Deo,
3426 404 3552 443 ma-

276 478 764 550 multiplicabatur
787 478 846 533 in
876 485 1071 534 sancto
1100 482 1384 554 praposito
1412 482 1624 538 famula
1651 484 1879 540 Christi.
1963 484 2222 555 ximeque
2242 487 2439 537 contra
2459 481 2762 535 monachos
2779 479 3007 535 habent.
3034 479 3275 544 Quidam
3291 479 3443 534 enim
3471 477 3559 533 di-

356 571 488 624 Haec
517 569 707 641 itaque
733 574 896 639 gesta
910 586 1039 624 cum
1064 571 1316 624 audisset
1341 575 1523 626 mater
1551 589 1766 641 eorum,
1790 576 1883 629 de-
1964 573 2165 628 cebant
2188 592 2198 626 ε
2234 572 2379 637 Quia
2396 588 2500 642 ego
2533 575 2819 625 certamen
2854 575 3050 625 contra
3073 568 3436 624 durissimum
3466 568 3561 623 ho-

278 665 518 730 precata
546 663 631 712 est
675 658 984 729 episcopos,
1035 664 1092 713 et
1118 660 1397 715 dederunt
1436 662 1487 715 ei
1517 664 1781 733 epistolas
1810 665 1882 719 ad
1965 664 2176 717 minem
2198 661 2398 727 habeo,
2426 666 2481 715 et
2500 659 2720 731 quoties
2741 659 2790 713 ei
2810 659 3053 713 immitto
3086 675 3375 730 perversas
3413 658 3562 733 cogi:

276 748 671 819 supradictum
695 753 955 802 sanctum
977 749 1338 804 Pachomium
1364 751 1588 806 Patrem
1603 758 1884 808 monaste-
1962 752 2226 818 tationes,
2252 752 2345 805 ille
2361 750 2552 804 statim
2569 748 2770 819 surgit,
2794 754 2851 801 et
2872 748 3175 819 prosternit
3200 765 3259 802 se
3269 748 3327 802 in
3357 746 3562 801 oratio-

274 837 498 891 riorum
550 853 649 907 pro
685 837 800 891 ﬁlio
843 838 966 906 ejus
1011 838 1244 907 (Supra,
1279 843 1318 893 ι.
1365 854 1404 906 I,
1437 843 1501 895 in
1544 843 1655 895 Vita
1702 846 1885 897 sancti

278 926 587 991 Pachomii,
621 942 739 994 cap.
766 923 875 994 31).
917 927 1172 997 Cumque
1213 927 1474 995 venisset,
1509 930 1777 1002 applicuit
1824 932 1885 987 in

276 1015 624 1069 monasterio
655 1015 995 1070 famularum
1026 1017 1146 1083 Dei,
1181 1023 1238 1072 et
1263 1018 1466 1074 direxit
1492 1020 1784 1090 epistolam
1812 1022 1884 1077 ad

277 1103 515 1158 Patrem
531 1105 876 1171 monasterii,
893 1105 1193 1163 obsecrans
1208 1108 1489 1163 utvideret
1500 1110 1677 1164 ﬁlium
1691 1128 1859 1167 suum
1870 1153 1882 1166 .

280 1194 497 1248 Beatus
525 1198 714 1248 autem
746 1194 1081 1249 Pachomius
1102 1197 1315 1251 vocavit
1343 1199 1465 1267 ejus
1503 1198 1683 1254 ﬁlium
1703 1200 1887 1256 Theo-

279 1281 511 1345 dorum,
562 1287 619 1335 et
664 1282 809 1336 dixit
861 1283 955 1337 ei:
998 1284 1215 1349 Audivi,
1247 1285 1345 1351 ﬁli,
1381 1286 1513 1357 quia
1562 1294 1743 1342 mater
1790 1294 1890 1344 tua

281 1370 522 1424 advenit
536 1376 762 1442 propter
775 1376 849 1425 te.
868 1373 1065 1442 Itaque
1086 1379 1312 1445 prOpter
1326 1375 1589 1446 epistolas
1608 1377 1888 1449 episcopo-

282 1476 415 1513 rum
449 1459 546 1530 qui
577 1459 925 1531 scripserunt
951 1462 1023 1515 ad
1053 1479 1160 1519 me.
1193 1463 1347 1528 vade,
1378 1470 1434 1518 et
1463 1464 1649 1521 videat
1684 1472 1741 1521 te
1765 1484 1887 1522 ma-

281 1555 374 1603 ter
405 1554 527 1603 tua.
550 1548 702 1603 Dixit
719 1550 771 1602 ei
790 1550 1147 1604 Theodorus:
1174 1550 1493 1624 Praecepisti
1522 1555 1681 1622 mihi,
1706 1556 1888 1613 domi-

282 1657 377 1708 ne,
404 1645 471 1694 ut
494 1641 717 1696 videam
746 1647 985 1696 matrem
1016 1660 1199 1697 meam
1224 1663 1236 1709 ;
1271 1645 1318 1698 si
1341 1662 1473 1717 ergo
1489 1645 1679 1701 abiero
1699 1648 1887 1702 videre

1965 859 2055 907 ne,
2074 858 2200 895 cum
2214 840 2430 911 gemitu
2448 855 2615 893 orans
2636 838 2705 891 ad
2728 854 2850 891 esse
2872 836 2974 890 sibi
2998 837 3245 890 divinum
3267 836 3558 890 auxilium.

1968 931 2082 1001 Ego
2111 936 2298 984 autem
2327 929 2558 982 minime
2587 928 2684 981 illo
2709 932 3014 997 exurgente
3042 942 3166 980 cum
3194 925 3397 996 grandi
3424 942 3559 980 con-

1967 1000 2188 1074 fusione
2208 1018 2489 1089 egredior.
2514 1019 2658 1072 Item
2673 1015 2816 1070 alius
2836 1015 3056 1069 daemon
3074 1000 3294 1068 dicebat
3316 1032 3328 1066 :
3357 1014 3470 1086 Ego
3490 1014 3561 1068 ad

1969 1108 2128 1163 illum
2159 1124 2326 1180 quem
2357 1107 2606 1172 observo,
2640 1122 2764 1160 cum
2796 1104 2848 1158 ei
2878 1103 3246 1173 cogitationes
3274 1103 3558 1157 immisero

1969 1197 2029 1252 in
2038 1198 2222 1265 corde,
2247 1196 2541 1262 consentit,
2559 1200 2615 1249 et
2626 1193 2877 1265 suscipit,
2893 1200 2951 1248 et
2963 1192 3093 1247 facit
3113 1193 3392 1263 eas.Saepe
3412 1192 3562 1246 enim

1970 1287 2330 1343 exardescere
2359 1302 2489 1340 eum
2518 1286 2577 1339 in
2622 1283 2914 1339 iracundia
2950 1282 3109 1347 facio,
3145 1286 3201 1335 et
3245 1280 3303 1334 in
3332 1285 3563 1335 conten-

1969 1376 2151 1430 tiones
2177 1375 2328 1441 rixaz,
2363 1380 2419 1429 et
2447 1374 2733 1447 pigritiam
2764 1372 3053 1436 orationis,
3081 1376 3140 1424 et
3168 1368 3565 1424 dormitionem

1970 1464 2028 1518 in
2056 1464 2386 1536 psalmodia,
2421 1469 2478 1519 et
2505 1481 2617 1518 non
2641 1461 2973 1517 contradicit
2987 1459 3144 1514 mihi.
3174 1459 3435 1530 Ideoque,
3458 1458 3566 1513 fra-

1970 1557 2087 1608 tres
2116 1554 2226 1608 mei
2256 1552 2622 1619 dilectissimi,
2657 1567 2880 1622 semper
2908 1554 3129 1621 oportet
3148 1553 3213 1602 ut
3237 1548 3567 1603 custodiatis

1970 1660 2198 1698 sensum
2228 1649 2285 1698 et
2312 1644 2566 1698 animum
2592 1647 2860 1707 vestrum,
2881 1639 3205 1693 invocantes
3227 1654 3432 1693 nomen
3459 1638 3567 1692 Do-

284 1746 417 1784 eam
448 1735 577 1802 post
624 1735 843 1785 tantam
873 1732 1164 1787 scientiam
1195 1733 1565 1805 spiritualem,
1596 1753 1791 1792 vereor
1817 1754 1890 1792 ne
1913 1715 1952 1778 Β
1973 1733 2114 1787 mini
2144 1733 2322 1787 nostri
2345 1733 2372 1787 J
2379 1750 2476 1787 esu
2507 1731 2734 1796 Christi,
2756 1736 2813 1785 et
2838 1729 3144 1784 secundum
3166 1732 3442 1798 praecepta
3460 1725 3564 1780 Dei

280 1819 582 1891 culpabilis
607 1820 1016 1892 inveniarapud
1038 1821 1240 1891 Deum;
1262 1824 1472 1878 etenim
1494 1826 1787 1897 oportebat
1799 1844 1888 1881 me

279 1909 675 1965 fortitudinem
706 1910 881 1964 animi
911 1911 1023 1965 mei
1051 1912 1123 1967 ad
1154 1915 1473 1985 exemplum
1504 1915 1743 1970 aliorum
1773 1916 1888 1972 fra-

281 2004 439 2053 trum
470 1999 877 2054 demonstrare.
900 2001 1150 2055 Audiens
1179 2008 1369 2057 autem
1402 2009 1583 2058 mater
1613 2005 1745 2076 quia
1773 2022 1885 2061 non

284 2088 569 2159 acquievit
597 2089 786 2143 videre
837 2106 979 2154 eam,
1029 2091 1203 2146 nimio
1242 2093 1443 2147 affectu
1470 2093 1687 2148 fervens
1716 2096 1774 2149 in
1819 2096 1886 2150 ﬁ-

282 2176 449 2241 lium,
474 2176 655 2230 noluit
674 2193 926 2231 remeare
950 2177 1021 2231 ad
1044 2178 1274 2233 domum
1306 2197 1486 2248 suam,
1512 2182 1606 2236 sed
1630 2199 1888 2253 perman-

284 2266 364 2319 sit
411 2265 469 2319 in
516 2266 855 2321 monasterio
898 2266 1198 2338 virginum,
1240 2269 1472 2324 dicens:
1527 2271 1803 2335 Quoniam
1840 2273 1888 2327 si

284 2371 654 2425 permansero
684 2356 794 2421 hic,
826 2373 972 2427 saepe
1002 2357 1171 2411 etiam
1212 2358 1407 2413 videbo
1447 2360 1625 2414 ﬁlium
1673 2378 1885 2430 meum,

283 2460 417 2498 cum
454 2443 605 2498 inter
645 2444 786 2498 alios
824 2445 1028 2499 fratres
1064 2446 1386 2516 egredietur
1427 2449 1499 2502 ad
1542 2451 1889 2506 necessarias

283 2532 622 2587 monasterii
655 2550 872 2600 causas,
904 2539 963 2587 et
993 2535 1222 2589 monitis
1256 2541 1314 2590 et
1350 2537 1737 2594 exhortatione
1767 2540 1889 2611 ejus

283 2624 561 2694 proﬁcere
582 2639 810 2694 possum
838 2624 895 2677 in
918 2628 1113 2677 sancta
1142 2626 1581 2691 conversatione,
1614 2628 1891 2685 doctrina-

285 2729 401 2783 que
423 2713 546 2782 ejus
576 2711 883 2784 spiritualis
910 2712 1264 2768 conﬁrmabit
1293 2731 1389 2768 cor
1420 2732 1629 2781 meum,
1662 2722 1727 2771 ut
1767 2735 1887 2774 me-

284 2816 420 2854 rear
445 2800 735 2871 pervenire
766 2800 835 2853 ad
860 2806 1129 2853 aeternam
1150 2802 1402 2871 requiem
1433 2819 1600 2873 quam
1632 2806 1890 2874 promisit

283 2889 562 2943 Dominus
590 2893 782 2943 noster
805 2889 832 2943 J
839 2905 968 2943 esus
998 2888 1253 2944 Christus
1280 2890 1641 2962 diligentibus
1664 2910 1742 2948 se.

355 2978 539 3033 Multa
583 2984 774 3033 autem
804 2982 862 3031 et
904 2978 1204 3048 magniﬁca
1248 2995 1350 3050 per
1376 2985 1634 3035 sanctum
1672 2982 1887 3037 Pacho-

1970 1822 2381 1877 conversamini
2410 1828 2526 1877 tam
2566 1821 2624 1875 in
2658 1818 3003 1875 orationibus
3029 1834 3198 1890 quam
3228 1815 3559 1888 psalmodia,

1970 1912 2114 1966 sicut
2152 1912 2289 1966 dicit
2334 1912 2635 1983 Apostolus
2682 1928 2692 1962 ε
2727 1910 3007 1964 Instantes
3046 1906 3304 1972 orationi,
3338 1910 3395 1959 et
3416 1903 3561 1975 vigi-

1970 2001 2152 2055 lantes
2180 2000 2238 2055 in
2264 2018 2349 2058 ea.
2381 2001 2625 2072 Ideoque
2654 2016 2781 2054 cum
2812 1997 3240 2069 compunctione
3269 1999 3327 2049 et
3354 1993 3562 2048 timore

1967 2090 2149 2144 cordis
2163 2089 2521 2161 vigilantibus
2532 2094 2723 2155 δοῦ
2734 2104 2848 2142 non
2864 2085 3244 2158 praevalebunt
3257 2099 3456 2138 nocere
3468 2098 3564 2136 no-

1966 2177 2052 2233 bis
2067 2178 2369 2234 adversarii
2383 2185 2439 2234 et
2457 2176 2892 2233 immundissimi
2910 2175 3191 2231 daemones
3227 2174 3352 2245 Ipse
3371 2176 3561 2227 autem

1970 2267 2167 2323 beatus
2197 2270 2366 2323 Pater
2390 2266 2725 2322 Pachomius
2750 2264 2985 2321 docebat
3010 2264 3230 2330 fratres,
3255 2266 3321 2317 ut
3341 2276 3563 2332 semper

1970 2374 2249 2412 memores
2279 2363 2468 2412 essent
2496 2355 2651 2411 verbi
2694 2355 2815 2417 Dei.
2870 2354 2929 2408 in
2964 2354 3206 2408 salutem
3246 2350 3564 2406 animarum

1971 2463 2221 2501 suarum.
2264 2447 2629 2502 Postmodum
2657 2461 2786 2499 vero
2824 2442 3145 2498 discedebat
3179 2440 3565 2512 unusquisque

1970 2537 2209 2591 fratrum
2237 2537 2296 2591 in
2316 2537 2545 2591 cellulas
2572 2552 2724 2601 suas,
2752 2538 3049 2605 operantes
3069 2530 3329 2586 manibus
3355 2529 3491 2594 suis,
3508 2534 3566 2583 et

1971 2627 2308 2683 meditantes
2333 2643 2456 2698 qua:
2483 2625 2553 2680 de
2572 2624 2746 2679 sacris
2776 2621 3079 2694 Scripturis
3106 2620 3436 2675 didicerant.
3459 2618 3567 2673 Im-

1970 2714 2232 2786 possibile
2280 2721 2365 2777 est
2393 2715 2543 2769 enim
2583 2715 2829 2785 aliquem
2858 2711 3007 2783 apud
3037 2726 3132 2765 eos
3160 2707 3391 2764 verbum
3421 2706 3565 2762 otio-

1971 2821 2098 2858 sum
2131 2805 2305 2876 loqui,
2331 2805 2429 2859 sed
2458 2821 2526 2860 ea
2539 2809 2762 2859 tantum
2794 2818 2916 2874 quae
2940 2801 3010 2855 de
3027 2798 3238 2855 sanctis
3264 2795 3568 2868 Scripturis
3606 2864 3612 2873 ι

1971 2893 2277 2947 didicerant
2299 2899 2461 2949 erant
2481 2894 2629 2949 inter
2655 2910 2714 2948 se
2744 2891 3113 2957 conferentes,
3146 2893 3205 2944 et
3224 2890 3565 2959 exponentes

1971 2982 2041 3036 de
2067 2982 2327 3054 capitulis
2356 2983 2931 3054 Scripturarum,quae
2970 2979 3042 3034 ad
3060 2978 3320 3033 timorem
3344 2973 3567 3031 Domini

282 3066 467 3123 mium
495 3067 627 3121 fecit
653 3066 924 3121 Dominus
950 3066 1250 3122 mirabilia.
1282 3069 1429 3125 Nam
1467 3074 1524 3124 et
1549 3087 1584 3124 a
1612 3070 1886 3126 daemoni-
1907 3082 1951 3143 α
1971 3072 2370 3126 conﬁrmarent
2398 3076 2456 3126 et
2481 3071 2866 3126 illuminarent
2884 3069 3101 3124 animas
3131 3082 3346 3122 eorum.

288 3156 401 3212 bus
456 3155 708 3211 obsessos
755 3156 1076 3227 frequenter
1105 3156 1359 3212 invocato
1410 3158 1618 3214 Christi
1666 3160 1890 3215 Domini

284 3246 520 3300 nomine
557 3246 788 3300 curavit.
826 3245 1017 3299 Multis
1052 3246 1223 3300 etiam
1253 3246 1502 3302 diversas
1531 3249 1891 3320 aegritudines

287 3334 721 3401 sustinentibus,
755 3339 812 3388 et
857 3334 1197 3406 paralyticis,
1232 3336 1582 3392 orationibus
1621 3339 1744 3409 ejus
1790 3339 1895 3393 mi-

289 3430 480 3479 sertus
509 3430 595 3478 est
620 3424 914 3479 Dominus.

366 3512 459 3568 35.
497 3513 669 3569 Multo
699 3518 952 3584 tempore
978 3512 1175 3567 beatus
1204 3512 1378 3568 abbas
1404 3514 1740 3571 Pachomius
1760 3533 1893 3573 con-

285 3608 389 3657 tra
414 3602 897 3657 immundissimas
942 3602 1262 3657 daemonum
1290 3603 1746 3676 impugnationes
1779 3623 1897 3661 cer-

286 3697 491 3750 tamen
518 3691 729 3746 bonum
766 3691 1018 3757 certavit,
1057 3691 1202 3746 sicut
1224 3692 1438 3747 athleta
1465 3693 1735 3762 veritatis,
1769 3699 1893 3749 tan-

289 3798 469 3854 quam
497 3787 553 3836 et
576 3780 774 3836 beatus
801 3780 1081 3836 Antonius
1104 3781 1335 3852 (Supra,
1372 3785 1411 3836 ι.
1437 3795 1510 3849 Iv,
1534 3785 1597 3837 in
1631 3785 1744 3839 Vita
1771 3802 1898 3839 san-

288 3874 373 3925 cti
392 3871 694 3937 Pachomii,
718 3887 832 3941 cap.
866 3867 977 3941 20).
1021 3870 1273 3942 Denique
1313 3870 1704 3926 intentissimis
1724 3872 1899 3944 preci-

286 3959 402 4015 bus
432 3958 681 4014 exoravit
707 3959 1007 4015 Dominum
1029 3965 1094 4014 ut
1118 3976 1376 4015 somnum
1400 3976 1514 4016 non
1542 3967 1768 4031 caperet
1795 3979 1899 4033 per

287 4048 525 4119 aliquod
570 4053 812 4120 tempus,
847 4054 1124 4121 quatenus
1154 4048 1350 4103 diebus
1379 4064 1443 4102 ac
1489 4048 1744 4106 noctibus
1776 4066 1899 4121 per-

287 4138 431 4208 vigil
460 4142 815 4208 permaneret
835 4134 1030 4192 contra
1056 4138 1407 4193 adversarios
1427 4138 1708 4194 daemones
1738 4139 1898 4194 dimi-

290 4226 497 4292 cando,
531 4226 707 4282 donec
740 4231 1122 4299 prosterneret
1170 4233 1228 4281 et
1263 4233 1558 4299 superaret
1586 4244 1700 4293 eos,
1751 4228 1899 4282 sicut

289 4316 512 4372 dicitur
538 4315 598 4370 in
621 4316 836 4387 psalmo
859 4333 871 4370 :
902 4316 973 4372 Et
990 4332 1102 4370 non
1116 4323 1426 4383 convertar,
1450 4317 1898 4372 donecdeﬁciant

2045 3159 2130 3215 36.
2150 3160 2281 3215 Fuit
2303 3160 2531 3232 quidam
2545 3161 2628 3214 vir
2652 3176 2888 3230 magnus
2908 3159 2977 3213 de
3000 3156 3208 3213 sanctis
3227 3152 3564 3218 senioribus,

1974 3249 2063 3304 cui
2091 3250 2261 3304 talem
2291 3250 2531 3320 gratiam
2564 3250 2871 3303 donaverat
2901 3246 3175 3311 Christus,
3205 3244 3488 3299 revelante
3517 3241 3569 3296 ei

1976 3339 2189 3411 Spiritu
2235 3344 2447 3406 sancto,
2482 3345 2546 3395 ut
2594 3338 2805 3392 videret
2841 3336 2990 3407 quod
3020 3335 3117 3389 alii
3153 3350 3267 3389 non
3306 3330 3570 3387 videbant

1974 3427 2185 3500 (Joan.,
2220 3430 2314 3485 lib.
2342 3445 2377 3494 1,
2404 3445 2461 3483 η.
2493 3426 2569 3498 3).
2596 3424 2933 3481 Referebant
2952 3440 3084 3495 ergo
3114 3422 3293 3478 sancti
3319 3421 3571 3476 seniores

1977 3517 2110 3587 quia
2120 3515 2422 3588 aliquando
2444 3514 2845 3588 quamplurimi
2872 3512 3144 3568 sedebant
3168 3511 3390 3577 fratres,
3415 3514 3473 3564 et
3501 3508 3573 3563 si-

1977 3607 2097 3661 mul
2125 3604 2500 3677 loquebantur
2523 3605 2674 3659 inter
2700 3621 2779 3671 se,
2807 3608 2868 3659 et
2886 3602 3248 3659 conferebant
3274 3600 3343 3656 de
3361 3599 3573 3655 sanctis

1979 3695 2280 3766 Scripturis
2299 3711 2421 3766 qua:
2437 3695 2508 3748 ad
2528 3695 2769 3749 salutem
2790 3694 3075 3765 pertinent
3088 3691 3426 3746 animarum.
3452 3689 3573 3744 Sta-

1977 3784 2117 3839 bant
2136 3790 2324 3839 autem
2349 3784 2496 3839 circa
2523 3801 2618 3838 eos
2646 3783 2826 3838 sancti
2854 3782 3040 3854 angeli
3061 3782 3314 3836 laetantes
3327 3779 3387 3833 in
3406 3778 3573 3832 hilari

1980 3874 2154 3941 vultu,
2214 3873 2653 3940 considerantes,
2697 3871 3122 3927 delectabantur
3166 3867 3317 3923 enim
3364 3867 3433 3922 de
3462 3866 3573 3921 elo-

1980 3964 2128 4035 quiis
2156 3963 2396 4018 Domini.
2429 3964 2569 4018 Cum
2608 3968 2800 4017 autem
2828 3960 2981 4015 aliud
3016 3958 3387 4031 quodcunque
3424 3955 3574 4010 inter

1978 4068 2039 4107 se
2069 4053 2450 4124 loquerentur,
2481 4052 2673 4106 statim
2700 4050 2880 4105 sancti
2895 4049 3081 4121 angeli
3102 4046 3437 4105 recedebant
3453 4046 3573 4100 lon-

1976 4140 2104 4211 gius
2132 4140 2490 4210 indignantes
2519 4145 2715 4194 contra
2743 4156 2839 4194 eos
2862 4158 2875 4205 ;
2906 4137 3206 4193 veniebant
3228 4141 3419 4191 autem
3446 4150 3571 4205 por-

1978 4229 2029 4283 ci
2056 4228 2428 4284 sordidissimi
2456 4233 2513 4283 et
2538 4227 2733 4282 morbo
2763 4228 2934 4299 pleni,
2966 4232 3023 4282 et
3056 4224 3381 4280 volutabant
3400 4239 3459 4277 se
3482 4222 3571 4276 in-

1977 4323 2066 4372 ter
2094 4335 2214 4372 eos:
2253 4317 2533 4373 daemones
2563 4316 2714 4370 enim
2754 4316 2814 4370 in
2855 4315 3038 4387 specie
3070 4328 3364 4386 porcorum
3388 4311 3570 4366 delec-

294 4408 441 4476 (Psal
490 4408 639 4474 xvn).
671 4406 939 4461 Praestitit
965 4422 1120 4477 ergo,
1155 4412 1211 4460 et
1239 4407 1514 4461 concessit
1545 4407 1595 4461 ei
1623 4408 1895 4463 Dominus
1916 4399 2246 4462 Dtabantur
2269 4422 2371 4478 per
2388 4406 2675 4477 superﬂua
2700 4410 2758 4459 et
2784 4403 3105 4476 vaniloquia
3127 4418 3341 4458 eorum.
3369 4401 3572 4456 Beatus

290 4494 629 4568 petitionem
670 4496 810 4565 ejus.
857 4494 1236 4567 Impossibiles
1280 4496 1430 4550 enim
1484 4500 1541 4551 et
1596 4496 1898 4553 imbecilles

292 4590 434 4640 sunt
479 4584 777 4651 daemones,
820 4601 950 4639 cum
994 4585 1118 4656 quis
1161 4589 1418 4639 nostrum
1462 4601 1527 4640 ex
1555 4590 1676 4640 tota
1702 4587 1813 4642 ﬁde
1843 4592 1901 4642 et

291 4691 368 4730 ex
397 4678 518 4729 tota
545 4673 858 4728 intentione
890 4674 1071 4728 cordis
1097 4673 1344 4728 fervente
1374 4678 1567 4730 sancto
1596 4675 1892 4743 desiderio,

291 4774 361 4824 et
403 4768 705 4838 adjuvante
756 4784 859 4822 nos
912 4768 1118 4822 virtute
1168 4767 1472 4822 Salvatoris
1536 4769 1716 4824 nostri
1764 4770 1897 4824 Jesu

291 4856 532 4923 Christi,
565 4856 957 4911 contendimus
982 4862 1176 4911 contra
1204 4872 1319 4911 eos.

372 4944 711 5000 Referebant
738 4950 929 5000 autem
960 4944 1119 4999 nobis
1146 4944 1349 4999 fratres
1374 4943 1442 4998 de
1469 4944 1665 5000 eodem
1698 4944 1899 5001 beatis-

289 5035 445 5090 simo
459 5033 625 5088 Patre
654 5033 974 5101 Pachomio,
1010 5033 1105 5106 qui
1125 5033 1252 5101 fuit,
1285 5039 1350 5089 ut
1376 5033 1618 5089 diximus
1658 5037 1747 5101 (In
1780 5037 1900 5090 Vita

287 5124 587 5180 Pachomii
606 5139 710 5193 per
728 5125 995 5193 Metaphr.
1028 5140 1073 5177 ο.
1107 5123 1362 5193 55,apud
1381 5126 1639 5190 Surium,
1666 5129 1793 5179 tam.
1815 5138 1896 5192 In,

290 5212 445 5268 Maii
479 5213 591 5281 14),
619 5212 1091 5267 monasteriorum
1128 5211 1433 5267 multorum
1464 5212 1523 5266 in
1547 5211 1776 5283 regione
1796 5214 1900 5268 Ta-

291 5300 801 5356 bennensiotarum
832 5302 1183 5373 praepositus.
1215 5300 1554 5356 Referebant
1573 5317 1705 5373 ergo
1735 5301 1804 5356 de
1833 5319 1899 5357 eo

292 5389 571 5462 quoniam
583 5388 909 5462 frequenter
926 5390 1149 5447 dicebat
1163 5389 1448 5446 fratribus:
1462 5390 1606 5455 Quia
1623 5390 1788 5458 (sicut
1798 5388 1901 5445 mi-

292 5478 365 5533 hi
382 5478 545 5533 testis
565 5484 653 5534 est
680 5480 954 5536 Dominus
993 5482 1164 5551 Deus)
1193 5496 1338 5552 saepe
1366 5479 1551 5535 audivi
1580 5480 1901 5536 immundos

295 5565 539 5641 spiritus
571 5567 889 5627 daemonum
923 5570 1215 5646 loquentes
1256 5569 1405 5627 inter
1444 5586 1504 5627 se
1548 5569 1795 5626 diversas
1836 5586 1900 5626 ac

1980 4502 2171 4552 autem
2202 4495 2390 4551 senior
2417 4495 2534 4550 haec
2568 4494 2780 4562 videns,
2818 4494 2958 4549 abiit
2993 4493 3053 4549 in
3098 4492 3356 4548 cellulam
3387 4504 3569 4555 suam,

1982 4591 2040 4641 et
2054 4603 2157 4658 per
2183 4590 2361 4641 totam
2378 4591 2599 4641 noctem
2626 4602 2755 4640 cum
2772 4583 2975 4656 grandi
2996 4585 3132 4639 ﬂetu
3159 4587 3215 4638 et
3243 4580 3461 4636 ululatu
3479 4594 3576 4649 εε-

1980 4676 2183 4730 mendo
2214 4674 2457 4731 deﬂebat
2477 4674 2732 4730 miserias
2752 4680 2992 4732 nostras.
3013 4670 3425 4728 Exhortabatur
3439 4683 3573 4738 ergo

1980 4770 2203 4821 sanctos
2222 4766 2419 4820 Patres
2444 4782 2545 4837 per
2570 4764 2932 4831 monasteria,
2975 4764 3032 4817 et
3059 4757 3452 4816 commonebat
3464 4756 3574 4811 fra-

1978 4860 2114 4922 tres,
2142 4854 2332 4910 dicens
2364 4872 2375 4907 :
2425 4856 2647 4916 Cavete,
2687 4854 2911 4920 fratres,
2940 4868 2975 4905 a
3001 4848 3377 4920 multiloquio,
3412 4852 3469 4902 et
3501 4845 3571 4901 ab

1981 4943 2173 4999 otiosis
2215 4942 2567 4999 sermonibus
2604 4943 2859 5013 linguam
2914 4939 3225 5012 prohibete,
3266 4954 3368 5009 per
3403 4952 3575 5009 quam

1981 5035 2165 5089 malus
2193 5033 2456 5089 interitus
2484 5033 2685 5088 animae
2728 5034 3053 5103 generatur,
3086 5034 3143 5083 et
3170 5044 3283 5083 non
3303 5025 3574 5097 intelligi-

1982 5140 2109 5179 mus
2146 5123 2411 5196 quoniam
2461 5139 2564 5195 per
2609 5122 2727 5177 haec
2773 5126 2831 5176 et
2857 5120 2973 5175 Deo
3016 5124 3074 5174 et
3117 5116 3323 5173 sanctis
3359 5115 3576 5187 angelis

1982 5213 2215 5268 odibiles
2242 5228 2456 5267 sumus.
2505 5211 2652 5266 Dicit
2688 5210 2835 5265 enim
2877 5209 3167 5281 Scriptura
3198 5227 3209 5263 :
3243 5208 3353 5263 Per
3390 5203 3577 5261 multi-

1982 5302 2233 5373 loquium
2259 5316 2372 5355 non
2402 5300 2636 5370 effugies
2663 5304 2952 5371 peccatum
2982 5301 3159 5366 (Prov.
3176 5299 3252 5369 x).
3274 5297 3405 5353 Haec
3424 5294 3574 5351 enim

1983 5391 2265 5445 inﬁrmam
2314 5394 2371 5444 et
2399 5405 2631 5445 vacuam
2674 5389 2924 5445 efﬁciunt
2965 5392 3212 5445 mentem
3250 5391 3420 5458 atque
3447 5382 3571 5439 ani-

1984 5496 2134 5535 mam
2164 5484 2435 5534 nostram.

2054 5568 2142 5627 37.
2170 5568 2299 5625 Fuit
2319 5568 2550 5641 quidam
2577 5568 2657 5626 vir
2678 5568 2737 5626 in
2755 5569 2962 5645 palatio
2990 5567 3264 5636 sublimis,
3283 5561 3388 5622 sub
3397 5561 3572 5618 Theo-
