3966 6184
429 289 532 350 763

1531 293 1624 349 DE
1660 295 1848 351 vms
1881 285 2184 352 PATRUM
2219 284 2435 352 LIBER
2472 297 2572 352 III.

3565 300 3652 356 76³1

429 417 588 478 dosio
615 419 975 493 imperatore,
994 422 1233 478 nomine
1259 422 1550 490 Arsenius,
1582 423 1742 494 cujus
1772 421 1933 490 ﬁlios,
1959 422 2017 478 id
2034 424 2084 484 Α
2101 422 2197 494 qui
2221 435 2428 494 aquam
2455 419 2526 477 de
2550 421 2677 476 lacu
2695 420 3025 486 hauriebat,
3066 417 3250 486 ως
3277 421 3447 475 homo
3474 424 3654 494 estqui

431 514 520 565 est
565 511 868 567 Arcadium
898 518 956 568 et
980 511 1292 569 Honorium
1321 514 1610 584 'Augustus
1652 513 1720 567 de
1747 513 2022 585 baptismo

431 599 678 670 suscepit
703 600 886 670 (Pelag
915 642 928 668 ,
964 604 1131 657 libell.
1165 619 1253 669 xv,
1292 617 1349 657 η.
1383 599 1462 671 6).
1512 602 1616 657 Hic
1639 602 1830 675 itaque
1860 607 2023 660 Arse-

433 688 558 742 nius
570 688 848 744 desiderio
860 689 1031 746 divini
1041 691 1251 746 amoris
1268 709 1552 758 accensus,
1569 694 1892 765 relinquens
1908 713 2022 750 om-

432 792 560 832 nem
577 775 763 832 saeculi
774 779 1014 849 gloriam
1025 783 1414 852 temporalem,
1428 783 1674 853 perrexit
1687 784 1757 838 ad
1768 801 2024 840 eremum

433 865 644 935 Scythi,
665 871 730 920 ut
746 866 896 922 inter
923 875 1146 925 sanctos
1176 871 1371 925 Patres
1394 876 1670 926 secretam
1693 878 1750 926 et
1777 874 2024 945 quietam

431 953 501 1007 ab
527 954 682 1008 omni
710 957 949 1028 strepitu
980 958 1151 1029 hujus
1179 959 1374 1014 mundi
1403 967 1596 1030 ageret
1623 961 1816 1028 vitam,
1849 969 1914 1018 ut
1942 982 2025 1019 se-

429 1049 660 1114 paratus
682 1044 752 1099 ab
771 1044 1050 1102 illecebris
1065 1053 1121 1103 et
1139 1049 1600 1104 delectationibus
1620 1053 2019 1122 corporalibus,

430 1146 558 1188 cum
581 1137 703 1188 tota
728 1136 934 1190 mentis
957 1137 1268 1192 intentione
1296 1139 1607 1194 adhaereret
1635 1140 1875 1196 Domino
1899 1143 2024 1198 Sal-

429 1221 630 1289 vatori,
654 1223 799 1278 sicut
821 1225 1091 1297 scripturn
1124 1233 1243 1282 est:
1269 1229 1519 1284 Adhaesit
1539 1230 1728 1284 anima
1749 1248 1875 1286 mea
1899 1239 2026 1304 post

431 1315 508 1378 te,
553 1327 645 1366 me
692 1317 936 1386 suscepit
965 1315 1194 1371 dextera
1236 1323 1336 1372 tua
1365 1319 1528 1380 (Psal.
1564 1320 1719 1387 Lxrr).
1754 1319 2027 1376 Dicebant

433 1416 566 1471 ergo
597 1401 666 1456 de
695 1418 761 1457 eo
790 1404 968 1458 sancti
998 1405 1246 1460 seniores
1277 1407 1409 1477 quia
1435 1408 1582 1462 sicut
1609 1425 1737 1463 cum
1758 1409 1817 1464 in
1835 1411 2025 1467 saeculi

433 1491 854 1547 conversatione
884 1499 1049 1561 esset,
1070 1495 1236 1550 nimis
1256 1496 1518 1567 pretiosis
1547 1498 1893 1554 vestimentis
1907 1517 2023 1572 prae

435 1577 697 1634 omnibus
721 1581 1006 1649 utebatur,
1045 1583 1127 1637 ita
1154 1586 1529 1656 postmodum,
1561 1586 1620 1640 in
1664 1603 1852 1642 eremo
1890 1589 2026 1661 Scy-

432 1666 565 1722 thia)
603 1667 831 1739 degens,
863 1671 1125 1726 studebat
1152 1677 1216 1726 ut
1239 1673 1308 1726 ab
1339 1674 1598 1729 omnibus
1627 1677 1917 1731 monachis
1945 1679 2027 1732 vi-

431 1755 575 1810 liora
603 1762 660 1811 et
688 1757 1038 1830 despectiora
1066 1762 1400 1817 vestimenta
1427 1763 1676 1819 haberet.

505 1841 595 1901 38.
628 1845 861 1902 Dicebat
882 1849 1055 1904 etiam
1083 1850 1255 1905 abbas
1284 1852 1480 1906 Daniel
1508 1855 1773 1924 quoniam
1803 1861 2029 1911 sanctus

432 1934 704 1990 Arsenius
751 1937 1031 1993 referebat
1060 1941 1326 1996 fratribus
1367 1943 1577 2009 dicens,
1612 1945 1773 2016 quasi
1811 1945 1880 2000 de
1919 1947 2030 2001 alio

434 2023 702 2088 audisset,
735 2025 834 2080 sed
873 2034 1145 2098 quantum
1182 2031 1350 2085 datur
1391 2032 1648 2103 intelligi,
1694 2035 1814 2106 ipse
1859 2036 2029 2090 talem

433 2111 574 2166 vidit
598 2112 864 2170 visionem
895 2119 1123 2187 (Pclag.,
1156 2121 1325 2174 libell.
1357 2135 1510 2188 xvm,
1545 2138 1609 2177 η.
1639 2120 1692 2191 2)
1721 2141 1733 2174 :
1767 2123 2026 2192 Sedebat,

432 2199 634 2271 inquit,
653 2203 880 2273 quidam
899 2205 966 2260 de
977 2207 1293 2263 senioribus
1307 2211 1595 2265 monachis
1607 2212 1664 2266 in
1685 2213 1886 2268 cellula
1904 2230 2026 2281 sua,

435 2294 493 2344 et
506 2288 690 2346 subito
703 2293 860 2348 venit
875 2295 945 2349 ad
963 2312 1093 2350 eum
1113 2312 1216 2352 vox
1235 2298 1426 2354 dicens
1451 2319 1462 2352 :
1489 2301 1766 2372 Egredere
1789 2303 1957 2368 foras,
1974 2308 2032 2358 et

433 2379 726 2434 ostendam
753 2379 855 2436 tibi
875 2398 1047 2455 opera
1073 2385 1385 2441 hominum.
1422 2388 1490 2442 Et
1518 2390 1776 2457 surrexit,
1821 2391 2025 2463 inquit,

434 2471 492 2522 et
511 2484 770 2538 egressus
800 2477 886 2526 est
912 2472 1080 2528 foras.
1107 2473 1281 2530 Duxit
1308 2481 1495 2531 autem
1518 2494 1666 2546 eum,
1699 2485 1754 2533 et
1782 2481 2031 2534 ostendit

433 2556 486 2612 ei
513 2557 839 2631 IEthiopem
860 2561 1084 2632 nigrum
1099 2580 1226 2619 cum
1241 2566 1422 2620 securi
1444 2567 1753 2622 caedentem
1766 2569 1938 2640 ligna,
1971 2576 2028 2625 et

432 2645 729 2703 facientem
750 2651 1022 2721 grandem
1054 2653 1355 2720 sarcinam,
1386 2659 1442 2710 et
1469 2655 1728 2712 tentabat
1740 2657 2029 2715 sublevare

434 2737 713 2793 sarcinam
735 2737 911 2808 illam,
927 2745 984 2795 et
1002 2758 1116 2812 prae
1130 2743 1522 2813 magnitudine
1542 2762 1654 2800 non
1675 2752 1896 2818 poterat
1908 2765 2030 2820 por-

432 2831 556 2884 tare
577 2843 732 2899 eam;
755 2829 849 2883 sed
887 2829 1124 2899 redibat,
1150 2837 1206 2887 et
1241 2833 1491 2889 cadebat
1509 2835 1713 2890 iterum
1725 2837 1835 2891 alia
1852 2837 2026 2909 ligna,

438 2921 496 2970 et
523 2916 765 2972 addebat
789 2935 961 2991 super
983 2920 1260 2976 sarcinam
1291 2923 1465 2977 illam.
1485 2925 1697 2980 Iterum
1726 2932 1916 2981 autem
1937 2944 2029 2982 os-

435 3005 618 3061 tendit
645 3007 696 3062 ei
726 3008 899 3063 alium
942 3009 1230 3066 hominem
1269 3015 1513 3068 stantem
1551 3031 1719 3086 super
1747 3017 1951 3082 lacum,
1976 3021 2032 3072 et

2104 512 2292 584 aliqua
2318 511 2467 566 bona
2493 515 2778 582 operatur,
2801 510 2898 565 sed
2925 509 3060 582 quia
3081 510 3232 563 ‘mala
3259 509 3424 564 etiam
3444 510 3653 582 amplius

2105 617 2205 674 per
2230 607 2458 673 peccata
2485 605 2770 673 operatur,
2805 605 2861 654 et
2901 599 3026 654 ideo
3069 603 3306 670 pereunt
3350 604 3405 653 et
3431 599 3658 655 delentur

2106 691 2276 745 etiam
2301 691 2447 746 bona
2466 699 2637 762 opera
2666 705 2788 761 qum
2811 688 2960 742 fauit.
2984 688 3219 760 Oportet
3237 703 3368 758 ergo
3386 688 3660 756 hominem,

2106 782 2251 835 sicut
2280 780 2361 834 ait
2387 779 2705 852 Apostolus,
2726 795 2854 833 cum
2881 778 3084 833 timore
3114 783 3171 832 et
3194 782 3437 832 tremore
3454 778 3664 833 salutem

2104 887 2264 926 suam
2290 869 2510 942 operari
2537 871 2804 938 (Philipp.
2837 873 2919 929 Il).

2176 958 2264 1014 39.
2289 956 2522 1013 Dicebat
2539 963 2731 1012 autem
2751 955 2923 1010 abbas
2942 953 3142 1010 Daniel
3161 955 3229 1009 de
3249 954 3447 1010 abbate
3466 956 3670 1010 Arsenio

2110 1049 2306 1118 (Pelag.
2340 1050 2507 1102 libell.
2551 1061 2622 1112 iv,
2657 1063 2715 1100 η.
2749 1047 2823 1110 5),
2853 1044 2984 1116 quia
3028 1060 3154 1099 cum
3184 1049 3506 1116 operaretur
3531 1061 3671 1116 spor-

2106 1142 2194 1192 tas
2225 1154 2288 1190 ex
2317 1138 2635 1208 palmarum
2663 1134 2832 1200 foliis,
2867 1133 3129 1188 mittebat
3153 1149 3355 1204 aquam
3386 1133 3443 1187 in
3472 1133 3668 1204 pelvim,

2108 1232 2171 1282 ut
2197 1226 2628 1280 infunderentur
2648 1225 2865 1296 palmae;
2893 1228 2950 1278 et
2963 1239 3090 1277 cum
3105 1223 3307 1277 feteret
3333 1221 3583 1277 brumosa
3608 1222 3675 1292 (9)

2106 1333 2251 1387 aqua
2279 1316 2468 1381 odore,
2503 1331 2614 1368 non
2642 1312 3006 1385 permittebat
3043 1316 3108 1366 ut
3137 1311 3307 1366 aliam
3337 1327 3534 1382 aquam
3563 1327 3671 1366 mu-

2107 1409 2313 1469 tarent,
2366 1405 2462 1459 sed
2506 1419 2676 1474 super
2723 1402 2877 1456 illam
2935 1401 3185 1466 fetidam,
3242 1400 3411 1454 aliam
3463 1399 3677 1454 addebat

2107 1508 2331 1566 aquam,
2364 1499 2428 1548 ut
2453 1509 2676 1565 semper
2695 1492 2912 1546 feteret.
2937 1488 3372 1561 lnterrogabant
3393 1493 3569 1544 autem
3585 1489 3678 1543 fra-

2109 1588 2224 1638 tres
2255 1599 2405 1650 eum,
2447 1583 2695 1637 dicentes
2730 1601 2740 1636 :
2774 1582 2888 1636 Cur
2929 1596 3041 1635 non
3087 1578 3392 1651 permittis,
3421 1579 3596 1645 Pater,
3625 1584 3678 1633 ut

2109 1688 2258 1744 aqua
2284 1677 2554 1738 mutetur,
2585 1671 2684 1726 sed
2721 1671 2962 1742 pessimo
3006 1669 3183 1724 fetore
3225 1672 3349 1722 tota
3389 1665 3576 1722 cellula
3594 1673 3676 1721 tua

2041 1748 2087 1808 Β
2109 1762 2386 1833 repletur?
2405 1761 2769 1832 Respondens
2791 1764 2981 1814 autem
2999 1758 3200 1812 beatus
3225 1757 3414 1812 senior
3434 1757 3535 1811 ait:
3556 1758 3679 1821 Quo~

2110 1851 2264 1905 niam
2285 1856 2516 1922 propter
2537 1849 2931 1922 thymiamata,
2981 1853 3040 1902 et
3069 1852 3327 1901 muscata
3357 1845 3479 1914 (10),
3511 1851 3563 1900 et
3586 1845 3678 1899 alia

2113 1941 2332 1994 diversa
2357 1939 2560 2011 quibus
2581 1940 2639 1994 in
2670 1939 2925 1994 smculari
2945 1937 3374 1992 conversatione
3394 1935 3510 1990 sine
3527 1934 3678 1989 inter-

2113 2030 2379 2084 missione
2399 2028 2642 2093 fruebar,
2671 2031 2892 2099 oportet
2909 2042 3061 2081 nunc
3083 2042 3194 2093 me,
3219 2025 3358 2080 dum
3375 2024 3438 2078 in
3460 2024 3558 2078 hoc
3583 2039 3680 2078 cor-

2111 2135 2246 2191 pore
2273 2135 2418 2185 sum,
2451 2118 2730 2173 sustinere
2750 2116 3065 2172 istiusmodi
3096 2115 3357 2181 fetorem,
3379 2130 3478 2185 pro
3495 2112 3679 2168 suavis-

2113 2209 2253 2263 simo
2283 2208 2379 2262 illo
2410 2208 2601 2274 odore,
2634 2213 2697 2261 ut
2739 2207 2796 2260 in
2842 2205 2933 2260 die
2956 2204 3156 2276 judicii
3205 2204 3279 2258 de
3321 2203 3414 2258 illo
3440 2203 3678 2274 gehennae

2110 2297 2475 2353 inenarrabili
2502 2297 2678 2352 fetore
2699 2295 2898 2350 liberet
2921 2310 3012 2349 me
3037 2283 3336 2359 Dominus,
3358 2297 3414 2348 et
3444 2308 3549 2348 non
3574 2308 3677 2346 cum

2110 2387 2206 2441 illo
2235 2387 2422 2452 divite,
2467 2386 2562 2458 qui
2593 2384 2928 2458 epulabatur
2963 2383 3022 2438 in
3056 2383 3164 2438 isto
3196 2381 3414 2437 mundo
3451 2380 3678 2437 deliciose

2112 2482 2169 2530 et
2196 2476 2505 2548 splendide,
2532 2475 2937 2530 condemnetur
2980 2473 3171 2526 anima
3202 2486 3336 2526 mea
3373 2471 3541 2545 (Luca:
3566 2469 3675 2539 xvr).

2181 2564 2268 2622 40.
2292 2565 2534 2630 Quidam
2560 2565 2629 2619 de
2657 2563 2926 2619 fratribus
2955 2562 3095 2617 dixit
3137 2561 3308 2616 beato
3337 2560 3560 2615 Arsenio
3591 2561 3678 2630 (Pe-

2113 2658 2244 2723 lag.,
2275 2657 2445 2712 libell.
2469 2673 2524 2721 ν,
2551 2672 2613 2709 n.
2644 2652 2729 2723 32)
2757 2671 2767 2706 :
2797 2653 2956 2718 Ecce,
2985 2649 3316 2706 beatissime
3339 2650 3516 2716 Pater,
3534 2647 3679 2703 medi-

2110 2743 2221 2798 tari
2251 2743 2453 2799 festino
2475 2744 2544 2798 de
2565 2742 2866 2814 Scripturis
2885 2741 3112 2805 sanctis,
3145 2756 3271 2810 quas
3307 2739 3490 2805 didici,
3512 2743 3564 2793 et
3586 2751 3678 2791 non

2113 2833 2297 2887 sentio
2327 2833 2815 2904 compunctionem
2847 2831 2906 2885 in
2935 2829 3099 2885 corde
3129 2845 3282 2895 meo,
3307 2827 3560 2899 quoniam
3585 2839 3678 2879 non

2112 2922 2365 2993 intelligo
2392 2921 2658 2976 virtutem
2698 2919 2898 2975 divinae
2926 2919 3246 2990 Seripturae,
3300 2917 3449 2972 unde
3471 2922 3524 2971 et
3545 2914 3679 2969 valde

2113 3010 2478 3066 contristatur
2503 3010 2692 3064 anima
2719 3025 2864 3064 mea.
2896 3007 3265 3080 Respondens
3298 3010 3486 3061 autem
3511 3004 3680 3057 beatus

439 3095 795 3152 haurientem
832 3113 1038 3169 aquam
1082 3100 1151 3154 de
1197 3100 1339 3168 lacu,
1377 3107 1433 3156 et
1471 3103 1788 3159 mittentem
1818 3121 1941 3160 eam
1970 3106 2030 3160 in
2049 3107 2091 3171 ί]
2110 3101 2381 3156 Arsenius
2411 3101 2492 3154 ait
2523 3119 2535 3154 :
2563 3101 2802 3172 Oportet
2827 3101 2904 3165 te,
2936 3097 3037 3163 illi,
3069 3096 3424 3152 incessanter
3450 3092 3680 3149 meditari

433 3186 874 3254 collectaculum,
908 3193 965 3242 et
994 3188 1063 3243 de
1085 3189 1196 3243 alia
1214 3196 1373 3261 parte
1402 3209 1504 3262 per
1524 3192 1801 3248 foramina
1823 3194 2030 3249 deﬂue-

432 3275 531 3332 bat
560 3292 708 3348 aqua
730 3276 996 3332 desubter
1021 3278 1079 3332 in
1118 3279 1314 3334 eodem
1345 3281 1484 3336 loco.
1518 3283 1728 3338 lterum
1761 3283 1901 3338 dixit
1928 3284 1980 3338 ei
2014 3301 2025 3336 :

434 3365 596 3432 Veni,
634 3358 869 3438 sequere
898 3384 1007 3434 me,
1042 3373 1099 3422 et
1131 3370 1422 3424 ostendam
1457 3371 1559 3426 tibi
1591 3372 1764 3429 aliud.
1789 3373 1859 3427 Et
1894 3372 2031 3428 vidit

437 3451 598 3523 quasi
626 3452 906 3523 quoddam
936 3454 1234 3511 mdiﬁcium
1265 3457 1477 3528 templi,
1502 3463 1560 3512 et
1595 3458 1735 3513 duos
1772 3459 2030 3513 sedentes

431 3541 492 3596 in
523 3542 700 3612 equis,
731 3546 1023 3614 portantes
1051 3561 1222 3616 super
1249 3547 1504 3618 scapulas
1531 3564 1660 3602 suas
1687 3553 1925 3619 uterque
1959 3547 2030 3603 li-

432 3646 606 3701 gnum
636 3647 834 3699 unum,
868 3632 925 3686 id
953 3639 1055 3700 est,
1087 3635 1358 3706 perticam
1388 3636 1634 3707 longam,
1666 3638 1912 3692 volentes
1937 3652 2031 3708 pa-

433 3720 576 3774 riter
593 3720 811 3791 ingredi
843 3729 1064 3793 portam
1095 3725 1291 3796 templi
1319 3725 1489 3790 illius,
1515 3730 1570 3779 et
1595 3741 1709 3780 non
1739 3726 2029 3797 permitte-

435 3807 532 3862 bat
553 3826 648 3863 eos
674 3810 893 3880 lignum
923 3811 1072 3882 quod
1099 3829 1164 3866 ex
1191 3813 1421 3868 adverso
1459 3813 1777 3886 portabant,
1811 3814 2030 3886 ingredi

436 3914 537 3969 per
555 3903 774 3968 portam
796 3898 970 3966 illam;
985 3917 1096 3955 non
1109 3901 1258 3956 enim
1280 3903 1611 3958 humiliabat
1620 3921 1679 3959 se
1691 3905 1835 3960 alter
1845 3905 2025 3971 alteri,

436 3986 534 4041 sed
556 3987 970 4043 contendebant
999 3989 1241 4062 utrique,
1270 3992 1480 4062 pariter
1498 3993 1719 4064 ingredi
1746 3996 2026 4063 volentes;

437 4080 494 4130 et
535 4091 650 4131 non
677 4077 1071 4149 praevalebant,
1115 4095 1219 4136 nec
1257 4081 1404 4136 enim
1435 4081 1770 4138 humiliabat
1798 4102 1857 4139 se
1881 4101 2030 4139 unus

436 4182 652 4234 eorum,
676 4173 741 4222 ut
767 4167 930 4222 alteri
959 4169 1142 4225 locum
1180 4171 1362 4226 daret.
1396 4172 1636 4244 Exponit
1677 4189 1815 4244 ergo
1845 4173 1897 4228 ei
1927 4175 2028 4228 has

434 4256 695 4324 visiones,
719 4257 908 4313 dicens
935 4277 946 4313 :
970 4259 1043 4314 Hi
1063 4259 1159 4331 qui
1178 4259 1394 4331 lignum
1414 4267 1643 4334 portant
1661 4262 1719 4316 hi
1764 4269 1896 4318 sunt
1933 4265 2029 4335 qui

434 4345 644 4402 habent
656 4349 861 4420 jugum
875 4353 1130 4404 sanctum
1151 4351 1581 4420 monachorum;
1609 4353 1704 4407 sed
1719 4353 2031 4423 justiﬁcan-

2111 3189 2576 3261 eloquia~Domini
2591 3207 2607 3260 ;
2633 3187 2820 3243 audivi
2845 3187 2993 3241 enim
3009 3185 3144 3257 quia
3161 3185 3309 3240 dixit
3329 3184 3517 3239 beatus
3534 3181 3679 3236 abbas

2112 3280 2341 3334 Pcemen
2371 3283 2429 3332 et
2455 3277 2552 3332 alii
2585 3274 2748 3332 multi
2787 3281 3110 3330 sanctorum
3157 3274 3415 3340 Patrum,
3448 3271 3681 3345 quoniam

2110 3368 2488 3422 incantatores
2517 3365 2596 3420 illi
2615 3366 2710 3438 qui
2738 3371 3030 3437 serpentes
3053 3363 3235 3418 solent
3267 3364 3565 3426 incantare,
3587 3375 3682 3415 non

2110 3457 2438 3526 intelligunt
2456 3455 2562 3527 ipsi
2585 3454 2751 3510 verba
2770 3454 2865 3508 illa
2887 3470 3012 3524 quae
3027 3453 3359 3524 loquuntur,
3384 3451 3477 3506 sed
3488 3463 3684 3521 serpen-

2111 3552 2197 3601 tes
2214 3545 2509 3600 audientes
2525 3543 2849 3614 intell'igunt
2865 3542 3129 3596 virtutem
3146 3540 3450 3596 verborum
3465 3539 3680 3601 illorum,

2112 3641 2169 3691 et
2195 3634 2612 3706 conquiescunt,
2647 3637 2706 3688 et
2733 3631 3054 3687 subdantur
3072 3631 3172 3686 eis.
3203 3630 3301 3686 Sic
3329 3629 3498 3686 etiam
3523 3632 3577 3684 et
3597 3641 3684 3682 nos

2113 3725 2380 3779 faciamus
2412 3740 2426 3779 :
2455 3721 2713 3794 quamvis
2742 3721 2892 3776 enim
2922 3736 3037 3775 non
3063 3720 3355 3774 valeamus
3399 3717 3684 3786 intelligere

2111 3813 2427 3868 divinarum
2456 3810 2875 3883 Scripturarum
2902 3809 3186 3874 virtutem,
3207 3813 3406 3862 tamen
3433 3807 3685 3861 dazmones

2112 3903 2424 3970 audientes,
2451 3901 2622 3956 divini
2642 3899 2797 3954 verbi
2827 3899 3036 3954 virtute
3063 3903 3377 3964 terrentur,
3407 3902 3463 3952 et
3483 3892 3684 3964 etfugati

2112 3991 2406 4047 discedunt
2431 4009 2466 4046 a
2493 3989 2656 4046 nobis
2702 4005 2816 4046 non
2846 3988 3190 4044 sustinentes
3217 3987 3446 4060 eloquia
3470 3982 3684 4058 Spiritus

2113 4082 2311 4149 sancti,
2345 4092 2468 4154 quae
2491 4098 2594 4152 per
2627 4093 2816 4135 servos
2842 4093 2974 4136 suos
3003 4078 3312 4152 prophetas
3345 4082 3405 4133 et
3432 4072 3686 4148 apostolos

2111 4171 2328 4226 locutus
2359 4174 2463 4226 est.

2181 4260 2271 4317 41.
2294 4259 2550 4326 Quodam
2579 4263 2832 4332 tempore
2851 4271 2976 4314 cum
2993 4257 3052 4312 in
3077 4255 3282 4312 vicinia
3305 4254 3458 4312 beati
3481 4249 3685 4310 Macarii

2112 4349 2477 4404 homicidium
2491 4349 2691 4405 fuisset
2702 4346 3414 4421 perpeh‘atum,'etuuidam
3429 4338 3684 4400 innocenti

434 4441 520 4491 tes
540 4437 752 4508 seipsos
777 4437 838 4492 in
870 4437 1130 4494 cordibus
1167 4439 1283 4495 suis
1313 4456 1440 4495 cum
1461 4441 1798 4496 exaltatione
1827 4457 2025 4513 super-
2039 4431 2090 4491 D
2112 4438 2325 4494 homini
2344 4439 2754 4511 impingeretur
2770 4437 2985 4493 crimen
3005 4435 3320 4492 admissum
3335 4435 3578 4504 (Ra/Tim,
3594 4433 3681 4493 Ιοιῐς

434 4525 556 4590 biae,
592 4543 704 4582 non
732 4527 1106 4583 humiliantur
1123 4527 1382 4594 invicem,
1415 4530 1719 4584 noluerunt
1739 4530 1888 4584 enim
1916 4546 2032 4584 am-

434 4615 632 4670 bulare
662 4616 721 4670 in
749 4616 1069 4672 humilitate
1096 4617 1245 4672 viam
1274 4618 1580 4673 Salvatoris
1609 4619 1834 4674 Domini
1852 4619 2031 4674 nostri

434 4705 566 4760 Jesu
585 4705 815 4773 Christi,
848 4706 946 4778 qui
974 4705 1148 4762 dixit:
1176 4706 1383 4762 Discite
1413 4723 1447 4761 a
1466 4724 1556 4761 me
1586 4708 1717 4779 quia
1738 4708 1892 4762 mitis
1907 4725 2031 4763 sum

437 4798 494 4848 et
538 4795 771 4851 humilis
815 4796 1002 4864 corde,
1038 4802 1096 4852 et
1123 4796 1419 4852 invenietis
1447 4796 1701 4868 requiem
1739 4796 2033 4852 animabus

439 4884 636 4939 vestris
655 4885 874 4955 (Matth.
907 4889 1009 4956 x1).
1041 4885 1285 4958 Ideoque
1303 4891 1536 4959 propter
1563 4886 1884 4959 superbiam
1906 4904 2031 4943 cor-

439 4969 524 5026 dis
553 4973 640 5027 sui
667 4981 1062 5031 remanserunt
1086 4976 1243 5044 foris,
1275 4976 1345 5032 de
1371 4993 1547 5048 regno
1569 4977 1737 5048 Regis
1757 4978 2031 5032 caelorum

440 5060 649 5116 Christi
678 5061 902 5118 exclusi.
942 5063 1050 5128 Qui
1080 5070 1272 5121 autem
1301 5063 1550 5122 caedebat
1578 5065 1747 5138 ligna,
1783 5072 1841 5120 et
1865 5083 2033 5139 super

437 5149 720 5206 sarcinam
742 5151 925 5208 adhuc
946 5153 1204 5222 addebat,
1235 5156 1406 5210 homo
1434 5160 1521 5211 est
1540 5155 1636 5228 qui
1662 5160 1927 5211 oneratus
1947 5161 2035 5212 est

440 5239 634 5296 multis
662 5241 921 5311 peccatis,
946 5247 1004 5298 et
1028 5259 1196 5316 super
1223 5245 1503 5300 sarcinam
1533 5250 1887 5318 peccatorum
1905 5263 2032 5301 suo-

440 5345 568 5386 rum
615 5328 774 5385 addit
809 5346 1033 5402 semper
1074 5332 1186 5388 alia
1227 5341 1455 5406 peccata
1488 5353 1499 5389 :
1535 5351 1704 5406 quem
1741 5333 2034 5407 oportebat

440 5419 622 5492 magis
641 5425 708 5474 ut
725 5419 1112 5492 paenitentiam
1133 5429 1327 5494 ageret
1353 5425 1422 5479 de
1448 5423 1727 5497 prioribus
1755 5424 2028 5496 peccatis;

443 5510 542 5565 sed
569 5510 862 5583 negligens
889 5510 1026 5566 vitia
1045 5513 1344 5568 emendare
1372 5520 1727 5586 peccatorum
1757 5516 2027 5587 priorum,

443 5600 622 5672 magis
651 5611 710 5658 et
735 5600 847 5658 alia
868 5598 1027 5658 addit
1053 5614 1226 5674 supra
1242 5602 1432 5675 priora
1451 5609 1697 5676 peccata.
1724 5605 1824 5662 Ille
1844 5610 2032 5661 autem

2113 4542 2226 4598 cap.
2260 4525 2349 4594 28,
2383 4531 2446 4582 in
2473 4529 2716 4583 Macario
2735 4529 3002 4596 Egyptio,
3030 4541 3167 4596 pene
3195 4527 3272 4580 ad
3298 4522 3563 4588 verbum),
3584 4532 3686 4572 sur-

2111 4633 2249 4688 gens
2269 4617 2363 4672 ille
2381 4617 2480 4689 qui
2488 4615 2828 4672 calumniam
2851 4614 3188 4688 patiebatur,
3211 4613 3358 4685 fugit
3372 4612 3444 4667 ad
3455 4608 3684 4666 cellulam

2113 4706 2261 4762 beati
2281 4707 2508 4763 Macarii
2543 4724 2555 4759 :
2588 4706 2891 4760 adfuerunt
2913 4705 3086 4759 etiam
3115 4708 3171 4758 et
3203 4703 3286 4758 illi
3310 4701 3408 4775 qui
3432 4714 3555 4755 eum
3581 4709 3688 4768 pen-

2112 4795 2408 4868 urgebant,
2441 4800 2500 4850 et
2545 4794 2854 4866 alligabunt
2895 4809 3044 4858 eum,
3097 4791 3368 4858 dicentes,
3410 4780 3686 4862 periclitari

2113 4886 2344 4958 seipsos,
2367 4885 2478 4940 nisi
2514 4883 3056 4957 comprehenderent
3087 4886 3144 4936 et
3172 4880 3395 4952 legibus
3422 4876 3687 4934 traderent

2112 4974 2478 5042 homicidam;
2502 4974 2596 5028 ille
2623 4987 2754 5028 vero
2781 4971 2870 5028 cui
2889 4971 3101 5027 crimen
3122 4968 3552 5042 impingebatur,
3575 4975 3684 5018 cum

2114 5064 2480 5120 sacramentis
2501 5063 2819 5118 affirmabat
2832 5061 3121 5117 conscium
3141 5076 3202 5115 se
3215 5067 3326 5114 non
3348 5072 3471 5113 esse
3485 5049 3684 5123 sangui-

2114 5155 2202 5211 nis
2229 5154 2402 5209 illius.
2452 5154 2524 5209 Et
2552 5169 2682 5208 cum
2731 5151 2827 5207 diu
2855 5149 2926 5206 ab
2955 5153 3196 5222 utraque
3225 5153 3388 5221 parte
3425 5148 3682 5201 certamen

2113 5242 2436 5311 haberetur,
2461 5240 2829 5312 interrogavit
2845 5243 3073 5295 sanctus
3100 5235 3381 5294 Macarius
3402 5233 3495 5291 ubi
3522 5227 3681 5302 sepul-

2113 5338 2207 5388 tus
2239 5338 2404 5399 esset,
2430 5331 2525 5404 qui
2547 5328 2838 5386 dicebatur
2857 5329 3099 5396 owisus;
3135 5341 3377 5398 cumque
3411 5321 3678 5391 designas-

2113 5428 2241 5478 sent
2259 5422 2309 5477 ei
2329 5421 2532 5488 locum,
2559 5435 2691 5475 cum
2711 5419 2847 5492 ipsis
2872 5417 3058 5492 pergit
3083 5418 3154 5471 ad
3175 5415 3510 5489 sepulcrum,
3532 5411 3675 5478 atque

2113 5512 2190 5568 ibi
2220 5510 2343 5567 fixis
2371 5509 2606 5582 genibus
2625 5510 2881 5565 invocato
2903 5507 3112 5564 Christi
3137 5505 3386 5570 nomine,
3407 5503 3489 5556 ait
3509 5494 3574 5554 ad
3595 5508 3676 5549 eos

2114 5602 2209 5676 qui
2255 5599 2593 5658 assistebant
2626 5618 2636 5654 :
2671 5600 2834 5657 Nunc
2873 5597 3149 5656 Dominus
3188 5593 3451 5652 ostendet
3493 5588 3537 5644 si
3563 5597 3674 5641 vere
