3892 6182
234 302 341 363 765

1542 319 1783 377 VERBA
1819 319 2212 380 SENIORUM.

3415 304 3518 363 766

234 445 366 485 reus
393 435 483 485 est
513 431 602 486 hic
630 431 726 503 qui
745 448 781 489 a
807 432 964 488 vobis
986 440 1355 508 perurgetur;
1385 444 1444 496 et
1461 442 1677 500 elevata
1703 461 1833 501 voce
1847 447 1897 507 Α
1918 445 2155 500 oscitare
2173 459 2306 499 eum
2324 441 2618 498 faciebant.
2652 443 2794 497 Item
2818 438 3259 511 .postpsalmum,
3290 446 3418 490 cum
3440 432 3515 487 ad

235 536 303 573 ex
331 519 567 574 nomine
602 521 880 576 clamabat
908 522 1251 580 defunctum.
1285 527 1539 603 Cumque
1569 533 1621 587 ei
1647 533 1719 588 de
1748 550 1841 588 se-

234 609 434 680 pulcro
462 614 690 664 vocatus
718 612 1117 683 respondisset,
1140 615 1302 670 aitad
1324 633 1455 673 eum
1477 627 1705 677 sanctus
1725 623 1840 678 Ma-

236 698 460 752 carius:
491 699 600 753 Per
626 700 797 754 fidem
829 699 1037 756 Christi
1067 707 1123 757 te
1153 703 1405 762 obtestor
1432 713 1494 763 ut
1515 710 1669 766 dicas
1693 728 1843 767 nunc

236 786 285 840 si
307 786 379 839 ab
408 787 520 841 isto
550 788 778 843 homine
812 789 907 860 qui
936 790 995 844 in
1022 796 1078 845 te
1115 792 1475 852 insimulatur
1502 801 1717 856 occisus
1757 818 1837 856 es.

235 877 397 930 Tunc
426 875 521 930 ille
545 877 696 932 clara
724 895 854 933 voce
884 878 956 933 de
989 882 1245 952 sepulcro
1274 888 1584 957 respondit,
1619 890 1836 957 dicens,

238 980 355 1018 non
379 981 443 1019 se
473 981 595 1020 esse
621 965 692 1020 ab
730 983 794 1021 eo
824 967 1202 1026 interfectum.
1231 972 1302 1027 Et
1320 990 1446 1029 cum
1470 976 1839 1049 obstupefacti

240 1054 794 1109 omnesdecidissent
821 1057 892 1110 ad
916 1062 1150 1126 terram,
1174 1077 1238 1115 ac
1258 1062 1495 1133 pedibus
1519 1067 1642 1136 ejus
1662 1067 1843 1121 volve-

240 1147 464 1207 rentur,
488 1159 687 1213 rogare
708 1162 835 1199 eum
849 1154 1159 1218 coeperunt,
1183 1155 1247 1204 ut
1274 1151 1652 1225 interrogaret
1680 1156 1843 1211 illum

241 1249 279 1286 a
306 1249 422 1302 quo
454 1238 603 1287 esset
633 1235 874 1301 occisus;
907 1242 1042 1291 tunc
1070 1246 1297 1295 sanctus
1328 1242 1411 1296 vir
1445 1244 1552 1298 ait:
1588 1245 1707 1299 Hoc
1738 1262 1842 1316 ego

243 1337 357 1375 non
388 1320 780 1392 interrogabo;
813 1325 1020 1379 sufﬁcit
1048 1328 1199 1381 enim
1231 1330 1370 1385 mihi
1390 1338 1453 1386 ut
1472 1332 1744 1389 liberetur
1762 1334 1845 1389 in-

240 1426 475 1475 nocens,
508 1426 621 1465 non
650 1418 735 1465 est
753 1418 941 1467 autem
963 1431 1149 1470 meum
1178 1422 1242 1471 ut
1270 1435 1399 1474 reus
1420 1421 1709 1491 prodatur,
1738 1423 1847 1477 for-

241 1500 398 1554 sitan
439 1499 590 1553 enim
626 1509 1035 1573 compungetur
1072 1505 1255 1561 adhuc
1290 1525 1392 1579 pro
1447 1511 1655 1565 scelere
1696 1511 1845 1583 quod

241 1588 551 1654 commisit,
594 1594 651 1643 et
686 1597 817 1660 aget
846 1592 1256 1663 ptenitentiam,
1288 1603 1352 1651 ut
1379 1599 1625 1653 salvetur
1654 1600 1845 1655 anima

244 1692 391 1747 ejus.

1920 535 2196 590 orandum
2231 550 2291 588 se
2320 531 2687 604 projecissent
2709 531 2933 595 fratres,
2972 525 3380 600 percurrebant
3408 522 3516 577 ite-

1922 640 2045 679 rum
2069 623 2336 693 singulos,
2361 626 2419 675 et
2429 626 2560 675 ante
2575 620 2748 675 alium
2771 618 2995 690 quidem
3016 617 3298 686 jacentem
3317 612 3375 668 in
3394 628 3518 666 ora-

1921 712 2094 779 tione,
2128 711 2288 783 quasi
2317 711 2376 764 in
2416 708 2669 763 mulieris
2695 708 2937 778 speciem
2976 703 3357 768 vertebantur,
3385 704 3518 756 ante

1922 801 2099 855 alium
2124 800 2284 872 quasi
2313 798 2671 863 aedificantes,
2718 802 2778 850 et
2822 799 3110 866 portantes
3150 791 3382 863 aliquid,
3418 793 3519 844 aut

1921 890 2140 944 diversa
2160 904 2394 960 quaeque
2416 891 2647 958 agentes
2666 883 3043 957 apparebant;
3075 887 3133 937 et
3170 892 3518 952 quaecunque

1922 979 2203 1034 daemones
2227 978 2387 1049 quasi
2410 977 2669 1032 ludentes
2689 972 3165 1037 formassent,he:
3185 974 3411 1025 orantes
3432 966 3514 1022 illi

1924 1068 1984 1123 in
2009 1068 2192 1123 cordis
2220 1069 2309 1123 sui
2355 1065 2692 1138 cogitatione
2720 1062 3035 1119 versabant.
3089 1060 3174 1115 Ab
3211 1056 3516 1130 aliquantis

1924 1163 2115 1212 tamen
2134 1154 2420 1221 fratribus,
2434 1154 2529 1208 ubi
2543 1153 2755 1224 aliquid
2780 1153 2983 1206 horum
2998 1165 3168 1220 agere
3190 1147 3511 1218 cepissent,

1924 1246 2085 1318 quasi
2110 1246 2385 1300 violenter
2394 1243 2623 1315 repulsi,
2648 1239 2980 1314 praecipitati
2993 1237 3417 1309 dejiciebantur,
3438 1235 3521 1289 ita

1924 1341 1989 1391 ut
2015 1352 2119 1391 nec
2156 1340 2290 1389 anie
2343 1351 2439 1388 eos
2480 1339 2632 1387 stare
2662 1337 2761 1386 aut
2796 1329 3039 1385 transire
3070 1328 3364 1389 auderent,
3394 1323 3521 1378 aliis

1924 1441 2058 1479 vero
2085 1424 2255 1479 etiam
2304 1439 2475 1494 supra
2503 1421 2743 1476 cervices
2773 1424 2831 1475 et
2875 1419 3043 1473 dorsa
3069 1414 3355 1471 ludebant.
3391 1413 3523 1468 Hac

1925 1531 2055 1568 cum
2069 1513 2298 1568 vidisset
2315 1517 2542 1567 sanctus
2567 1509 2863 1575 Macarius,
2890 1504 3448 1578 ingemuitgraviter,
3466 1505 3524 1556 et

1926 1604 2203 1675 lacrymas
2224 1600 2566 1674 profundens
2594 1599 2664 1653 ad
2694 1600 2893 1661 Deum,
2925 1596 3101 1651 dixit:
3135 1593 3387 1665 Respice,
3417 1592 3525 1646 Do-

1926 1693 2096 1759 mine,
2121 1697 2179 1746 et
2206 1707 2277 1746 ne
2305 1691 2489 1757 sileas,
2509 1705 2695 1759 neque
2719 1686 2994 1756 mitigeris
3008 1686 3177 1749 Deus;
3204 1683 3303 1737 sed
3324 1696 3520 1736 exsur-

314 1765 408 1823 4‘2.
442 1767 569 1821 Alio
595 1768 792 1825 itidem
811 1774 1084 1843 tempore,
1112 1791 1239 1829 cum
1257 1782 1449 1831 sancto
1470 1779 1715 1833 Macario
1729 1765 1906 1851 qui-B
1923 1799 2015 1854 ge,
2029 1786 2087 1836 et
2105 1781 2502 1852 dispergantur
2519 1777 2732 1833 inimici
2752 1776 2857 1843 tui,
2879 1781 2936 1829 et
2955 1774 3219 1845 fugianta
3234 1770 3380 1825 facie
3399 1775 3519 1833 tua,

239 1854 374 1909 dam
398 1855 576 1911 frater
594 1874 758 1912 uvam
780 1860 1091 1929 detulisset,
1122 1863 1239 1935 ipse
1263 1866 1357 1937 qui
1380 1868 1688 1922 secundum
1717 1869 1847 1923 cha-

237 1943 470 1998 ritatem
482 1960 595 2000 non
615 1963 736 2017 quae
753 1966 857 2003 sua
870 1957 1021 2015 sunt,
1044 1953 1141 2006 sed
1160 1969 1285 2023 qua:
1312 1955 1543 2011 alterius
1572 1957 1845 2028 cogitaret

241 2034 467 2102 (Philip.
492 2036 576 2104 II),
593 2036 667 2090 ad
695 2037 869 2092 alium
898 2040 1131 2096 fratrem
1160 2059 1288 2097 eam
1310 2045 1530 2111 detulit,
1561 2047 1657 2117 qui
1684 2046 1846 2101 inﬁr-

238 2121 388 2176 mior
406 2140 525 2193 prae
553 2125 887 2195 aegritudine
911 2129 1206 2186 videbatur
1229 2134 1478 2201 (Ruf/im,
1509 2139 1526 2190 ι
1570 2150 1628 2199 II,
1654 2134 1851 2205 cap.20

240 2212 307 2264 in
336 2212 586 2265 Μασαήο
611 2215 1015 2276 Alexandrino.
1043 2236 1180 2288 pene
1196 2224 1353 2277 verbo
1367 2228 1523 2277 tenus
1526 2226 1569 2292 ,‘.
1591 2224 1749 2278 Tunc
1765 2224 1850 2279 in-

242 2301 444 2354 firmus
467 2302 686 2371 gratias
715 2304 830 2375 egit
858 2307 972 2361 Deo
1002 2325 1103 2379 pro
1124 2310 1315 2365 fratris
1342 2311 1543 2377 officio,
1574 2318 1631 2367 et
1665 2328 1850 2367 susce-

240 2389 328 2460 pit
345 2405 496 2453 eam,
528 2396 587 2446 et
610 2391 730 2463 ipse
752 2394 1121 2452 nihilominus
1152 2400 1278 2470 plus
1309 2401 1378 2455 de
1406 2402 1658 2473 proximo
1679 2418 1849 2475 quam

243 2478 313 2531 de
322 2479 635 2550 semetipso
645 2482 917 2552 cogitans,
938 2485 1006 2538 ad
1022 2485 1196 2541 alium
1209 2487 1412 2543 detulit
1421 2506 1546 2543 eam
1560 2490 1848 2545 infirmum

241 2566 481 2621 fratrem
509 2586 524 2635 ;
557 2574 615 2623 et
657 2569 864 2626 iterum
896 2572 988 2627 ille
1017 2575 1089 2628 ad
1121 2576 1315 2643 alium,
1363 2583 1419 2631 et
1467 2577 1547 2632 sic
1581 2595 1709 2633 cum
1750 2594 1852 2650 per

244 2680 444 2718 omnes
465 2666 717 2733 cellulas,
752 2685 875 2739 quae
919 2670 1083 2742 longe
1113 2689 1147 2725 a
1174 2674 1493 2745 semetipsis
1542 2680 1706 2730 erant
1750 2692 1850 2747 per

247 2769 505 2808 eremum
536 2755 821 2826 dispersae,
855 2775 961 2813 uva
997 2760 1096 2814 illa
1139 2761 1466 2818 circumlata
1494 2769 1642 2819 esset
1685 2764 1851 2835 igno-

248 2842 511 2897 rantibus
542 2844 642 2911 eis,
676 2847 774 2917 qui
802 2864 926 2901 eam
956 2848 1171 2919 primus
1200 2850 1463 2918 misisset,
1488 2852 1558 2905 nd
1589 2852 1851 2908 ultimum

250 2931 506 2986 defertur
540 2933 649 3005 ipsi
694 2935 791 3006 qui
823 2953 949 2991 eam
998 2938 1248 2992 miserat.
1303 2940 1632 2997 Gratulatus
1659 2948 1854 2997 autem

249 3027 481 3076 sanctus
508 3023 813 3093 Macarius,
845 3026 992 3097 quod
1016 3032 1237 3082 tantam
1265 3028 1479 3085 videret
1506 3030 1566 3085 in
1585 3030 1853 3089 fratribus

1928 1870 2193 1942 quoniam
2222 1869 2411 1923 anima
2425 1873 2621 1923 nostra
2631 1866 2846 1938 repleta
2867 1868 2954 1919 est
2972 1861 3328 1917 illusionibus
3344 1860 3517 1932 (Psal.

1928 1973 2141 2026 LXXXII,
2162 1969 2423 2026 Lxxxvn).
2452 1958 2587 2012 Post
2599 1955 2912 2010 orationem
2931 1958 3121 2008 autem
3141 1947 3523 2005 examinandis

1927 2048 2178 2104 veritatis
2206 2048 2412 2118 gratia,
2445 2062 2697 2101 seorsum
2712 2044 2922 2099 vocatis
2949 2040 3186 2113 singulis
3205 2038 3523 2111 quibusque

1926 2137 2216 2203 fratribus,
2249 2142 2382 2191 ante
2409 2152 2648 2208 quorum
2678 2134 2877 2188 faciem
2901 2132 3119 2187 viderat
3149 2130 3430 2184 daemones
3443 2125 3527 2180 di-

1928 2244 2088 2283 verso
2114 2226 2309 2281 habitu
2335 2231 2393 2281 et
2428 2225 2598 2280 variis
2627 2222 2970 2293 imaginibus
2998 2220 3258 2275 ludentes
3284 2214 3528 2289 requirit

1932 2316 2001 2372 ab
2024 2317 2105 2371 eis
2131 2316 2179 2370 si
2199 2316 2258 2371 in
2278 2316 2529 2371 oratione
2557 2314 2643 2368 vel
2671 2311 2982 2368 aedificandi
3011 2307 3381 2379 cogitationes
3410 2305 3518 2358 ha-

1930 2406 2175 2472 buerint,
2210 2406 2294 2460 vel
2319 2406 2430 2460 iter
2456 2402 2679 2475 agendi,
2712 2402 2799 2455 vel
2818 2400 2931 2455 alia
2965 2398 3207 2463 diversa,
3239 2411 3363 2467 quae
3393 2393 3523 2449 uni-

1931 2496 2131 2568 cuique
2161 2511 2262 2567 per
2290 2495 2572 2549 daemones
2600 2491 2911 2563 imaginata
2937 2488 3183 2543 viderat:
3232 2489 3290 2539 et
3317 2481 3525 2554 singuli

1932 2601 2126 2640 eorum
2150 2585 2230 2639 ita
2256 2582 2669 2640 conﬁtebantur
2704 2580 2763 2635 in
2787 2579 2955 2635 corde
2985 2593 3087 2632 suo
3115 2575 3289 2631 fuisse
3308 2572 3523 2643 cogita-

1930 2674 2134 2740 tiones,
2166 2674 2314 2728 sicut
2337 2673 2431 2727 ille
2457 2670 2747 2743 arguebat.
2775 2670 2844 2725 Et
2868 2674 3005 2723 tunc
3031 2681 3160 2721 vere
3177 2663 3528 2719 intellectum

1933 2769 2036 2831 est,
2055 2763 2202 2835 quod
2224 2779 2420 2817 omnes
2440 2762 2601 2816 malae
2625 2765 2683 2815 et
2706 2759 3024 2831 superﬂuae,
3051 2760 3109 2811 et
3134 2769 3291 2809 vana
3319 2750 3528 2822 cogita-

1932 2853 2135 2918 tiones,
2154 2868 2276 2923 quae
2290 2853 2376 2906 vel
2388 2852 2710 2923 psallentes,
2734 2849 2821 2903 vel
2836 2846 3184 2904 somniorum
3204 2847 3305 2898 aut
3322 2839 3532 2896 oratio-

1933 2958 2068 2996 num
2096 2946 2349 3012 tempore
2368 2940 2757 3011 unusquisque
2784 2938 2846 2993 in
2875 2936 3042 2991 corde
3070 2949 3170 2989 suo
3186 2929 3525 3003 conceperit,

1934 3031 2197 3086 illusione
2219 3035 2277 3084 et
2300 3029 2573 3084 instinctu
2604 3029 2925 3083 daemonum
2950 3026 3109 3079 ﬁant.
3150 3024 3297 3078 Nam
3338 3018 3410 3073 ab
3439 3016 3530 3071 his

250 3108 680 3178 abstinentiam,
704 3119 1036 3187 tantamque
1060 3116 1413 3184 charitatem,
1441 3118 1514 3173 ad
1532 3119 1751 3174 acriora
1769 3136 1853 3175 se-
1868 3125 1911 3187 C
1935 3120 2031 3191 qui
2051 3120 2205 3174 omni
2223 3119 2476 3175 custodia
2495 3121 2721 3171 servant
2730 3116 2789 3170 in
2808 3116 3012 3170 timore
3029 3117 3088 3167 et
3099 3125 3293 3166 amore
3304 3104 3531 3163 Domini

250 3200 563 3271 metipsum
591 3202 899 3273 spiritualis
919 3204 1043 3260 vitae
1071 3206 1338 3262 exercitia
1363 3207 1628 3263 extendit.

321 3287 410 3345 43.
447 3290 595 3344 Illud
624 3290 793 3347 etiam
814 3293 886 3348 ad
899 3294 1067 3349 ﬁdem
1089 3296 1483 3352 conﬁrmatum
1507 3296 1669 3352 nobis
1694 3298 1765 3352 de
1788 3314 1854 3352 eo

255 3383 342 3431 est
357 3377 430 3431 ab
447 3378 541 3434 his
551 3380 651 3452 qui
671 3397 736 3434 ex
757 3398 854 3437 ore
869 3384 991 3453 ejus
1007 3384 1600 3457 audierunt,quoniam
1612 3386 1855 3458 quodam

251 3471 510 3539 tempore
541 3475 705 3525 nocte
728 3470 786 3526 in
816 3472 998 3543 specie
1020 3474 1278 3529 monachi
1306 3475 1528 3532 daemon
1555 3475 1627 3530 ad
1643 3475 1857 3531 ostium

258 3557 476 3612 cellulae
507 3559 631 3629 ejus
661 3561 986 3631 pulsaverit,
1000 3562 1215 3617 dicens:
1247 3564 1444 3636 Surge,
1464 3564 1609 3620 abba
1627 3565 1855 3633 Macari,

260 3650 315 3701 et
329 3663 532 3701 eamus
544 3648 616 3702 ad
636 3649 947 3718 collectam,
968 3650 1064 3705 ubi
1084 3652 1287 3708 fratres
1304 3653 1377 3708 ad
1390 3653 1605 3726 vigilias
1624 3671 1861 3726 congre-

258 3742 472 3807 gantur
487 3737 749 3807 (Ruf/Im,
782 3742 822 3793 1.
852 3753 914 3807 11,
947 3757 1064 3810 cap.
1098 3741 1186 3808 29,
1216 3744 1290 3797 ad
1315 3743 1586 3812 verbum).
1631 3743 1740 3799 Sed
1769 3744 1863 3799 ille

258 3825 447 3895 gratia
476 3825 582 3880 Dei
612 3828 859 3898 repletus
886 3827 1004 3883 falli
1024 3845 1137 3884 non
1160 3831 1346 3903 potuit
1369 3850 1382 3899 ;
1409 3832 1686 3888 intellexit
1714 3831 1865 3887 enim

261 3914 474 3969 diaboli
485 3931 610 3971 esse
636 3916 932 3985 fallaciam,
956 3922 1013 3973 et
1031 3919 1112 3973 ait
1136 3935 1151 3977 :
1184 3920 1231 3976 Ο
1248 3921 1507 3990 mendax,
1524 3927 1584 3977 et
1610 3921 1862 3977 veritatis

260 4003 520 4072 inimice;
556 4005 692 4077 quid
721 4007 870 4062 enim
897 4006 1001 4063 tibi
1020 4009 1304 4076 consortii,
1323 4010 1455 4083 quid
1477 3997 1769 4066 societatis
1780 4016 1867 4067 est

261 4109 390 4147 cum
419 4094 658 4148 collecta
686 4099 744 4149 et
756 4097 1187 4169 congregatione
1197 4099 1548 4155 sanctorum?
1564 4102 1638 4155 At
1651 4100 1744 4155 ille
1762 4100 1860 4155 ait:

264 4183 430 4237 Latet
460 4200 596 4255 ergo
619 4189 696 4252 te,
729 4200 761 4239 ο
782 4186 1012 4255 Macari,
1050 4188 1199 4260 quod
1228 4188 1351 4245 sine
1381 4188 1539 4245 nobis
1568 4189 1725 4244 nulla
1753 4189 1867 4245 col-

263 4272 1045 4345 lectamSagiturmullave
1064 4294 1164 4333 con
1172 4278 1426 4350 gregatio
1438 4279 1869 4334 monachorum?

266 4363 393 4417 veni
421 4363 689 4435 denique,
725 4370 781 4419 et
801 4364 1016 4420 videbis
1054 4366 1131 4421 ibi
1157 4384 1385 4439 operam
1415 4373 1685 4423 nostram.
1710 4369 1868 4424 Dixit

1935 3226 2032 3264 cor
2058 3207 2632 3272 suum,illitenebrosi
2660 3205 2971 3276 Ethiopes,
3009 3207 3067 3257 et
3091 3201 3178 3254 ha:
3198 3213 3338 3270 quas
3362 3194 3530 3251 emit-

1935 3302 2064 3352 tunt
2107 3298 2473 3368 cogitationes
2511 3296 2896 3368 repelluntur;
2926 3291 3155 3347 Christo
3195 3287 3346 3342 enim
3372 3299 3532 3339 mens

1937 3389 2254 3457 conjuncta,
2275 3392 2333 3441 et
2350 3386 2628 3458 praecipue
2643 3385 2703 3439 in
2720 3389 2836 3438 tem
2844 3397 2977 3454 pore
2995 3377 3268 3435 orationis
3290 3376 3528 3437 intenta,

1939 3472 2080 3527 nihil
2108 3472 2340 3538 malum,
2374 3472 2627 3542 nihilque
2652 3469 3003 3540 superﬂuum
3032 3463 3249 3535 recipit.

2012 3560 2100 3617 44.
2134 3560 2376 3625 Quidam
2422 3560 2596 3614 frater
2635 3557 2930 3629 requisivit
2963 3553 3222 3610 abbatem
3268 3548 3533 3614 Sisoium,

1944 3650 2416 3723 quemadmodum
2472 3650 2531 3704 in
2581 3648 2725 3703 cella
2769 3644 2999 3719 propria
3051 3644 3256 3714 degere
3307 3637 3540 3695 deberet

1947 3741 2175 3812 (Pasch,
2204 3756 2320 3809 cap.
2351 3754 2389 3806 ι,
2423 3755 2583 3794 num.
2617 3738 2694 3810 4).
2719 3736 2825 3792 Cui
2853 3735 2949 3789 ille
2975 3731 3323 3805 respondens
3351 3727 3494 3782 dixit
3524 3742 3539 3778 :

1947 3827 2190 3884 Comede
2209 3843 2411 3899 panem
2442 3832 2604 3881 tuum
2632 3841 2762 3881 cum
2790 3824 2908 3879 sale
2936 3826 2994 3877 et
3012 3836 3180 3892 aqua,
3213 3823 3275 3873 et
3299 3833 3412 3872 non
3431 3813 3543 3869 erit

1944 3917 2047 3973 tibi
2074 3917 2375 3973 necessitas
2413 3915 2627 3988 aliquid
2660 3912 2956 3986 coquendi,
2994 3916 3101 3966 aut
3145 3907 3367 3979 longius
3411 3919 3541 3960 eva-

1944 4006 2137 4078 gandi.

2018 4094 2106 4151 45.
2127 4093 2449 4166 Requisitus
2460 4092 2632 4148 abbas
2641 4093 2877 4149 Pcemen
2891 4087 3366 4164 quemadmodum
3383 4098 3545 4157 opor-

1947 4188 2067 4240 teat
2086 4184 2351 4255 jejunare
2379 4185 2601 4252 (Pelag.,
2626 4184 2795 4237 libell.
2817 4197 2871 4248 x,
2905 4179 3193 4248 nam“),
3216 4173 3537 4248 respondit:
3600 4200 3603 4203 π

1949 4274 2065 4345 Ego
2091 4274 2219 4327 volo
2246 4273 2583 4331 monachum
2602 4271 2684 4326 ita
2702 4286 2826 4326 esse
2855 4268 3104 4342 quotidie
3132 4281 3335 4339 parum
3355 4277 3544 4318 come-

1947 4363 2193 4429 dentem,
2225 4367 2292 4417 ut
2317 4378 2430 4416 non
2457 4361 2716 4427 satietur,
2743 4375 2878 4416 nam
2906 4358 3155 4413 biduana
3182 4360 3241 4410 et
3280 4353 3548 4408 triduana

268 4457 463 4506 autem
474 4457 705 4507 sanctus
725 4454 1033 4510 Macarius:
1065 4456 1311 4529 Imperet
1336 4456 1438 4512 tibi
1452 4457 1867 4526 Dominus,dae-
1881 4445 1930 4506 D
1943 4453 2022 4525 jej
2030 4452 2165 4507 unia
2175 4468 2330 4507 vana:
2341 4451 2534 4522 gloriae
2552 4455 2767 4505 vacant.
2796 4450 2925 4505 Haec
2944 4447 3097 4503 enim
3127 4444 3317 4502 omnia
3331 4440 3548 4498 exami-

268 4557 403 4597 mon
433 4541 728 4598 immunda
755 4544 931 4611 (ludas
976 4547 1173 4614 epist).
1194 4545 1264 4601 Et
1291 4562 1592 4602 conversus
1636 4547 1708 4603 ad
1755 4564 1876 4603 ora-

270 4632 510 4699 tionem,
552 4631 715 4703 petiit
740 4648 775 4686 a
800 4632 1040 4690 Domino
1066 4639 1132 4689 ut
1160 4633 1266 4690 sibi
1308 4637 1630 4692 ostenderet
1667 4636 1716 4692 si
1768 4637 1875 4693 hoc

274 4738 473 4776 verum
506 4725 675 4788 esset,
698 4720 845 4792 quod
875 4722 1149 4793 gloriatus
1181 4728 1268 4779 est
1291 4723 1531 4781 daemon.
1559 4725 1715 4781 Abiit
1742 4743 1875 4799 ergo

274 4810 347 4866 ad
368 4809 789 4874 collectam,ubi
799 4812 920 4882 jam
942 4811 1146 4883 vigiliae
1172 4829 1206 4867 a
1226 4813 1495 4870 fratribus
1514 4814 1878 4871 celebraban-

276 4907 391 4967 tur,
424 4904 483 4955 et
514 4899 721 4954 iterum
746 4900 805 4955 in
838 4900 1092 4957 oratione
1119 4902 1424 4959 Dominum
1448 4904 1874 4977 deprecabatur,

271 4996 340 5045 ut
355 4990 409 5045 ei
439 4990 739 5044 veritatem
758 4989 913 5045 verbi
929 4990 1099 5062 hujus
1118 4993 1440 5048 ostenderet
1464 5012 1476 5061 ;
1501 4998 1558 5049 et
1576 5010 1703 5050 ecce
1729 4995 1879 5050 videt

274 5079 441 5151 quasi
453 5080 718 5152 parvulos
736 5081 1004 5152 quosdam
1036 5097 1240 5153 pueros
1257 5083 1546 5156 IEthiopes
1568 5084 1760 5156 nigros
1780 5102 1881 5157 per

270 5176 457 5224 totam
489 5168 782 5224 ecclesiam
801 5169 1115 5225 discurrere
1136 5171 1246 5227 huc
1273 5181 1444 5245 atque
1469 5173 1623 5239 illuc,
1646 5178 1703 5228 et
1727 5175 1881 5230 velut

270 5258 565 5314 volitando
594 5257 818 5314 deferri.
850 5258 1236 5316 Discurrentes
1267 5267 1457 5318 autem
1484 5262 1566 5318 illi
1589 5263 1879 5337 [Ethiopes

276 5348 464 5421 pueri,
497 5347 738 5418 singulis
756 5348 1068 5421 quibusque
1094 5349 1361 5405 fratribus
1388 5351 1447 5406 in
1466 5352 1719 5407 oratione
1735 5354 1883 5425 posi-

273 5440 354 5495 tis
383 5444 558 5511 atque
597 5437 965 5510 psallentibus
994 5439 1336 5508 alludebant,
1384 5446 1441 5497 et
1479 5441 1529 5496 si
1575 5442 1665 5498 cui
1694 5442 1764 5497 de
1801 5443 1883 5499 eis

277 5529 475 5586 oculos
506 5526 727 5582 duobus
751 5527 1003 5599 digitulis
1029 5530 1509 5602 compressissent.
1541 5532 1731 5588 statim
1758 5533 1884 5588 dor-

278 5617 535 5687 miebat;
576 5616 626 5675 si
648 5616 739 5675 cui
778 5633 911 5676 vero
949 5619 1009 5680 in
1055 5636 1119 5677 os
1158 5620 1569 5680 immersissent
1612 5622 1879 5696 digitum,

1955 4546 2232 4597 naverunt
2257 4541 2437 4597 sancti
2476 4541 2693 4608 Patres,
2724 4544 2783 4595 et
2809 4539 3146 4594 invenerunt
3184 4533 3319 4607 quia
3336 4531 3547 4586 bonum

1956 4637 2043 4688 est
2065 4632 2315 4705 quotidie
2335 4632 2597 4703 jejunare
2625 4636 2683 4685 et
2712 4644 2913 4702 parum
2939 4626 3250 4691 comedere,
3287 4628 3353 4678 ut
3370 4619 3551 4693 possit

1958 4726 2016 4777 et
2042 4722 2293 4794 quotidie
2316 4721 2550 4776 esurire.
2583 4721 2742 4775 Hanc
2769 4719 2919 4775 enim
2950 4717 3097 4771 viam
3126 4714 3343 4786 regiam
3371 4712 3548 4766 levem

1957 4810 2117 4866 nobis
2145 4827 2268 4867 esse
2293 4810 2839 4866 demonstraverunt.

2029 4900 2116 4957 46.
2149 4900 2334 4955 Abbas
2354 4900 2610 4956 Silvanus
2633 4898 2767 4953 dum
2781 4912 2910 4953 cum
2930 4895 3206 4968 discipulo
3225 4909 3327 4949 suo
3348 4891 3553 4947 Zacha-

1959 4990 2126 5046 riaad
2144 4989 2424 5063 quoddam
2436 4987 2843 5044 monasterium
2853 4985 3220 5059 pervenisset,
3245 4987 3551 5055 antequam

1962 5080 2382 5152 egrederentur,
2409 5079 2663 5134 fecerunt
2679 5093 2776 5132 eos
2797 5075 3057 5131 monachi
3072 5088 3271 5147 parum
3300 5073 3554 5128 comede-

1961 5187 2024 5226 re
2041 5169 2529 5238 (Pelag.,libcll.1v,
2556 5183 2717 5221 num.
2733 5163 2844 5235 40).
2864 5165 3167 5237 Postquam
3189 5181 3323 5236 ergo
3343 5161 3551 5235 egressi

1962 5264 2112 5326 sunt,
2142 5258 2356 5313 invenit
2371 5256 2678 5328 discipulus
2690 5257 2812 5327 ejus
2831 5271 3059 5328 aquam,
3083 5259 3142 5310 et
3165 5253 3388 5310 volebat
3407 5251 3554 5307 bibe-

1964 5366 2043 5405 re.
2076 5348 2180 5404 Cui
2209 5346 2380 5403 abbas
2420 5346 2714 5401 Silvanus:
2749 5343 3033 5413 Zacharia,
3078 5344 3246 5400 hodie
3271 5341 3553 5414 jejunium

1965 5444 2069 5495 est.
2092 5437 2279 5493 Atille
2315 5435 2483 5492 dixit:
2515 5434 2788 5508 Nunquid
2828 5434 2997 5491 hodie
3043 5450 3157 5490 non
3186 5431 3548 5493 comedimus,

1963 5528 2169 5585 Pater?
2198 5528 2267 5582 Et
2285 5525 2426 5582 dixit
2453 5525 2505 5580 ei
2534 5541 2738 5581 senex:
2791 5526 2895 5581 Illa
2933 5541 3062 5581 esca
3089 5520 3377 5579 charitatis
3404 5521 3548 5584 erat,

1963 5619 2063 5690 ﬁli,
2096 5634 2199 5676 nos
2220 5621 2413 5675 autem
2432 5620 2689 5674 nostrum
2713 5615 2996 5690 jejunium
3022 5618 3337 5672 teneamus.
