3966 6184
407 290 514 348 ’767
1514 305 1605 359 DE
1645 307 1830 362 VITIS
1871 308 1972 362 PA'

2061 309 2165 365 UM
2202 311 2416 367 LIBER
2455 314 2554 367 ΙΙΙ.
3537 315 3624 373 768

477 417 566 476 47.
601 423 837 487 Quidam
867 427 936 480 de
956 427 1223 483 fratribus
1256 429 1314 483 in
1345 429 1609 502 Panepho
1634 432 1703 484 ad
1733 432 1991 487 abbatem
2014 435 2250 496 Adixit:
2288 437 2443 502 Ecce,
2477 436 2638 504 abba,
2672 437 2819 492 bona
2848 444 2998 505 sunt,
3037 443 3091 494 et
3121 455 3219 510 ego
3247 441 3461 495 comedo
3480 442 3621 513 exip-

406 509 615 582 Joseph
643 521 1024 584 perrexerunt,
1061 523 1125 571 ut
1145 535 1273 572 eum
1313 520 1668 589 requirerent
1685 521 1753 575 de
1781 539 2002 594 suscep-
2084 525 2191 591 sis;
2224 531 2280 580 et
2310 533 2606 599 postquam
2627 529 2891 598 gustavit,
2915 535 2973 583 et
2997 527 3173 583 sensit
3186 545 3300 583 rem
3324 546 3478 601 quam
3505 531 3621 585 fece-

406 596 559 652 tione
605 600 863 668 fratrum,
897 605 945 658 si
975 606 1170 660 liceret
1216 624 1344 661 cum
1373 608 1460 662 his
1491 608 1584 661 illo
1634 615 1886 681 tempore
1915 613 2001 665 vel
2085 620 2190 679 rat,
2215 616 2414 670 cecidit
2441 616 2500 670 in
2520 617 2979 681 faciem,dicens:
3017 619 3110 672 Vae
3136 617 3284 683 mihi,
3309 617 3484 683 abbas,
3513 637 3628 690 quo-

407 686 664 742 ﬁduciam
697 690 920 758 habere,
980 695 1061 748 vel
1090 695 1340 750 laetitiam
1397 697 1625 765 (Pclag.,
1661 702 1826 753 Ιίὺσιι.
1880 715 1996 766 xm,
2085 703 2236 757 niam
2260 705 2432 758 occidi
2461 711 2516 758 te
2553 706 2563 757 !
2598 705 2747 759 istud
2774 713 3061 777 peccatum
3094 706 3323 778 posuisti
3353 724 3507 778 super
3526 686 3624 773 ‘me,

407 790 564 829 num.
609 775 672 845 l).
713 779 903 834 Atille
933 789 1237 854 antequam
1284 785 1634 855 requirerent
1673 805 1822 856 eum,
1867 789 2003 843 dicit
2087 793 2450 863 quialocutus
2472 811 2580 848 non
2595 795 2840 849 es.Dicit
2860 796 2909 849 ei
2929 812 3130 849 senex:
3160 796 3280 849 Non
3303 797 3627 862 contristeris,

404 861 676 934 discipulo
705 883 838 924 suo:
861 870 1020 935 Quod
1042 873 1290 927 facturus
1312 891 1438 927 sum
1460 876 1644 942 hodie,
1676 877 1772 943 ﬁli,
1799 895 1870 932 ne
1893 881 1998 934 mi-
2085 882 2182 947 ﬁli,
2217 874 2448 954 propter
2479 884 2581 936 hoc
2605 903 2616 948 ;
2652 884 2698 937 si
2728 884 2879 938 enim
2907 884 3175 938 voluisset
3204 885 3347 938 Deus
3367 890 3426 938 ut
3451 884 3631 940 bonum

401 952 580 1020 reris;
613 960 670 1009 et
697 959 886 1027 posuit
906 960 1016 1014 duo
1063 962 1260 1016 sedilia
1307 963 1416 1017 illis
1466 965 1560 1035 qui
1603 973 1889 1032 venerant,
1943 975 2000 1022 et
2081 971 2451 1037 comederem,
2487 978 2549 1026 tu
2581 973 2689 1026 mel
2723 974 2987 1038 misisses,
3033 980 3089 1028 et
3119 991 3228 1027 non
3257 974 3356 1028 hoc
3381 975 3515 1046 quod
3543 976 3632 1028 mi-

403 1039 540 1095 dicit
566 1043 648 1097 eis
673 1062 684 1097 :
723 1046 943 1102 Sedete.
969 1050 1037 1103 Et
1063 1052 1249 1121 posuit
1277 1069 1453 1106 unum
1487 1070 1520 1106 a
1541 1054 1750 1109 dextris
1771 1057 1904 1120 suis,
1939 1064 1995 1112 et
2077 1059 2219 1113 sisti.

402 1129 641 1186 alterum
671 1149 703 1187 a
723 1135 968 1191 sinistris
987 1157 999 1204 ;
1017 1145 1073 1192 et
1089 1140 1374 1210 ingressus
1390 1143 1644 1197 cellulam
1664 1162 1821 1198 suam
1844 1148 1995 1201 misit

401 1216 511 1271 sibi
537 1221 876 1279 vestimenta
898 1234 1177 1298 corrupta,
1203 1235 1259 1282 et
1279 1247 1537 1300 egressus
1561 1234 1788 1288 transiit
1809 1235 1864 1288 in
1884 1253 1995 1289 me-

401 1305 494 1361 dio
524 1325 720 1366 eorum
745 1331 755 1365 :
792 1319 849 1368 et
875 1315 1082 1370 iterum
1113 1318 1399 1389 ingressus
1423 1319 1578 1374 misit
1603 1323 1714 1375 alia
1739 1325 1991 1390 meliora,

403 1390 606 1464 ciuibus
636 1401 854 1456 solebat
872 1403 963 1458 die
992 1405 1135 1460 festo
1167 1407 1269 1473 uti,
1306 1414 1362 1461 et
1405 1425 1663 1478 egressus
1686 1417 1772 1464 est
1801 1419 1995 1483 postea

402 1483 473 1538 ad
498 1503 593 1540 eos
625 1507 637 1541 :
672 1488 880 1546 iterum
904 1498 1091 1547 autem
1130 1496 1415 1566 ingressus
1454 1499 1781 1568 quotidiano
1825 1503 1991 1556 vesti-

402 1577 591 1628 mento
621 1592 722 1630 suo
741 1579 992 1647 vestitus,
1025 1585 1176 1636 venit
1206 1589 1262 1638 et
1289 1586 1433 1638 sedit
1452 1586 1600 1640 inter
1628 1604 1739 1641 eos.
1775 1587 1863 1642 Illi
1897 1606 1994 1644 au-

399 1665 514 1715 tem
526 1663 711 1719 mirati
724 1673 857 1722 sunt
877 1675 933 1724 et
953 1671 1367 1743 obstupuerunt
1387 1682 1616 1746 propter
1635 1677 1738 1730 hoc
1753 1677 1985 1732 factum.
2081 1663 2116 1698 μ
2335 1663 2580 1764 rivulis,
2605 1663 2660 1684 η’
2681 1663 2804 1764 ,Μ’
2910 1754 2942 1764 Α
3412 1754 3430 1764 η
3493 1758 3499 1764 .
3537 1753 3546 1763 .

398 1748 544 1804 Dicit
572 1752 653 1807 eis
682 1771 890 1810 senex:
926 1760 1158 1815 Vidistis
1189 1763 1322 1832 quid
1347 1763 1494 1816 feci?
1526 1766 1663 1818 Cum
1696 1772 1882 1820 autem
1913 1768 1992 1822 illi
2012 1797 2056 1832 ι,
2155 1753 2240 1806 53ο
2282 1752 2468 1806 Abbas
2488 1753 2766 1808 Macarius
2791 1754 3235 1825 quotiescunque
3253 1770 3375 1806 cum
3407 1753 3639 1807 fratribus

397 1840 746 1911 annuissent,
800 1847 937 1902 dicit
965 1849 1045 1903 eis
1070 1869 1080 1903 :
1126 1851 1195 1904 Et
1223 1853 1356 1922 quid
1404 1853 1552 1906 feci?
1584 1855 1652 1908 Et
1684 1855 1877 1909 dicunt
1902 1858 1951 1910 ei
1978 1877 1988 1910 :
2012 1840 2057 1856 υ
2079 1840 2227 1895 faeta
2253 1842 2526 1896 (maritate
2557 1843 2873 1942 mti‘fie‘batl
2890 1843 2994 1896 hoc
3106 1842 3333 1942 ξποξπίο
3353 1842 3510 1942 (forti-3
3532 1849 3639 1942 ,δῖε-

395 1925 649 1985 Primum
674 1934 1008 1991 vestimento
1037 1947 1302 2010 corrupto
1329 1958 1463 1995 usus
1493 1960 1570 2008 es,
1595 1949 1652 1997 et
1670 1951 1862 2014 postea
1884 1946 1995 1999 alio
2077 1935 2288 2030 tilel‘ft:
2303 1936 2368 1984 Ut
2387 1937 2627 2030 quantos
2644 1931 2970 1986 Vinicalices
2982 1931 3200 2030 oblatos
3218 1931 3504 2030 hausisset,

396 2017 633 2072 meliori.
669 2021 737 2076 Et
760 2023 894 2078 dicit
915 2027 1029 2100 eis:
1067 2029 1333 2100 Nunquid
1367 2036 1617 2086 mutatus
1651 2051 1775 2087 sum
1807 2051 1870 2088 ex
1900 2035 1972 2088 ἱΙ]‹

2078 2019 2151 2073 tis
2181 2019 2378 2074 diebus
2409 2037 2510 2074 nec
2537 2020 2784 2091 etipsam
2807 2037 3015 2091 aquam
3039 2025 3301 2091 gustaret
3321 2020 3637 2119 omnino(Pe-

394 2103 712 2177 inhonesto,
747 2119 846 2167 aut
873 2098 1048 2180 elelo
1062 2098 1292 2172 meliore
1315 2120 1338 2171 7
1358 2121 1559 2175 Dicunt
1582 2122 1666 2176 ei:
1702 2124 1996 2188 Non.Qui-
2079 2111 2193 2176 1'10-
2214 2111 2422 2209 ,ίίὺιτίπ¹
2455 2124 2532 2178 1".
2566 2127 2620 2162 "-
2662 2110 2798 2209 96):.
2825 2111 2964 2164 cum
3003 2126 3137 2209 e‘rgf’
3169 2109 3228 2209 ei_
3249 2109 3446 2209 fratres
3478 2109 3640 2209 Vin“?

396 2191 499 2248 bus
529 2213 696 2252 senex
720 2201 832 2255 ait:
855 2203 912 2258 Si
945 2221 1077 2275 ergo
1109 2206 1257 2261 idem
1272 2226 1375 2279 ego
1406 2226 1530 2263 sum
1560 2211 1618 2264 in
1647 2213 1920 2283 utrisque,
1938 2230 1972 2267 e‘

2076 2197 2449 2268 porrigerent,
2479 2215 2604 2252 cum
2632 2199 2839 2268 gaudio
2861 2198 3137 2264 sumebat,
3169 2204 3238 2253 ut
3268 2204 3456 2270 postea
3485 2215 3538 2252 se
3562 2197 3637 2250 siti

393 2298 504 2338 non
525 2301 651 2340 sum
683 2295 952 2357 mutatus,
974 2299 1030 2348 et
1057 2295 1207 2350 sicut
1229 2297 1364 2352 illud
1386 2299 1630 2370 primum
1646 2318 1758 2355 ηοη
1783 2319 1871 2356 me
1895 2319 1991 2357 ηο-
2077 2288 2587 2387 maceraret..Quod
2773 2288 3081 2388 discipulus
3108 2289 3235 2358 ejus
3260 2287 3546 2388 didicisset,
3562 2303 3641 2358 pa-

395 2373 531 2438 cuit,
563 2375 644 2430 ita
668 2393 771 2434 nec
787 2384 1096 2438 secundum
1126 2387 1393 2441 mutavit;
1439 2388 1518 2442 sic
1560 2407 1690 2461 ergo
1719 2391 1987 2446 debemus
2074 2377 2277 2430 tefacto
2308 2377 2458 2430 senis
2489 2376 2740 2442 consilio,
2773 2393 2844 2431 ne
2875 2376 2926 2431 ei
2957 2377 3147 2432 vinum
3167 2378 3640 2448 porrigerent,con-

392 2460 573 2517 facere
595 2465 653 2520 in
686 2471 1010 2525 occursione
1038 2474 1368 2539 fratrum,ut
1389 2479 1612 2547 quando
1633 2460 1825 2533 eorum
1850 2499 1986 2552 pm-
2069 2465 2316 2536 jurabat,
2350 2471 2633 2520 tormenta
2669 2465 2751 2519 illi
2781 2465 2966 2536 potius
2986 2482 3107 2520 esse
3137 2483 3308 2538 quam
3341 2466 3523 2537 pocula
3545 2481 3640 2518 ma-

395 2552 578 2607 sentia
592 2560 694 2622 est,
714 2573 843 2612 cum
868 2560 1072 2615 fiducia
1095 2568 1149 2616 et
1171 2564 1367 2619 laetitia
1397 2567 1767 2638 suscipiamus
1800 2577 1972 2635 509

2077 2555 2366 2610 nifestans.

394 2656 506 2708 θοετ
543 2646 765 2714 quando
786 2654 977 2702 antem
998 2652 1100 2704 ⁵οΠ
1130 2669 1343 2721 sumus,
1378 2672 1518 2727 opus
1537 2662 1623 2711 est
1644 2663 1706 2711 ιη
1734 2659 1914 2713 luctus
1935 2666 1992 2714 et
2147 2678 2234 2735 5’1.
2250 2679 2419 2734 Facta
2432 2680 2862 2750 congregatione
2878 2680 2936 2734 in
2954 2680 3187 2752 ecclesia
3210 2697 3338 2735 cum
3359 2686 3499 2735 esset
3514 2680 3638 2734 festi-

395 2728 692 2752 -L_A:_.A,_A'
1100 2747 1106 2752 .
1145 2742 1155 2752 ο
1303 2743 1315 2752 -
1342 2744 1352 2752 .
1425 2746 1507 2752 ---.
1787 2748 1822 2752 --

393 2728 732 2788 abstinentia
744 2747 1116 2807 permaneant
1141 2742 1198 2796 in
1227 2743 1406 2800 nobis.
1425 2746 1511 2799 Illi
1535 2763 1664 2801 vero
1694 2748 1989 2803 audientes
2075 2768 2300 2834 vitas,et
2318 2728 3334 2837 caeterinionzchicomederentmnus
3353 2770 3638 2824 ωίηίειιιεη.

393 2835 516 2890 qum
542 2821 599 2876 in
619 2825 880 2880 cordibus
909 2829 1026 2883 suis
1043 2830 1344 2898 habebant.
1387 2839 1690 2905 antequam
1743 2838 1990 2908 require-
2071 2821 3263 2925 abusast;magnaagisa'comédo,
3289 2859 3370 2913 sal
3399 2858 3527 2913 mihi
3563 2857 3638 2911 de-

391 2914 1160 3018 renieum,gloriﬁcaverunt
1176 2921 1568 2986 Deum,etlmti
1590 2925 1985 2980 discesserunt.
2072 2945 2205 3000 ferri
2226 2914 2512 3018 pmcipit'o
2535 2949 2761 3016 (pclagq
2791 2950 2935 3003 liba),
2957 2963 3076 3013 ναι,
3112 2966 3168 3003 η,
3206 2914 3321 3018 2i),
3355 2947 3469 3012 Quo
3496 2945 3637 3000 verbo

2072 2995 2205 3000 _____
2266 2995 2388 3000 ,ηπ
2434 2995 2507 3000 __-
2557 2995 2573 3000 -
2601 2995 2694 3001 --ψ
2726 2995 2761 3012 ,,
2791 2995 2935 3003 ..--.-
3208 2995 3321 3018 _.,-
3361 2995 3465 3012 ν-

463 2995 550 3054 48·
578 3000 966 3060 Dicebatunus
987 3024 1050 3060 ex
1070 3009 1350 3064 Patribus’
1375 3012 1811 3074 ρυίδίηνοηίίυν
1823 3017 1990 3070 homo
2074 2995 2332 3090 minisrter
2350 2995 2710 3101 addito\,cuni
2713 3037 2957 3090 clamore
2972 3036 3335 3091 audientibus
3347 3036 3544 3091 caeteris
3559 3033 3637 3087 alii

391 3088 633 3143 multum
673 3095 990 3161 comedens:
1026 3103 1082 3151 et
1114 3099 1298 3153 adhuc
1327 3101 1580 3156 esuriens
1634 3121 1694 3157 se
1739 3106 2049 3176 ContinetC
2069 3124 2384 3195 imperavit,
2418 3125 2638 3179 dicens:
2669 3126 2942 3190 Quoniam
2966 3131 3185 3180 coctum
3215 3127 3310 3180 ille
3352 3125 3516 3180 frater
3542 3139 3634 3176 non

391 3191 461 3230 ne
490 3178 746 3249 satietur;
774 3182 918 3237 alter
944 3192 1133 3240 antem
1157 3205 1356 3259 Parum
1384 3192 1642 3257 comedit:
1673 3199 1729 3246 et
1747 3194 1988 3248 satiatur
2070 3178 2331 3280 comedit,
2357 3178 2662 3286 parumilli
2687 3178 3063 3270 afferte.
3088 3216 3248 3270 Tunc
3268 3214 3462 3269 beatus
3478 3213 3634 3268 Theo-

393 3267 620 3374 (Pelag‘q
647 3271 816 3325 libell.
841 3288 894 3337 x,
926 3289 982 3326 η.
1018 3274 1128 3345 99).
1166 3277 1270 3340 Qui
1298 3294 1430 3348 ergo
1451 3281 1692 3334 multum
1723 3283 1982 3349 comedit,
2068 3267 2238 3356 dbws
2260 3267 3215 3374 oportuittemagi's,ﬁfrater;
3444 3267 3635 3355 incella

390 3357 447 3407 et
479 3355 663 3410 adhuc
691 3359 944 3417 esuriens
970 3379 1030 3416 se
1049 3365 1319 3430 continet:
1370 3370 1640 3439 majorem
1665 3373 1980 3426 mercedem
2068 3395 2165 3445 tua
2195 3355 2506 3456 comedere:
2535 3408 2702 3462 quam
2724 3392 2872 3445 hunc
2884 3355 3260 3463 praesentibus
3274 3391 3528 3446 fratribus
3549 3405 3635 3443 au-

390 3441 418 3463 ὶ.
433 3459 453 3463 -
465 3442 490 3463 Ι.
510 3450 548 3463 ,Α
828 3449 882 3463 οι-
1045 3453 1055 3463 ι
1529 3458 1541 3463 -
1553 3459 1562 3463 -
1840 3461 1847 3463 ι

389 3441 572 3509 habet,
610 3463 781 3518 quam
823 3449 919 3505 ille
965 3453 1058 3523 qui
1093 3471 1294 3524 parum
1351 3458 1594 3512 comedit
1639 3465 1696 3513 et
1747 3461 1987 3515 satiatur

391 3532 628 3598 (Fascia,
655 3552 700 3589 c.
740 3535 793 3594 1.
828 3555 883 3592 η.
907 3539 983 3607 3).

2149 1183 2236 1238 52.
2265 1185 2411 1239 Dixit
2432 1186 2602 1240 abbas
2622 1188 2868 1241 Poemen:
2884 1188 3005 1242 Nisi
3021 1189 3384 1242 Nabuzardan
3409 1189 3634 1258 princeps

2079 1290 2336 1328 cocorum
2355 1276 2596 1329 venisset
2615 1277 2672 1329 in
2687 1277 2714 1329 J
2720 1277 3138 1338 erusalem,tem
3147 1277 3297 1348 plum
3312 1276 3519 1330 Domini
3537 1293 3631 1330 non

2079 1363 2308 1416 arsisset
2335 1363 2465 1434 igne
2509 1366 2606 1433 (IV
2638 1367 2760 1432 Reg.
2807 1369 2953 1434 xxv).
2995 1367 3113 1420 Hoc
3155 1371 3342 1420 autem
3390 1371 3484 1429 est,
3525 1365 3636 1434 quia

2077 1451 2185 1505 nisi
2199 1453 2538 1507 desiderium
2555 1454 2963 1523 gastrimargize
2977 1455 3032 1508 in
3050 1455 3297 1508 animam
3311 1452 3636 1512 veniret,sen-

2077 1557 2172 1594 sus
2185 1541 2430 1594 hominis
2447 1558 2556 1594 non
2578 1542 3009 1597 succenderetur
3025 1541 3442 1613 impugnatione
3460 1541 3636 1594 diaboli

2081 1630 2306 1698 (Pe!ag.,
2335 1631 2478 1683 libet.
2508 1644 2580 1694 Iv,
2605 1647 2660 1684 η.
2695 1628 2804 1697 29).
2917 1635 2922 1640 ’

455 3619 545 3678 49.
579 3624 732 3680 Dixit
752 3628 982 3697 quidam
1023 3647 1228 3685 senex:
1264 3633 1348 3686 Ne
1390 3635 1536 3704 quod
1580 3637 1983 3693 desideraveris

385 3709 686 3781 aliquando
729 3717 1052 3772 manduces.
1109 3721 1422 3775 Comedens
1469 3729 1660 3777 autem
1701 3727 1848 3796 quod
1879 3727 1980 3781 tibi

385 3813 419 3849 a
435 3798 673 3854 Domino
694 3805 1089 3860 transmissum
1113 3807 1298 3874 fuerit,
1325 3811 1538 3880 gratias
1557 3829 1659 3882 age
1673 3814 1793 3868 sine
1810 3815 1980 3869 inter-

383 3885 650 3941 missione
677 3891 910 3958 (Pasch.,
937 3909 984 3950 ο.
1022 3894 1067 3960 i,
1101 3912 1160 3949 η.
1192 3895 1269 3967 4).

453 3971 540 4030 50.
576 3977 655 4030 De
677 3979 920 4048 quodam
948 3998 1080 4037 sene
1105 3985 1421 4040 referebant
1441 3987 1660 4058 fratres,
1679 3991 1812 4061 quia
1832 3992 1976 4047 desi-

382 4062 632 4118 derasset
644 4083 1015 4126 cucumerem:
1049 4090 1214 4144 quem
1227 4092 1353 4130 cum
1376 4077 1974 4151 attulisset,suspendit

380 4156 511 4206 ante
541 4155 729 4210 oculos
749 4174 881 4213 suos
902 4179 919 4224 ;
952 4167 1009 4216 et
1028 4178 1099 4216 ne
1120 4163 1436 4219 vinceretur
1453 4184 1487 4220 a
1515 4169 1842 4239 cupiditate,
1860 4188 1972 4225 non

378 4241 568 4312 tetigit
587 4261 736 4312 eum,
763 4247 858 4302 sed
872 4250 1052 4321 magis
1072 4252 1275 4322 agebat
1298 4255 1704 4325 paenitentiam,
1731 4260 1972 4330 puniens

380 4333 749 4404 semetipsum
771 4335 842 4390 ob
864 4337 986 4407 hoc,
1007 4341 1138 4412 quia
1165 4342 1349 4414 ipsum
1369 4344 1742 4402 desiderasset
1759 4348 1947 4417 (Pelag

377 4421 545 4475 libell.
579 4437 652 4489 Iv,
679 4441 835 4479 num.
860 4425 970 4498 60).

449 4508 534 4564 51.
571 4512 810 4576 Quidam
837 4531 902 4568 ex
921 4517 1236 4574 senioribus
1275 4521 1454 4577 factus
1483 4528 1570 4578 est
1598 4524 1876 4593 inﬁrmus,
1912 4532 1969 4582 et

374 4614 475 4668 per
493 4601 701 4656 multos
726 4603 846 4658 dies
875 4621 988 4660 non
1018 4613 1240 4678 poterat
1266 4626 1451 4666 escam
1468 4613 1641 4667 ullam
1662 4615 1963 4687 percipere.

377 4688 660 4761 Compulit
686 4698 877 4749 autem
897 4711 1025 4751 eum
1047 4697 1351 4770 discipulus
1381 4717 1535 4768 suus,
1567 4703 1781 4759 dicens:
1803 4705 1859 4760 Si
1875 4708 1963 4776 ju-

374 4773 490 4843 bes,
523 4780 708 4848 Pater,
741 4783 883 4839 facio
914 4785 1015 4840 tibi
1056 4804 1254 4858 parum
1281 4790 1569 4860 placentae;
1591 4797 1648 4846 et
1671 4799 1733 4847 ut
1763 4773 1965 4850 annuit

377 4865 446 4929 ei,
480 4867 610 4922 fecit
629 4873 858 4941 (Pclag.,
892 4877 1039 4930 libet.
1069 4891 1146 4943 Iv,
1181 4894 1236 4933 η.
1273 4878 1380 4949 59).
1411 4881 1746 4936 Eratautem
1765 4883 1815 4937 ei
1844 4901 1962 4940 vas-

373 4955 562 5009 culum
592 4975 824 5027 parvum
853 4963 1065 5020 habens
1093 4968 1223 5034 mel,
1261 4973 1319 5022 et
1343 4969 1493 5024 aliud
1523 4987 1618 5025 vas
1657 4971 1838 5027 simile
1869 4975 1964 5028 ha-

374 5041 510 5097 bens
539 5045 726 5101 oleum
755 5049 826 5103 de
855 5051 956 5106 lini
980 5059 1194 5110 semine
1220 5073 1564 5130 expressum,
1600 5066 1657 5114 et
1685 5068 1808 5116 erat
1834 5063 1963 5117 feti-

374 5133 529 5200 dum,
563 5135 703 5190 etin
748 5154 810 5197 re
851 5141 1007 5195 nulla
1055 5145 1166 5199 alia
1203 5147 1547 5217 proﬁciebat,
1601 5149 1711 5204 nisi
1736 5150 1876 5206 forte
1906 5152 1965 5206 in

367 5222 633 5279 lucerna:
665 5230 722 5280 et
739 5227 1006 5299 deceptus
1034 5231 1211 5288 frater
1230 5235 1384 5291 misit
1411 5237 1470 5291 in
1501 5255 1684 5294 escam
1717 5241 1865 5295 senis
1894 5242 1963 5296 de

365 5311 481 5378 illo,
512 5330 744 5385 sperans
760 5316 893 5386 quia
908 5319 1291 5392 melmisisset;
1307 5342 1434 5382 cum
1465 5333 1654 5383 autem
1677 5335 1962 5399 gustasset

367 5416 555 5468 senex,
589 5401 729 5458 nihil
760 5404 982 5460 locutus
1010 5413 1116 5473 est,
1147 5412 1245 5466 sed
1274 5418 1464 5470 tacens
1493 5417 1736 5471 comedit
1759 5434 1770 5470 :
1791 5420 1961 5475 tertia

366 5506 497 5545 vero
525 5491 642 5547 vice
672 5509 800 5548 cum
858 5495 910 5550 ei
939 5495 1118 5564 daret,
1147 5499 1286 5555 dixit
1316 5503 1368 5558 ei
1395 5520 1405 5555 :
1438 5505 1564 5560 Non
1607 5523 1836 5577 possum
1864 5525 1959 5564 co-

369 5581 612 5651 medere,
639 5583 734 5640 ﬁli.
756 5584 858 5642 llle
869 5601 999 5642 vero
1011 5591 1282 5660 tanquam
1295 5592 1483 5648 volens
1500 5593 1789 5654 adhortari
1805 5615 1954 5658 eum.

2140 3600 2225 3657 55.
2259 3602 2501 3666 Quidam
2543 3603 2873 3674 peregrinus
2902 3604 3077 3659 frater
3121 3604 3278 3660 venit
3307 3604 3377 3659 ad
3404 3601 3634 3658 abbatem

2067 3689 2350 3744 Silvanum
2379 3691 2436 3744 in
2471 3698 2660 3745 monte
2692 3693 3065 3763 Sina(PeIag.,
3101 3695 3274 3749 liba”.
3304 3711 3354 3756 x,
3377 3709 3431 3746 η.
3461 3689 3560 3760 69),
3585 3695 3633 3742 et

2061 3778 2197 3832 vidit
2220 3779 2368 3850 quod
2416 3780 2618 3834 fratres
2646 3787 3035 3852 operarentur,
3068 3788 3126 3836 et
3163 3782 3303 3836 dicit
3331 3781 3442 3836 eis:
3473 3781 3634 3844 Quare

2063 3868 2371 3938 operamini
2400 3886 2585 3924 escam
2607 3887 2729 3941 quae
2745 3871 2916 3942 perit?
2939 3871 3119 3926 Maria
3139 3871 3294 3926 enim
3315 3871 3509 3925 bonam
3527 3884 3633 3940 par-

2061 3960 2175 4011 tem
2207 3957 2378 4028 elegit
2411 3961 2584 4028 (Luca?
2614 3963 2679 4026 x).
2709 3961 2866 4014 Tunc
2888 3976 3056 4015 senex
3085 3960 3224 4015 dicit
3251 3959 3515 4031 discipulo
3544 3972 3630 4011 suo

2057 4046 2364 4102 Zacharize:
2390 4048 2473 4102 Da
2504 4047 2582 4100 illi
2614 4048 2874 4103 Codicem
2899 4054 2965 4103 ut
2983 4050 3151 4120 legat,
3210 4055 3270 4104 et
3297 4049 3454 4104 mitte
3493 4047 3631 4100 illum

2057 4133 2117 4186 in
2147 4134 2424 4199 cellulam,
2449 4152 2570 4206 quae
2593 4136 2733 4190 nihil
2763 4135 2949 4191 habet.
2988 4137 3140 4192 Hora
3165 4143 3360 4192 autem
3381 4151 3520 4190 nona
3544 4132 3630 4188 cir-

2056 4223 2460 4294 cumspiciebat
2488 4225 2662 4278 frater
2690 4225 2781 4279 ille
2829 4226 2998 4292 viam,
3029 4226 3076 4280 si
3107 4226 3252 4281 forte
3279 4229 3495 4280 vocaret
3520 4239 3629 4277 eum

2056 4328 2223 4367 senex
2251 4313 2322 4366 ad
2343 4314 2768 4370 comedendum.
2801 4315 3106 4386 Postquam
3123 4330 3258 4371 vero
3281 4315 3498 4370 transiit
3511 4314 3629 4366 hora

1957 4392 1966 4403 ’
1991 4394 2042 4454 D
2058 4418 2227 4468 nona,
2262 4403 2411 4457 venit
2425 4403 2493 4457 ad
2510 4420 2721 4468 senem,
2742 4404 2931 4459 dicens
2952 4404 3004 4459 ei
3021 4423 3032 4458 :
3057 4405 3330 4476 Nunquid
3347 4403 3505 4458 hodie
3530 4416 3624 4455 non

2050 4491 2415 4546 comederunt
2430 4492 2649 4560 fratres,
2674 4492 2856 4547 abba?
2879 4494 3134 4565 Cumque
3164 4510 3334 4548 senex
3354 4493 3619 4553 fateretur,

2051 4581 2133 4634 ait
2159 4581 2255 4635 ille
2279 4599 2290 4634 :
2325 4581 2509 4646 Quare
2543 4599 2632 4636 me
2657 4598 2771 4637 non
2800 4583 3047 4638 vocasti?
3066 4583 3223 4638 Tunc
3245 4582 3385 4636 dixit
3405 4581 3453 4636 ei
3476 4578 3623 4634 abbas

2055 4669 2312 4725 Silvanus
2337 4687 2348 4722 :
2373 4671 2457 4726 Tu
2485 4671 2653 4725 homo
2683 4671 2991 4743 spiritualis
3020 4689 3097 4738 es,
3129 4677 3187 4727 et
3215 4687 3329 4726 non
3356 4670 3518 4725 habes
3543 4683 3622 4722 ne-

2045 4775 2197 4814 cesse
2214 4760 2357 4813 hanc
2378 4776 2563 4814 escam
2585 4778 2595 4813 :
2620 4777 2721 4815 nos
2737 4765 2926 4815 autem
2949 4767 3220 4833 tanquam
3234 4760 3481 4814 carnales
3500 4772 3622 4828 opus

2047 4848 2319 4903 habemus
2348 4850 2662 4916 comedere;
2686 4850 2811 4904 ideo
2829 4867 3057 4921 operam
3066 4856 3218 4918 ur,tu
3235 4855 3426 4905 autem
3438 4847 3618 4902 bonam

2043 4944 2261 5008 partem
2295 4938 2702 5009 elegisti.Legis
2725 4939 2872 4993 enim
2892 4939 3045 4993 omni
3067 4939 3177 5006 die,
3196 4945 3252 4994 et
3283 4955 3396 4994 non
3419 4937 3494 4991 vis
3519 4951 3621 4989 car-

2047 5027 2230 5081 nalem
2262 5043 2443 5080 escam
2480 5027 2748 5098 accipere.
2801 5028 2960 5093 Quod
3008 5045 3138 5082 cum
3177 5028 3442 5092 audisset,
3473 5022 3619 5094 cepit

2048 5116 2318 5186 pmnitere
2353 5132 2416 5170 ac
2445 5115 2658 5170 dicere:
2714 5117 2946 5187 Indulge
2978 5117 3136 5183 mihi,
3171 5115 3333 5171 abba.
3368 5116 3516 5170 Tunc
3539 5127 3617 5166 re-

2047 5205 2273 5277 spondit
2324 5204 2405 5259 illi
2437 5205 2730 5260 Silvanus:
2763 5205 2912 5277 Ergo
2961 5205 3276 5262 necessaria
3305 5210 3389 5260 est
3419 5201 3617 5258 Martha

2045 5294 2252 5360 Mariae,
2289 5298 2520 5366 propter
2546 5293 2824 5350 Martham
2869 5293 3022 5350 enim
3055 5300 3111 5349 et
3138 5294 3315 5350 Maria
3342 5292 3608 5349 laudatur.

2113 5418 2201 5475 5“».
2234 5417 2420 5474 Abbas
2439 5418 2682 5474 Joannes
2702 5417 2810 5490 (11)
2844 5418 3066 5474 dicebat
3090 5419 3249 5474 fratri
3269 5434 3370 5472 suo
3398 5413 3610 5486 majori:

2043 5509 2255 5564 Vellem
2273 5507 2421 5564 enim
2439 5524 2667 5563 securus
2681 5525 2820 5576 esse,
2839 5508 2985 5564 sicut
2999 5513 3056 5564 et
3073 5508 3255 5580 angeli
3270 5504 3448 5563 securi
3473 5506 3607 5566 sunt,

2043 5599 2182 5658 nihil
2205 5603 2522 5672 Operantes,
2537 5599 2634 5654 sed
2664 5599 2842 5656 Deum
2861 5614 3086 5671 semper
3099 5595 3482 5655 tantummodo
3501 5592 3606 5647 col-
