3892 6182
313 297 412 353 769

1609 291 1844 350 VERBA
1881 287 2272 344 SENIORUM.

3482 290 3588 347 770

307 417 657 472 laudantes‘.
693 417 759 472 Et
789 418 1034 490 projecto
1067 418 1235 489 pallio
1274 436 1395 484 suo,
1435 433 1697 490 egressus
1728 419 1815 467 est
1853 411 2311 483 inArespondit:
2345 411 2532 465 Unum
2562 411 2738 467 habeo
2769 413 3030 481 amicum,
3057 415 3138 470 vel
3169 415 3287 488 ipse
3307 417 3587 472 consentit

304 521 564 560 eremum
587 525 599 571 ;
633 506 889 577 factaque
913 506 1025 560 illic
1053 508 1386 578 septimana,
1422 522 1709 578 regressus
1731 507 1817 556 est
1836 499 1907 554 ad

301 595 542 648 fratrem
568 611 754 650 suum.
790 595 930 650 Cum
960 601 1150 650 autem
1182 597 1433 667 pulsaret
1462 596 1686 657 ostium,
1710 598 1767 646 et
1796 607 1908 644 non

300 683 385 736 illi
418 683 671 755 aperiret
698 683 890 749 frater,
914 685 1104 738 dicens
1127 704 1138 737 :
1165 686 1247 740 Tu
1269 685 1394 756 quis
1414 702 1473 738 es
1489 685 1512 737 ?
1530 687 1603 738 At
1621 683 1711 736 ille
1733 679 1873 734 dixit
1895 698 1904 732 :

297 773 420 842 Ego
437 790 564 826 sum
586 774 852 828 Joannes.
868 774 969 828 Illo
985 779 1174 828 autem
1196 790 1306 828 non
1327 774 1635 845 aperiente,
1653 769 1904 841 rogabat,

294 861 495 916 dicens
532 881 543 914 :
574 861 686 932 Ego
717 879 858 916 sum.
895 863 964 916 Et
991 863 1172 916 noluit
1199 863 1278 916 illi
1309 863 1516 916 ostium
1544 861 1781 933 aperire,
1813 876 1904 913 us-

295 967 530 1022 quequo
552 951 914 1005 illucesceret.
935 952 1096 1006 Mane
1117 958 1307 1006 autem
1326 953 1469 1006 facto
1487 951 1624 1005 dixit
1643 951 1713 1004 ad
1735 966 1864 1004 eum
1887 967 1897 1002 :

291 1040 484 1094 Homo
507 1057 586 1106 es,
605 1051 661 1094 et
679 1057 902 1094 necesse
924 1040 1095 1095 habes
1116 1042 1354 1112 operari,
1373 1047 1440 1095 ut
1458 1040 1726 1111 pascaris.
1745 1041 1902 1094 Tunc

291 1128 389 1183 ille
421 1129 662 1200 projecit
682 1147 740 1183 se
767 1130 836 1183 ad
860 1129 1027 1201 pedes
1049 1131 1188 1200 ejus,
1217 1136 1274 1184 et
1292 1130 1459 1184 dixit:
1481 1129 1714 1199 Indulge
1738 1126 1895 1187 mihi,

291 1216 463 1272 abba.

363 1305 457 1362 57.
479 1308 718 1372 Quidam
737 1308 912 1363 frater
926 1308 1360 1380 impugnabatur
1377 1325 1410 1362 a
1428 1308 1631 1379 spiritu
1644 1307 1900 1378 blasphe-

289 1397 440 1458 miae,
467 1403 526 1451 et
555 1397 917 1452 erubescebat
956 1399 1160 1464 dicere,
1185 1404 1240 1452 et
1265 1414 1625 1469 quoscunque
1653 1397 1903 1451 audisset

286 1502 534 1555 magnos
560 1503 739 1552 senes,
771 1487 1041 1558 pergebat
1060 1494 1169 1552 5|
1186 1492 1250 1551 θ
1275 1488 1345 1541 ad
1365 1505 1460 1541 eos
1484 1493 1548 1542 ut
1576 1488 1700 1541 illos
1725 1486 1904 1540 decla-

287 1581 465 1639 raret,
493 1574 594 1628 sed
616 1591 743 1629 mox
771 1591 898 1628 cum
930 1577 1290 1646 pervenisset,
1322 1576 1524 1629 iterum
1558 1574 1898 1629 verecunda-

1992 499 2148 563 mihi,
2173 506 2230 554 et
2255 501 2472 571 quoties
2490 518 2580 555 me
2603 503 2820 568 viderit,
2847 505 2954 560 huc
2973 510 3144 576 atque
3164 505 3298 561 illuc
3327 507 3436 562 cito
3460 524 3586 562 con-

1990 590 2246 643 vertitur.
2266 591 2519 661 Cumque
2545 608 2748 646 nomen
2773 595 2895 663 ejus
2914 594 2983 648 ab
3007 612 3072 649 eo
3098 596 3443 666 requisisset,
3470 597 3583 650 ait:

1993 678 2134 742 Quia
2161 679 2575 750 Theopemptus
2602 679 2703 750 (l2)
2727 682 2946 737 dicitur.
2977 684 3309 740 Discedente
3336 685 3431 739 illo
3457 702 3586 740 mox

1992 768 2235 821 surrexit
2253 768 2424 821 abbas
2455 768 2750 835 Macarius,
2777 778 2832 825 et
2861 773 3148 828 descendit
3167 775 3236 828 ad
3263 775 3584 829 inferiorem

1993 873 2263 912 eremum.
2299 857 2456 920 Quod
2487 875 2614 912 cum
2643 860 2932 914 audissent
2963 862 3180 928 fratres,
3217 864 3430 934 egressi
3455 869 3587 918 sunt

1985 944 2065 997 illi
2100 944 2336 1006 obviam,
2369 952 2426 1000 et
2474 948 2859 1018 unusquisque
2897 967 3129 1019 sperans
3160 951 3307 1022 quod
3337 952 3486 1023 apud
3524 969 3586 1006 se

1986 1041 2257 1100 maneret,
2290 1037 2624 1106 prazparavit
2661 1055 2738 1091 se.
2793 1040 2866 1091 At
2913 1039 3006 1092 ille
3057 1039 3345 1110 requirens
3382 1041 3583 1096 cellam

1981 1123 2367 1195 Theopempti,
2385 1124 2452 1178 ad
2477 1142 2606 1178 eum
2627 1126 2907 1196 profectus
2921 1133 3022 1180 est.
3041 1129 3292 1199 Cumque
3306 1147 3433 1184 cum
3449 1147 3585 1201 gau-

1981 1212 2074 1266 dio
2113 1214 2271 1267 illum
2301 1215 2657 1285 suscepisset,
2692 1220 2748 1268 et
2777 1221 2964 1270 essent
3002 1217 3229 1288 utrique
3257 1219 3426 1273 simul
3455 1220 3580 1286 soli,

1982 1301 2122 1355 dixit
2150 1303 2200 1356 ei
2231 1319 2398 1357 senex
2431 1323 2441 1356 :
2479 1303 2963 1367 Quemadmodum
2993 1311 3081 1360 est
3121 1312 3327 1374 tecum,
3362 1308 3482 1362 fili?
3512 1310 3586 1363 At

1983 1391 2076 1444 ille
2108 1392 2426 1462 respondit:
2460 1393 2820 1447 Orationibus
2844 1395 2956 1448 tuis
2984 1395 3123 1450 bene
3151 1414 3297 1452 sum.
3324 1397 3394 1451 Et
3413 1398 3494 1452 ait
3507 1414 3590 1452 se-

1985 1495 2115 1533 nex:
2144 1481 2268 1534 Non
2295 1486 2348 1534 te
2374 1481 2709 1552 impugnant
2729 1483 3135 1554 cogitationes?
3152 1487 3227 1540 At
3246 1487 3338 1540 ille
3360 1503 3589 1559 respon-

1984 1568 2068 1621 dit
2099 1587 2109 1621 :
2143 1570 2362 1624 Interea
2391 1570 2530 1624 bene
2560 1573 3098 1645 sum.Erubescebat,
3112 1576 3260 1629 enim
3293 1576 3506 1644 dicere;
3531 1584 3588 1633 et

281 1661 459 1716 batur
486 1663 600 1716 illis
631 1663 834 1718 dicere.
859 1664 1000 1718 Cum
1029 1680 1160 1734 ergo
1188 1664 1513 1736 frequenter
1539 1664 1609 1718 ad
1638 1663 1898 1718 abbatem
1929 1729 1962 1736 _
1984 1658 2124 1712 dixit
2153 1659 2203 1712 ei
2236 1675 2402 1713 senex
2431 1677 2441 1711 :
2477 1661 2611 1714 Ecce
2642 1667 2778 1732 quot
2806 1679 2984 1716 annos
3012 1681 3138 1718 sum
3166 1664 3226 1717 in
3257 1665 3582 1731 solitudine,

286 1751 622 1806 Pmmenem
648 1752 880 1817 veniret,
913 1753 1051 1807 vidit,
1079 1745 1208 1807 eum
1237 1771 1405 1808 senex
1428 1752 1726 1806 habentem
1754 1753 1901 1822 cogi-
1925 1729 2043 1800 Bet
2065 1747 2136 1800 ab
2165 1748 2423 1802 omnibus
2449 1749 2712 1814 honoror,
2741 1761 2798 1805 et
2825 1751 2881 1804 in
2908 1752 3012 1805 hac
3038 1756 3203 1806 aetate
3227 1770 3354 1807 cum
3375 1754 3483 1808 sim
3503 1771 3588 1809 se-

287 1840 559 1905 tationes,
593 1846 652 1894 et
694 1841 830 1895 dicit
859 1842 909 1895 ei
945 1860 956 1894 :
991 1842 1146 1907 Ecce,
1184 1843 1506 1913 frequenter
1535 1842 1687 1896 venis
1707 1842 1778 1895 ad
1811 1858 1898 1894 me

286 1928 504 1984 habens
531 1930 915 2001 cogitationes,
950 1937 1007 1985 et
1034 1931 1112 1984 sic
1133 1931 1340 1984 iterum
1371 1947 1589 1984 remeas
1618 1929 1796 1983 tristis
1823 1935 1902 1983 te-

287 2034 419 2071 cum
451 2018 580 2072 illas
608 2024 932 2090 reportans;
965 2019 1054 2072 dic
1082 2036 1214 2090 ergo
1243 2019 1398 2084 mihi,
1425 2019 1522 2084 fili,
1549 2018 1682 2088 quid
1702 2018 1895 2071 habes.

290 2107 368 2160 At
397 2107 494 2160 ille
516 2107 655 2161 dixit
683 2111 913 2172 lPasch.,
945 2125 989 2162 c.
1026 2108 1072 2172 i,
1109 2126 1163 2162 η.
1200 2107 1250 2179 :3)
1285 2127 1295 2160 :
1327 2109 1388 2161 In
1423 2107 1772 2177 blasphemia
1802 2107 1904 2160 im-

290 2202 513 2267 pugnat
541 2214 631 2251 me
653 2196 924 2262 diabolus,
948 2203 1005 2251 et
1025 2195 1420 2250 erubescebam
1451 2196 1666 2262 dicere;
1700 2202 1757 2250 et
1777 2213 1902 2250 mox

295 2292 363 2340 ut
391 2286 619 2356 aperuit
639 2303 886 2351 causam,
910 2287 1083 2340 levior
1106 2285 1456 2357 impugnatio
1481 2286 1530 2355 ej
1540 2303 1602 2339 us
1619 2284 1896 2356 apparuit.

297 2375 370 2429 Et
399 2375 540 2429 dicit
565 2374 615 2428 ei
638 2392 835 2429 senex:
863 2376 987 2429 Non
1009 2375 1376 2438 contristeris,
1402 2375 1501 2428 fili.
1533 2373 1767 2438 Quando
1787 2374 1903 2428 haec

297 2463 574 2534 cogitatio
605 2463 675 2518 ad
693 2471 749 2518 te
778 2463 948 2530 venit,
983 2464 1105 2518 dic:
1142 2465 1256 2533 Ego
1296 2480 1522 2518 causam
1551 2479 1662 2517 non
1701 2462 1898 2529 habeo,

295 2551 655 2623 blasphemia
691 2558 792 2606 tua
828 2569 998 2624 super
1034 2558 1089 2607 te
1119 2552 1210 2617 sit,
1266 2553 1521 2618 Satanas,
1574 2552 1718 2606 hanc
1751 2551 1900 2605 enim

290 2657 525 2695 causam
577 2640 764 2694 anima
796 2658 922 2695 mea
955 2658 1065 2695 non
1116 2642 1251 2694 vult.
1282 2641 1682 2710 Quemcunque
1712 2647 1901 2694 autem

294 2747 533 2784 causam
565 2730 754 2784 anima
779 2747 891 2784 non
921 2730 1175 2796 voluerit,
1203 2747 1313 2784 non
1326 2730 1422 2784 diu
1442 2729 1812 2802 permanebit,
1847 2737 1904 2784 et

295 2822 379 2876 ita
404 2837 578 2875 sanus
602 2821 780 2874 factus
811 2821 986 2874 frater
1014 2819 1107 2873 ille
1145 2820 1419 2874 discessit.

483 2909 638 2964 Dixit
664 2908 833 2964 abbas
864 2910 1082 2981 Moyses
1107 2928 1118 2962 :
1139 2910 1246 2963 Per
1269 2909 1372 2963 has
1403 2915 1645 2979 quatuor
1663 2925 1752 2962 res
1782 2926 1903 2980 pas-

295 2999 384 3052 sio
412 2998 702 3067 gignitur:
733 3015 833 3068 per
860 2997 1260 3052 abundantiam
1290 3015 1426 3051 escae
1441 3003 1498 3051 et
1525 3003 1709 3068 potus,
1727 3003 1784 3051 et
1805 3014 1904 3067 per

1984 1852 2110 1894 nex.
2146 1837 2444 1891 molestam
2499 1856 2588 1892 me
2645 1840 3012 1909 cogitationes
3073 1859 3230 1896 mea}.
3279 1843 3588 1914 Respondit

1983 1924 2398 1996 TheOpemptus
2431 1945 2442 1978 :
2477 1927 2652 1981 Crede
2684 1928 2841 1994 mihi,
2875 1929 3036 1997 abba,
3072 1931 3205 2000 quia
3233 1930 3494 1986 similiter
3529 1937 3586 1985 et

1986 2013 2124 2066 mihi
2151 2013 2380 2069 faciunt.
2406 2017 2560 2070 Tunc
2581 2033 2748 2071 senex
2765 2017 3014 2088 singulas
3041 2019 3406 2090 cogitationes
3427 2019 3587 2090 quasi

1989 2118 2048 2155 se
2067 2102 2462 2173 impugnantes
2493 2105 2756 2175 fingebat,
2781 2124 3072 2178 usquequo
3099 2113 3280 2163 totum
3312 2109 3392 2163 illi
3411 2109 3587 2164 Theo-

1986 2197 2245 2262 pemptus
2265 2193 2643 2248 conﬁteretur.
2662 2195 2795 2249 Post
2813 2196 2930 2250 haec
2949 2197 3090 2250 dixit
3108 2197 3159 2250 ei
3183 2215 3194 2250 :
3217 2198 3586 2262 Quemadmo-

1984 2279 2117 2334 dum
2141 2282 2406 2350 jejunas?
2431 2283 2616 2336 Atille
2645 2283 2780 2336 dicit
2799 2283 2882 2337 ei:
2910 2285 3096 2355 Usque
3127 2285 3198 2338 ad
3228 2302 3455 2341 nonam.
3481 2287 3586 2342 Cui

1987 2385 2155 2422 senex
2171 2369 2250 2423 ait
2276 2389 2286 2423 :
2316 2371 2502 2442 Usque
2524 2371 2594 2424 ad
2624 2388 2910 2443 vesperam
2927 2375 3146 2443 jejuna,
3169 2380 3224 2428 et
3248 2374 3317 2429 de
3340 2376 3589 2446 Evange-

1986 2457 2060 2511 lio
2083 2459 2165 2512 vel
2198 2459 2266 2512 de
2295 2459 2420 2512 aliis
2441 2459 2744 2530 Scripturis
2761 2461 2882 2516 sine
2910 2463 3222 2517 cessatione
3241 2481 3467 2535 semper
3488 2465 3587 2520 ali-

1987 2546 2119 2615 quid
2142 2547 2444 2613 meditare;
2469 2553 2524 2600 et
2540 2549 2758 2619 quoties
2787 2549 2887 2603 tibi
2912 2551 3101 2621 aliqua
3131 2551 3422 2607 immunda
3439 2554 3588 2624 cogi-

1985 2634 2123 2688 tatio
2151 2637 2553 2706 supervenerit,
2578 2654 2869 2709 nunquam
2899 2640 3161 2695 deorsum
3195 2641 3452 2712 aspicias,
3486 2643 3587 2697 sed

1983 2741 2228 2789 sursum,
2264 2731 2320 2778 et
2369 2743 2494 2779 mox
2523 2727 2796 2781 Dominus
2831 2728 2932 2782 tibi
2971 2729 3198 2799 adjutor
3225 2737 3330 2785 est.
3358 2731 3427 2785 Et
3455 2748 3588 2786 mox

1984 2812 2064 2866 ita
2085 2813 2339 2867 discessit
2352 2813 2522 2868 abbas
2542 2816 2815 2870 Macarius
2831 2817 2889 2871 in
2902 2819 3187 2890 propriam
3198 2820 3582 2875 solitudinem.

1985 2901 2308 2973 Iterumque
2325 2903 2470 2957 viam
2499 2904 2970 2976 circumspiciens,
2998 2907 3138 2962 vidit
3164 2909 3476 2964 damonem
3502 2926 3588 2964 re-

1985 2990 2268 3055 deuntem,
2309 2997 2364 3045 et
2392 2992 2630 3062 requirit
2657 3010 2786 3048 eum
2821 3012 2832 3046 :
2877 2995 2998 3058 Quo
3028 2996 3230 3050 vadis?
3270 2998 3343 3050 At
3377 2997 3472 3052 ille
3503 3015 3589 3052 re-

294 3087 624 3141 satieutem
650 3087 850 3152 somni,
886 3091 944 3140 et
971 3102 1072 3156 per
1099 3086 1276 3139 otium
1299 3091 1356 3140 et,
1377 3087 1587 3156 jocum,
1613 3092 1670 3140 et
1689 3084 1903 3140 ornatis
1921 3087 1962 3146 Ο
1985 3077 2210 3148 spondit
2229 3097 2238 3132 :
2262 3079 2442 3133 Simili
2457 3081 2622 3134 modo
2635 3097 2982 3137 commovere
2998 3084 3217 3139 fratres.
3234 3086 3374 3140 Cum
3395 3091 3587 3141 autem

301 3175 556 3230 vestibus
585 3175 892 3230 incedendo
925 3176 1154 3244 (Pasch.,
1182 3193 1227 3228 ο.
1256 3175 1310 3240 1,
1344 3192 1402 3228 n.
1426 3173 1502 3241 6).

370 3264 461 3320 59.
483 3265 637 3318 Dixit
665 3264 836 3319 abbas
861 3265 1089 3318 Pmmen
1113 3283 1124 3317 :
1151 3263 1635 3328 Quemadmodum
1668 3263 1906 3334 impera-

294 3354 439 3410 toris
463 3353 784 3425 spatharius
809 3370 1030 3424 semper
1058 3353 1138 3406 illi
1171 3353 1383 3406 assistit
1419 3363 1690 3416 armatus,
1726 3353 1805 3406 ita
1851 3361 1907 3406 et

297 3443 551 3497 animam
577 3442 842 3496 adversus
862 3442 1169 3518 dzemqnem
1192 3441 1516 3512 hujusmodi
1542 3447 1764 3512 oportet
1783 3460 1904 3496 esse

293 3549 524 3603 semper
546 3538 800 3602 paratam
836 3533 1059 3600 (Pctag.,
1094 3533 1260 3585 libell.
1291 3549 1339 3595 v,
1385 3548 1441 3584 η.
1476 3529 1554 3598 8).

372 3619 462 3678 60.
495 3620 648 3674 Dixit
668 3619 893 3691 quidam
920 3636 1092 3674 senex
1119 3639 1129 3673 :
1155 3620 1312 3674 Sicut
1330 3625 1607 3673 venenata
1638 3620 1904 3674 animalia

293 3710 562 3764 fortiores
593 3709 778 3764 herba:
812 3709 897 3763 vel
931 3713 1216 3780 pigmenta
1247 3709 1554 3780 expellunt,
1581 3709 1661 3762 ita
1687 3709 1900 3779 cogita-

292 3800 482 3854 tiones
507 3798 762 3854 sordidas
782 3797 960 3852 oratio
991 3815 1118 3852 cum
1135 3797 1351 3868 jejunio
1374 3798 1612 3868 repellit.

367 3887 458 3945 61.
481 3887 668 3943 Abbas
689 3888 984 3953 Macarius,
1011 3888 1145 3953 dum
1167 3887 1222 3941 in
1246 3887 1345 3942 illa
1364 3887 1665 3942 solitudine
1689 3887 1767 3955 (in
1789 3906 1900 3960 qua

292 3979 452 4033 solus
482 3982 625 4046 erat)
656 3983 909 4032 maneret
940 3979 1163 4046 (Pelag.,
1205 3979 1374 4031 lz'bcll.
1407 3991 1560 4043 xvm,
1595 3994 1652 4031 η.
1687 3979 1895 4045 Pasch.,

293 4085 342 4122 ο.
372 4068 421 4134 l,
449 4084 609 4121 num.
636 4065 708 4136 8),
741 4066 974 4120 inferior
1001 4072 1190 4120 autem
1223 4067 1388 4137 plena
1416 4073 1562 4120 esset
1583 4067 1776 4120 multis
1794 4067 1901 4121 fra-

289 4157 499 4222 tribus,
533 4172 661 4210 sero
695 4173 796 4227 per
823 4155 969 4208 viam
999 4155 1499 4226 circumspiciebat,
1525 4160 1581 4209 et
1618 4155 1756 4209 vidit
1784 4156 1898 4210 da:-

289 4262 520 4302 monem
547 4244 859 4299 venientem
879 4244 936 4298 in
957 4245 1136 4314 figura
1155 4243 1415 4307 hominis,
1433 4244 1694 4298 vestitum
1709 4245 1900 4298 tunica

292 4335 447 4388 linea
479 4333 778 4404 perforata,
795 4339 852 4386 et
871 4351 972 4404 per
984 4333 1206 4403 singula
1220 4331 1514 4398 foramina,
1529 4333 1754 4386 vascula
1777 4350 1901 4404 par-

1989 3173 2380 3233 reverteretur,
2399 3169 2688 3239 requisnvit
2699 3187 2848 3236 eum,
2867 3173 3342 3242 quemadmodum
3353 3181 3588 3244 agerent

1988 3255 2206 3310 fratres.
2232 3258 2409 3312 Atille
2431 3258 2570 3312 dixit
2596 3277 2606 3312 ε
2642 3260 2802 3322 Male,
2830 3261 3096 3331 quoniam
3119 3278 3313 3317 omnes
3333 3270 3588 3334 agrestes

1987 3346 2168 3400 eﬁecti
2191 3353 2340 3412 sunt,
2356 3353 2412 3400 et
2431 3348 2577 3418 quod
2595 3348 2662 3402 de
2684 3349 2942 3404 omnibus
2962 3352 3122 3422 pejus
3147 3358 3251 3417 est,
3267 3369 3395 3406 eum
3415 3369 3585 3424 quem

1989 3434 2159 3488 habui
2178 3436 2419 3489 amicum
2442 3442 2498 3489 et
2527 3436 2879 3492 obedientem
2908 3439 3064 3505 mihi,
3104 3441 3221 3512 ipse
3243 3442 3432 3497 nescio
3453 3459 3589 3514 quo-

1988 3524 2152 3578 modo
2181 3542 2478 3579 conversus
2509 3533 2612 3592 est,
2649 3532 2705 3581 et
2756 3528 3016 3583 omnibus
3063 3529 3304 3602 amplius
3335 3532 3589 3603 asperior

1986 3613 2123 3666 mihi
2145 3614 2294 3668 visus
2315 3619 2416 3667 est.
2441 3615 2508 3668 Et
2531 3615 2744 3684 juravit
2763 3633 2874 3670 non
2904 3616 2978 3670 ibi
3008 3619 3289 3687 accedere,
3321 3620 3431 3675 nisi
3460 3627 3587 3694 post

1985 3705 2225 3759 multum
2253 3710 2505 3776 tempus:
2537 3712 2593 3760 et
2623 3707 2738 3761 haec
2765 3707 2974 3775 dicens,
3009 3708 3286 3764 discessit.

2051 3883 2138 3938 62.
2173 3884 2414 3948 Quidam
2439 3885 2613 3939 frater
2635 3887 2930 3958 requisivit
2950 3890 3253 3960 quemdam
3269 3907 3482 3959 senem,
3504 3891 3586 3947 di-

1982 3989 2112 4026 cens
2136 3992 2146 4026 :
2173 3973 2318 4036 Quid
2344 3974 2563 4041 faciam,
2585 3976 2766 4042 Pater,
2790 3977 2923 4048 quia
2951 3995 3065 4032 non
3095 3995 3322 4050 possum
3349 3981 3582 4037 sufferre

1982 4061 2383 4131 cogitationes?
2433 4065 2534 4118 Cui
2586 4081 2754 4119 senex
2797 4067 2937 4120 dixit
2968 4085 2978 4119 :
3035 4068 3150 4138 Ego
3179 4069 3238 4123 in
3271 4070 3376 4124 hac
3411 4087 3582 4126 causa

1982 4167 2270 4221 nunquam
2302 4151 2667 4223 impugnatus
2686 4171 2810 4208 sum
2840 4159 3069 4224 (Pelag.,
3105 4159 3252 4211 libet.
3287 4176 3335 4224 v,
3369 4176 3433 4218 η,
3469 4159 3578 4228 31).

1983 4239 2400 4295 Scandalizatus
2430 4249 2618 4296 autem
2650 4243 2841 4309 frater,
2875 4243 2993 4314 ipse
3034 4246 3189 4300 venit
3236 4247 3307 4300 ad
3337 4248 3581 4304 alterum

1981 4345 2191 4394 senem,
2225 4335 2282 4382 et
2309 4330 2450 4383 dixit
2466 4331 2516 4384 ei
2544 4348 2554 4378 :
2588 4331 2724 4384 Ecce
2755 4331 2888 4402 quid
2916 4332 3059 4386 dixit
3083 4333 3223 4388 mihi
3250 4351 3418 4390 senex
3445 4336 3580 4390 ille?

290 4440 367 4477 va
386 4421 797 4493 dependebant,
827 4427 884 4475 et
914 4422 1052 4475 dixit
1080 4421 1160 4475 illi
1192 4436 1357 4476 senex
1384 4439 1394 4473 :
1429 4423 1550 4485 Quo
1581 4421 1755 4486 vadis,
1789 4439 1904 4476 ma—
1929 4417 2401 4506 DScandalizatus
2421 4436 2547 4472 sum
2578 4420 2633 4473 in
2663 4419 2802 4490 ipso,
2828 4420 3095 4491 quoniam
3121 4439 3290 4494 super
3319 4430 3584 4480 naturam

290 4513 448 4583 ligno
470 4514 488 4564 .’
519 4513 586 4566 Et
609 4511 900 4583 respondit
927 4511 1007 4565 ei:
1031 4510 1186 4564 Vado
1207 4527 1556 4566 commovere
1577 4511 1778 4566 fratres
1803 4512 1904 4566 hos

299 4602 401 4672 qui
431 4607 567 4655 sunt
599 4600 849 4654 inferius.
883 4600 986 4654 Cui
1012 4616 1178 4654 senex
1207 4600 1346 4654 dixit
1380 4620 1391 4653 :
1418 4599 1490 4654 Et
1518 4607 1746 4672 prOpter
1769 4601 1904 4671 quid

295 4697 388 4745 tot
411 4689 635 4744 vascula
662 4689 770 4743 fers
800 4696 982 4743 tecum
1019 4689 1042 4741 ?
1072 4689 1145 4742 At
1182 4687 1274 4742 ille
1299 4689 1441 4743 dixit
1475 4707 1485 4740 :
1520 4690 1759 4744 Gustum
1787 4690 1904 4744 fero

298 4778 591 4843 fratribus,
617 4784 673 4832 et
694 4777 816 4832 ideo
834 4784 992 4832 tanta
1013 4775 1149 4844 fero,
1168 4783 1232 4832 ut
1257 4777 1302 4830 si
1327 4795 1502 4832 unum
1533 4779 1900 4849 displicuerit,

297 4868 594 4923 ostendam
610 4866 782 4933 aliud,
799 4873 856 4922 et
866 4867 912 4920 si
926 4867 1060 4920 illud
1074 4884 1182 4921 non
1199 4867 1398 4938 placet,
1415 4867 1700 4938 porrigam
1716 4868 1867 4922 aliud
1887 4887 1898 4935 ;

297 4964 359 5011 et
381 4955 502 5011 ﬁeri
528 4974 639 5011 non
661 4962 862 5028 potest,
879 4955 988 5010 nisi
1008 4973 1184 5010 unum
1205 4974 1268 5010 ex
1291 4956 1426 5027 ipsis
1448 4956 1673 5026 aliquod
1688 4957 1904 5028 placeat

299 5047 404 5100 eis.
434 5047 504 5100 Et
524 5047 640 5101 haec
663 5044 854 5100 dicens
880 5044 1156 5103 discessit.
1186 5047 1499 5100 Permansit
1522 5053 1711 5100 autem
1733 5064 1904 5101 senex

300 5134 510 5190 iterum
539 5135 685 5188 viam
725 5132 1198 5206 circumspiciens,
1255 5152 1547 5206 usquequo
1587 5135 1814 5202 rediret,
1847 5141 1904 5189 et

298 5241 432 5279 cum
456 5223 684 5289 rediret,
709 5223 846 5278 dicit
865 5223 946 5277 ei:
980 5222 1237 5278 Salveris.
1265 5222 1408 5278 Dicit
1429 5230 1486 5278 et
1505 5223 1597 5278 ille
1629 5242 1638 5275 :
1665 5222 1904 5288 Quomo-

300 5313 376 5369 do
398 5313 548 5368 istud
575 5313 712 5367 mihi
733 5311 962 5367 verbum
984 5311 1140 5379 dicis,
1165 5313 1297 5383 quia
1315 5330 1509 5368 omnes
1531 5312 1669 5366 mihi
1690 5319 1907 5367 contra-

298 5403 374 5457 rii
402 5402 534 5456 facti
559 5407 711 5469 sunt,
737 5408 793 5455 et
818 5401 1004 5456 nullus
1034 5399 1173 5456 meis
1201 5401 1447 5456 consiliis
1472 5402 1817 5472 acquiescit?
1841 5402 1907 5458 Et

303 5492 443 5547 dicit
471 5491 522 5546 ei
553 5508 720 5546 senex
744 5509 763 5544 ι
792 5491 938 5561 Ergo
965 5491 1184 5545 nullum
1217 5491 1385 5546 habes
1411 5490 1690 5546 amicum?
1720 5494 1792 5546 At
1813 5493 1907 5547 ille

1986 4508 2292 4561 humanam
2323 4508 2540 4562 locutus
2561 4515 2663 4562 est.
2698 4509 2850 4562 Dixit
2872 4510 2922 4563 ei
2953 4510 3047 4564 ille
3078 4527 3246 4567 senex
3273 4515 3580 4570 secundus:

1986 4599 2111 4652 Non
2142 4597 2469 4668 simpliciter
2493 4598 2593 4651 tibi
2614 4598 2754 4653 dixit
2781 4599 2873 4653 ille
2895 4599 3062 4654 homo
3083 4601 3182 4655 Dei
3199 4602 3348 4657 hunc
3365 4620 3584 4661 sermo-

1987 4703 2135 4740 nem.
2167 4687 2318 4740 Vade
2339 4703 2492 4757 ergo,
2518 4693 2574 4740 et
2594 4703 2699 4757 age
2721 4688 3108 4759 pmnitentiam
3127 4691 3275 4762 apud
3297 4691 3502 4764 ipsum,
3520 4699 3587 4750 ut

1987 4776 2136 4830 dicat
2149 4775 2252 4829 tibi
2282 4775 2545 4830 virtutem
2562 4775 2710 4830 verbi
2734 4777 2904 4832 illius.
2939 4779 3212 4834 Reversus
3232 4796 3366 4850 ergo
3385 4781 3584 4852 frater,

1984 4866 2137 4919 venit
2173 4865 2244 4918 ad
2275 4882 2488 4931 senem,
2522 4872 2578 4919 et
2611 4867 2779 4937 cmpit
2806 4866 2857 4920 ei
2892 4867 3076 4922 dicere
3111 4887 3124 4921 :
3156 4868 3391 4940 Indulge
3420 4871 3582 4942 mihi,

1985 4954 2144 5019 abba,
2180 4955 2444 5024 quoniam
2464 4954 2793 5025 insipienter
2819 4955 3006 5025 egi,ut
3023 4955 3127 5010 tibi
3143 4957 3263 5012 vale
3292 4975 3405 5014 non
3433 4959 3585 5016 dice-

1986 5060 2124 5109 rem,
2160 5049 2217 5097 et
2253 5043 2330 5096 sic
2376 5042 2690 5112 cgrederer.
2725 5042 2834 5096 Sed
2874 5060 3008 5114 rogo
3047 5051 3122 5111 te,
3155 5047 3395 5117 explana
3440 5050 3582 5106 mihi

1987 5131 2265 5204 quomodo
2295 5148 2406 5186 non
2425 5148 2483 5184 es
2505 5132 2905 5202 impugnatus?
2921 5133 3073 5188 Dixit
3090 5134 3141 5188 ei
3155 5152 3324 5191 senex
3341 5157 3351 5191 :
3371 5139 3448 5192 Ex
3473 5156 3584 5210 quo

1988 5222 2166 5276 factus
2187 5237 2310 5275 sum
2329 5220 2652 5285 monachus,
2668 5237 2780 5275 non
2805 5239 2928 5276 sum
2952 5223 3189 5279 satiatus
3210 5242 3392 5298 neque
3413 5244 3579 5299 pane,

1990 5327 2171 5382 neque
2193 5327 2356 5380 aqua,
2371 5326 2552 5380 neque
2579 5327 2794 5378 somno,
2815 5317 2871 5365 et
2885 5312 3084 5368 horum
3104 5317 3357 5370 omnium
3377 5318 3586 5387 cogita-

1989 5401 2069 5454 tio
2086 5416 2197 5453 non
2223 5415 2310 5452 me
2327 5399 2584 5469 permisit
2601 5405 2663 5465 5
2678 5406 2716 5464 ι
2744 5407 2776 5464 |
2807 5400 3013 5457 habere
3043 5420 3309 5474 pugnam,
3329 5422 3497 5476 quam
3518 5410 3582 5461 tu

1991 5489 2195 5544 dixisti.
2222 5489 2289 5542 Et
2305 5505 2561 5558 egressus
2583 5494 2668 5543 est
2688 5488 2757 5543 ab
2778 5506 2844 5545 eo
2865 5491 3040 5548 frater
3052 5492 3145 5548 ille
3165 5495 3392 5565 juvatus
3409 5493 3479 5548 ab
3494 5511 3580 5553 eo.

383 5609 399 5642 ¹
435 5608 642 5680 Pelag.,
676 5609 823 5664 libet.
858 5622 912 5678 x,
946 5625 1003 5663 η.
1035 5607 1121 5662 27.
1155 5609 1219 5664 In
1251 5607 1425 5663 Editis
1455 5614 1543 5663 est
1573 5607 1662 5663 hic
1698 5613 1884 5666 textus
1913 5607 2145 5678 Pelagii.
2181 5604 2347 5660 Posui
2379 5609 2442 5658 ut
2470 5605 2528 5658 in
2553 5605 2683 5661 Mss.
