3966 6184
388 218 482 276 771

1481 209 1573 265 DE
1611 205 1800 264 VITIS
1838 204 2138 262 PATRUM
2175 208 2390 265 LIBER
2427 211 2526 266 III.

3525 219 3612 278 77‘2

453 348 545 404 63.
559 342 934 414 Interroganti
945 342 1149 396 iterum
1165 338 1388 394 cuidam
1403 352 1576 409 super
1590 335 1972 406 cogitationes,
1991 333 2045 396 Α
2067 335 2367 390 Dominum
2387 339 2736 408 deprecatur.
2755 337 2968 401 Quibus
2986 337 3166 394 verbis
3190 340 3384 395 mulier
3400 352 3615 400 recreata

385 438 526 494 dixit
553 437 722 492 abbas
746 436 972 489 Poemen
1005 449 1016 482 :
1050 430 1354 484 Monachus
1374 429 1421 482 si
1449 431 1700 482 ventrem
1727 441 1894 480 suum
1923 429 1981 478 et

387 529 635 597 linguam
658 523 922 588 tenuerit,
946 526 1003 574 et
1025 520 1378 590 vagationem
1399 534 1509 572 non
1523 516 1692 570 fuerit
1711 519 1975 577 sectatus,

2063 430 2166 480 est.

2133 513 2219 568 66.
2251 515 2481 570 Dicebat
2503 516 2673 572 abbas
2702 519 2922 590 Moyses
2961 536 2972 570 :
3007 518 3064 573 Si
3091 519 3327 574 voluerit
3352 521 3617 592 imperator

387 616 631 670 conﬁdat
645 613 776 684 quia
804 627 917 666 non
946 610 1238 674 morietur,
1265 608 1362 662 sed
1383 607 1528 660 vivet
1557 607 1615 659 in
1644 610 1977 676 perpetuum
2061 603 2416 659 inimicorum
2474 605 2754 661 civitatem
2811 607 3057 679 aliquam
3110 626 3439 680 expugnare,
3489 613 3618 682 prius

392 705 620 769 (Pasch.,
653 721 696 757 c.
743 703 789 764 l,
826 716 881 754 η.
916 700 988 767 9).

455 791 544 848 64.
580 793 702 846 Duo
733 791 935 846 fratres
963 790 1032 843 ad
1071 788 1330 843 abbatem
1361 786 1539 840 Eliam
1569 787 1843 838 venerunt
1871 783 1980 836 im-

386 881 618 953 pugnati
648 899 681 935 a
710 879 1140 951 cogitationibus
1173 876 1287 931 suis
1305 877 1596 942 (Pasch.,c.
1618 875 1664 939 ’1,
1693 889 1850 927 num.
1881 869 1984 941 10);

388 977 446 1026 et
475 971 665 1024 videns
685 987 778 1024 eos
799 985 968 1023 senex
983 967 1132 1039 quod
1155 971 1343 1021 essent
1365 963 1696 1034 corpulenti,
1717 967 1987 1034 tanquam

387 1061 458 1114 ad
487 1059 824 1131 discipulum
863 1075 1025 1113 suum
1076 1055 1388 1118 subridens,
1422 1054 1544 1107 ait:
1587 1053 1749 1117 Vere,
1794 1052 1985 1119 frater,

387 1167 492 1221 ego
517 1149 782 1204 erubesco
807 1165 908 1219 pro
928 1154 1004 1213 te,
1027 1146 1159 1217 quia
1185 1146 1264 1199 sic
1287 1143 1548 1198 enutristi
1579 1158 1780 1212 corpus
1803 1147 1984 1207 tuum,

388 1254 517 1292 cum
548 1243 708 1292 certe
730 1237 1046 1309 profitearis
1074 1243 1132 1289 te
1161 1234 1516 1297 monachum,
1550 1231 1729 1302 pallor
1759 1231 1908 1284 enim
1936 1235 1993 1285 et

387 1327 595 1382 macies
625 1342 752 1382 cum
790 1325 1111 1380 humilitate
1142 1325 1312 1378 decus
1345 1327 1430 1376 est
1459 1320 1740 1375 monachi.

2063 710 2250 749 escam
2277 712 2472 750 eorum
2501 701 2559 750 et
2583 714 2787 768 aquam
2814 697 3112 762 interdicit,
3129 704 3186 752 et
3205 699 3285 752 ita
3305 699 3501 753 inimici
3521 703 3621 769 ejus

2066 783 2212 838 fame
2245 802 2309 839 ac
2339 787 2575 857 penuria
2605 787 2879 857 compulsi
2916 787 3222 858 subjiciunt
3251 805 3310 842 se
3344 806 3502 859 regno
3528 793 3626 860 ejus

2074 876 2297 943 (Pclag.,
2333 877 2501 929 lz'bcll.
2533 891 2604 937 1v,
2641 893 2696 930 η.
2731 874 2842 943 19).
2870 877 2938 930 Et
2972 877 3052 931 ita
3077 877 3360 948 passiones
3389 881 3624 944 carnales,

2072 963 2118 1016 si
2137 963 2195 1016 in
2221 965 2440 1034 jejunio
2455 970 2512 1018 et
2531 966 2678 1018 tame
2703 966 2839 1018 velis
2866 966 3067 1032 vivere,
3083 967 3448 1034 deterescunt,
3472 975 3521 1021 et
3538 985 3628 1022 non

2073 1057 2207 1106 sunt
2235 1053 2405 1107 fortes
2435 1054 2699 1108 adversus
2729 1055 2996 1108 animam.
3032 1055 3168 1119 Quis
3195 1056 3343 1110 enim
3372 1063 3478 1111 tam
3497 1058 3630 1112 fortis

2073 1148 2137 1196 ut
2165 1142 2290 1196 leo?
2320 1143 2388 1196 Et
2433 1149 2624 1197 tamen
2655 1149 2884 1214 propter
2911 1150 3163 1199 ventrem
3199 1163 3362 1200 suum
3392 1146 3548 1200 intrat
3585 1148 3630 1201 in

2075 1247 2319 1298 caveam,
2349 1237 2407 1286 et
2435 1234 2618 1287 omnis
2655 1233 2830 1288 virtus
2863 1235 2986 1304 ejus
3016 1235 3365 1288 humiliatur.

2149 1319 2234 1377 67.
2258 1321 2497 1385 Quidam
2522 1323 2745 1393 juvenis
2769 1324 2992 1378 volebat
3016 1325 3342 1378 renuntiare
3371 1326 3633 1392 mundo,et

463 1416 784 1472 Itemdixit:
808 1415 952 1479 Quia
971 1413 1281 1468 monachus
1299 1411 1470 1466 edens
1499 1410 1759 1474 multum,
1785 1412 1843 1460 et
1861 1421 1993 1476 ope-
2077 1411 2400 1486 frequenter
2436 1428 2722 1482 egressum
2765 1413 3100 1467 revocabant
3127 1430 3259 1467 eum
3288 1413 3630 1484 cogitationes,

390 1522 523 1561 rans
543 1507 806 1572 multum,
831 1521 944 1558 non
967 1503 1237 1565 confidat;
1273 1502 1367 1572 qui
1399 1506 1588 1554 autem
1618 1513 1821 1569 parum
1851 1495 1984 1559 edit,
2078 1499 2422 1556 involventes
2469 1518 2599 1556 eum
2632 1502 2803 1556 variis
2851 1503 3112 1573 negotiis,
3171 1510 3292 1556 erat
3336 1504 3480 1557 enim
3510 1504 3635 1558 dives

387 1597 559 1650 etiam
588 1596 634 1649 si
659 1611 857 1666 parum
877 1598 1158 1665 operetur,
1185 1591 1448 1656 confidat,
1478 1596 1535 1643 et
1565 1587 1804 1642 viriliter
1833 1590 1982 1654 agat.
2004 1589 2301 1666 1‘(Pelagq
2335 1593 2505 1645 libell.
2537 1609 2643 1658 xxv,
2674 1609 2730 1650 η,
2763 1591 2821 1658 4;
2863 1595 3074 1658 Pass/1.,
3104 1610 3148 1646 c.
3183 1592 3235 1658 τὶ,
3267 1609 3416 1646 num.
3442 1591 3504 1662 l).
3532 1593 3632 1647 Una

461 1684 548 1740 65.
568 1684 754 1739 Abbas
784 1683 1053 1738 Arsenius
1077 1683 1212 1735 dum
1243 1681 1465 1734 sederet
1491 1679 1549 1731 in
1573 1692 1772 1747 campo
1791 1677 1980 1744 (Pall.,
2004 1677 2056 1709 υ
2074 1696 2206 1749 ergo
2227 1680 2316 1734 die
2335 1697 2623 1750 egressum
2646 1682 3070 1736 eumdazmones
3096 1681 3628 1747 circumdederunt,et

388 1776 640 1846 canopo),
685 1773 942 1844 quaedam
987 1771 1192 1825 mulier
1231 1770 1406 1840 virgo,
1449 1768 1621 1832 dives,
1671 1766 1989 1834 timensque
2073 1770 2313 1822 multum
2343 1771 2628 1840 pulverem
2657 1777 2789 1825 ante
2816 1788 2942 1825 eum
2976 1772 3380 1838 excitaverunt.
3411 1771 3501 1826 Ille
3527 1788 3633 1825 vero

389 1867 589 1930 Deum,
617 1880 682 1917 ac
709 1868 1010 1934 propterea
1030 1859 1246 1914 abbatis
1267 1857 1490 1912 Arsenii
1508 1857 1658 1910 fama
1681 1857 1986 1924 comperta,
2072 1859 2366 1912 confestim
2393 1861 2712 1931 exspolians
2743 1878 2820 1926 sc,
2870 1867 2927 1914 et
2949 1863 3174 1932 jactans
3218 1861 3531 1915 vestimenta
3553 1878 3636 1914 sua

390 1955 460 2009 de
478 1954 733 2008 Romam!
757 1952 1005 2015 οἱνίῐεῑῐθτ
1030 1956 1096 2005 ut
1124 1965 1251 2004 eum
1286 1947 1473 2001 Videre
1502 1950 1814 2000 mereretur
1831 1943 1991 1996 adve—
2071 1948 2333 2002 currebat
2367 1950 2550 2003 nudus
2581 1951 2651 2004 ad
2682 1951 3106 2004 monasterium.
3138 1951 3448 2004 Declaravit
3473 1956 3630 2004 autem

389 2044 476 2097 nit
503 2044 563 2096 in
591 2041 988 2096 Alexandriam
1011 2042 1235 2107 (Pelag.,
1270 2039 1437 2092 libell.
1456 2051 1516 2101 11,
1536 2053 1591 2090 η.
1621 2034 1838 2103 7).Quse
1862 2048 1990 2086 cum

388 2132 693 2188 honoriﬁce
715 2147 745 2184 a
761 2130 1068 2201 Theophilo
1092 2129 1288 2182 fuisset
1309 2131 1586 2198 suscepta,
1609 2124 1785 2195 ipsius
1807 2122 1994 2175 civita-

387 2221 461 2276 tis
477 2220 913 2293 archiepiscopo,
933 2219 1152 2290 rogavit
1167 2234 1314 2282 eum,
1335 2222 1612 2288 quatenus
1633 2211 1994 2284 persuaderet

389 2309 616 2365 beatum
638 2309 937 2364 Arsenium
957 2313 1021 2362 ut
1041 2324 1164 2361 eam
1193 2307 1474 2377 suscipere
1505 2304 1852 2374 dignaretur.
1870 2301 1992 2370 Ipse

385 2400 560 2471 igitur
580 2399 652 2453 ad
673 2415 801 2453 eum
827 2397 1108 2470 profectus
1129 2402 1232 2462 est,
1259 2395 1480 2448 dicens:
1507 2384 1993 2457 Quaadam‘mulier

387 2491 659 2554 Romana,
688 2493 745 2542 et
772 2487 1065 2557 dignitate,
1093 2491 1150 2540 et
1167 2484 1383 2556 opibus,
1408 2488 1464 2538 et
1481 2482 1742 2554 Opinione
1761 2485 1989 2536 caeteras

390 2579 749 2643 antecellens,
779 2576 967 2630 videre
988 2581 1044 2629 te
1060 2591 1125 2628 ac
1150 2572 1402 2628 benedici
1425 2571 1749 2626 desiderans
1782 2570 1851 2624 de
1873 2575 1988 2623 tam

389 2667 698 2738 longinqua
727 2665 956 2736 regione
984 2663 1255 2735 pervenit,
1306 2663 1396 2716 cui
1437 2677 1694 2716 occurras
1733 2674 1986 2730 exposco.

393 2757 500 2812 Sed
522 2772 650 2810 cum
675 2771 788 2810 non
819 2753 1186 2825 acquievisset
1210 2767 1503 2806 occurrere
1524 2750 1574 2804 ei
1589 2749 1877 2813 Arsenius,
1896 2747 1994 2801 illa

390 2861 728 2916 cognoscens
757 2844 879 2910 hoc,
910 2843 1173 2896 animalia
1207 2858 1310 2896 sua
1330 2847 1580 2895 sternere
1609 2837 1890 2910 praecepit,
1916 2837 1995 2891 di-

2076 2037 2224 2091 Deus
2254 2038 2352 2091 uni
2405 2038 2545 2104 seni,
2582 2038 2771 2093 dicens
2809 2057 2819 2091 :
2862 2040 3040 2110 Surge
3072 2046 3130 2093 et
3182 2040 3365 2111 accipe
3402 2040 3632 2092 athletam

2075 2142 2283 2180 meum.
2311 2127 2624 2198 Exsurgens
2656 2145 2790 2198 ergo
2819 2144 3002 2191 senex,
3044 2127 3288 2182 obviavit
3307 2128 3385 2180 illi
3413 2129 3563 2189 nudo,
3591 2134 3636 2180 et

2075 2231 2412 2286 cognoscens
2441 2234 2669 2272 causam
2689 2218 2999 2271 admiratus
3019 2222 3122 2281 est,
3147 2221 3206 2271 et
3234 2216 3384 2271 dedit
3410 2217 3484 2270 illi
3510 2215 3633 2269 habi-

2075 2310 2196 2359 tum
2241 2307 2632 2360 monachilem.
2668 2307 2902 2370 Quando
2941 2313 3131 2361 autem
3176 2305 3463 2360 veniebant
3491 2305 3632 2375 aliqui

2073 2393 2275 2448 fratres
2295 2395 2365 2449 ad
2387 2395 2570 2466 ipsum
2598 2400 2809 2461 senem,
2825 2397 3153 2467 perquirere
3177 2413 3305 2450 eum
3323 2396 3388 2449 de
3407 2394 3633 2449 conditio-

2073 2484 2238 2538 nibus
2264 2485 2449 2548 variis,
2485 2485 2858 2556 respondebat
2887 2486 2997 2552 eis;
3034 2486 3102 2539 de
3130 2485 3530 2540 renuntiatione
3551 2500 3631 2536 au-

2073 2577 2187 2627 tem
2221 2573 2630 2628 sciscitantibus
2656 2574 2876 2628 dicebat
2903 2593 2915 2626 :
2942 2575 3101 2628 Hunc
3122 2575 3392 2645 requirite
3418 2573 3628 2633 fratrem,

2075 2661 2207 2734 quia
2237 2680 2339 2732 ego
2360 2663 2430 2716 ad
2458 2664 2936 2718 renuntiationem
2957 2665 3132 2735 ipsius
3160 2664 3402 2718 nondum
3425 2661 3628 2734 perveni.

2147 2749 2236 2806 68.
2266 2752 2507 2815 Quidam
2535 2752 2710 2806 frater
2730 2753 3076 2808 renuntiavit
3105 2755 3340 2808 saeculo:
3366 2759 3419 2806 et
3436 2767 3545 2806 cum
3569 2749 3632 2802 di-

2077 2841 2373 2910 spersisset
2392 2857 2480 2895 res
2506 2857 2636 2896 suas
2663 2843 3024 2914 pauperibus,
3042 2844 3299 2914 quaedam
3319 2841 3417 2895 sibi
3440 2838 3633 2894 retinuit

392 2952 522 2990 cens
547 2953 558 2987 :
593 2933 824 2988 Confido
852 2933 911 2986 in
929 2933 1044 2986 Deo
1067 2931 1359 3001 meo,quia
1378 2929 1574 2984 videbo
1605 2929 1783 2993 illum,
1806 2943 1909 2981 nec
1925 2925 1994 2979 ab
2077 2929 2134 2983 in
2168 2931 2395 3001 propria
2427 2933 2660 2996 ratione,
2699 2938 2755 2986 et
2783 2932 2935 2986 venit
2963 2933 3034 2986 ad
3063 2930 3326 2986 abbatem
3370 2928 3630 2984 Antonium

389 3026 496 3079 hac
531 3023 843 3077 intentione
884 3020 1202 3075 fraudabor.
1230 3021 1354 3074 Non
1386 3019 1535 3073 enim
1579 3017 1836 3072 homines
1865 3015 1994 3069 veni
2014 3006 2058 3066 C
2079 3021 2302 3087 (Pclag.,
2324 3023 2490 3075 libell.
2517 3035 2590 3086 v1,
2610 3037 2666 3075 η.
2689 3022 2763 3083 1).
2784 3021 2943 3086 Quod
2966 3038 3092 3076 cum
3105 3037 3275 3075 senex
3297 3019 3627 3090 comperisset,

393 3111 881 3184 conspicere,quia
906 3115 963 3165 et
990 3111 1046 3164 in
1078 3115 1272 3164 nostra
1300 3113 1603 3179 supersunt
1623 3107 1864 3172 civitate,
1895 3105 1993 3159 sed
2075 3108 2214 3163 dixit
2242 3109 2292 3162 ei
2331 3127 2341 3161 :
2379 3110 2437 3164 Si
2466 3109 2566 3174 vis,
2602 3112 2738 3164 vade
2759 3110 2817 3164 in
2848 3111 2985 3177 vico,
3014 3115 3068 3164 et
3088 3127 3214 3164 eme
3243 3110 3342 3164 tibi
3374 3124 3564 3172 carnes,
3588 3111 3632 3158 et

388 3203 721 3274 prOphetam
750 3200 938 3254 videre
964 3199 1294 3253 desideravi.
1323 3199 1462 3252 Cum
1494 3213 1627 3266 ergo
1656 3193 1901 3249 venisset
1921 3193 1992 3247 ad

389 3293 588 3346 cellam
608 3290 756 3345 beati
781 3289 1022 3352 Arsenii,
1041 3288 1276 3358 contigit
1298 3293 1363 3341 ut
1383 3287 1517 3340 foris
1537 3286 1697 3339 illum
1727 3283 1993 3338 deambu-

387 3381 598 3435 lantem
613 3379 970 3451 conspiceret.
989 3380 1067 3431 Ac
1087 3393 1216 3431 mox
1231 3383 1362 3431 ante
1379 3376 1548 3448 pedes
1568 3376 1615 3445 ej
1624 3393 1688 3429 us
1709 3374 1766 3427 in
1793 3373 1993 3427 faciem

387 3486 567 3542 prona
591 3469 986 3540 prosternitur.
1020 3467 1202 3531 Quam
1228 3466 1322 3519 ille
1339 3481 1467 3520 cum
1495 3463 1852 3518 festinatione
1877 3479 1996 3516 sus-

387 3561 584 3625 citans,
617 3559 699 3613 ita
738 3555 1128 3628 compellebat,
1161 3555 1354 3610 dicens
1409 3571 1419 3606 :
1466 3554 1525 3608 Si
1567 3552 1767 3607 faciem
1807 3568 1993 3606 meam

389 3653 612 3703 tantum
636 3648 830 3702 videre
850 3646 1156 3710 desideras,
1177 3661 1323 3708 ecce,
1347 3644 1586 3698 intuere.
1615 3642 1713 3697 Illa
1726 3657 1856 3695 vero
1882 3658 1996 3712 prae

388 3736 725 3791 verecundia
748 3736 936 3789 oculos
958 3750 1069 3788 non
1097 3733 1340 3787 audebat
1368 3733 1646 3786 attollere.
1665 3731 1812 3784 Dicit
1835 3731 1886 3784 ei
1913 3747 1996 3784 se-

393 3842 499 3880 nex
523 3843 534 3877 :
557 3824 616 3879 Si
646 3824 779 3894 quid
808 3824 878 3876 de
905 3823 1043 3876 meis
1064 3822 1278 3876 actibus
1305 3821 1644 3892 comperisti,
1669 3821 1774 3874 hoc
1795 3819 1999 3874 debue-

393 3930 486 3968 ras
515 3912 744 3967 intueri.
777 3911 1068 3976 Quomodo
1085 3927 1218 3982 ergo
1241 3917 1296 3965 et
1323 3916 1547 3965 tantum
1576 3910 1810 3982 pelagus
1840 3909 1998 3964 navi-

389 4018 526 4074 gare
565 3999 1008 4072 praesumpsisti?
1038 4001 1123 4054 An
1153 4000 1380 4070 ignoras
1409 4005 1464 4054 te
1507 3999 1802 4054 mulierem
1848 4015 1987 4065 esse,

391 4091 595 4163 quibus
626 4106 976 4161 quocumque
1006 4106 1117 4144 non
1142 4090 1274 4143 licet
1303 4089 1583 4143 exire?An
1605 4089 1731 4144 ideo
1761 4089 1870 4143 huc
1897 4105 1992 4142 ve-

389 4181 544 4242 nisti.
566 4186 631 4235 ut
647 4181 880 4234 Romam
903 4179 1144 4246 rediens,
1159 4179 1284 4233 aliis
1307 4184 1364 4233 te
1391 4178 1612 4233 feminis
1635 4179 1894 4249 glorieris
1919 4177 1996 4231 vi-

390 4272 536 4326 disse
564 4270 963 4336 Arsenium,ut
984 4271 1083 4323 ﬁat
1103 4268 1353 4340 pervium
1384 4286 1540 4323 mare
1562 4269 1628 4322 ad
1657 4285 1745 4322 me
1773 4267 1996 4322 venien-

2074 3197 2300 3269 impone
2330 3198 2432 3253 tibi
2471 3200 2690 3271 corpori
2717 3205 2816 3254 tuo
2849 3200 3018 3266 nudo,
3053 3205 3110 3254 et
3138 3199 3269 3254 veni
3302 3199 3370 3252 ad
3391 3214 3488 3251 me.
3518 3197 3632 3250 Cum

2074 3305 2207 3359 ergo
2233 3291 2337 3344 hoc
2375 3289 2596 3344 fecisset
2617 3290 2810 3355 frater,
2833 3295 2949 3343 tam
2975 3305 3140 3343 canes
3164 3305 3332 3361 quam
3354 3303 3471 3341 aves
3498 3299 3630 3339 omne

2075 3395 2275 3450 corpus
2297 3395 2461 3434 suum
2483 3384 2714 3451 propter
2732 3395 2957 3432 carnem
2979 3379 3330 3450 rapiendam,
3351 3382 3459 3430 tam
3487 3372 3634 3427 denti-

2076 3467 2178 3522 bus
2211 3485 2377 3539 quam
2409 3467 2695 3539 unguibus
2724 3468 3076 3538 diruperunt.
3101 3469 3246 3522 Cum
3278 3482 3404 3537 ergo
3432 3463 3633 3517 venisset

2078 3557 2148 3611 ad
2178 3558 2505 3623 Antonium,
2524 3557 2828 3628 requisitus
2856 3561 2941 3611 est
2970 3558 3017 3610 si
3040 3556 3266 3611 fecisset
3295 3553 3432 3626 quod
3457 3553 3502 3606 ei
3525 3566 3634 3622 pra:-

2078 3652 2320 3718 ceperat.
2344 3647 2445 3702 Illo
2473 3651 2661 3701 autem
2688 3647 3109 3701 demonstrante
3132 3663 3335 3718 corpus
3353 3659 3502 3698 suum
3520 3641 3633 3693 lace-

2081 3742 2286 3803 ratum,
2341 3735 2477 3790 dicit
2529 3736 2580 3791 ei
2645 3741 2871 3790 sanctus
2928 3735 3210 3790 Antonius
3277 3754 3288 3789 :
3348 3733 3632 3798 Quicunque

2080 3826 2410 3881 renuntiant
2445 3831 2634 3892 εισι
2685 3825 2906 3889 saeculo,
2951 3831 3008 3879 et
3036 3825 3232 3880 volunt
3262 3823 3436 3878 adhuc
3462 3818 3634 3873 habere

2082 3916 2365 3988 pecunias,
2401 3914 2480 3969 sic
2506 3931 2542 3969 a
2568 3913 2914 3969 daemonibus
2942 3915 3284 3970 lacerantur.

2147 4005 2233 4060 69.
2267 4005 2508 4070 Quidam
2537 4004 2710 4058 frater
2747 4004 3041 4075 requisivit
3064 4021 3280 4069 senem,
3313 4002 3488 4055 dicens
3514 4016 3523 4048 :
3555 3993 3632 4046 Vis

2074 4099 2140 4150 ut
2168 4094 2442 4148 retineam
2472 4094 2612 4147 mihi
2645 4093 2783 4148 duos
2805 4093 3012 4147 solidos
3033 4097 3266 4165 prOpter
3291 4087 3632 4145 inﬁrmitatem

2076 4185 2323 4255 corporis
2339 4187 2561 4255 (Pclag.,
2594 4187 2761 4240 libell.
2783 4197 2855 4250 vr,
2890 4200 3047 4238 num.
3072 4181 3194 4242 22:?
3215 4183 3283 4236 Et
3303 4179 3482 4233 videns
3494 4185 3631 4228 senex

2077 4273 2444 4344 cogitationes
2480 4275 2621 4345 ejus,
2665 4274 2813 4345 quod
2845 4273 3012 4327 vellet
3039 4272 3286 4326 retinere
3327 4286 3434 4332 eos,
3478 4261 3628 4318 dixit:

387 4362 532 4416 tium
562 4359 930 4413 feminarum?
960 4360 1034 4412 At
1079 4359 1176 4411 illa
1204 4359 1566 4429 respondens,
1600 4358 1680 4412 ait
1714 4375 1724 4409 :
1761 4358 1819 4412 Si
1867 4357 1985 4410 vult
2009 4408 2060 4433 ἢ
2080 4363 2300 4422 Retine,
2331 4364 2605 4419 Reversus
2652 4380 2784 4433 ergo
2815 4367 2874 4416 in
2903 4363 3099 4416 cellam
3129 4362 3320 4424 frater,
3353 4355 3506 4427 coepit
3527 4364 3630 4405 cum

389 4451 558 4514 Deus,
590 4449 803 4504 nullam
835 4448 945 4501 huc
976 4447 1163 4501 venire
1201 4447 1510 4517 permittat.
1547 4448 1652 4501 Sed
1677 4453 1741 4501 ut
1767 4463 1866 4518 pro
1900 4463 1989 4503 me

390 4557 534 4606 ores,
564 4546 621 4595 et
646 4540 705 4593 in
735 4537 1008 4592 memoria
1039 4553 1128 4590 me
1159 4536 1364 4590 habere
1386 4537 1653 4607 digneris,
1684 4555 1869 4593 exoro.
1893 4539 1998 4595 Cui

391 4630 660 4684 Arsenius
685 4628 855 4682 dixit:
877 4627 990 4682 Oro
1019 4627 1198 4681 Deum
1222 4643 1431 4692 meum,
1459 4633 1522 4680 ut
1550 4627 1735 4681 deleat
1752 4634 1908 4682 tuam
1932 4645 1996 4682 ex

392 4719 557 4772 corde
586 4735 711 4772 meo
741 4716 1093 4772 memoriam.
1133 4716 1254 4780 Quo
1285 4716 1382 4770 illa
1423 4715 1592 4770 verbo
1621 4723 1903 4788 percepto,
1938 4718 1997 4772 in

392 4807 670 4862 civitatem
702 4806 1046 4877 regrediens,
1099 4805 1431 4878 aegritudine
1476 4823 1588 4877 prae
1633 4805 1994 4862 tribulatione

393 4902 650 4966 correpta
669 4902 771 4950 est.
787 4896 873 4950 Ad
893 4912 1062 4967 quam
1075 4912 1201 4950 cum
1221 4895 1554 4949 visitationis
1576 4912 1743 4950 causa
1755 4896 1992 4951 venisset

395 4985 707 5056 episcopus,
728 4991 786 5039 et
797 4985 934 5056 quid
951 4987 1034 5040 rei
1057 4991 1204 5040 esset
1216 4985 1544 5057 inquireret,
1560 4985 1658 5038 illa
1677 5002 1993 5040 sermonem

394 5074 564 5140 senis,
586 5091 752 5145 quem
781 5075 1043 5130 ultimum
1071 5075 1140 5129 de
1172 5076 1442 5130 memoria
1461 5075 1547 5129 sui
1572 5075 1807 5142 dixerat,
1834 5092 1993 5129 enar-

395 5163 559 5230 ravit,
594 5179 658 5218 ac
678 5170 974 5235 propterea
1001 5181 1060 5219 se
1081 5165 1220 5219 velle
1249 5165 1394 5219 mori
1421 5181 1533 5237 prie
1560 5165 1796 5219 tristitia
1822 5166 1992 5220 conli-

392 5259 574 5320 tetur,‘
598 5253 700 5308 sed
733 5252 1022 5323 episcopus
1049 5254 1150 5308 tali
1182 5271 1306 5309 eam
1338 5255 1657 5310 consolatur
1697 5255 1942 5326 alloquio
1977 5274 1987 5308 :

395 5344 663 5416 Nunquid
689 5341 869 5397 nescis
895 5347 951 5396 te
971 5359 1091 5397 esse
1121 5345 1452 5398 mulierem?
1473 5345 1542 5398 Et
1561 5344 1694 5416 quia
1722 5361 1823 5415 per
1837 5344 1993 5400 femi-

396 5451 528 5490 nam
544 5432 956 5490 soletinimicus
969 5432 1253 5486 hominem
1267 5434 1618 5506 impugnare,
1635 5435 1760 5489 ideo
1777 5436 1993 5491 vultum

396 5531 557 5583 tuum
587 5525 656 5584 de
685 5523 850 5584 corde
881 5539 983 5580 suo
1005 5523 1193 5584 delere
1221 5522 1379 5578 dixit.
1404 5526 1547 5579 Nam
1567 5540 1670 5598 pro
1687 5527 1876 5582 anima
1893 5534 1993 5584 tua

2009 4408 2061 4468 D

2080 4451 2510 4523 cogitationibus
2540 4452 2780 4524 propriis
2806 4451 3112 4510 colluctari.
3136 4450 3325 4504 dicens
3351 4466 3360 4498 :
3389 4447 3542 4500 Putas
3558 4439 3632 4491 be-

2080 4542 2290 4596 nedixit
2320 4541 2456 4594 mihi
2484 4558 2651 4595 senex
2681 4558 2750 4595 an
2774 4541 2931 4595 non?
2962 4541 3278 4610 Exsurgens
3301 4553 3426 4607 ergo
3459 4533 3629 4586 iterum

2080 4631 2231 4686 venit
2259 4631 2327 4684 ad
2358 4647 2568 4694 senem,
2601 4647 2806 4701 rogans
2845 4635 2901 4684 et
2930 4629 3121 4683 dicens
3157 4645 3169 4679 :
3215 4629 3444 4697 Propter
3480 4621 3629 4674 Deum

2078 4721 2167 4776 dic
2196 4720 2334 4774 mihi
2361 4721 2671 4786 veritatem,
2705 4719 2836 4790 quia
2862 4717 3164 4773 conturbor
3189 4735 3222 4772 a
3242 4707 3628 4786 cogitationibus

2078 4811 2237 4877 meis,
2288 4815 2514 4881 propter
2559 4809 2686 4863 illos
2723 4809 2864 4863 duos
2906 4808 3132 4862 solidos.
3172 4807 3310 4860 Dicit
3344 4802 3421 4857 illi
3459 4808 3624 4854 senex:

2078 4900 2222 4964 Quia
2249 4900 2364 4953 vidi
2392 4898 2792 4968 cogitationem
2814 4904 2972 4952 tuam
2990 4896 3268 4951 volentem
3290 4893 3514 4948 retinere
3530 4900 3622 4944 θοεν

2075 4989 2189 5044 dixi
2217 4987 2318 5042 tibi
2348 4994 2411 5043 ut
2441 4988 2729 5050 retineres,
2765 5003 2897 5040 nam
2933 5002 3045 5040 non
3083 4992 3169 5039 est
3221 4985 3422 5038 bonum
3464 4983 3624 5031 tenere

2073 5079 2199 5150 plus
2218 5095 2385 5150 quam
2413 5093 2638 5132 necesse
2668 5082 2753 5131 est
2776 5075 3013 5147 corpori.
3039 5075 3160 5129 Duo
3181 5089 3312 5144 ergo
3341 5066 3488 5124 solidi
3515 5064 3622 5116 sunt

2073 5185 2199 5240 spes
2225 5173 2351 5235 tua;
2384 5173 2440 5220 et
2468 5167 2515 5221 si
2544 5167 2843 5236 contigerit
2873 5171 2937 5218 ut
2954 5171 3201 5236 pereant,
3237 5156 3474 5230 nunquid
3499 5153 3619 5206 Deus

2073 5275 2186 5313 non
2209 5258 2418 5329 cogitat
2446 5256 2514 5310 de
2542 5253 2740 5311 nobis?
2761 5257 2789 5310 J
2794 5261 2918 5309 acta
2943 5270 3075 5326 ergo
3096 5251 3472 5324 cogitationem
3490 5248 3616 5296 tuam

2073 5364 2242 5420 super
2270 5348 2466 5412 Deum,
2501 5347 2767 5417 quoniam
2794 5345 2901 5418 ipsi
2927 5361 3063 5399 cura
3104 5349 3190 5398 est
3215 5342 3280 5395 de
3307 5337 3470 5394 nobis.

2146 5437 2232 5494 70.
2265 5437 2505 5502 Quidam
2529 5437 2930 5491 monachorum
2952 5434 3220 5505 Serapion
3239 5433 3445 5484 tantum
3474 5422 3615 5476 Evan-

2077 5527 2286 5602 gelium
2315 5526 2624 5599 possidens,
2648 5524 2898 5580 vendidit
2916 5524 3074 5593 illud,
3103 5529 3160 5578 et
3182 5513 3520 5576 esurientibus
3536 5507 3610 5560 de-
