3966 6184
359 250 462 307 7‘73
1669 252 1909 316 VERBA
1945 248 2340 316 SENIORUM.
3529 258 3630 314 77/1

349 375 456 443 dit,
479 374 714 446 dignum:
743 375 1028 442 memoriae
1041 391 1360 436 sermonem
1371 375 1620 440 imitans:
1643 378 1952 450 Ipsum,in-
1965 381 2015 444 A
2031 383 2274 448 quatuor
2286 373 2484 432 modos
2504 373 2696 434 habet:
2714 373 2968 434 Primum
2979 393 3046 431 ex
3056 378 3554 448 corde,secundum
3565 400 3632 440 ex

267 515 274 520 .
346 464 496 536 quit,
529 464 761 530 verbum
781 465 1112 530 venundavi,
1133 465 1281 536 quod
1303 465 1440 520 mihi
1461 483 1684 539 semper
1698 467 1943 524 dicebat:
2033 466 2190 532 facie,
2223 467 2454 522 tertium
2485 481 2550 520 ex
2573 465 2784 537 lingua,
2818 471 3083 538 quartum
3121 485 3188 524 ex
3214 469 3377 525 facto.
3412 471 3470 527 Si
3497 490 3630 548 ergo

346 554 545 609 Vende
564 571 686 627 quae
697 555 967 626 possides,
993 560 1051 608 et
1077 555 1150 608 da
1163 555 1500 626 pauperibus
1523 559 1748 625 (Pelag.,
1777 560 1944 613 libell.
2031 555 2279 625 potuerit
2289 555 2412 628 quis
2429 555 2509 611 ita
2524 561 2748 626 portare
2764 556 2995 623 malum,
3029 563 3093 613 ut
3113 575 3183 614 ne
3203 559 3556 631 ingrediatur
3569 563 3629 619 in

345 657 421 710 vr,
458 661 617 699 num.
653 643 728 704 5).
2031 659 2145 710 cor,
2180 662 2291 700 non
2313 645 2562 716 pervenit
2584 662 2760 716 usque
2781 646 2850 700 ad
2870 647 3066 702 faciem
3092 667 3103 701 :
3135 649 3385 706 siautem
3412 654 3630 708 venerit

417 731 478 788 7i
496 774 508 786 .
539 734 682 790 Cum
709 733 942 804 quidam
955 733 1037 789 vir
1049 738 1278 804 rogaret
1294 732 1554 791 abbatem
1573 735 1944 806 Agathonem,
2028 731 2086 784 in
2100 731 2327 801 faciem,
2352 733 2629 788 custodiat
2649 733 2898 804 linguam
2911 751 2980 789 ne
3001 736 3266 807 loquatur
3283 739 3442 794 illud.
3468 741 3629 805 Quod

341 827 411 877 ut
453 822 751 893 pecuniam
791 822 944 878 illius
980 823 1288 893 susciperet
1334 823 1392 876 in
1429 825 1658 895 propria
1708 826 1944 893 ratione,
2029 820 2077 874 si
2097 821 2316 878 locutus
2340 823 2530 889 fuerit,
2544 823 2627 877 vel
2649 823 2753 877 hoc
2767 825 3046 879 custodiat
3065 843 3134 880 ne
3155 828 3354 883 reddat
3368 829 3427 884 in
3455 830 3622 897 facto,

339 910 574 966 nolebat
595 911 707 976 ille,
732 911 924 967 dicens
943 930 958 966 ε
975 913 1104 967 Non
1116 917 1202 968 est
1217 928 1442 967 necesse
1454 913 1612 981 mihi,
1627 915 1760 985 quia
1777 932 1948 987 opera
2029 911 2126 965 sed
2143 928 2270 965 mox
2289 912 2556 966 dimittat.
2576 912 2710 966 Tres
2731 912 2882 966 enim
2894 915 3106 984 gradus
3116 915 3408 972 hominum
3421 925 3554 974 sunt
3565 920 3623 974 in

338 1014 618 1054 manuum
676 1017 931 1055 mearum
976 1016 1068 1054 me
1106 1005 1346 1070 pascunt
1395 1003 1616 1068 (Pelag.,
1665 1005 1832 1058 libell.
1871 1019 1940 1070 v1,
2025 1000 2412 1069 passioneiraa.
2432 1002 2573 1055 Nam
2599 1001 2688 1056 cui
2712 1002 3270 1060 voluntarienocetur
3298 1012 3355 1062 et
3384 1008 3622 1079 injuria-

339 1086 676 1152 n.17).Cum
698 1093 888 1152 autem
907 1088 1002 1143 ille
1019 1087 1326 1158 persistens
1341 1088 1575 1144 diceret:
1595 1089 1696 1144 Vel
1716 1097 1945 1162 propter
2027 1096 2136 1154 tur,
2175 1094 2230 1143 et
2266 1089 2447 1160 parcit
2474 1089 2725 1160 proximo
2765 1091 2991 1157 suo,hic
3018 1094 3326 1152 secundum
3359 1104 3622 1158 naturam

335 1172 658 1246 indigentes
681 1177 914 1246 dignare
933 1175 1235 1247 suscipere,
1261 1177 1577 1248 respondit:
1613 1179 1828 1250 Duplex
1855 1198 1943 1235 ve-
2026 1176 2235 1232 Christi
2265 1183 2369 1234 est.
2403 1179 2509 1243 Qui
2539 1185 2728 1234 autem
2753 1196 2866 1234 non
2887 1180 3056 1248 lmdit,
3083 1199 3186 1238 nec
3214 1183 3340 1239 laedi
3367 1188 3505 1254 vult,
3530 1189 3622 1243 hic

333 1268 611 1328 recundia
637 1274 741 1335 est,
774 1270 908 1341 quia
948 1287 1061 1325 non
1092 1269 1350 1341 indigens
1377 1271 1639 1342 suscipio,
1673 1278 1732 1330 et
1757 1273 1942 1334 aliena
2021 1266 2332 1324 secundum
2360 1275 2621 1324 naturam
2650 1269 2831 1324 Adam
2861 1275 2962 1324 est.
2997 1271 3104 1335 Qui
3151 1289 3281 1327 vero
3316 1280 3480 1330 nocet
3523 1283 3623 1333 aut

333 1365 630 1428 prastans,
653 1375 808 1414 vanae
833 1359 1026 1430 glorise
1058 1358 1380 1430 subjacebo.
2020 1354 2343 1426 injuriatur,
2357 1362 2458 1412 aut
2480 1357 2820 1412 calumniam
2840 1358 3066 1430 ingerit,
3080 1367 3181 1416 aut
3203 1379 3404 1419 usuras
3427 1365 3616 1436 exigit,

409 1447 499 1504 72.
529 1448 760 1504 Dicebat
779 1449 954 1507 abbas
972 1450 1182 1506 Paulus
1213 1465 1226 1499 :
1258 1450 1317 1512 Si
1337 1450 1555 1522 aliquas
1582 1469 1672 1508 res
1699 1454 1940 1510 voluerit
2021 1443 2112 1498 hic
2147 1446 2454 1502 secundum
2494 1445 2778 1501 diabOIIIm
2804 1453 2908 1502 est-

332 1537 646 1594 monachus
665 1538 724 1592 in
745 1539 888 1594 cella
904 1555 1010 1594 sua
1027 1537 1463 1610 habere,praeter
1477 1557 1574 1596 eas
1588 1542 1713 1597 sine
1731 1543 1935 1614 quibus
2091 1531 2176 1589 77.
2207 1534 2448 1599 Quidam
2473 1552 2538 1588 ex
2565 1535 2831 1592 fratribus
2859 1553 3056 1607 passus
3089 1536 3159 1593 ab
3184 1539 3294 1595 alio
3324 1541 3614 1614 injuriam,

329 1641 447 1685 non
477 1632 664 1697 potest
708 1627 913 1694 vivere,
949 1628 1273 1700 frequenter
1310 1629 1529 1700 cogitur
1557 1631 1626 1687 de
1655 1634 1796 1688 cella
1832 1653 1999 1717 3113B
2017 1622 2256 1717 venitad
2277 1622 2539 1717 abbatem
2560 1624 2802 1679 Sisoium
2837 1627 3058 1717 (Ρειαρη
3085 1630 3256 1684 ιίὺειι.
3281 1645 3396 1698 XVI,
3424 1649 3482 1687 η.
3508 1633 3575 1688 10
3599 1654 3612 1702 ;

330 1717 548 1787 egredi,
569 1722 629 1772 et
650 1717 732 1772 ita
761 1733 794 1772 a
821 1717 1075 1774 daemone
1093 1718 1374 1789 decipitur
1391 1721 1672 1787 (Pasch,c.
1697 1721 1749 1789 2,
1776 1740 1833 1778 η.
1855 1724 1897 1795 2]

2013 1713 2226 1779 Pasch,
2259 1731 2304 1767 c.
2341 1715 2391 1780 7,
2427 1731 2484 1768 η.
2521 1714 2591 1782 1),
2633 1720 2692 1768 et
2713 1715 3066 1771 contumeliae
3101 1733 3280 1788 genus
3309 1735 3610 1792 exponens,

330 1805 468 1862 Hec.
494 1812 685 1864 autem
715 1807 836 1878 ipse
864 1806 1072 1861 Paulus
1091 1806 1394 1862 observans
1409 1807 1467 1863 in
1485 1825 1600 1865 una
1623 1811 1932 1885 quadrage-
2013 1800 2257 1856 addebat
2291 1821 2301 1855 :
2327 1801 2504 1875 Cupio
2536 1819 2626 1858 me
2662 1803 2963 1871 vindicare,
2990 1803 3175 1860 Pater.
3216 1807 3395 1865 Senex
3421 1817 3613 1870 autem

328 1893 498 1958 sima,
512 1911 640 1950 cum
667 1895 916 1950 sextario
936 1895 1214 1951 lenticulae
1243 1901 1300 1950 et
1326 1913 1495 1968 parvo
1515 1915 1674 1971 aquae
1706 1902 1929 1956 vasculo
2012 1906 2210 1961 ιὀεδτθ
2231 1908 2359 1947 eum
2390 1893 2576 1964 coepit»
2594 1897 2658 1948 ut
2677 1893 3024 1965 relinqueret
3052 1895 3168 1950 Dee
3193 1896 3520 1956 νίῐιάίοιαω-
3537 1903 3615 1956 At

328 1983 676 2053 perduravit,
692 1990 751 2038 et
763 2001 932 2046 unam
946 1990 1183 2042 mattam
1197 1985 1689 2052 faciens,eamdem
1707 1990 1932 2054 texebat
2013 1979 2107 2034 ille
2125 1980 2309 2051 inquit
2339 1997 2354 2036 :
2387 1982 2515 2037 Non
2545 1982 2834 2048 desistam,
2853 1983 2962 2037 nisi
2991 1983 3211 2040 fortiter
3238 1985 3608 2046 vindicavero.

325 2080 385 2128 et
413 2073 718 2141 retexebat,
750 2091 820 2132 ne
850 2075 1242 2138 tantummodo
1263 2076 1408 2133 foris.
1428 2078 1624 2134 exiret,
2013 2069 2115 2126 Cui
2125 2087 2294 2124 senex
2313 2071 2419 2125 ait:
2445 2072 2732 2137 Quatenus
2753 2072 2926 2127 semel
2942 2072 3044 2127 hoc
3064 2073 3122 2128 in
3137 2073 3326 2131 animo
3339 2078 3607 2146 statuisti,

400 2162 490 2221 73.
535 2164 722 2226 Abbas
770 2165 1049 2221 Macarius
1103 2182 1231 2222 cum
1281 2172 1432 2222 esset
1465 2167 1528 2228 in
1565 2168 1824 2241 Egypto,
1872 2175 1930 2225 et
2009 2158 2094 2212 vel
2125 2176 2275 2214 nunc
2299 2177 2542 2216 oremus.
2568 2161 2884 2232 Exsurgens
2903 2167 3094 2217 autem
3115 2179 3306 2232 senex,
3319 2164 3407 2220 his
3427 2167 3609 2224 verbis

323 2267 588 2322 egressus
611 2253 813 2310 fuisset
831 2254 906 2310 de,
918 2253 1062 2310 cella
1077 2270 1198 2321 sua,
1217 2271 1472 2310 reversus
1505 2255 1718 2312 invenit
1734 2274 1928 2328 quem-
2010 2248 2178 2319 erepit
2199 2265 2361 2304 orare
2394 2269 2405 2304 ε
2436 2251 2736 2321 Deus,jam
2757 2267 2870 2306 non
2899 2267 2958 2306 es
2975 2251 3135 2307 nobis
3152 2255 3519 2323 necessarius,
3544 2265 3609 2315 ut

323 2341 459 2397 dam
486 2341 772 2404 furantem
803 2343 859 2397 id
885 2344 1032 2414 quod
1059 2344 1120 2399 in
1143 2344 1283 2398 cella
1302 2361 1405 2399 sua
1425 2343 1668 2400 habebat
1696 2348 1922 2414 (Pelag.,
2007 2353 2108 2407 pro
2139 2337 2299 2393 nobis
2326 2339 2404 2392 sis
2435 2339 2722 2406 sollicitus,
2766 2340 2899 2410 quia
2934 2357 3035 2395 nos
3072 2347 3262 2409 5'3
3307 2343 3415 2415 ipsi
3460 2345 3607 2400 sicut

322 2431 498 2486 libsu.
526 2445 633 2498 1m,
653 2447 809 2488 nam,
837 2428 903 2498 6;
937 2433 1149 2497 Pasch,
1174 2451 1218 2487 ο,
1246 2431 1298 2498 3,
1322 2449 1378 2487 η,
1407 2433 1473 2502 ι),
1509 2434 1679 2489 Stetit
1706 2451 1839 2505 ergo
1867 2439 1926 2489 et
2005 2425 2180 2481 frater
2199 2427 2305 2481 isto
2327 2427 2481 2494 dicit,
2513 2434 2570 2482 et
2597 2429 2854 2483 volumus
2885 2435 2942 2484 et
2970 2447 3268 2501 possumus
3299 2447 3400 2487 nos
3425 2434 3605 2490 vindi-

319 2517 446 2589 ipee
455 2525 727 2592 tanquam
742 2520 1154 2592 peregrinus,et
1163 2520 1922 2589 carrieavitumammalcum
2005 2529 2152 2570 care.
2175 2515 2334 2580 Quod
2357 2533 2484 2570 cum
2517 2516 2610 2571 ille
2627 2516 2802 2571 frater
2821 2518 3088 2586 audisset,
3105 2524 3237 2574 ante
3253 2520 3424 2591 pedes
3452 2523 3604 2578 senis

318 2605 419 2662 illo
441 2624 572 2662 cum
602 2609 783 2664 multa
796 2609 992 2680 requie
1014 2614 1072 2664 et
1091 2610 1743 2680 perduxiteum,dicens:
1769 2613 1922 2668 Nihil
2004 2602 2211 2659 effusus
2241 2605 2462 2659 veniam
2501 2605 2841 2677 postulabat,
2875 2607 3209 2678 promittens
3251 2625 3312 2664 se
3347 2627 3476 2666 cum
3504 2612 3602 2668 illo

317 2694 377 2758 in
399 2695 550 2751 hunc
567 2697 842 2759 mundum
864 2697 1459 2761 intulimus.Dominus
1470 2698 1920 2767 dedit,Dominus
2004 2693 2095 2747 cui
2122 2692 2469 2754 irascebatur
2488 2711 2776 2766 nunquam
2810 2701 3178 2752 certaturum.

315 2783 572 2852 abstulit,
603 2786 748 2850 sicut
775 2793 834 2841 et
859 2787 982 2858 ipse
1011 2787 1203 2852 voluit,
1236 2787 1318 2841 ita
1345 2787 1555 2848 factum
1584 2794 1670 2844 est
1701 2790 1810 2858 {Job
1844 2791 1910 2859 ι),
2073 2780 2161 2838 78·
2196 2783 2438 2848 Quidam
2464 2783 2656 2852 frater,
2691 2785 2826 2840 dum
2867 2785 2938 2840 ab
2983 2787 3162 2842 altero
3205 2787 3598 2859 injuriaretur,

314 2874 654 2932 Benedictus
673 2875 946 2940 Dominus
975 2876 1035 2932 in
1065 2876 1325 2932 omnibus
1353 2877 1516 2950 (Tim.
1549 2881 1645 2946 v1).
2002 2872 2154 2926 venit
2186 2878 2244 2927 et
2278 2872 2559 2928 nuntiavit
2599 2874 2719 2929 seni
2753 2877 2982 2942 (Pasch,
3029 2893 3074 2930 c.
3110 2876 3159 2942 7,
3196 2893 3356 2932 num.
3389 2877 3464 2945 2).
3497 2879 3602 2936 Cui

390 2964 478 3019 74.
512 2965 753 3029 Quidam
795 2965 968 3030 frater
1012 2967 1240 3023 veniens
1280 2967 1349 3021 ad
1387 2967 1584 3024 cellam
1623 2967 1916 3038 cujusdam
1940 2961 2095 3038 “ille
2116 2962 2686 3032 respondit:Satisfac
2703 2963 3026 3034 cogitationi
3045 2969 3180 3031 tute,
3198 2966 3466 3036 quoniam
3485 2984 3601 3024 non

312 3052 508 3123 magni
535 3053 702 3120 senis,
736 3053 1173 3125 ingrediebatur,
1208 3060 1266 3110 et
1292 3055 1586 3112 iurabatur
1614 3055 1667 3110 ei
1707 3055 1918 3112 victum
1937 3050 1980 3081 υ
1999 3051 2118 3104 vult
2144 3055 2201 3105 te
2231 3050 2407 3106 frater
2433 3051 2711 3122 injuriari,
2765 3053 2863 3107 sed
2902 3058 3132 3124 peccata
3180 3057 3297 3110 tua.
3349 3055 3496 3112 Nam
3539 3057 3600 3112 in

309 3142 536 3209 (Pelag.,
563 3143 731 3197 liba“.
763 3157 876 3210 xvx,
910 3159 965 3197 η.
1013 3143 1112 3210 19;
1156 3145 1365 3210 Pasch,
1395 3161 1441 3199 c.
1487 3142 1540 3210 3,
1571 3161 1629 3199 η.
1663 3143 1739 3214 2).
1773 3146 1916 3200 Cum
1999 3140 2154 3195 omni
2189 3141 2501 3194 tentatione
2550 3157 2672 3212 quae
2716 3141 2820 3196 tibi
2845 3142 3119 3214 contingit
3159 3159 3260 3214 per
3288 3143 3595 3215 hominem,

312 3234 508 3285 autem
527 3230 1055 3298 videretsenex,non
1072 3232 1346 3304 arguebat
1358 3233 1646 3300 illum,sed
1669 3234 1912 3306 amplius
1997 3245 2110 3284 non
2141 3245 2347 3300 arguas
2389 3247 2538 3296 eum.
2570 3230 2667 3285 sed
2699 3232 3091 3286 tantummOdO
3121 3231 3209 3287 dic
3243 3251 3256 3286 ε
3292 3231 3437 3296 Ουὶὃ
3463 3251 3596 3307 pro-

311 3317 673 3389 operabatur,
703 3320 893 3375 dicens
921 3339 931 3374 :
954 3321 1117 3387 Puto,
1133 3323 1309 3376 frater
1330 3322 1423 3378 ille
1443 3322 1790 3380 necessarius
1803 3329 1908 3379 est.
1995 3323 2120 3388 pter
2143 3324 2372 3388 peccata
2400 3335 2526 3372 mea
2553 3319 2889 3390 contingunt
2917 3319 3055 3374 mihi
3084 3319 3222 3376 haec.

311 3405 572 3464 Habebat
593 3413 784 3464 autem
810 3410 1083 3480 grandem
1103 3410 1523 3468 tribulationem
1549 3427 1718 3466 senex
1741 3429 1806 3467 ex
1821 3429 1914 3483 pe-
2068 3407 2154 3462 79.
2203 3406 2436 3462 Dicebat
2471 3407 2794 3478 frequenter
2844 3407 3016 3462 abbas
3058 3409 3289 3465 Pmmen
3319 3427 3330 3464 :
3379 3410 3598 3467 Malitia

308 3496 480 3552 naria
505 3496 684 3568 panis,
716 3498 858 3553 Cum
889 3504 1080 3554 autem
1107 3500 1257 3554 idem
1277 3500 1464 3554 senior
1492 3507 1825 3567 moreretur,
1857 3508 1915 3556 et
1995 3510 2285 3566 nunquam
2304 3501 2360 3550 te
2382 3502 2694 3568 exsuperet.
2712 3496 2907 3568 Siquis
2932 3496 3036 3551 tibi
3056 3498 3270 3554 malum
3293 3497 3505 3566 fecerit,
3531 3505 3595 3556 tu

308 3584 760 3644 circnmdassen't
785 3603 918 3643 eum
947 3588 1167 3655 fratres,
1190 3588 1285 3642 ille
1309 3589 1503 3644 videns
1523 3606 1654 3644 eum
1680 3590 1912 3646 fratrem
1995 3583 2075 3637 illi
2105 3583 2315 3639 bonum
2337 3584 2528 3650 redde,
2551 3591 2618 3640 ut
2645 3602 2746 3657 per
2782 3585 2995 3641 bonum
3022 3586 3206 3642 vincas
3236 3588 3449 3643 malum
3477 3590 3594 3662 (Pc-

311 3675 414 3745 qui
442 3674 658 3732 solebat
678 3675 855 3732 furari
887 3676 938 3731 ei
961 3693 1168 3748 panem
1187 3694 1372 3742 suum,
1403 3677 1540 3741 dicit
1565 3678 1618 3733 ei
1649 3697 1660 3732 :
1697 3679 1913 3736 Accede
1995 3676 2129 3742 lag.,
2164 3675 2332 3728 libell.
2365 3691 2416 3739 x,
2452 3690 2510 3728 η.
2542 3673 2642 3742 53;
2675 3676 2888 3738 Pasch,
2921 3693 2968 3731 ο.
2992 3673 3045 3743 7,
3074 3692 3234 3734 num.
3265 3679 3342 3747 3).

309 3763 424 3827 hnc
449 3763 524 3818 ad
548 3782 658 3832 me,
702 3765 908 3834 frater;
940 3772 998 3822 et
1025 3766 1396 3838 apprehendit
1422 3783 1652 3828 manum
1683 3768 1824 3839 ejus,
1857 3772 1914 3822 et
2063 3759 2153 3818 80.
2182 3761 2422 3825 Quidam
2451 3761 2646 3830 frater,
2678 3769 2888 3835 quanto
2918 3765 3042 3836 plus
3066 3766 3412 3838 eumaliquis
3440 3767 3592 3840 inju-

308 3853 600 3910 osculatus
618 3860 724 3922 est,
741 3855 931 3914 dicens
954 3875 965 3910 ;
987 3856 1212 3912 Gratias
1232 3873 1338 3927 ago
1360 3856 1780 3923 manibusistis,
1805 3856 1914 3912 fra-
1994 3849 2250 3906 riabatur
2291 3857 2390 3907 aut
2427 3852 2718 3908 deridebat
2779 3856 3002 3924 (Pelag.,
3050 3857 3219 3911 libell.
3251 3872 3358 3923 xvr,
3392 3873 3449 3911 n.
3486 3856 3589 3927 1‘2;

307 3947 448 4010 tres,
488 3943 621 4015 quia
647 3944 1218 4016 pereasarbitrorme
1236 3945 1450 4000 intrare
1478 3945 1783 4015 iuregnum
1805 3962 1911 4000 coe-
1991 3941 2206 4008 Pasch,
2237 3957 2289 3999 c.
2330 3943 2382 4008 7,
2406 3958 2464 3996 η.
2496 3943 2569 4010 4),
2596 3947 2753 3998 tanto
2781 3943 2906 4014 plus
2925 3943 3019 3998 ille
3043 3944 3584 4014 gaudebat,dicens:

305 4031 516 4088 lorum.
531 4033 631 4088 Ille
651 4039 841 4089 autem
861 4039 1228 4106 compunctus
1245 4035 1314 4089 de
1335 4035 1440 4089 hoc
1458 4033 1645 4102 verbo,
1663 4040 1722 4089 et
1737 4051 1909 4106 agens
1991 4029 2090 4084 Isti
2111 4036 2242 4085 sunt
2259 4031 2354 4101 qui
2369 4031 2531 4086 nobis
2555 4032 2900 4086 occasionem
2922 4033 3174 4104 praebent
3191 4035 3261 4089 ad
3280 4035 3592 4106 profectum

304 4121 721 4192 pcenitentiam,
754 4122 934 4179 factus
963 4131 1050 4178 est
1072 4124 1193 4195 ipse
1211 4128 1476 4180 strenuus
1504 4124 1811 4180 monachus
1841 4141 1906 4179 ex
1990 4123 2244 4173 nostrum
2269 4138 2282 4186 ;
2308 4120 2403 4190 qui
2428 4127 2618 4174 autem
2633 4120 2955 4175 beatiﬁcant
2974 4138 3096 4187 nos,
3119 4122 3458 4178 conturbant
3473 4124 3587 4179 ani-

302 4209 528 4266 actibus
551 4211 702 4270 senis
728 4228 867 4283 quos
889 4213 1047 4268 vidit.
1988 4223 2109 4261 mas
2139 4214 2380 4263 nostras.
2415 4209 2698 4280 Scriptum
2727 4215 2815 4263 est
2843 4210 2994 4263 enim
3025 4228 3036 4263 :
3082 4211 3360 4274 Quoniam
3402 4212 3462 4268 hi
3493 4215 3589 4285 qui

378 4298 474 4356 75.
491 4299 678 4356 Abbas
695 4303 955 4372 Agathon
974 4301 1336 4374 dispensabat,
1349 4302 1735 4375 semetipsum,
1772 4303 1903 4358 etin
1985 4295 2309 4354 beatificant
2328 4314 2442 4363 vos,
2475 4297 2762 4368 decipiunt
2790 4313 2886 4350 vos
2915 4299 3098 4366 (Isaia:
3116 4300 3226 4367 ΙΙΙ).

301 4388 569 4446 omnibus
595 4407 723 4448 cum
750 4391 1084 4447 discretione
1113 4391 1376 4463 pollebat,
1387 4398 1504 4446 tam
1525 4393 1585 4447 in
1604 4408 1773 4464 opere
1785 4379 1970 4448 mei-.1)
2051 4382 2141 4441 8|.
2157 4386 2317 4441 Alter
2343 4401 2530 4452 senex,
2561 4386 2610 4440 si
2637 4385 2764 4456 quis
2781 4385 3115 4442 detraxisset
3139 4387 3210 4455 ei,
3229 4386 3322 4442 ille
3351 4387 3585 4445 festina-

298 4494 485 4542 nuum
507 4497 738 4536 suarum
753 4497 923 4552 quam
942 4481 1002 4536 in
1024 4481 1622 4537 vestimento,Talibus
1643 4481 1794 4537 enim
1814 4499 1902 4537 ve-
1982 4472 2080 4528 bat
2102 4475 2175 4542 (si
2201 4475 2412 4530 vicinus
2441 4475 2493 4530 ei
2524 4479 2661 4545 erat)
2711 4492 2812 4547 per
2847 4476 3096 4548 seipsum
3124 4477 3267 4532 bene
3304 4477 3465 4533 illum
3492 4495 3585 4536 re-

298 4567 486 4622 stibus
509 4569 788 4636 utebatur,
821 4575 886 4638 ut
904 4586 1008 4626 nec
1036 4570 1174 4627 satis
1200 4570 1377 4638 bonae,
1413 4586 1516 4628 nec
1559 4570 1697 4626 satis
1737 4572 1901 4627 male;
1981 4565 2303 4620 munerari:
2339 4563 2486 4636 quod
2527 4565 2576 4620 si
2596 4565 2821 4637 longius
2851 4566 3134 4635 manebat,
3162 4567 3584 4626 transmittebat

296 4657 566 4728 cuiquam
595 4664 952 4730 apparerent.
1983 4655 2032 4708 ei
2061 4671 2298 4709 munera
2328 4657 2556 4726 (Pasch,
2585 4674 2637 4714 c.
2679 4656 2729 4723 7,
2758 4672 2816 4711 η.
2839 4656 2916 4726 5).

377 4746 464 4801 76.
495 4745 653 4802 Dixit
671 4747 904 4818 quidam
931 4764 1099 4804 senex
1133 4767 1145 4802 :
1178 4749 1270 4804 Ira
1297 4764 1398 4820 per
1424 4749 1526 4804 has
1545 4755 1786 4820 quatuor
1807 4765 1900 4804 res

295 4837 590 4907 exsurgit:
622 4853 724 4908 per
753 4837 1116 4908 cupiditatem
1151 4837 1418 4904 avaritiae,
1442 4837 1626 4893 dando
1668 4843 1726 4892 et
1751 4838 1898 4893 acci-

294 4925 506 4998 piendo
523 4945 536 4994 ;
555 4931 611 4981 et
628 4925 676 4982 si
697 4927 822 4996 quis
835 4926 1118 4997 propriam
1133 4926 1475 4984 sententiam
1492 4943 1581 4981 am
1589 4931 1782 4991 ans,ut
1795 4943 1898 4980 nec

293 5015 440 5070 satis
452 5013 600 5078 bona
611 5031 714 5070 nec
730 5015 867 5071 satis
891 5015 1038 5074 mala
1051 5016 1309 5087 cuiquam
1324 5015 1895 5088 appareat,defendat;

291 5111 359 5160 et
380 5105 428 5159 si
449 5105 577 5176 quis
589 5105 708 5160 vult
718 5121 779 5159 se
793 5104 1098 5162 honoribus
1108 5105 1399 5160 sublimari
1417 5125 1430 5172 ;
1453 5111 1510 5160 et
1522 5105 1569 5160 si
1590 5104 1716 5175 quis
1736 5121 1795 5158 se
1806 5105 1900 5159 do-

289 5199 510 5257 ctorem
535 5210 658 5249 esse
685 5194 852 5262 velit,
871 5199 932 5248 et
953 5195 1080 5266 plus
1099 5192 1359 5250 omnibus
1380 5193 1691 5265 sapientem
1707 5199 1899 5265 sperat

292 5281 580 5353 (Pasch,c.
595 5281 716 5349 6,n.
739 5284 812 5355 1).
825 5284 918 5340 Ira
931 5284 1104 5338 etiam
1122 5283 1350 5356 μευ-1),ωο
1367 5289 1609 5355 quatuor
1618 5283 1897 5340 humanos

288 5387 496 5436 sensus
521 5371 785 5430 obscurat
815 5395 828 5428 :
861 5373 921 5429 Si
941 5373 1068 5429 odio
1097 5372 1368 5438 habuerit.
1384 5373 1552 5430 homo
1579 5372 1896 5444 proximum

286 5463 644 5529 suum,autsi
654 5463 736 5522 illi
752 5462 1033 5530 inviderit,
1047 5469 1146 5532 aut
1158 5463 1206 5518 si
1219 5479 1321 5536 pro
1332 5461 1509 5520 nihilo
1531 5462 1772 5527 duxerit,
1797 5468 1898 5529 aut

287 5549 344 5606 si
357 5550 675 5619 detraxerit
686 5551 912 5616 eineo
921 5556 1113 5618 autem
1123 5551 1397 5625 passionis
1411 5551 1581 5624 hujus
1601 5550 1897 5618 retributio

2050 4741 2139 4796 82.
2168 4741 2408 4808 Quidam
2435 4745 2608 4798 frater
2636 4743 2872 4815 rogabat
2893 4743 3153 4801 abbatem
3195 4743 3459 4816 Sisoium,
3492 4745 3583 4805 di-

1979 4847 2111 4886 cens
2145 4850 2155 4885 :
2193 4833 2251 4887 Si
2296 4833 2542 4888 latrones
2577 4838 2676 4889 aut
2710 4832 2935 4890 barbari
2962 4850 3130 4906 super
3166 4851 3256 4890 me
3285 4835 3576 4907 irruerint,

1982 4921 2232 4976 occidere
2254 4939 2343 4976 me
2374 4923 2643 4989 volentes,
2685 4928 2742 4977 et
2767 4940 2870 4994 ego
2899 4922 2947 4978 si
2983 4925 3290 4995 pravalere
3317 4932 3575 4998 potuero,

1975 5009 2140 5081 jubes
2171 5011 2420 5066 occidam
2450 5011 2582 5066 eos?
2626 5011 2729 5066 Cui
2783 5012 2876 5066 ille
2905 5013 3195 5084 respondit
3229 5033 3242 5069 :
3276 5015 3360 5070 Ne
3405 5015 3578 5074 facias

1981 5099 2209 5154 omnino
2235 5120 2249 5167 ;
2276 5100 2373 5156 sed
2393 5105 2575 5155 totum
2590 5101 2706 5156 Deo
2727 5106 2784 5155 te
2799 5102 3104 5158 committe.
3128 5103 3410 5177 Quidquid
3426 5107 3577 5162 enim

1979 5189 2081 5243 tibi
2098 5189 2314 5244 adversi
2333 5190 2646 5261 contigerit,
2671 5191 2934 5262 proﬁtere
2953 5191 3058 5246 hoc
3077 5191 3180 5247 tibi
3207 5201 3436 5267 prapter
3448 5213 3577 5268 pec-

1979 5283 2104 5334 cata
2131 5284 2231 5334 tua
2250 5279 2460 5346 venire,
2479 5279 2678 5334 divina;
2706 5279 2857 5335 enim
2877 5280 3279 5353 dispensationi
3308 5283 3478 5342 debes
3494 5290 3580 5342 to-

1978 5374 2102 5424 tum
2127 5366 2424 5422 ascribere.

2048 5457 2136 5514 83.
2178 5459 2314 5514 Erat
2339 5457 2568 5530 quidam
2598 5459 2836 5515 eremita
2865 5477 3122 5534 magnus,
3172 5461 3230 5518 in
3257 5465 3448 5518 monte
3478 5464 3574 5536 qui

1977 5549 2184 5606 dicitur
2210 5547 2524 5620 Athlibeus,
2558 5554 2617 5606 et
2653 5557 2926 5609 venerunt
2958 5569 3127 5632 super
3164 5567 3295 5616 eum
3327 5551 3574 5616 latrones
