3966 6184
521 291 624 349 775

1652 285 1744 340 DE
1770 285 1958 341 VITIS
1999 281 2294 338 PATRUM
2333 283 2544 339 LIBER
2582 285 2681 340 III.

3625 301 3701 356 776

519 420 752 488 (Pasch.,
776 435 819 474 ε.
843 415 896 482 8,
926 433 982 469 n.
1013 413 1089 482 2).
1123 415 1263 468 Cum
1302 417 1491 467 autem
1516 412 1609 466 ille
1652 428 1840 466 vocem
1873 410 2178 475 fecisset,A
2200 410 2450 480 quamvis
2475 410 2678 466 habeat
2707 412 3022 482 ingressum
3045 421 3426 488 ornatum,per
3445 422 3635 490 posticis
3647 431 3706 478 ta.

521 509 590 562 de
609 509 799 562 vicinis
817 505 950 559 locis
970 504 1171 556 fratres
1191 502 1286 556 alii
1307 503 1654 556 confluentes
1673 500 2115 572 comprehende-

517 603 651 652 runt
689 613 800 649 eos.
825 595 975 658 Quos
993 592 1354 646 transmissos
1376 591 1432 644 in
1452 591 1732 645 civitatem
1762 590 1934 660 judex
1964 588 2117 642 misit

519 687 575 740 in
607 701 903 739 carcerem.
931 683 1153 736 Fratres
1175 698 1307 750 ergo
1337 681 1417 734 illi
1441 680 1624 734 Incesti
1645 680 1772 734 facti
1805 684 1956 745 sunt,
1983 679 2114 748 quia

516 780 745 846 propter
781 773 932 843 ipsos
974 773 1221 824 latrones
1249 770 1440 823 traditi
1472 775 1659 823 essent
1692 768 1902 839 judici;
1937 773 1993 821 et
2025 784 2114 819 ve-

516 864 734 917 nientes
755 862 824 915 ad
848 860 1108 915 abbatem
1131 861 1470 924 Pmmenem,
1489 859 1953 912 renuntiaverunt
1964 857 2014 909 ei
2037 855 2113 909 fa-

513 958 662 1006 ctum
675 952 798 1015 .Qui
814 949 1037 1020 scripsit
1048 949 1117 1002 ad
1134 948 1444 1012 eremitam,
1471 948 1662 1001 dicens
1681 967 1690 1001 :
1713 947 2109 1011 Reminiscere,

512 1041 698 1112 prima
711 1039 954 1110 proditio
974 1039 1122 1093 unde
1144 1037 1289 1091 facta
1317 1038 1438 1091 est?
1453 1043 1508 1091 et
1531 1043 1666 1091 tunc
1679 1035 1889 1090 videbis
1919 1052 2112 1089 secun-

512 1130 663 1184 dam.
688 1129 808 1184 Nisi
823 1129 972 1182 enim
993 1127 1247 1199 proditus
1267 1127 1464 1180 fuisses
1494 1125 1563 1180 ab
1587 1125 1950 1180 interioribus
1973 1124 2106 1191 tuis,

511 1218 816 1274 secundam
846 1217 1220 1289 proditionem
1247 1232 1533 1286 nunquam
1554 1221 1952 1286 perpetrasses.
1989 1213 2110 1277 Quo

510 1308 606 1362 ille
637 1324 895 1363 sermone
913 1324 1038 1361 cum
1059 1311 1424 1377 compunctus
1451 1311 1616 1369 esset,
1637 1305 1695 1359 in
1715 1305 1868 1359 omni
1894 1304 1991 1357 illa
2020 1320 2111 1356 re-

511 1399 678 1469 gione
705 1397 1044 1462 nominatus,
1063 1401 1120 1449 et
1134 1413 1235 1468 per
1263 1396 1503 1449 multum
1528 1400 1751 1465 tempus
1768 1410 1880 1448 non
1899 1393 2106 1458 exiens,

512 1488 757 1542 surrexit
775 1487 967 1541 statim
987 1491 1044 1538 et
1058 1485 1281 1538 venitin
1304 1485 1612 1549 civitatem,
1635 1489 1692 1538 et
1721 1483 2005 1537 excutiens
2035 1482 2113 1535 la-

514 1582 704 1632 trones
733 1576 952 1648 publice
981 1576 1050 1629 de
1071 1591 1312 1641 carcere,
1340 1574 1595 1628 liberavit
1624 1591 1718 1627 eos
1743 1573 2108 1628 atormentis.

584 1666 672 1720 84.
745 1664 1054 1733 Cujusdam
1110 1663 1424 1734 philosophi
1487 1663 1795 1734 discipulus
1865 1663 2112 1733 peccavit

2198 515 2327 552 men
2375 517 2409 553 a
2444 501 2756 556 latronibus
2815 509 3171 572 eXpugnatur
3205 507 3410 574 (Pelag.,
3442 511 3582 564 li'bell.
3616 527 3704 580 VIII,

2199 607 2258 644 η.
2301 589 2372 656 2).

2269 680 2354 733 89.
2391 680 2628 744 Quidam
2677 682 2850 738 frater
2879 685 3169 755 requisivit
3209 683 3447 738 abbatem
3475 688 3617 746 Isaac.
3645 691 3709 743 di-

2198 785 2328 821 cens
2355 785 2367 822 :
2403 769 2578 837 Abba,
2613 789 2786 842 quare
2833 781 2889 826 te
2928 774 3008 827 ita
3038 775 3310 828 daemones
3329 775 3511 829 timent
3537 781 3709 846 (Pelag,

2196 855 2389 919 libell.,
2427 872 2582 908 num.
2605 856 2695 924 2‘2,
2726 861 2948 912 nomine
2976 858 3228 928 lsz'dorz')?
3256 859 3533 930 Respondit
3552 878 3708 917 senex:

2197 941 2272 995 Ex
2313 959 2422 1013 quo
2455 943 2630 998 factus
2679 963 2803 999 sum
2851 948 3175 1014 monachus.
3210 948 3376 1000 statui
3409 950 3538 1018 apud
3570 967 3640 1004 me
3667 963 3712 1006 ut

2196 1031 2484 1085 iracundia
2514 1050 2640 1087 mea
2668 1034 2802 1089 foris
2847 1042 3045 1106 guttur
3075 1053 3260 1089 meum
3289 1053 3390 1089 non
3417 1040 3710 1106 procederet:

2194 1127 2408 1187 514;
2443 1127 2498 1175 et
2527 1123 2650 1176 ideo
2681 1124 2886 1177 timent
2917 1142 3006 1178 me
3038 1125 3337 1178 daemones.

2265 1208 2353 1266 90.
2389 1212 2529 1265 Cum
2555 1213 2799 1266 venisset
2819 1215 3046 1284 quidam
3070 1215 3138 1268 de
3169 1213 3411 1285 patribus
3431 1216 3493 1268 ad
3513 1216 3718 1272 abbatem

2192 1299 2469 1354 Achillam
2488 1302 2713 1370 (Pelag.,
2749 1305 2917 1357 (ibe-ll.
2949 1319 3019 1368 IV,
3056 1321 3094 1356 η
3147 1303 3219 1369 9),
3246 1303 3377 1356 vidit
3406 1320 3520 1357 eum
3548 1308 3720 1374 sangui-

2193 1406 2320 1442 nem
2352 1396 2733 1460 exspuentem,
2753 1398 2809 1445 et
2829 1393 3121 1462 requisivit
3142 1392 3273 1462 quid
3297 1393 3395 1444 hoc
3411 1400 3541 1446 esset
3571 1396 3629 1447 At
3650 1397 3719 1449 ille

2192 1480 2480 1550 respondit
2503 1499 2512 1532 :
2534 1481 2730 1535 Sermo
2751 1487 2873 1535 erat
2900 1481 3088 1535 fratris
3109 1481 3203 1553 qui
3225 1498 3312 1534 me
3339 1483 3715 1546 contristaverat,

2193 1575 2249 1623 et
2269 1571 2574 1641 repugnavi
2598 1577 2662 1625 ut
2687 1588 2798 1624 non
2828 1572 2987 1624 illum
3008 1572 3271 1634 dicerem,
3288 1572 3378 1625 sed
3399 1573 3548 1642 petivi
3571 1574 3717 1627 Domi-

2192 1676 2347 1723 num,
2379 1666 2443 1714 ut
2467 1661 2690 1714 tolleret
2709 1678 2742 1713 a
2770 1678 2878 1718 me.
2913 1667 2971 1715 et
2999 1662 3177 1715 factus
3208 1667 3292 1714 est
3318 1662 3406 1714 ille
3434 1679 3594 1715 sermo
3619 1679 3716 1716 san-

511 1759 786 1825 (Joannes,
829 1757 996 1808 libell.
1040 1754 1091 1819 4,
1126 1771 1190 1811 η,
1243 1752 1319 1814 121
1351 1772 1362 1818 ;
1405 1758 1462 1806 et
1498 1770 1625 1806 cum
1670 1752 1777 1806 sibi
1831 1749 2315 1823 indulgeriBguis
2343 1749 2402 1802 in
2429 1766 2524 1802 ore
2552 1767 2694 1814 meo,
2723 1755 2779 1803 et
2809 1758 3106 1820 postquam
3138 1751 3346 1820 exspui,
3379 1753 3619 1821 requievi;
3646 1753 3716 1805 sed

511 1845 697 1910 vellet,
732 1843 866 1896 dicit
894 1843 944 1896 ei
975 1841 1343 1913 philosophus
1378 1860 1388 1895 :
1419 1843 1544 1896 Non
1573 1841 1675 1896 tibi
1704 1840 2110 1910 indulgeo,nisi

513 1934 572 1988 in
601 1933 690 1986 his
717 1932 894 1986 tribus
917 1932 1079 1985 annis
1101 1931 1407 2002 portaveris
1435 1947 1607 1985 onera
1627 1930 1889 1984 aliorum.
1906 1929 2007 1984 Cui
2028 1947 2111 1983 re-

512 2040 671 2076 verso
696 2027 824 2092 post
853 2027 967 2074 tres
997 2037 1190 2086 annos,
1226 2037 1351 2075 cum
1388 2022 1506 2090 jam
1537 2026 1763 2091 peccato
1811 2019 2110 2073 satisfecis-

511 2117 616 2179 set,
658 2111 792 2164 dicit
819 2109 870 2164 ei
907 2111 1273 2180 philosophus
1307 2128 1316 2162 :
1351 2111 1466 2164 Nec
1497 2126 1645 2164 nunc
1674 2109 1775 2163 tibi
1810 2109 1993 2162 adhuc
2022 2108 2108 2161 in-

507 2201 732 2271 dulgco,
761 2199 867 2251 nisi
898 2200 1021 2252 aliis
1041 2200 1222 2253 tribus
1251 2199 1414 2253 annis
1443 2199 1663 2252 dederis
1685 2199 1770 2252 his
1795 2198 2109 2251 mercedem

509 2291 606 2362 qui
634 2297 690 2344 te
720 2289 940 2362 injuriis
966 2294 1023 2342 et
1036 2289 1297 2342 conviciis
1317 2288 1594 2358 amigunt.
1616 2288 1772 2352 Quod
1797 2287 1965 2340 etiam
1982 2303 2108 2340 cum

506 2380 602 2433 ille
624 2381 977 2452 complesset,
997 2379 1232 2431 remisso
1256 2383 1480 2442 peccato
1515 2379 1654 2446 ejus,
1689 2377 1825 2429 dicit
1855 2377 1904 2429 ei
1937 2375 2110 2445 magi-

509 2475 626 2524 ster
649 2487 784 2524 suus
815 2487 826 2521 ε
863 2468 1001 2522 Veni
1050 2467 1214 2521 modo
1253 2471 1309 2520 et
1346 2465 1639 2535 ingredere
1678 2465 2107 2518 Atheniensium

509 2559 811 2624 civitatem,
835 2563 897 2611 ut
916 2556 1371 2626 illicsapientiam
1394 2554 1572 2625 possis
1592 2554 1825 2607 discere.
1843 2554 1977 2607 Erat
2005 2570 2106 2607 au-

507 2653 622 2702 tem
652 2648 728 2702 ibi
752 2647 980 2718 quidam
999 2661 1165 2699 senex
1181 2645 1458 2714 sapientia
1478 2643 1780 2708 studiosus,
1802 2648 1858 2696 et
1879 2643 2107 2696 sedebat

505 2737 576 2792 ad
607 2743 846 2808 portam,
876 2751 1182 2805 omnesque
1203 2733 1582 2804 ingredientes
1596 2731 1916 2803 experiendi
1938 2749 2106 2786 causa

505 2825 767 2881 conviciis
796 2824 1082 2894 affligebat
1113 2823 1218 2894 (14)
1248 2840 1260 2890 ;
1295 2821 1390 2893 qui
1431 2839 1556 2876 cum
1601 2821 1749 2876 idem
1776 2822 1966 2892 juveni
1997 2821 2110 2874 illic

507 2915 843 2986 ingredienti
885 2914 1108 2978 faceret,
1158 2912 1252 2965 ille
1288 2916 1478 2965 exorto
1521 2911 1791 2966 cachinno
1821 2911 1962 2965 risit.
2005 2911 2107 2965 Cui

509 3021 676 3059 senex
705 3003 820 3058 ait:
856 3001 1002 3066 Quid
1033 3006 1117 3054 est
1140 3001 1244 3053 hoc
1276 2999 1421 3070 quod
1449 2999 1606 3070 agis?
1636 3016 1737 3069 ego
1766 3004 1821 3053 te
1845 3000 2103 3069 injurior,

507 3100 563 3148 et
581 3099 643 3147 tu
673 3091 861 3145 rides?
893 3090 995 3144 Cui
1016 3089 1238 3159 juvenis
1267 3089 1347 3142 ait
1375 3107 1385 3140 :
1418 3089 1485 3142 Et
1521 3105 1633 3142 non
1666 3088 1746 3142 vis
1772 3093 1835 3141 ut
1866 3087 2102 3156 rideam,

507 3200 635 3238 cum
663 3180 843 3236 tribus
872 3179 1035 3232 annis
1057 3178 1369 3232 mercedem
1399 3177 1649 3231 dederim
1671 3182 1735 3231 ut
1753 3178 1856 3231 hoc
1882 3183 2106 3248 paterer

507 3271 655 3345 quod
687 3269 852 3324 hodie
874 3286 908 3323 a
935 3274 990 3323 te
1021 3269 1198 3339 gratis
1230 3267 1451 3338 patior?
1478 3268 1634 3322 Tunc
1663 3284 1830 3321 senex
1850 3267 1990 3320 dixit
2013 3267 2063 3321 ei
2089 3286 2100 3320 :

506 3360 806 3432 Ingredere
827 3376 960 3428 ergo
989 3358 1291 3422 civitatem,
1308 3357 1440 3428 quia
1459 3357 1661 3427 dignus
1679 3374 1754 3410 es.
1772 3357 1888 3410 Hoc
1908 3361 2100 3410 autem

503 3450 719 3507 solebat
749 3448 918 3503 abbas
947 3448 1190 3501 Joannes
1219 3446 1443 3511 referre,
1477 3452 1532 3499 et
1574 3446 1660 3498 his
1689 3445 1807 3516 ipse
1838 3444 2096 3512 addebat,

502 3541 691 3596 dicens
723 3559 733 3593 :
773 3539 900 3592 Haec
931 3542 1016 3591 est
1044 3542 1205 3607 porta
1233 3535 1354 3601 Dei,
1388 3551 1488 3606 per
1511 3551 1678 3605 quam
1708 3541 1892 3604 patres
1923 3535 2099 3588 nostri

505 3648 604 3702 per
631 3629 836 3684 multas
857 3625 1250 3680 tribulationes
1281 3630 1338 3678 et
1381 3624 1617 3694 injurias
1655 3625 1967 3693 gaudentes
2012 3625 2101 3678 in-

505 3719 683 3790 gressi
714 3722 847 3772 sunt
875 3716 1156 3769 civitatem
1196 3713 1316 3768 Dei.

575 3806 663 3864 85.
699 3805 939 3870 Quidam
966 3804 1142 3858 frater
1167 3800 1460 3873 requisivit
1506 3817 1717 3868 senem,
1753 3803 1943 3857 dicens
1974 3821 1984 3856 :
2019 3803 2097 3857 Da

508 3893 672 3960 mihi,
733 3899 924 3965 pater,
985 3908 1156 3946 unam
1219 3908 1339 3945 rem
1388 3907 1558 3962 quam
1614 3892 1967 3959 custodiam,
2046 3897 2101 3946 et

505 3984 686 4038 salver
709 3999 810 4053 per
840 3997 986 4036 eam.
1037 3980 1342 4051 Respondit
1381 3981 1431 4034 ei
1479 3997 1644 4034 senex
1682 3999 1692 4034 :
1747 3982 1805 4036 Si
1849 3982 2100 4052 potueris

505 4072 763 4143 injuriari
793 4080 850 4125 et
869 4070 1014 4124 affici
1038 4068 1316 4136 conviciis,
1342 4075 1398 4124 et
1423 4076 1647 4141 portare
1676 4087 1740 4124 ac
1762 4075 1968 4137 tacere,
1986 4088 2103 4126 ma-

500 4179 613 4234 gna
641 4167 725 4216 est
754 4163 871 4216 haec
897 4177 1004 4226 res,
1038 4166 1094 4212 et
1123 4176 1293 4230 super
1321 4159 1430 4214 alia
1460 4159 1731 4214 mandata
1778 4163 1996 4230 (Pelag.,
2033 4164 2103 4216 li-

506 4253 630 4306 bell.
666 4268 755 4318 xv,
793 4267 846 4304 η.
871 4247 982 4316 83).

573 4339 663 4397 86.
686 4337 1168 4409 Interrogantibus
1189 4337 1522 4408 quibusdam
1544 4337 1808 4392 fratribus
1837 4338 2094 4393 abbatem

2193 1846 2248 1893 et
2276 1840 2454 1909 ipsam
2481 1840 2768 1894 tristitiam
2791 1847 2848 1893 et
2876 1857 3195 1894 sermonem
3223 1847 3387 1894 istum
3409 1840 3588 1894 oblitus
3606 1857 3711 1894 sum.

2264 1929 2351 1984 9|.
2386 1929 2625 1992 Quidam
2663 1929 2865 1982 fratres
2918 1935 3192 1983 venerunt
3221 1930 3290 1983 ad
3331 1929 3603 1999 quemdam
3629 1946 3720 1982 san-

2193 2024 2342 2072 ctum
2361 2035 2574 2084 senem,
2589 2019 2876 2073 sedentem
2893 2019 2949 2072 in
2969 2021 3272 2074 solitudine
3304 2022 3512 2088 (Pelag..
3528 2022 3716 2082 Hbeva,

2194 2124 2251 2160 η.
2287 2106 2397 2178 14);
2436 2115 2491 2161 et
2519 2108 2853 2162 invenerunt
2886 2109 3126 2162 infantes
3153 2125 3354 2179 pecora
3389 2115 3654 2179 pascentes.
3681 2114 3719 2161 et

2193 2198 2489 2268 aliquoties
2507 2198 2655 2252 inter
2675 2216 2733 2252 se
2751 2199 3043 2268 loquentes
3071 2199 3240 2252 verba
3261 2199 3459 2269 turpia.
3479 2199 3719 2267 Postquam

2194 2293 2383 2340 autem
2405 2287 2474 2341 de
2498 2288 2736 2357 singulis
2753 2288 3185 2357 cogitationibus
3209 2289 3553 2358 requirentes.
3574 2305 3600 2340 a
3623 2304 3718 2340 sene

2191 2385 2527 2448 acceperunt
2556 2394 2906 2448 responsum,
2944 2379 3140 2431 dicunt
3165 2379 3216 2430 ei
3254 2397 3264 2430 :
3309 2377 3717 2441 Quemadmodum

2193 2472 2352 2536 potes
2381 2468 2681 2532 sustinere,
2714 2466 2874 2532 abba,
2908 2484 3066 2521 voces
3117 2467 3412 2520 infantium
3440 2467 3657 2528 istorum,
3682 2471 3721 2517 et

2193 2572 2295 2608 nec
2322 2555 2576 2626 praecipis
2599 2555 2678 2608 eis
2700 2561 2763 2608 ut
2784 2573 2894 2609 non
2922 2557 3004 2609 ita
3026 2556 3437 2610 vociferentur?
3466 2556 3526 2609 Et
3543 2553 3652 2607 dicit
3666 2551 3722 2604 eis

2193 2662 2359 2698 senex
2393 2663 2403 2698 :
2440 2646 2503 2699 In
2541 2645 2795 2707 veritate,
2847 2645 3064 2709 fratres,
3119 2646 3392 2716 plurimos
3427 2645 3535 2698 dies
3576 2641 3722 2695 habuit

2191 2733 2454 2804 cogitatio
2512 2751 2639 2787 mea
2695 2735 2882 2787 volens
2931 2734 3040 2787 illis
3085 2734 3302 2804 aliquid
3340 2735 3528 2796 dicere,
3557 2732 3635 2785 sed
3660 2747 3722 2782 re-

2191 2823 2390 2892 dargui
2411 2823 2826 2894 memetipsum,
2852 2829 3119 2894 reputans
3149 2823 3291 2876 mihi
3323 2842 3332 2874 :
3367 2823 3424 2876 Si
3447 2838 3619 2892 parum
3644 2821 3717 2872 hoc

2191 2929 2303 2965 non
2326 2917 2505 2982 porto,
2532 2912 2831 2983 quomodo.
2860 2913 2907 2966 si
2937 2913 3120 2982 major
3137 2912 3280 2966 mihi
3301 2911 3521 2966 tentatio
3541 2911 3720 2963 advene-

2192 3002 2282 3067 rit,
2315 3001 2581 3072 portabo?
2611 3002 2678 3055 Et
2724 3001 2849 3055 ideo
2897 3001 3007 3055 illis
3039 3001 3180 3055 nihil
3214 3002 3354 3068 dico,
3408 3006 3466 3054 ut
3510 3001 3594 3052 fiat
3621 2996 3721 3050 mihi

2190 3091 2535 3168 consuetudo
2566 3091 2846 3161 portandi.

2258 3181 2400 3235 Item
2431 3179 2598 3234 dixit:
2631 3180 2828 3250 Siquis
2858 3180 3109 3250 linguam
3130 3196 3294 3234 suam
3323 3196 3428 3233 non
3457 3175 3667 3231 tenuerit
3681 3174 3720 3226 in

2187 3275 2438 3340 tempore
2467 3269 2583 3332 ira),
2634 3285 2736 3322 nec
2766 3269 3084 3339 passionem
3115 3269 3304 3322 carnis
3345 3285 3454 3322 sua:
3481 3263 3722 3336 aliquando

2187 3359 2395 3430 poterit
2423 3358 2728 3412 continere.

2254 3448 2343 3503 9'2.
2361 3447 2547 3502 Abbas
2576 3449 2819 3502 Joannes
2849 3448 2982 3501 dum
3007 3447 3235 3500 sederet
3264 3447 3408 3500 inter
3435 3446 3611 3499 fratres
3640 3443 3721 3504 (Pe-

2185 3543 2317 3606 lag.,
2357 3541 2527 3592 li'bell.
2558 3554 2670 3598 XVI,
2703 3555 2758 3590 η.
2791 3536 2930 3600 3),et
2958 3536 3166 3605 singuli
3195 3553 3323 3589 eum
3340 3537 3405 3588 de
3430 3533 3636 3605 propriis
3653 3547 3721 3582 co-

2181 3627 2549 3698 gitationibus
2571 3627 2940 3697 inquirerent,
2957 3631 3127 3695 atque
3148 3625 3244 3678 ille
3267 3638 3574 3695 responsum
3591 3616 3724 3673 omni-

2183 3715 2286 3770 bus
2315 3716 2406 3770 dai
2420 3722 2494 3781 et,
2520 3716 2749 3787 quidam
2779 3732 2944 3769 senex
2967 3732 3030 3768 ex
3062 3714 3275 3768 invidia
3302 3714 3433 3767 dicit
3459 3712 3505 3765 ei
3531 3731 3541 3763 :
3569 3709 3641 3763 Sic
3664 3710 3725 3759 est

2182 3805 2274 3859 hic
2292 3806 2535 3860 Joannes
2555 3805 2832 3876 quomodo
2848 3804 3334 3858 muliermeretrix
3354 3817 3544 3856 ornans
3565 3801 3724 3851 semet-

2183 3895 2386 3966 ipsam,
2417 3900 2481 3950 ut
2508 3901 2810 3965 congreget
2838 3893 2942 3947 sibi
2965 3899 3270 3948 amatores.
3297 3893 3398 3947 Cui
3427 3889 3577 3944 abbas
3600 3887 3725 3939 Joan-

2183 4001 2282 4038 nes
2303 3986 2383 4039 ait
2411 4003 2422 4038 :
2456 3984 2667 4039 Verum
2689 3984 2844 4048 dicis,
2871 3983 3031 4048 abba,
3075 3987 3132 4036 et
3159 3999 3274 4036 non
3306 3987 3389 4035 est
3413 3980 3595 4041 aliter;
3621 3988 3724 4028 nam

2183 4080 2238 4128 et
2259 4075 2362 4128 hoc
2391 4074 2576 4145 ipsum
2605 4074 2752 4128 Deus
2781 4073 2881 4126 tibi
2913 4072 3194 4126 revelavit.
3231 4069 3527 4142 Respondit
3553 4065 3621 4119 illi
3637 4064 3718 4116 ite-

2182 4180 2307 4217 rum
2330 4162 2424 4216 ille
2446 4180 2633 4230 senex,
2659 4163 2848 4216 dicens
2868 4203 2880 4216 .
2915 4163 3061 4215 Nam
3093 4166 3150 4214 et
3179 4177 3276 4214 vas
3297 4166 3470 4222 tuum,
3503 4158 3715 4212 Joannes,

2181 4270 2394 4307 veneno
2436 4255 2665 4323 plenum
2707 4258 2810 4306 est.
2856 4253 2930 4305 At
2965 4253 3209 4305 Joannes
3251 4250 3330 4304 ait
3360 4249 3436 4302 illi
3473 4265 3482 4299 :
3526 4246 3600 4300 Sic
3639 4245 3717 4301 est,

2182 4341 2343 4409 abba,
2373 4348 2437 4395 ut
2459 4341 2664 4407 dixisti,
2691 4347 2747 4395 et
2770 4342 2874 4394 hoc
2901 4340 3056 4405 dicis,
3091 4340 3226 4410 quia
3269 4339 3365 4392 illa
3388 4329 3718 4390 tantummodo

501 4431 723 4503 Moysen
743 4445 1079 4492 sermonem,
1100 4427 1459 4482 illehortatus
1471 4435 1557 4482 est
1577 4429 1909 4498 discipulum
1933 4444 2096 4482 suum
2115 4414 2162 4474 Ῑ)
2182 4449 2304 4503 quae
2331 4431 2536 4486 deforis
2563 4437 2696 4486 sunt
2722 4431 2898 4497 vides;
2935 4446 3064 4483 nam
3096 4429 3142 4482 si
3176 4446 3243 4482 ea
3275 4444 3398 4498 qua:
3437 4424 3718 4479 intrinsewS

498 4521 824 4576 Zachariam
853 4523 918 4572 ut
947 4516 1026 4571 eis
1044 4515 1252 4588 aliquid
1281 4517 1510 4571 diceret.
1564 4519 1718 4572 Tunc
1749 4518 1841 4571 ille
1862 4518 2097 4588 pallium

500 4627 665 4666 suum
696 4608 957 4680 deposuit
986 4606 1183 4660 subtus
1211 4606 1379 4676 pedes
1408 4624 1558 4672 suos,
1586 4614 1642 4661 et
1670 4607 2097 4661 conculcavitil-

503 4701 619 4768 lud,
656 4705 713 4754 et
731 4698 873 4753 dixit
899 4716 909 4750 :
943 4696 1063 4751 Nisi
1085 4695 1296 4766 quissic
1316 4696 1486 4750 fuerit
1499 4697 1875 4763 conculcatus,
1899 4713 2094 4750 mona-

501 4791 636 4844 chus
662 4806 781 4845 esse
809 4804 920 4841 non
949 4790 1134 4857 potest
1157 4787 1375 4854 (Pclag.,
1412 4788 1555 4840 libet.
1581 4802 1668 4851 xv,
1707 4803 1762 4840 η.
1796 4786 1904 4853 17).

572 4876 661 4933 87.
696 4875 927 4931 Dicebat
957 4874 1127 4929 abbas
1157 4875 1432 4929 Macarius
1461 4893 1472 4928 :
1508 4875 1606 4929 Ille
1633 4890 1761 4929 vere
1799 4880 1884 4928 est
1907 4891 2097 4929 mona-

2181 4528 2313 4576 sunt
2343 4521 2577 4587 videres,
2613 4526 2822 4591 quanto
2853 4520 2979 4591 plus
3000 4518 3239 4572 haberes
3261 4518 3410 4589 quod
3433 4510 3649 4568 diceres?
3670 4507 3719 4559 Et

2181 4617 2306 4684 post
2336 4613 2442 4666 hoc
2475 4610 2706 4682 quidam
2737 4627 2801 4664 ex
2843 4608 3130 4679 discipulis
3173 4609 3300 4677 ejus
3335 4605 3471 4659 dixit
3497 4603 3542 4657 ei
3576 4621 3584 4652 :
3625 4599 3718 4684 Non

2181 4719 2240 4755 es
2265 4699 2628 4755 conturbatus
2655 4699 2912 4763 interius,
2928 4697 3089 4762 abba,
3107 4698 3164 4751 in
3184 4695 3368 4750 verbis
3393 4694 3531 4747 senis
3545 4681 3719 4758 hujus?

2180 4791 2282 4844 Cui
2317 4791 2409 4843 ille
2440 4788 2758 4860 respondit:
2785 4788 2906 4843 Non
2941 4807 2952 4840 :
2995 4787 3092 4841 sed
3121 4787 3267 4840 sicut
3297 4800 3419 4838 sum
3439 4779 3638 4836 deforis.
3660 4776 3719 4828 ita

2181 4896 2304 4934 sum
2329 4879 2572 4933 deintus.

505 4964 661 5032 chus,
695 4964 789 5036 qui
816 4982 874 5019 se
904 4965 963 5018 in
991 4961 1249 5019 omnibus
1279 4965 1468 5018 vincit.
1500 4965 1643 5019 Nam
1676 4965 1722 5018 si
1763 4965 1885 5036 quis
1921 4965 2095 5018 alium
2249 4966 2336 5024 93.
2369 4968 2502 5022 Erat
2535 4967 2762 5038 quidam
2800 4983 2968 5021 senex
3005 4966 3063 5020 in
3090 4966 3350 5038 Egypto,
3384 4971 3439 5019 et
3467 4967 3718 5028 antequam

502 5068 744 5124 arguens
770 5054 840 5107 ad
869 5053 1215 5108 iracundiam
1246 5059 1517 5120 movetur,
1565 5054 1848 5125 prOpriam
1881 5053 2091 5125 passio-
2177 5057 2392 5112 veniret
2412 5057 2542 5112 illuc
2563 5055 2732 5110 abbas
2754 5056 3213 5126 Puemen,grandi
3235 5053 3573 5109 veneratione
3591 5043 3718 5099 habe

501 5160 631 5198 nem
659 5142 875 5213 implet.
919 5143 1034 5198 Nec
1063 5143 1213 5197 enim
1245 5149 1309 5198 ut
1351 5143 1592 5198 alterum
1642 5144 1818 5198 salvet
1856 5144 2102 5214 seipsum
2186 5146 2355 5201 batur
2402 5146 2470 5200 ab
2500 5146 2759 5200 omnibus
2791 5149 3018 5213 iPelag.,
3052 5148 3218 5199 libell.
3257 5159 3387 5209 xvu,
3424 5159 3475 5195 η.
3514 5137 3580 5200 8).
3610 5136 3717 5188 Cum

501 5232 668 5288 debet
695 5231 946 5302 Perdere.
2180 5242 2368 5290 autem
2395 5234 2565 5289 abbas
2587 5236 2815 5289 Ptemen
2845 5234 2913 5288 de
2945 5234 3134 5306 Scythi
3157 5234 3287 5287 illuc
3303 5219 3716 5290 SUbiiSSBt,Inu"-i9

571 5321 665 5378 88.
696 5321 1005 5386 Quemdam
1036 5321 1264 5376 fratrem
1285 5321 1388 5376 sub
1419 5321 1714 5393 praesentia
1733 5322 1950 5376 abbatis
1976 5323 2092 5376 An-
2175 5325 2370 5380 relicto
2402 5325 2496 5380 illo
2533 5343 2683 5390 sene,
2731 5323 3030 5378 veniebant
3069 5324 3141 5377 ad
3180 5324 3344 5388 hunc,
3385 5327 3438 5374 et
3472 5319 3717 5390 propterea

499 5413 642 5468 tonii
661 5411 757 5465 alii
779 5409 980 5463 fratres
997 5410 1406 5477 collaudabant;
1421 5412 1517 5466 sed
1539 5429 1665 5466 cum
1679 5419 1952 5466 tentasset
1963 5428 2093 5466 eum
2175 5415 2342 5486 caapit
2372 5415 2453 5468 illi
2478 5415 2728 5468 invidere
2755 5413 3135 5468 etdetrahere.
3163 5412 3320 5476 Quod
3339 5409 3556 5464 audiens
3580 5399 3715 5486 abba?

499 5519 688 5570 senex,
719 5499 929 5572 reperit
945 5499 1093 5572 quod
1115 5516 1226 5553 non
1257 5501 1516 5555 sufierret
1553 5501 1838 5573 injuriam.
1864 5503 1932 5556 Et
1960 5502 2094 5556 dicit
2175 5482 2805 5570 Ptemen,contristatus
2817 5510 2902 5558 est
2921 5508 2978 5558 et
2997 5503 3142 5556 dixit
3167 5498 3433 5554 fratribus
3448 5495 3576 5549 suis:
3599 5482 3714 5552 Quid

497 5593 549 5650 ei
575 5609 744 5650 senex
765 5606 778 5649 :
797 5591 882 5647 Tu
911 5588 1138 5666 quidem
1159 5589 1332 5644 frater
1359 5589 1558 5646 similis
1587 5609 1646 5646 es
1676 5592 1910 5647 aediﬁcio
1943 5591 2090 5664 quod
2177 5593 2414 5649 facimus
2439 5594 2464 5648 ?
2493 5594 2626 5665 quia
2662 5593 2720 5650 in
2749 5593 3175 5651 tribulationem
3215 5591 3481 5646 miserunt
3507 5598 3594 5638 nos
3632 5577 3710 5631 b0-
