  <div class='ocr_page' id='page_1' title='image "/cluster/home/n/w/nwhite01/storage/ocr_20150623/73/hvd.32044054758776/394.png"; bbox 0 0 3966 6184; ppageno 0'>
   <div class='ocr_carea' id='block_1_1' title="bbox 290 257 393 316">
    <p class='ocr_par' dir='ltr' id='par_1_1' title="bbox 290 257 393 316">
     <span class='ocr_line' id='line_1_1' title="bbox 290 257 393 316; baseline 0 -1"><span class='ocrx_word' id='word_1_1' title='bbox 290 257 393 316; x_wconf 83' lang='lat'><strong>777</strong></span> 
     </span>
    </p>
   </div>
   <div class='ocr_carea' id='block_1_2' title="bbox 1589 255 2253 318">
    <p class='ocr_par' dir='ltr' id='par_1_2' title="bbox 1589 255 2253 318">
     <span class='ocr_line' id='line_1_2' title="bbox 1589 255 2253 318; baseline -0.011 -2"><span class='ocrx_word' id='word_1_2' title='bbox 1589 260 1827 318; x_wconf 80' lang='lat' dir='ltr'><strong>VERBA</strong></span> <span class='ocrx_word' id='word_1_3' title='bbox 1864 255 2253 316; x_wconf 84' lang='lat' dir='ltr'><strong>SENIORUM.</strong></span> 
     </span>
    </p>
   </div>
   <div class='ocr_carea' id='block_1_3' title="bbox 3477 265 3580 325">
    <p class='ocr_par' dir='ltr' id='par_1_3' title="bbox 3477 265 3580 325">
     <span class='ocr_line' id='line_1_3' title="bbox 3477 265 3580 325; baseline 0.019 -2"><span class='ocrx_word' id='word_1_4' title='bbox 3477 265 3580 325; x_wconf 87' lang='lat'><strong>778</strong></span> 
     </span>
    </p>
   </div>
   <div class='ocr_carea' id='block_1_4' title="bbox 286 381 3581 459">
    <p class='ocr_par' dir='ltr' id='par_1_4' title="bbox 286 381 3581 459">
     <span class='ocr_line' id='line_1_4' title="bbox 286 381 3581 459; baseline 0.002 -19"><span class='ocrx_word' id='word_1_5' title='bbox 286 385 492 452; x_wconf 85' lang='lat' dir='ltr'><strong>mines,</strong></span> <span class='ocrx_word' id='word_1_6' title='bbox 525 392 589 438; x_wconf 90' lang='lat' dir='ltr'><strong>ut</strong></span> <span class='ocrx_word' id='word_1_7' title='bbox 608 384 769 439; x_wconf 91' lang='lat' dir='ltr'><strong>illum</strong></span> <span class='ocrx_word' id='word_1_8' title='bbox 797 401 990 443; x_wconf 89' lang='lat' dir='ltr'><strong>senem</strong></span> <span class='ocrx_word' id='word_1_9' title='bbox 1036 392 1153 440; x_wconf 85' lang='lat' dir='ltr'><strong>tam</strong></span> <span class='ocrx_word' id='word_1_10' title='bbox 1198 390 1453 440; x_wconf 86' lang='lat' dir='ltr'><strong>sanctum</strong></span> <span class='ocrx_word' id='word_1_11' title='bbox 1483 386 1885 459; x_wconf 82' lang='lat' dir='ltr'><strong>relinquerent,</strong></span> <span class='ocrx_word' id='word_1_12' title='bbox 1915 384 2116 445; x_wconf 83' lang='lat' dir='ltr'><strong>AEcce</strong></span> <span class='ocrx_word' id='word_1_13' title='bbox 2147 398 2250 453; x_wconf 87' lang='lat' dir='ltr'><strong>ego</strong></span> <span class='ocrx_word' id='word_1_14' title='bbox 2298 396 2444 452; x_wconf 88' lang='lat' dir='ltr'><strong>pono</strong></span> <span class='ocrx_word' id='word_1_15' title='bbox 2501 381 2734 436; x_wconf 77' lang='lat' dir='ltr'><strong>laterem</strong></span> <span class='ocrx_word' id='word_1_16' title='bbox 2773 384 2831 437; x_wconf 91' lang='lat' dir='ltr'><strong>in</strong></span> <span class='ocrx_word' id='word_1_17' title='bbox 2878 384 3084 454; x_wconf 89' lang='lat' dir='ltr'><strong>medio,</strong></span> <span class='ocrx_word' id='word_1_18' title='bbox 3116 392 3175 441; x_wconf 89' lang='lat' dir='ltr'><strong>et</strong></span> <span class='ocrx_word' id='word_1_19' title='bbox 3218 386 3343 445; x_wconf 86' lang='lat' dir='ltr'><strong>dico</strong></span> <span class='ocrx_word' id='word_1_20' title='bbox 3376 407 3388 444; x_wconf 89' lang='lat'><strong>:</strong></span> <span class='ocrx_word' id='word_1_21' title='bbox 3435 390 3581 457; x_wconf 84' lang='lat' dir='ltr'>Quia</span> 
     </span>
    </p>
   </div>
   <div class='ocr_carea' id='block_1_5' title="bbox 287 474 1893 546">
    <p class='ocr_par' dir='ltr' id='par_1_5' title="bbox 287 474 1893 546">
     <span class='ocr_line' id='line_1_5' title="bbox 287 474 1893 546; baseline 0.001 -17"><span class='ocrx_word' id='word_1_22' title='bbox 287 480 347 529; x_wconf 90' lang='lat' dir='ltr'><strong>et</strong></span> <span class='ocrx_word' id='word_1_23' title='bbox 377 492 484 529; x_wconf 92' lang='lat' dir='ltr'><strong>nos</strong></span> <span class='ocrx_word' id='word_1_24' title='bbox 515 475 611 545; x_wconf 87' lang='lat' dir='ltr'><strong>qui</strong></span> <span class='ocrx_word' id='word_1_25' title='bbox 639 474 781 528; x_wconf 87' lang='lat' dir='ltr'>nihil</span> <span class='ocrx_word' id='word_1_26' title='bbox 806 491 1001 529; x_wconf 89' lang='lat' dir='ltr'><strong>sumus</strong></span> <span class='ocrx_word' id='word_1_27' title='bbox 1022 475 1367 546; x_wconf 83' lang='lat' dir='ltr'><strong>respicerent</strong></span> <span class='ocrx_word' id='word_1_28' title='bbox 1385 476 1409 528; x_wconf 83' lang='lat'><strong>?</strong></span> <span class='ocrx_word' id='word_1_29' title='bbox 1426 476 1715 540; x_wconf 86' lang='lat' dir='ltr'>Quomodo</span> <span class='ocrx_word' id='word_1_30' title='bbox 1734 493 1893 531; x_wconf 85' lang='lat' dir='ltr'><strong>sana-</strong></span> 
     </span>
    </p>
   </div>
   <div class='ocr_carea' id='block_1_6' title="bbox 286 563 1894 635">
    <p class='ocr_par' dir='ltr' id='par_1_6' title="bbox 286 563 1894 635">
     <span class='ocr_line' id='line_1_6' title="bbox 286 563 1894 635; baseline 0.001 -18"><span class='ocrx_word' id='word_1_31' title='bbox 286 563 480 618; x_wconf 88' lang='lat' dir='ltr'><strong>bimus</strong></span> <span class='ocrx_word' id='word_1_32' title='bbox 514 565 661 618; x_wconf 88' lang='lat' dir='ltr'><strong>hunc</strong></span> <span class='ocrx_word' id='word_1_33' title='bbox 690 564 873 618; x_wconf 90' lang='lat' dir='ltr'><strong>virum</strong></span> <span class='ocrx_word' id='word_1_34' title='bbox 893 582 1160 634; x_wconf 84' lang='lat' dir='ltr'><strong>magnum</strong></span> <span class='ocrx_word' id='word_1_35' title='bbox 1184 565 1207 617; x_wconf 73' lang='lat'><strong><em>7</em></strong></span> <span class='ocrx_word' id='word_1_36' title='bbox 1227 564 1426 618; x_wconf 78' lang='lat' dir='ltr'><strong>Venite</strong></span> <span class='ocrx_word' id='word_1_37' title='bbox 1453 582 1603 635; x_wconf 86' lang='lat' dir='ltr'><strong>ergo,</strong></span> <span class='ocrx_word' id='word_1_38' title='bbox 1624 565 1894 619; x_wconf 84' lang='lat' dir='ltr'><strong>faciamus</strong></span> 
     </span>
    </p>
   </div>
   <div class='ocr_carea' id='block_1_7' title="bbox 285 655 1892 725">
    <p class='ocr_par' dir='ltr' id='par_1_7' title="bbox 285 655 1892 725">
     <span class='ocr_line' id='line_1_7' title="bbox 285 655 1892 725; baseline 0.001 -18"><span class='ocrx_word' id='word_1_39' title='bbox 285 670 494 724; x_wconf 86' lang='lat' dir='ltr'><strong>parvas</strong></span> <span class='ocrx_word' id='word_1_40' title='bbox 520 656 696 715; x_wconf 78' lang='lat' dir='ltr'><strong>escas.</strong></span> <span class='ocrx_word' id='word_1_41' title='bbox 729 659 786 707; x_wconf 88' lang='lat' dir='ltr'><strong>et</strong></span> <span class='ocrx_word' id='word_1_42' title='bbox 812 659 1101 724; x_wconf 77' lang='lat' dir='ltr'><strong>portantes</strong></span> <span class='ocrx_word' id='word_1_43' title='bbox 1130 671 1430 725; x_wconf 85' lang='lat' dir='ltr'><strong>pergamus</strong></span> <span class='ocrx_word' id='word_1_44' title='bbox 1459 655 1530 708; x_wconf 90' lang='lat' dir='ltr'><strong>ad</strong></span> <span class='ocrx_word' id='word_1_45' title='bbox 1546 671 1695 718; x_wconf 88' lang='lat' dir='ltr'><strong>eum,</strong></span> <span class='ocrx_word' id='word_1_46' title='bbox 1721 661 1777 709; x_wconf 92' lang='lat' dir='ltr'><strong>et</strong></span> <span class='ocrx_word' id='word_1_47' title='bbox 1798 671 1892 725; x_wconf 88' lang='lat' dir='ltr'><strong>pa-</strong></span> 
     </span>
    </p>
   </div>
   <div class='ocr_carea' id='block_1_8' title="bbox 284 743 1894 814">
    <p class='ocr_par' dir='ltr' id='par_1_8' title="bbox 284 743 1894 814">
     <span class='ocr_line' id='line_1_8' title="bbox 284 743 1894 814; baseline 0.001 -18"><span class='ocrx_word' id='word_1_48' title='bbox 284 760 420 796; x_wconf 85' lang='lat' dir='ltr'><strong>rum</strong></span> <span class='ocrx_word' id='word_1_49' title='bbox 442 743 576 809; x_wconf 88' lang='lat' dir='ltr'><strong>vini,</strong></span> <span class='ocrx_word' id='word_1_50' title='bbox 608 760 673 797; x_wconf 89' lang='lat' dir='ltr'><strong>ac</strong></span> <span class='ocrx_word' id='word_1_51' title='bbox 723 744 936 814; x_wconf 87' lang='lat' dir='ltr'><strong>pariter</strong></span> <span class='ocrx_word' id='word_1_52' title='bbox 962 760 1091 797; x_wconf 92' lang='lat' dir='ltr'><strong>cum</strong></span> <span class='ocrx_word' id='word_1_53' title='bbox 1121 759 1185 797; x_wconf 91' lang='lat' dir='ltr'><strong>eo</strong></span> <span class='ocrx_word' id='word_1_54' title='bbox 1224 750 1536 814; x_wconf 86' lang='lat' dir='ltr'><strong>gustemus,</strong></span> <span class='ocrx_word' id='word_1_55' title='bbox 1563 743 1799 798; x_wconf 83' lang='lat' dir='ltr'><strong>forsitan</strong></span> <span class='ocrx_word' id='word_1_56' title='bbox 1836 744 1894 797; x_wconf 90' lang='lat' dir='ltr'><strong>in</strong></span> 
     </span>
    </p>
   </div>
   <div class='ocr_carea' id='block_1_9' title="bbox 285 825 1895 904">
    <p class='ocr_par' dir='ltr' id='par_1_9' title="bbox 285 825 1895 904">
     <span class='ocr_line' id='line_1_9' title="bbox 285 825 1895 904; baseline 0.001 -19"><span class='ocrx_word' id='word_1_57' title='bbox 285 832 396 885; x_wconf 88' lang='lat' dir='ltr'><strong>hoc</strong></span> <span class='ocrx_word' id='word_1_58' title='bbox 434 825 733 903; x_wconf 84' lang='lat' dir='ltr'><strong>possumus</strong></span> <span class='ocrx_word' id='word_1_59' title='bbox 759 833 1012 886; x_wconf 91' lang='lat' dir='ltr'><strong>animum</strong></span> <span class='ocrx_word' id='word_1_60' title='bbox 1056 834 1178 902; x_wconf 85' lang='lat' dir='ltr'><strong>ejus</strong></span> <span class='ocrx_word' id='word_1_61' title='bbox 1224 833 1464 904; x_wconf 87' lang='lat' dir='ltr'><strong>placare.</strong></span> <span class='ocrx_word' id='word_1_62' title='bbox 1496 833 1735 887; x_wconf 85' lang='lat' dir='ltr'><strong>Profecti</strong></span> <span class='ocrx_word' id='word_1_63' title='bbox 1761 849 1895 903; x_wconf 79' lang='lat' dir='ltr'><strong>ergo</strong></span> 
     </span>
    </p>
   </div>
   <div class='ocr_carea' id='block_1_10' title="bbox 286 921 1896 994">
    <p class='ocr_par' dir='ltr' id='par_1_10' title="bbox 286 921 1896 994">
     <span class='ocr_line' id='line_1_10' title="bbox 286 921 1896 994; baseline 0 -19"><span class='ocrx_word' id='word_1_64' title='bbox 286 922 661 991; x_wconf 87' lang='lat' dir='ltr'><strong>pulsaverunt</strong></span> <span class='ocrx_word' id='word_1_65' title='bbox 673 921 881 975; x_wconf 87' lang='lat' dir='ltr'><strong>ostium</strong></span> <span class='ocrx_word' id='word_1_66' title='bbox 902 923 1043 991; x_wconf 88' lang='lat' dir='ltr'><strong>ejus.</strong></span> <span class='ocrx_word' id='word_1_67' title='bbox 1074 921 1325 976; x_wconf 87' lang='lat' dir='ltr'><strong>Audiens</strong></span> <span class='ocrx_word' id='word_1_68' title='bbox 1354 939 1482 976; x_wconf 87' lang='lat' dir='ltr'><strong>vero</strong></span> <span class='ocrx_word' id='word_1_69' title='bbox 1507 922 1813 994; x_wconf 89' lang='lat' dir='ltr'><strong>discipulus</strong></span> <span class='ocrx_word' id='word_1_70' title='bbox 1832 922 1896 975; x_wconf 90' lang='lat' dir='ltr'><strong>il-</strong></span> 
     </span>
    </p>
   </div>
   <div class='ocr_carea' id='block_1_11' title="bbox 286 1010 1893 1075">
    <p class='ocr_par' dir='ltr' id='par_1_11' title="bbox 286 1010 1893 1075">
     <span class='ocr_line' id='line_1_11' title="bbox 286 1010 1893 1075; baseline 0.001 -12"><span class='ocrx_word' id='word_1_71' title='bbox 286 1010 401 1064; x_wconf 90' lang='lat' dir='ltr'><strong>lius</strong></span> <span class='ocrx_word' id='word_1_72' title='bbox 423 1010 573 1064; x_wconf 89' lang='lat' dir='ltr'><strong>senis</strong></span> <span class='ocrx_word' id='word_1_73' title='bbox 597 1010 735 1064; x_wconf 85' lang='lat' dir='ltr'><strong>dixit</strong></span> <span class='ocrx_word' id='word_1_74' title='bbox 757 1029 768 1062; x_wconf 91' lang='lat'>:</span> <span class='ocrx_word' id='word_1_75' title='bbox 795 1010 901 1075; x_wconf 87' lang='lat' dir='ltr'><strong>Qui</strong></span> <span class='ocrx_word' id='word_1_76' title='bbox 940 1010 1074 1064; x_wconf 86' lang='lat' dir='ltr'><strong>estis</strong></span> <span class='ocrx_word' id='word_1_77' title='bbox 1094 1011 1118 1063; x_wconf 78' lang='lat'><strong><em>7</em></strong></span> <span class='ocrx_word' id='word_1_78' title='bbox 1138 1012 1211 1065; x_wconf 84' lang='lat' dir='ltr'><strong>At</strong></span> <span class='ocrx_word' id='word_1_79' title='bbox 1249 1011 1331 1065; x_wconf 88' lang='lat' dir='ltr'><strong>illi</strong></span> <span class='ocrx_word' id='word_1_80' title='bbox 1348 1011 1609 1066; x_wconf 86' lang='lat' dir='ltr'><strong>dixerunt</strong></span> <span class='ocrx_word' id='word_1_81' title='bbox 1634 1030 1644 1064; x_wconf 91' lang='lat'><strong>:</strong></span> <span class='ocrx_word' id='word_1_82' title='bbox 1668 1012 1770 1065; x_wconf 90' lang='lat' dir='ltr'><strong>Dic</strong></span> <span class='ocrx_word' id='word_1_83' title='bbox 1793 1010 1893 1064; x_wconf 89' lang='lat' dir='ltr'><strong>ab-</strong></span> 
     </span>
    </p>
   </div>
   <div class='ocr_carea' id='block_1_12' title="bbox 289 1098 1894 1169">
    <p class='ocr_par' dir='ltr' id='par_1_12' title="bbox 289 1098 1894 1169">
     <span class='ocr_line' id='line_1_12' title="bbox 289 1098 1894 1169; baseline 0.001 -18"><span class='ocrx_word' id='word_1_84' title='bbox 289 1098 409 1152; x_wconf 89' lang='lat' dir='ltr'><strong>bati</strong></span> <span class='ocrx_word' id='word_1_85' title='bbox 435 1105 532 1153; x_wconf 90' lang='lat' dir='ltr'><strong>tuo</strong></span> <span class='ocrx_word' id='word_1_86' title='bbox 553 1099 819 1169; x_wconf 87' lang='lat' dir='ltr'><strong>quoniam</strong></span> <span class='ocrx_word' id='word_1_87' title='bbox 846 1100 1077 1153; x_wconf 86' lang='lat' dir='ltr'><strong>Poemen</strong></span> <span class='ocrx_word' id='word_1_88' title='bbox 1107 1100 1275 1166; x_wconf 82' lang='lat' dir='ltr'><strong>venit,</strong></span> <span class='ocrx_word' id='word_1_89' title='bbox 1318 1106 1384 1155; x_wconf 91' lang='lat' dir='ltr'><strong>ut</strong></span> <span class='ocrx_word' id='word_1_90' title='bbox 1426 1100 1789 1154; x_wconf 85' lang='lat' dir='ltr'><strong>benedicatur</strong></span> <span class='ocrx_word' id='word_1_91' title='bbox 1824 1099 1894 1153; x_wconf 90' lang='lat' dir='ltr'><strong>ab</strong></span> 
     </span>
    </p>
   </div>
   <div class='ocr_carea' id='block_1_13' title="bbox 288 1188 1894 1260">
    <p class='ocr_par' dir='ltr' id='par_1_13' title="bbox 288 1188 1894 1260">
     <span class='ocr_line' id='line_1_13' title="bbox 288 1188 1894 1260; baseline 0.001 -19"><span class='ocrx_word' id='word_1_92' title='bbox 288 1204 380 1241; x_wconf 91' lang='lat' dir='ltr'><strong>eo.</strong></span> <span class='ocrx_word' id='word_1_93' title='bbox 398 1188 557 1252; x_wconf 88' lang='lat' dir='ltr'><strong>Quod</strong></span> <span class='ocrx_word' id='word_1_94' title='bbox 591 1205 718 1242; x_wconf 93' lang='lat' dir='ltr'><strong>cum</strong></span> <span class='ocrx_word' id='word_1_95' title='bbox 738 1188 831 1242; x_wconf 91' lang='lat' dir='ltr'><strong>ille</strong></span> <span class='ocrx_word' id='word_1_96' title='bbox 852 1206 953 1259; x_wconf 90' lang='lat' dir='ltr'><strong>per</strong></span> <span class='ocrx_word' id='word_1_97' title='bbox 971 1188 1309 1260; x_wconf 89' lang='lat' dir='ltr'><strong>discipulum</strong></span> <span class='ocrx_word' id='word_1_98' title='bbox 1328 1206 1492 1243; x_wconf 91' lang='lat' dir='ltr'><strong>suum</strong></span> <span class='ocrx_word' id='word_1_99' title='bbox 1515 1189 1784 1253; x_wconf 87' lang='lat' dir='ltr'><strong>audisset,</strong></span> <span class='ocrx_word' id='word_1_100' title='bbox 1804 1206 1894 1243; x_wconf 86' lang='lat' dir='ltr'><strong>re-</strong></span> 
     </span>
    </p>
   </div>
   <div class='ocr_carea' id='block_1_14' title="bbox 287 1277 1895 1350">
    <p class='ocr_par' dir='ltr' id='par_1_14' title="bbox 287 1277 1895 1350">
     <span class='ocr_line' id='line_1_14' title="bbox 287 1277 1895 1350; baseline 0.001 -20"><span class='ocrx_word' id='word_1_101' title='bbox 287 1277 526 1348; x_wconf 88' lang='lat' dir='ltr'><strong>spondit</strong></span> <span class='ocrx_word' id='word_1_102' title='bbox 547 1277 615 1331; x_wconf 86' lang='lat' dir='ltr'><strong>ad</strong></span> <span class='ocrx_word' id='word_1_103' title='bbox 641 1294 771 1332; x_wconf 87' lang='lat' dir='ltr'><strong>eum</strong></span> <span class='ocrx_word' id='word_1_104' title='bbox 804 1293 817 1332; x_wconf 89' lang='lat'><strong>:</strong></span> <span class='ocrx_word' id='word_1_105' title='bbox 848 1278 1022 1350; x_wconf 73' lang='lat' dir='ltr'><strong>Vade,</strong></span> <span class='ocrx_word' id='word_1_106' title='bbox 1055 1279 1143 1333; x_wconf 91' lang='lat' dir='ltr'><strong>dic</strong></span> <span class='ocrx_word' id='word_1_107' title='bbox 1172 1278 1253 1332; x_wconf 89' lang='lat' dir='ltr'><strong>eis</strong></span> <span class='ocrx_word' id='word_1_108' title='bbox 1279 1295 1291 1334; x_wconf 88' lang='lat'><strong>:</strong></span> <span class='ocrx_word' id='word_1_109' title='bbox 1323 1279 1405 1333; x_wconf 89' lang='lat' dir='ltr'><strong>Ite</strong></span> <span class='ocrx_word' id='word_1_110' title='bbox 1422 1279 1571 1346; x_wconf 91' lang='lat' dir='ltr'><strong>hinc,</strong></span> <span class='ocrx_word' id='word_1_111' title='bbox 1602 1296 1714 1333; x_wconf 91' lang='lat' dir='ltr'><strong>non</strong></span> <span class='ocrx_word' id='word_1_112' title='bbox 1743 1278 1895 1333; x_wconf 90' lang='lat' dir='ltr'><strong>enim</strong></span> 
     </span>
    </p>
   </div>
   <div class='ocr_carea' id='block_1_15' title="bbox 288 1366 1890 1440">
    <p class='ocr_par' dir='ltr' id='par_1_15' title="bbox 288 1366 1890 1440">
     <span class='ocr_line' id='line_1_15' title="bbox 288 1366 1890 1440; baseline 0.002 -21"><span class='ocrx_word' id='word_1_113' title='bbox 288 1366 434 1419; x_wconf 88' lang='lat' dir='ltr'><strong>mihi</strong></span> <span class='ocrx_word' id='word_1_114' title='bbox 452 1374 628 1421; x_wconf 89' lang='lat' dir='ltr'><strong>vacat.</strong></span> <span class='ocrx_word' id='word_1_115' title='bbox 647 1367 735 1421; x_wconf 92' lang='lat' dir='ltr'><strong>Illi</strong></span> <span class='ocrx_word' id='word_1_116' title='bbox 750 1372 942 1421; x_wconf 88' lang='lat' dir='ltr'><strong>tamen</strong></span> <span class='ocrx_word' id='word_1_117' title='bbox 956 1368 1283 1422; x_wconf 89' lang='lat' dir='ltr'><strong>restiterunt</strong></span> <span class='ocrx_word' id='word_1_118' title='bbox 1297 1369 1478 1423; x_wconf 61' lang='lat' dir='ltr'><strong>moesti</strong></span> <span class='ocrx_word' id='word_1_119' title='bbox 1490 1367 1555 1440; x_wconf 81' lang='grc' dir='ltr'><strong>[Α</strong></span> <span class='ocrx_word' id='word_1_120' title='bbox 1566 1372 1602 1423; x_wconf 86' lang='grc' dir='ltr'><em>ι.</em></span> <span class='ocrx_word' id='word_1_121' title='bbox 1636 1368 1695 1422; x_wconf 90' lang='lat' dir='ltr'><strong>in</strong></span> <span class='ocrx_word' id='word_1_122' title='bbox 1710 1368 1890 1438; x_wconf 66' lang='lat' dir='ltr'><strong>aestu],</strong></span> 
     </span>
    </p>
   </div>
   <div class='ocr_carea' id='block_1_16' title="bbox 288 1455 1898 1528">
    <p class='ocr_par' dir='ltr' id='par_1_16' title="bbox 288 1455 1898 1528">
     <span class='ocr_line' id='line_1_16' title="bbox 288 1455 1898 1528; baseline 0.001 -20"><span class='ocrx_word' id='word_1_123' title='bbox 288 1455 546 1509; x_wconf 85' lang='lat' dir='ltr'><strong>dicentes</strong></span> <span class='ocrx_word' id='word_1_124' title='bbox 569 1475 579 1508; x_wconf 90' lang='lat'><strong>:</strong></span> <span class='ocrx_word' id='word_1_125' title='bbox 608 1455 749 1519; x_wconf 84' lang='lat' dir='ltr'><strong>Quia</strong></span> <span class='ocrx_word' id='word_1_126' title='bbox 772 1474 885 1510; x_wconf 92' lang='lat' dir='ltr'><strong>non</strong></span> <span class='ocrx_word' id='word_1_127' title='bbox 907 1456 1036 1510; x_wconf 87' lang='lat' dir='ltr'><strong>hinc</strong></span> <span class='ocrx_word' id='word_1_128' title='bbox 1053 1457 1407 1521; x_wconf 85' lang='lat' dir='ltr'><strong>discedimus,</strong></span> <span class='ocrx_word' id='word_1_129' title='bbox 1424 1457 1531 1511; x_wconf 88' lang='lat' dir='ltr'><strong>nisi</strong></span> <span class='ocrx_word' id='word_1_130' title='bbox 1551 1457 1706 1528; x_wconf 86' lang='lat' dir='ltr'><strong>digni</strong></span> <span class='ocrx_word' id='word_1_131' title='bbox 1732 1457 1898 1511; x_wconf 87' lang='lat' dir='ltr'><strong>fueri-</strong></span> 
     </span>
    </p>
   </div>
   <div class='ocr_carea' id='block_1_17' title="bbox 1975 462 3573 545">
    <p class='ocr_par' dir='ltr' id='par_1_17' title="bbox 1975 462 3573 545">
     <span class='ocr_line' id='line_1_17' title="bbox 1975 462 3573 545; baseline 0.005 -17"><span class='ocrx_word' id='word_1_132' title='bbox 1975 490 2135 528; x_wconf 92' lang='lat' dir='ltr'><strong>meus</strong></span> <span class='ocrx_word' id='word_1_133' title='bbox 2158 462 2262 537; x_wconf 77' lang='lat' dir='ltr'><strong>est,</strong></span> <span class='ocrx_word' id='word_1_134' title='bbox 2305 476 2362 524; x_wconf 91' lang='lat' dir='ltr'><strong>ct</strong></span> <span class='ocrx_word' id='word_1_135' title='bbox 2406 476 2467 524; x_wconf 83' lang='lat' dir='ltr'><strong>tu</strong></span> <span class='ocrx_word' id='word_1_136' title='bbox 2498 469 2587 524; x_wconf 91' lang='lat' dir='ltr'><strong>dic</strong></span> <span class='ocrx_word' id='word_1_137' title='bbox 2613 489 2623 523; x_wconf 92' lang='lat'><strong>:</strong></span> <span class='ocrx_word' id='word_1_138' title='bbox 2658 472 2800 535; x_wconf 84' lang='lat' dir='ltr'><strong>Quia</strong></span> <span class='ocrx_word' id='word_1_139' title='bbox 2828 490 2940 527; x_wconf 91' lang='lat' dir='ltr'><strong>non</strong></span> <span class='ocrx_word' id='word_1_140' title='bbox 2967 481 3054 530; x_wconf 90' lang='lat' dir='ltr'><strong>est</strong></span> <span class='ocrx_word' id='word_1_141' title='bbox 3080 481 3230 545; x_wconf 90' lang='lat' dir='ltr'><strong>tuus,</strong></span> <span class='ocrx_word' id='word_1_142' title='bbox 3264 479 3362 533; x_wconf 91' lang='lat' dir='ltr'><strong>sed</strong></span> <span class='ocrx_word' id='word_1_143' title='bbox 3392 497 3573 536; x_wconf 88' lang='lat' dir='ltr'><strong>meus.</strong></span> 
     </span>
    </p>
   </div>
   <div class='ocr_carea' id='block_1_18' title="bbox 1976 558 3580 637">
    <p class='ocr_par' dir='ltr' id='par_1_18' title="bbox 1976 558 3580 637">
     <span class='ocr_line' id='line_1_18' title="bbox 1976 558 3580 637; baseline 0.006 -23"><span class='ocrx_word' id='word_1_144' title='bbox 1976 561 2045 615; x_wconf 90' lang='lat' dir='ltr'><strong>Et</strong></span> <span class='ocrx_word' id='word_1_145' title='bbox 2074 578 2138 614; x_wconf 90' lang='lat' dir='ltr'><strong>ex</strong></span> <span class='ocrx_word' id='word_1_146' title='bbox 2164 560 2268 613; x_wconf 89' lang='lat' dir='ltr'><strong>hoc</strong></span> <span class='ocrx_word' id='word_1_147' title='bbox 2298 560 2361 612; x_wconf 89' lang='lat' dir='ltr'><strong>fit</strong></span> <span class='ocrx_word' id='word_1_148' title='bbox 2390 558 2674 612; x_wconf 85' lang='lat' dir='ltr'><strong>contentio</strong></span> <span class='ocrx_word' id='word_1_149' title='bbox 2705 565 2764 613; x_wconf 91' lang='lat' dir='ltr'><strong>et</strong></span> <span class='ocrx_word' id='word_1_150' title='bbox 2812 560 2950 615; x_wconf 85' lang='lat' dir='ltr'><strong>rixa.</strong></span> <span class='ocrx_word' id='word_1_151' title='bbox 2982 563 3051 617; x_wconf 90' lang='lat' dir='ltr'><strong>Et</strong></span> <span class='ocrx_word' id='word_1_152' title='bbox 3078 580 3206 618; x_wconf 89' lang='lat' dir='ltr'><strong>cum</strong></span> <span class='ocrx_word' id='word_1_153' title='bbox 3258 568 3580 637; x_wconf 82' lang='lat' dir='ltr'><strong>posuissent</strong></span> 
     </span>
    </p>
   </div>
   <div class='ocr_carea' id='block_1_19' title="bbox 1974 647 3580 725">
    <p class='ocr_par' dir='ltr' id='par_1_19' title="bbox 1974 647 3580 725">
     <span class='ocr_line' id='line_1_19' title="bbox 1974 647 3580 725; baseline 0.006 -22"><span class='ocrx_word' id='word_1_154' title='bbox 1974 651 2207 704; x_wconf 87' lang='lat' dir='ltr'><strong>laterem</strong></span> <span class='ocrx_word' id='word_1_155' title='bbox 2238 649 2295 702; x_wconf 91' lang='lat' dir='ltr'><strong>in</strong></span> <span class='ocrx_word' id='word_1_156' title='bbox 2328 647 2531 714; x_wconf 90' lang='lat' dir='ltr'><strong>medio,</strong></span> <span class='ocrx_word' id='word_1_157' title='bbox 2554 648 2773 703; x_wconf 89' lang='lat' dir='ltr'><strong>dicente</strong></span> <span class='ocrx_word' id='word_1_158' title='bbox 2802 667 2914 704; x_wconf 90' lang='lat' dir='ltr'><strong>uno</strong></span> <span class='ocrx_word' id='word_1_159' title='bbox 2940 670 2950 704; x_wconf 90' lang='lat'><strong>:</strong></span> <span class='ocrx_word' id='word_1_160' title='bbox 2986 652 3129 716; x_wconf 87' lang='lat' dir='ltr'><strong>Quia</strong></span> <span class='ocrx_word' id='word_1_161' title='bbox 3156 670 3312 710; x_wconf 91' lang='lat' dir='ltr'><strong>meus</strong></span> <span class='ocrx_word' id='word_1_162' title='bbox 3344 663 3455 725; x_wconf 85' lang='lat' dir='ltr'><strong>est;</strong></span> <span class='ocrx_word' id='word_1_163' title='bbox 3486 658 3580 713; x_wconf 92' lang='lat' dir='ltr'><strong>ille</strong></span> 
     </span>
    </p>
   </div>
   <div class='ocr_carea' id='block_1_20' title="bbox 1977 737 3579 819">
    <p class='ocr_par' dir='ltr' id='par_1_20' title="bbox 1977 737 3579 819">
     <span class='ocr_line' id='line_1_20' title="bbox 1977 737 3579 819; baseline 0.006 -26"><span class='ocrx_word' id='word_1_164' title='bbox 1977 739 2120 793; x_wconf 82' lang='lat' dir='ltr'><strong>alter</strong></span> <span class='ocrx_word' id='word_1_165' title='bbox 2141 737 2321 809; x_wconf 86' lang='lat' dir='ltr'><strong>primo</strong></span> <span class='ocrx_word' id='word_1_166' title='bbox 2380 737 2794 808; x_wconf 88' lang='lat' dir='ltr'><strong>respondebat:</strong></span> <span class='ocrx_word' id='word_1_167' title='bbox 2828 740 2942 810; x_wconf 86' lang='lat' dir='ltr'><strong>Ego</strong></span> <span class='ocrx_word' id='word_1_168' title='bbox 2988 758 3175 796; x_wconf 90' lang='lat' dir='ltr'><strong>meum</strong></span> <span class='ocrx_word' id='word_1_169' title='bbox 3227 761 3350 800; x_wconf 90' lang='lat' dir='ltr'><strong>esse</strong></span> <span class='ocrx_word' id='word_1_170' title='bbox 3389 763 3579 819; x_wconf 91' lang='lat' dir='ltr'><strong>spero.</strong></span> 
     </span>
    </p>
   </div>
   <div class='ocr_carea' id='block_1_21' title="bbox 1978 827 3579 902">
    <p class='ocr_par' dir='ltr' id='par_1_21' title="bbox 1978 827 3579 902">
     <span class='ocr_line' id='line_1_21' title="bbox 1978 827 3579 902; baseline 0.006 -20"><span class='ocrx_word' id='word_1_171' title='bbox 1978 829 2118 883; x_wconf 88' lang='lat' dir='ltr'><strong>Cum</strong></span> <span class='ocrx_word' id='word_1_172' title='bbox 2172 827 2267 881; x_wconf 90' lang='lat' dir='ltr'><strong>ille</strong></span> <span class='ocrx_word' id='word_1_173' title='bbox 2319 827 2465 881; x_wconf 85' lang='lat' dir='ltr'><strong>alter</strong></span> <span class='ocrx_word' id='word_1_174' title='bbox 2517 827 2725 881; x_wconf 88' lang='lat' dir='ltr'><strong>iterum</strong></span> <span class='ocrx_word' id='word_1_175' title='bbox 2755 828 3147 886; x_wconf 79' lang='lat' dir='ltr'><strong>diceretzNon</strong></span> <span class='ocrx_word' id='word_1_176' title='bbox 3178 839 3264 887; x_wconf 91' lang='lat' dir='ltr'><strong>est</strong></span> <span class='ocrx_word' id='word_1_177' title='bbox 3284 838 3436 902; x_wconf 91' lang='lat' dir='ltr'><strong>tuus,</strong></span> <span class='ocrx_word' id='word_1_178' title='bbox 3479 836 3579 891; x_wconf 85' lang='lat' dir='ltr'><strong>sed</strong></span> 
     </span>
    </p>
   </div>
   <div class='ocr_carea' id='block_1_22' title="bbox 1979 915 3583 994">
    <p class='ocr_par' dir='ltr' id='par_1_22' title="bbox 1979 915 3583 994">
     <span class='ocr_line' id='line_1_22' title="bbox 1979 915 3583 994; baseline 0.006 -24"><span class='ocrx_word' id='word_1_179' title='bbox 1979 933 2160 981; x_wconf 89' lang='lat' dir='ltr'><strong>meus,</strong></span> <span class='ocrx_word' id='word_1_180' title='bbox 2199 921 2336 970; x_wconf 90' lang='lat' dir='ltr'><strong>tunc</strong></span> <span class='ocrx_word' id='word_1_181' title='bbox 2360 915 2457 969; x_wconf 87' lang='lat' dir='ltr'><strong>ille</strong></span> <span class='ocrx_word' id='word_1_182' title='bbox 2485 916 2777 987; x_wconf 89' lang='lat' dir='ltr'><strong>respondit</strong></span> <span class='ocrx_word' id='word_1_183' title='bbox 2807 935 2818 970; x_wconf 94' lang='lat'>:</span> <span class='ocrx_word' id='word_1_184' title='bbox 2847 917 2916 971; x_wconf 91' lang='lat' dir='ltr'><strong>Et</strong></span> <span class='ocrx_word' id='word_1_185' title='bbox 2959 918 3005 971; x_wconf 88' lang='lat' dir='ltr'><strong>si</strong></span> <span class='ocrx_word' id='word_1_186' title='bbox 3048 925 3179 975; x_wconf 90' lang='lat' dir='ltr'><strong>tuus</strong></span> <span class='ocrx_word' id='word_1_187' title='bbox 3222 928 3327 994; x_wconf 91' lang='lat' dir='ltr'><strong>est,</strong></span> <span class='ocrx_word' id='word_1_188' title='bbox 3358 925 3492 980; x_wconf 86' lang='lat' dir='ltr'><strong>tolle</strong></span> <span class='ocrx_word' id='word_1_189' title='bbox 3517 925 3583 980; x_wconf 86' lang='lat' dir='ltr'><strong>il-</strong></span> 
     </span>
    </p>
   </div>
   <div class='ocr_carea' id='block_1_23' title="bbox 1975 1008 3583 1082">
    <p class='ocr_par' dir='ltr' id='par_1_23' title="bbox 1975 1008 3583 1082">
     <span class='ocr_line' id='line_1_23' title="bbox 1975 1008 3583 1082; baseline 0.006 -19"><span class='ocrx_word' id='word_1_190' title='bbox 1975 1010 2112 1065; x_wconf 92' lang='lat' dir='ltr'><strong>lum.</strong></span> <span class='ocrx_word' id='word_1_191' title='bbox 2148 1008 2269 1073; x_wconf 88' lang='lat' dir='ltr'><strong>Quo</strong></span> <span class='ocrx_word' id='word_1_192' title='bbox 2300 1009 2470 1076; x_wconf 91' lang='lat' dir='ltr'><strong>dicto,</strong></span> <span class='ocrx_word' id='word_1_193' title='bbox 2502 1025 2616 1063; x_wconf 93' lang='lat' dir='ltr'><strong>non</strong></span> <span class='ocrx_word' id='word_1_194' title='bbox 2654 1009 2990 1065; x_wconf 88' lang='lat' dir='ltr'><strong>invenerunt</strong></span> <span class='ocrx_word' id='word_1_195' title='bbox 3019 1014 3489 1082; x_wconf 83' lang='lat' dir='ltr'><strong>quemadmodum</strong></span> <span class='ocrx_word' id='word_1_196' title='bbox 3518 1017 3583 1073; x_wconf 91' lang='lat' dir='ltr'><strong>li-</strong></span> 
     </span>
    </p>
   </div>
   <div class='ocr_carea' id='block_1_24' title="bbox 1976 1098 2242 1170">
    <p class='ocr_par' dir='ltr' id='par_1_24' title="bbox 1976 1098 2242 1170">
     <span class='ocr_line' id='line_1_24' title="bbox 1976 1098 2242 1170; baseline 0.008 -19"><span class='ocrx_word' id='word_1_197' title='bbox 1976 1098 2242 1170; x_wconf 87' lang='lat' dir='ltr'><strong>tigarent.</strong></span> 
     </span>
    </p>
   </div>
   <div class='ocr_carea' id='block_1_25' title="bbox 2045 1187 3580 1259">
    <p class='ocr_par' dir='ltr' id='par_1_25' title="bbox 2045 1187 3580 1259">
     <span class='ocr_line' id='line_1_25' title="bbox 2045 1187 3580 1259; baseline 0.005 -16"><span class='ocrx_word' id='word_1_198' title='bbox 2045 1187 2133 1244; x_wconf 83' lang='lat'><strong>97.</strong></span> <span class='ocrx_word' id='word_1_199' title='bbox 2156 1188 2411 1252; x_wconf 87' lang='lat' dir='ltr'><strong>Quodam</strong></span> <span class='ocrx_word' id='word_1_200' title='bbox 2430 1193 2687 1259; x_wconf 89' lang='lat' dir='ltr'><strong>tempore</strong></span> <span class='ocrx_word' id='word_1_201' title='bbox 2702 1194 2899 1243; x_wconf 89' lang='lat' dir='ltr'><strong>orante</strong></span> <span class='ocrx_word' id='word_1_202' title='bbox 2920 1189 3086 1247; x_wconf 89' lang='lat' dir='ltr'><strong>beato</strong></span> <span class='ocrx_word' id='word_1_203' title='bbox 3114 1193 3360 1249; x_wconf 87' lang='lat' dir='ltr'><strong>Macario</strong></span> <span class='ocrx_word' id='word_1_204' title='bbox 3379 1193 3580 1252; x_wconf 85' lang='lat' dir='ltr'><strong>abbate</strong></span> 
     </span>
    </p>
   </div>
   <div class='ocr_carea' id='block_1_26' title="bbox 1982 1278 3573 1355">
    <p class='ocr_par' dir='ltr' id='par_1_26' title="bbox 1982 1278 3573 1355">
     <span class='ocr_line' id='line_1_26' title="bbox 1982 1278 3573 1355; baseline 0.006 -24"><span class='ocrx_word' id='word_1_205' title='bbox 1982 1279 2227 1344; x_wconf 84' lang='lat' dir='ltr'><strong>(Joanne,</strong></span> <span class='ocrx_word' id='word_1_206' title='bbox 2263 1279 2433 1332; x_wconf 77' lang='lat' dir='ltr'><strong>libell.</strong></span> <span class='ocrx_word' id='word_1_207' title='bbox 2459 1292 2542 1345; x_wconf 77' lang='grc' dir='ltr'><strong>ιιι,</strong></span> <span class='ocrx_word' id='word_1_208' title='bbox 2578 1294 2635 1331; x_wconf 86' lang='grc' dir='ltr'><strong>η.</strong></span> <span class='ocrx_word' id='word_1_209' title='bbox 2661 1278 2773 1347; x_wconf 82' lang='grc'><strong>17),</strong></span> <span class='ocrx_word' id='word_1_210' title='bbox 2809 1294 2911 1333; x_wconf 85' lang='lat' dir='ltr'><strong>vox</strong></span> <span class='ocrx_word' id='word_1_211' title='bbox 2956 1280 3028 1334; x_wconf 90' lang='lat' dir='ltr'><strong>ad</strong></span> <span class='ocrx_word' id='word_1_212' title='bbox 3086 1298 3215 1337; x_wconf 90' lang='lat' dir='ltr'><strong>eum</strong></span> <span class='ocrx_word' id='word_1_213' title='bbox 3261 1284 3573 1355; x_wconf 88' lang='lat' dir='ltr'><strong>personuit,</strong></span> 
     </span>
    </p>
   </div>
   <div class='ocr_carea' id='block_1_27' title="bbox 1978 1366 3582 1432">
    <p class='ocr_par' dir='ltr' id='par_1_27' title="bbox 1978 1366 3582 1432">
     <span class='ocr_line' id='line_1_27' title="bbox 1978 1366 3582 1432; baseline 0.006 -12"><span class='ocrx_word' id='word_1_214' title='bbox 1978 1366 2196 1422; x_wconf 90' lang='lat' dir='ltr'><strong>dicens:</strong></span> <span class='ocrx_word' id='word_1_215' title='bbox 2221 1366 2441 1432; x_wconf 77' lang='lat' dir='ltr'><strong>Macari,</strong></span> <span class='ocrx_word' id='word_1_216' title='bbox 2467 1367 2703 1421; x_wconf 89' lang='lat' dir='ltr'><strong>necdum</strong></span> <span class='ocrx_word' id='word_1_217' title='bbox 2734 1367 2805 1421; x_wconf 88' lang='lat' dir='ltr'><strong>ad</strong></span> <span class='ocrx_word' id='word_1_218' title='bbox 2835 1384 3159 1425; x_wconf 85' lang='lat' dir='ltr'><strong>mensuram</strong></span> <span class='ocrx_word' id='word_1_219' title='bbox 3188 1372 3429 1428; x_wconf 90' lang='lat' dir='ltr'><strong>duarum</strong></span> <span class='ocrx_word' id='word_1_220' title='bbox 3458 1389 3582 1430; x_wconf 89' lang='lat' dir='ltr'><strong>mu-</strong></span> 
     </span>
    </p>
   </div>
   <div class='ocr_carea' id='block_1_28' title="bbox 1980 1455 3583 1535">
    <p class='ocr_par' dir='ltr' id='par_1_28' title="bbox 1980 1455 3583 1535">
     <span class='ocr_line' id='line_1_28' title="bbox 1980 1455 3583 1535; baseline 0.006 -26"><span class='ocrx_word' id='word_1_221' title='bbox 1980 1455 2181 1510; x_wconf 89' lang='lat' dir='ltr'><strong>lierum</strong></span> <span class='ocrx_word' id='word_1_222' title='bbox 2202 1456 2523 1528; x_wconf 83' lang='lat' dir='ltr'><strong>pervenisti,</strong></span> <span class='ocrx_word' id='word_1_223' title='bbox 2558 1473 2681 1527; x_wconf 72' lang='lat' dir='ltr'><strong>quae</strong></span> <span class='ocrx_word' id='word_1_224' title='bbox 2711 1456 2769 1510; x_wconf 91' lang='lat' dir='ltr'><strong>in</strong></span> <span class='ocrx_word' id='word_1_225' title='bbox 2797 1458 3053 1528; x_wconf 85' lang='lat' dir='ltr'><strong>proxima</strong></span> <span class='ocrx_word' id='word_1_226' title='bbox 3076 1461 3289 1535; x_wconf 80' lang='lat' dir='ltr'><strong>pariter</strong></span> <span class='ocrx_word' id='word_1_227' title='bbox 3322 1462 3583 1519; x_wconf 87' lang='lat' dir='ltr'><strong>habitant</strong></span> 
     </span>
    </p>
   </div>
   <div class='ocr_carea' id='block_1_29' title="bbox 287 1544 3586 1624">
    <p class='ocr_par' dir='ltr' id='par_1_29' title="bbox 287 1544 3586 1624">
     <span class='ocr_line' id='line_1_29' title="bbox 287 1544 3586 1624; baseline 0.003 -27"><span class='ocrx_word' id='word_1_228' title='bbox 287 1560 424 1599; x_wconf 88' lang='lat' dir='ltr'><strong>mus</strong></span> <span class='ocrx_word' id='word_1_229' title='bbox 457 1545 695 1599; x_wconf 87' lang='lat' dir='ltr'><strong>adorare</strong></span> <span class='ocrx_word' id='word_1_230' title='bbox 724 1562 875 1599; x_wconf 88' lang='lat' dir='ltr'><strong>eum.</strong></span> <span class='ocrx_word' id='word_1_231' title='bbox 902 1546 1152 1610; x_wconf 89' lang='lat' dir='ltr'><strong>Quorum</strong></span> <span class='ocrx_word' id='word_1_232' title='bbox 1176 1564 1303 1601; x_wconf 92' lang='lat' dir='ltr'><strong>cum</strong></span> <span class='ocrx_word' id='word_1_233' title='bbox 1326 1547 1420 1601; x_wconf 91' lang='lat' dir='ltr'><strong>ille</strong></span> <span class='ocrx_word' id='word_1_234' title='bbox 1437 1546 1814 1601; x_wconf 84' lang='lat' dir='ltr'><strong>humilitatem</strong></span> <span class='ocrx_word' id='word_1_235' title='bbox 1842 1550 1901 1601; x_wconf 92' lang='lat' dir='ltr'><strong>et</strong></span> <span class='ocrx_word' id='word_1_236' title='bbox 1981 1544 2224 1600; x_wconf 87' lang='lat' dir='ltr'><strong>civitate.</strong></span> <span class='ocrx_word' id='word_1_237' title='bbox 2259 1546 2382 1609; x_wconf 89' lang='lat' dir='ltr'><strong>Quo</strong></span> <span class='ocrx_word' id='word_1_238' title='bbox 2412 1545 2622 1612; x_wconf 89' lang='lat' dir='ltr'><strong>audito,</strong></span> <span class='ocrx_word' id='word_1_239' title='bbox 2659 1562 2826 1600; x_wconf 83' lang='lat' dir='ltr'><strong>senex</strong></span> <span class='ocrx_word' id='word_1_240' title='bbox 2882 1564 3206 1619; x_wconf 81' lang='lat' dir='ltr'><strong>exsurgens,</strong></span> <span class='ocrx_word' id='word_1_241' title='bbox 3237 1557 3463 1624; x_wconf 88' lang='lat' dir='ltr'><strong>arrepto</strong></span> <span class='ocrx_word' id='word_1_242' title='bbox 3488 1552 3586 1608; x_wconf 87' lang='lat' dir='ltr'><strong>ba-</strong></span> 
     </span>
    </p>
   </div>
   <div class='ocr_carea' id='block_1_30' title="bbox 290 1634 3586 1713">
    <p class='ocr_par' dir='ltr' id='par_1_30' title="bbox 290 1634 3586 1713">
     <span class='ocr_line' id='line_1_30' title="bbox 290 1634 3586 1713; baseline 0.003 -25"><span class='ocrx_word' id='word_1_243' title='bbox 290 1634 629 1705; x_wconf 87' lang='lat' dir='ltr'><strong>patientiam</strong></span> <span class='ocrx_word' id='word_1_244' title='bbox 660 1634 1015 1705; x_wconf 85' lang='lat' dir='ltr'><strong>pervidisset,</strong></span> <span class='ocrx_word' id='word_1_245' title='bbox 1043 1642 1410 1708; x_wconf 78' lang='lat' dir='ltr'><strong>compunctus</strong></span> <span class='ocrx_word' id='word_1_246' title='bbox 1426 1636 1649 1707; x_wconf 88' lang='lat' dir='ltr'><strong>aperuit</strong></span> <span class='ocrx_word' id='word_1_247' title='bbox 1669 1636 1895 1702; x_wconf 88' lang='lat' dir='ltr'><strong>ostium,</strong></span> <span class='ocrx_word' id='word_1_248' title='bbox 1916 1705 1959 1713; x_wconf 74' lang='lat'><strong><em>_</em></strong></span> <span class='ocrx_word' id='word_1_249' title='bbox 1985 1635 2130 1702; x_wconf 91' lang='lat' dir='ltr'><strong>culo,</strong></span> <span class='ocrx_word' id='word_1_250' title='bbox 2171 1634 2231 1689; x_wconf 93' lang='lat' dir='ltr'><strong>in</strong></span> <span class='ocrx_word' id='word_1_251' title='bbox 2287 1634 2636 1705; x_wconf 87' lang='lat' dir='ltr'><strong>designatam</strong></span> <span class='ocrx_word' id='word_1_252' title='bbox 2679 1636 2936 1707; x_wconf 86' lang='lat' dir='ltr'><strong>pervenit</strong></span> <span class='ocrx_word' id='word_1_253' title='bbox 2990 1638 3293 1695; x_wconf 88' lang='lat' dir='ltr'><strong>civitatem.</strong></span> <span class='ocrx_word' id='word_1_254' title='bbox 3327 1642 3586 1713; x_wconf 86' lang='lat' dir='ltr'><strong>Cumque</strong></span> 
     </span>
    </p>
   </div>
   <div class='ocr_carea' id='block_1_31' title="bbox 290 1705 3578 1801">
    <p class='ocr_par' dir='ltr' id='par_1_31' title="bbox 290 1705 3578 1801">
     <span class='ocr_line' id='line_1_31' title="bbox 290 1705 3578 1801; baseline 0.003 -24"><span class='ocrx_word' id='word_1_255' title='bbox 290 1730 351 1777; x_wconf 91' lang='lat' dir='ltr'><strong>et</strong></span> <span class='ocrx_word' id='word_1_256' title='bbox 380 1724 697 1778; x_wconf 83' lang='lat' dir='ltr'><strong>osculantes</strong></span> <span class='ocrx_word' id='word_1_257' title='bbox 726 1741 786 1778; x_wconf 91' lang='lat' dir='ltr'><strong>se</strong></span> <span class='ocrx_word' id='word_1_258' title='bbox 816 1725 1070 1791; x_wconf 83' lang='lat' dir='ltr'><strong>invicem,</strong></span> <span class='ocrx_word' id='word_1_259' title='bbox 1093 1705 1711 1797; x_wconf 69' lang='lat' dir='ltr'><strong>gustaveruntpariter.</strong></span> <span class='ocrx_word' id='word_1_260' title='bbox 1747 1705 1964 1781; x_wconf 90' lang='lat' dir='ltr'><strong>DixitB</strong></span> <span class='ocrx_word' id='word_1_261' title='bbox 1987 1724 2192 1779; x_wconf 89' lang='lat' dir='ltr'><strong>ostium</strong></span> <span class='ocrx_word' id='word_1_262' title='bbox 2251 1725 2496 1795; x_wconf 60' lang='lat' dir='ltr'><strong>quaesitae</strong></span> <span class='ocrx_word' id='word_1_263' title='bbox 2553 1705 2752 1780; x_wconf 81' lang='lat' dir='ltr'><strong>domus</strong></span> <span class='ocrx_word' id='word_1_264' title='bbox 2806 1730 2976 1797; x_wconf 89' lang='lat' dir='ltr'><strong>atque</strong></span> <span class='ocrx_word' id='word_1_265' title='bbox 3027 1726 3265 1783; x_wconf 65' lang='lat' dir='ltr'><strong>inventae</strong></span> <span class='ocrx_word' id='word_1_266' title='bbox 3306 1705 3578 1801; x_wconf 67' lang='lat' dir='ltr'><strong>pulsaret,</strong></span> 
     </span>
    </p>
   </div>
   <div class='ocr_carea' id='block_1_32' title="bbox 294 1812 1898 1885">
    <p class='ocr_par' dir='ltr' id='par_1_32' title="bbox 294 1812 1898 1885">
     <span class='ocr_line' id='line_1_32' title="bbox 294 1812 1898 1885; baseline 0.001 -18"><span class='ocrx_word' id='word_1_267' title='bbox 294 1829 434 1883; x_wconf 86' lang='lat' dir='ltr'><strong>ergo</strong></span> <span class='ocrx_word' id='word_1_268' title='bbox 450 1813 534 1867; x_wconf 92' lang='lat' dir='ltr'><strong>eis</strong></span> <span class='ocrx_word' id='word_1_269' title='bbox 552 1812 670 1885; x_wconf 91' lang='lat' dir='ltr'><strong>ipse</strong></span> <span class='ocrx_word' id='word_1_270' title='bbox 690 1831 884 1870; x_wconf 87' lang='lat' dir='ltr'><strong>senex:</strong></span> <span class='ocrx_word' id='word_1_271' title='bbox 911 1817 976 1869; x_wconf 92' lang='lat' dir='ltr'><strong>In</strong></span> <span class='ocrx_word' id='word_1_272' title='bbox 1001 1815 1237 1870; x_wconf 88' lang='lat' dir='ltr'><strong>veritate</strong></span> <span class='ocrx_word' id='word_1_273' title='bbox 1256 1832 1369 1870; x_wconf 93' lang='lat' dir='ltr'><strong>non</strong></span> <span class='ocrx_word' id='word_1_274' title='bbox 1397 1821 1529 1870; x_wconf 91' lang='lat' dir='ltr'><strong>sunt</strong></span> <span class='ocrx_word' id='word_1_275' title='bbox 1542 1832 1606 1870; x_wconf 90' lang='lat' dir='ltr'><strong>ea</strong></span> <span class='ocrx_word' id='word_1_276' title='bbox 1627 1815 1747 1869; x_wconf 91' lang='lat' dir='ltr'><strong>sola</strong></span> <span class='ocrx_word' id='word_1_277' title='bbox 1776 1831 1898 1885; x_wconf 65' lang='lat' dir='ltr'><strong>quae</strong></span> 
     </span>
    </p>
   </div>
   <div class='ocr_carea' id='block_1_33' title="bbox 295 1901 1896 1977">
    <p class='ocr_par' dir='ltr' id='par_1_33' title="bbox 295 1901 1896 1977">
     <span class='ocr_line' id='line_1_33' title="bbox 295 1901 1896 1977; baseline 0.001 -21"><span class='ocrx_word' id='word_1_278' title='bbox 295 1901 488 1956; x_wconf 86' lang='lat' dir='ltr'><strong>audivi</strong></span> <span class='ocrx_word' id='word_1_279' title='bbox 519 1902 586 1956; x_wconf 91' lang='lat' dir='ltr'><strong>de</strong></span> <span class='ocrx_word' id='word_1_280' title='bbox 610 1903 780 1969; x_wconf 91' lang='lat' dir='ltr'><strong>vobis,</strong></span> <span class='ocrx_word' id='word_1_281' title='bbox 809 1904 907 1959; x_wconf 91' lang='lat' dir='ltr'><strong>sed</strong></span> <span class='ocrx_word' id='word_1_282' title='bbox 928 1909 986 1959; x_wconf 89' lang='lat' dir='ltr'><strong>et</strong></span> <span class='ocrx_word' id='word_1_283' title='bbox 1004 1905 1329 1977; x_wconf 89' lang='lat' dir='ltr'><strong>centuplum</strong></span> <span class='ocrx_word' id='word_1_284' title='bbox 1369 1921 1541 1977; x_wconf 83' lang='lat' dir='ltr'><strong>Opera</strong></span> <span class='ocrx_word' id='word_1_285' title='bbox 1570 1904 1681 1959; x_wconf 91' lang='lat' dir='ltr'><strong>vidi</strong></span> <span class='ocrx_word' id='word_1_286' title='bbox 1712 1904 1771 1958; x_wconf 90' lang='lat' dir='ltr'><strong>in</strong></span> <span class='ocrx_word' id='word_1_287' title='bbox 1798 1920 1896 1958; x_wconf 86' lang='lat' dir='ltr'><strong>vo-</strong></span> 
     </span>
    </p>
   </div>
   <div class='ocr_carea' id='block_1_34' title="bbox 290 1989 1893 2049">
    <p class='ocr_par' dir='ltr' id='par_1_34' title="bbox 290 1989 1893 2049">
     <span class='ocr_line' id='line_1_34' title="bbox 290 1989 1893 2049; baseline 0.002 -5"><span class='ocrx_word' id='word_1_288' title='bbox 290 1989 403 2044; x_wconf 87' lang='lat' dir='ltr'><strong>bis.</strong></span> <span class='ocrx_word' id='word_1_289' title='bbox 438 1991 509 2046; x_wconf 88' lang='lat' dir='ltr'><strong>Et</strong></span> <span class='ocrx_word' id='word_1_290' title='bbox 536 1991 606 2045; x_wconf 86' lang='lat' dir='ltr'><strong>ab</strong></span> <span class='ocrx_word' id='word_1_291' title='bbox 634 1991 730 2047; x_wconf 89' lang='lat' dir='ltr'><strong>illo</strong></span> <span class='ocrx_word' id='word_1_292' title='bbox 758 1993 847 2048; x_wconf 90' lang='lat' dir='ltr'><strong>die</strong></span> <span class='ocrx_word' id='word_1_293' title='bbox 874 1994 1088 2048; x_wconf 89' lang='lat' dir='ltr'><strong>amicus</strong></span> <span class='ocrx_word' id='word_1_294' title='bbox 1109 1994 1471 2049; x_wconf 90' lang='lat' dir='ltr'><strong>charissimus</strong></span> <span class='ocrx_word' id='word_1_295' title='bbox 1500 1993 1680 2048; x_wconf 85' lang='lat' dir='ltr'><strong>factus</strong></span> <span class='ocrx_word' id='word_1_296' title='bbox 1708 1998 1794 2047; x_wconf 91' lang='lat' dir='ltr'><strong>est</strong></span> <span class='ocrx_word' id='word_1_297' title='bbox 1822 1993 1893 2047; x_wconf 91' lang='lat' dir='ltr'><strong>ei.</strong></span> 
     </span>
    </p>
   </div>
   <div class='ocr_carea' id='block_1_35' title="bbox 369 2079 1897 2154">
    <p class='ocr_par' dir='ltr' id='par_1_35' title="bbox 369 2079 1897 2154">
     <span class='ocr_line' id='line_1_35' title="bbox 369 2079 1897 2154; baseline 0.001 -18"><span class='ocrx_word' id='word_1_298' title='bbox 369 2079 460 2136; x_wconf 79' lang='grc'><strong>92.</strong></span> <span class='ocrx_word' id='word_1_299' title='bbox 475 2080 664 2137; x_wconf 80' lang='lat' dir='ltr'><strong>Abbas</strong></span> <span class='ocrx_word' id='word_1_300' title='bbox 680 2083 941 2137; x_wconf 86' lang='lat' dir='ltr'><strong>Muthues</strong></span> <span class='ocrx_word' id='word_1_301' title='bbox 957 2083 1256 2154; x_wconf 87' lang='lat' dir='ltr'><strong>aliquando</strong></span> <span class='ocrx_word' id='word_1_302' title='bbox 1274 2083 1569 2138; x_wconf 79' lang='lat' dir='ltr'><strong>aedificavit</strong></span> <span class='ocrx_word' id='word_1_303' title='bbox 1597 2082 1703 2137; x_wconf 91' lang='lat' dir='ltr'><strong>sibi</strong></span> <span class='ocrx_word' id='word_1_304' title='bbox 1722 2082 1897 2137; x_wconf 90' lang='lat' dir='ltr'><strong>cellu-</strong></span> 
     </span>
    </p>
   </div>
   <div class='ocr_carea' id='block_1_36' title="bbox 295 2164 1893 2242">
    <p class='ocr_par' dir='ltr' id='par_1_36' title="bbox 295 2164 1893 2242">
     <span class='ocr_line' id='line_1_36' title="bbox 295 2164 1893 2242; baseline 0.002 -20"><span class='ocrx_word' id='word_1_305' title='bbox 295 2170 496 2223; x_wconf 90' lang='lat' dir='ltr'><strong>lamin</strong></span> <span class='ocrx_word' id='word_1_306' title='bbox 522 2170 642 2224; x_wconf 93' lang='lat' dir='ltr'><strong>loco</strong></span> <span class='ocrx_word' id='word_1_307' title='bbox 664 2171 760 2242; x_wconf 93' lang='lat' dir='ltr'><strong>qui</strong></span> <span class='ocrx_word' id='word_1_308' title='bbox 790 2172 996 2227; x_wconf 87' lang='lat' dir='ltr'><strong>dicitur</strong></span> <span class='ocrx_word' id='word_1_309' title='bbox 1026 2164 1682 2240; x_wconf 83' lang='lat' dir='ltr'><strong>Heracleona(Pasch.,c.</strong></span> <span class='ocrx_word' id='word_1_310' title='bbox 1718 2169 1800 2238; x_wconf 78' lang='lat'><strong>‘10,</strong></span> <span class='ocrx_word' id='word_1_311' title='bbox 1836 2187 1893 2225; x_wconf 80' lang='grc' dir='ltr'><strong>η.</strong></span> 
     </span>
    </p>
   </div>
   <div class='ocr_carea' id='block_1_37' title="bbox 294 2258 1898 2328">
    <p class='ocr_par' dir='ltr' id='par_1_37' title="bbox 294 2258 1898 2328">
     <span class='ocr_line' id='line_1_37' title="bbox 294 2258 1898 2328; baseline 0.003 -17"><span class='ocrx_word' id='word_1_312' title='bbox 294 2258 374 2327; x_wconf 76' lang='grc'><strong>1).</strong></span> <span class='ocrx_word' id='word_1_313' title='bbox 403 2259 472 2312; x_wconf 90' lang='lat' dir='ltr'><strong>Et</strong></span> <span class='ocrx_word' id='word_1_314' title='bbox 500 2259 633 2313; x_wconf 90' lang='lat' dir='ltr'><strong>dum</strong></span> <span class='ocrx_word' id='word_1_315' title='bbox 655 2260 731 2314; x_wconf 89' lang='lat' dir='ltr'><strong>ibi</strong></span> <span class='ocrx_word' id='word_1_316' title='bbox 754 2277 788 2314; x_wconf 88' lang='lat' dir='ltr'><strong>a</strong></span> <span class='ocrx_word' id='word_1_317' title='bbox 808 2262 1000 2315; x_wconf 84' lang='lat' dir='ltr'><strong>multis</strong></span> <span class='ocrx_word' id='word_1_318' title='bbox 1022 2262 1435 2328; x_wconf 88' lang='lat' dir='ltr'><strong>molestaretur,</strong></span> <span class='ocrx_word' id='word_1_319' title='bbox 1451 2262 1693 2316; x_wconf 85' lang='lat' dir='ltr'><strong>alterum</strong></span> <span class='ocrx_word' id='word_1_320' title='bbox 1714 2262 1898 2315; x_wconf 90' lang='lat' dir='ltr'><strong>locum</strong></span> 
     </span>
    </p>
   </div>
   <div class='ocr_carea' id='block_1_38' title="bbox 1982 1813 3579 1886">
    <p class='ocr_par' dir='ltr' id='par_1_38' title="bbox 1982 1813 3579 1886">
     <span class='ocr_line' id='line_1_38' title="bbox 1982 1813 3579 1886; baseline 0.006 -20"><span class='ocrx_word' id='word_1_321' title='bbox 1982 1830 2210 1883; x_wconf 87' lang='lat' dir='ltr'><strong>egressa</strong></span> <span class='ocrx_word' id='word_1_322' title='bbox 2237 1829 2351 1868; x_wconf 89' lang='lat' dir='ltr'><strong>una</strong></span> <span class='ocrx_word' id='word_1_323' title='bbox 2372 1830 2437 1867; x_wconf 89' lang='lat' dir='ltr'><strong>ex</strong></span> <span class='ocrx_word' id='word_1_324' title='bbox 2464 1813 2596 1880; x_wconf 89' lang='lat' dir='ltr'><strong>illis,</strong></span> <span class='ocrx_word' id='word_1_325' title='bbox 2630 1830 2758 1868; x_wconf 91' lang='lat' dir='ltr'><strong>cum</strong></span> <span class='ocrx_word' id='word_1_326' title='bbox 2785 1831 2991 1886; x_wconf 87' lang='lat' dir='ltr'><strong>magna</strong></span> <span class='ocrx_word' id='word_1_327' title='bbox 3036 1818 3407 1874; x_wconf 81' lang='lat' dir='ltr'><strong>exsultatione</strong></span> <span class='ocrx_word' id='word_1_328' title='bbox 3443 1837 3579 1876; x_wconf 89' lang='lat' dir='ltr'><strong>eum</strong></span> 
     </span>
    </p>
   </div>
   <div class='ocr_carea' id='block_1_39' title="bbox 1981 1901 3584 1974">
    <p class='ocr_par' dir='ltr' id='par_1_39' title="bbox 1981 1901 3584 1974">
     <span class='ocr_line' id='line_1_39' title="bbox 1981 1901 3584 1974; baseline 0.006 -19"><span class='ocrx_word' id='word_1_329' title='bbox 1981 1901 2245 1973; x_wconf 90' lang='lat' dir='ltr'><strong>suscepit.</strong></span> <span class='ocrx_word' id='word_1_330' title='bbox 2275 1902 2425 1967; x_wconf 87' lang='lat' dir='ltr'><strong>Quas</strong></span> <span class='ocrx_word' id='word_1_331' title='bbox 2454 1907 2724 1974; x_wconf 83' lang='lat' dir='ltr'><strong>utrasque</strong></span> <span class='ocrx_word' id='word_1_332' title='bbox 2752 1920 2919 1958; x_wconf 89' lang='lat' dir='ltr'><strong>senex</strong></span> <span class='ocrx_word' id='word_1_333' title='bbox 2940 1912 3268 1962; x_wconf 89' lang='lat' dir='ltr'><strong>convocatas</strong></span> <span class='ocrx_word' id='word_1_334' title='bbox 3290 1908 3371 1962; x_wconf 89' lang='lat' dir='ltr'><strong>ita</strong></span> <span class='ocrx_word' id='word_1_335' title='bbox 3399 1913 3487 1963; x_wconf 90' lang='lat' dir='ltr'><strong>est</strong></span> <span class='ocrx_word' id='word_1_336' title='bbox 3504 1909 3584 1965; x_wconf 89' lang='lat' dir='ltr'><strong>al-</strong></span> 
     </span>
    </p>
   </div>
   <div class='ocr_carea' id='block_1_40' title="bbox 1982 1991 3586 2063">
    <p class='ocr_par' dir='ltr' id='par_1_40' title="bbox 1982 1991 3586 2063">
     <span class='ocr_line' id='line_1_40' title="bbox 1982 1991 3586 2063; baseline 0.006 -18"><span class='ocrx_word' id='word_1_337' title='bbox 1982 1991 2235 2046; x_wconf 91' lang='lat' dir='ltr'><strong>locutus:</strong></span> <span class='ocrx_word' id='word_1_338' title='bbox 2272 1992 2512 2063; x_wconf 88' lang='lat' dir='ltr'><strong>Pr0pter</strong></span> <span class='ocrx_word' id='word_1_339' title='bbox 2539 2008 2633 2047; x_wconf 85' lang='lat' dir='ltr'><strong>vos</strong></span> <span class='ocrx_word' id='word_1_340' title='bbox 2684 1997 2906 2048; x_wconf 90' lang='lat' dir='ltr'><strong>tantum</strong></span> <span class='ocrx_word' id='word_1_341' title='bbox 2952 1993 3203 2050; x_wconf 86' lang='lat' dir='ltr'><strong>laborem</strong></span> <span class='ocrx_word' id='word_1_342' title='bbox 3260 1997 3489 2053; x_wconf 89' lang='lat' dir='ltr'><strong>veniens</strong></span> <span class='ocrx_word' id='word_1_343' title='bbox 3517 2014 3586 2054; x_wconf 91' lang='lat' dir='ltr'><strong>ex</strong></span> 
     </span>
    </p>
   </div>
   <div class='ocr_carea' id='block_1_41' title="bbox 1981 2081 3586 2159">
    <p class='ocr_par' dir='ltr' id='par_1_41' title="bbox 1981 2081 3586 2159">
     <span class='ocr_line' id='line_1_41' title="bbox 1981 2081 3586 2159; baseline 0.006 -25"><span class='ocrx_word' id='word_1_344' title='bbox 1981 2081 2281 2136; x_wconf 90' lang='lat' dir='ltr'><strong>solitudine</strong></span> <span class='ocrx_word' id='word_1_345' title='bbox 2294 2081 2602 2152; x_wconf 86' lang='lat' dir='ltr'><strong>longinqua</strong></span> <span class='ocrx_word' id='word_1_346' title='bbox 2619 2082 2887 2149; x_wconf 91' lang='lat' dir='ltr'><strong>sustineo,</strong></span> <span class='ocrx_word' id='word_1_347' title='bbox 2907 2088 2971 2139; x_wconf 91' lang='lat' dir='ltr'><strong>ut</strong></span> <span class='ocrx_word' id='word_1_348' title='bbox 2999 2100 3169 2156; x_wconf 89' lang='lat' dir='ltr'><strong>opera</strong></span> <span class='ocrx_word' id='word_1_349' title='bbox 3180 2090 3366 2142; x_wconf 88' lang='lat' dir='ltr'><strong>vestra</strong></span> <span class='ocrx_word' id='word_1_350' title='bbox 3380 2102 3586 2159; x_wconf 87' lang='lat' dir='ltr'><strong>cogno-</strong></span> 
     </span>
    </p>
   </div>
   <div class='ocr_carea' id='block_1_42' title="bbox 1980 2169 3581 2242">
    <p class='ocr_par' dir='ltr' id='par_1_42' title="bbox 1980 2169 3581 2242">
     <span class='ocr_line' id='line_1_42' title="bbox 1980 2169 3581 2242; baseline 0.004 -19"><span class='ocrx_word' id='word_1_351' title='bbox 1980 2186 2192 2224; x_wconf 90' lang='lat' dir='ltr'><strong>scerem</strong></span> <span class='ocrx_word' id='word_1_352' title='bbox 2219 2189 2231 2238; x_wconf 89' lang='lat'><strong>;</strong></span> <span class='ocrx_word' id='word_1_353' title='bbox 2257 2186 2379 2242; x_wconf 63' lang='lat' dir='ltr'><strong>qua;</strong></span> <span class='ocrx_word' id='word_1_354' title='bbox 2406 2169 2547 2224; x_wconf 89' lang='lat' dir='ltr'><strong>mihi</strong></span> <span class='ocrx_word' id='word_1_355' title='bbox 2565 2187 2661 2226; x_wconf 91' lang='lat' dir='ltr'><strong>vos</strong></span> <span class='ocrx_word' id='word_1_356' title='bbox 2677 2172 2951 2227; x_wconf 88' lang='lat' dir='ltr'><strong>condicite</strong></span> <span class='ocrx_word' id='word_1_357' title='bbox 2984 2188 3049 2227; x_wconf 90' lang='lat' dir='ltr'><strong>ac</strong></span> <span class='ocrx_word' id='word_1_358' title='bbox 3076 2179 3322 2228; x_wconf 87' lang='lat' dir='ltr'><strong>narrate.</strong></span> <span class='ocrx_word' id='word_1_359' title='bbox 3348 2174 3453 2229; x_wconf 91' lang='lat' dir='ltr'><strong>Cui</strong></span> <span class='ocrx_word' id='word_1_360' title='bbox 3472 2173 3581 2229; x_wconf 59' lang='lat' dir='ltr'><strong>illa;</strong></span> 
     </span>
    </p>
   </div>
   <div class='ocr_carea' id='block_1_43' title="bbox 1980 2258 3584 2334">
    <p class='ocr_par' dir='ltr' id='par_1_43' title="bbox 1980 2258 3584 2334">
     <span class='ocr_line' id='line_1_43' title="bbox 1980 2258 3584 2334; baseline 0.003 -22"><span class='ocrx_word' id='word_1_361' title='bbox 1980 2258 2060 2312; x_wconf 78' lang='lat' dir='ltr'><strong>sic</strong></span> <span class='ocrx_word' id='word_1_362' title='bbox 2089 2259 2354 2313; x_wconf 84' lang='lat' dir='ltr'><strong>dixerunt</strong></span> <span class='ocrx_word' id='word_1_363' title='bbox 2379 2278 2390 2313; x_wconf 93' lang='lat'><strong>:</strong></span> <span class='ocrx_word' id='word_1_364' title='bbox 2416 2259 2594 2315; x_wconf 90' lang='lat' dir='ltr'><strong>Crede</strong></span> <span class='ocrx_word' id='word_1_365' title='bbox 2636 2259 2816 2327; x_wconf 89' lang='lat' dir='ltr'><strong>nobis,</strong></span> <span class='ocrx_word' id='word_1_366' title='bbox 2850 2261 3203 2317; x_wconf 88' lang='lat' dir='ltr'><strong>sanctissime</strong></span> <span class='ocrx_word' id='word_1_367' title='bbox 3231 2262 3418 2329; x_wconf 85' lang='lat' dir='ltr'><strong>Pater,</strong></span> <span class='ocrx_word' id='word_1_368' title='bbox 3447 2262 3584 2334; x_wconf 88' lang='lat' dir='ltr'><strong>quia</strong></span> 
     </span>
    </p>
   </div>
   <div class='ocr_carea' id='block_1_44' title="bbox 296 2346 3583 2423">
    <p class='ocr_par' dir='ltr' id='par_1_44' title="bbox 296 2346 3583 2423">
     <span class='ocr_line' id='line_1_44' title="bbox 296 2346 3583 2423; baseline 0.002 -23"><span class='ocrx_word' id='word_1_369' title='bbox 296 2346 680 2418; x_wconf 84' lang='lat' dir='ltr'><strong>introgressus</strong></span> <span class='ocrx_word' id='word_1_370' title='bbox 695 2354 797 2415; x_wconf 91' lang='lat' dir='ltr'><strong>est,</strong></span> <span class='ocrx_word' id='word_1_371' title='bbox 817 2355 870 2404; x_wconf 91' lang='lat' dir='ltr'><strong>et</strong></span> <span class='ocrx_word' id='word_1_372' title='bbox 897 2350 1157 2405; x_wconf 90' lang='lat' dir='ltr'><strong>similiter</strong></span> <span class='ocrx_word' id='word_1_373' title='bbox 1183 2352 1351 2405; x_wconf 89' lang='lat' dir='ltr'><strong>etiam</strong></span> <span class='ocrx_word' id='word_1_374' title='bbox 1369 2350 1444 2405; x_wconf 89' lang='lat' dir='ltr'><strong>ibi</strong></span> <span class='ocrx_word' id='word_1_375' title='bbox 1473 2350 1784 2405; x_wconf 89' lang='lat' dir='ltr'><strong>construxit</strong></span> <span class='ocrx_word' id='word_1_376' title='bbox 1802 2350 1900 2405; x_wconf 88' lang='lat' dir='ltr'><strong>ha—</strong></span> <span class='ocrx_word' id='word_1_377' title='bbox 1980 2365 2083 2403; x_wconf 90' lang='lat' dir='ltr'><strong>nec</strong></span> <span class='ocrx_word' id='word_1_378' title='bbox 2097 2348 2361 2420; x_wconf 64' lang='lat' dir='ltr'><strong>praesenti</strong></span> <span class='ocrx_word' id='word_1_379' title='bbox 2383 2354 2545 2403; x_wconf 90' lang='lat' dir='ltr'><strong>nocte</strong></span> <span class='ocrx_word' id='word_1_380' title='bbox 2562 2366 2594 2403; x_wconf 91' lang='lat' dir='ltr'><strong>a</strong></span> <span class='ocrx_word' id='word_1_381' title='bbox 2606 2350 2937 2405; x_wconf 90' lang='lat' dir='ltr'><strong>maritorum</strong></span> <span class='ocrx_word' id='word_1_382' title='bbox 2953 2350 3171 2405; x_wconf 88' lang='lat' dir='ltr'><strong>lectulis</strong></span> <span class='ocrx_word' id='word_1_383' title='bbox 3188 2351 3399 2407; x_wconf 83' lang='lat' dir='ltr'><strong>fuimus</strong></span> <span class='ocrx_word' id='word_1_384' title='bbox 3415 2367 3583 2423; x_wconf 88' lang='lat' dir='ltr'><strong>sepa-</strong></span> 
     </span>
    </p>
   </div>
   <div class='ocr_carea' id='block_1_45' title="bbox 300 2435 3584 2511">
    <p class='ocr_par' dir='ltr' id='par_1_45' title="bbox 300 2435 3584 2511">
     <span class='ocr_line' id='line_1_45' title="bbox 300 2435 3584 2511; baseline 0.002 -22"><span class='ocrx_word' id='word_1_385' title='bbox 300 2435 637 2493; x_wconf 85' lang='lat' dir='ltr'><strong>bitaculum.</strong></span> <span class='ocrx_word' id='word_1_386' title='bbox 671 2439 778 2493; x_wconf 91' lang='lat' dir='ltr'><strong>Sed</strong></span> <span class='ocrx_word' id='word_1_387' title='bbox 810 2456 910 2511; x_wconf 90' lang='lat' dir='ltr'><strong>per</strong></span> <span class='ocrx_word' id='word_1_388' title='bbox 937 2440 1173 2493; x_wconf 86' lang='lat' dir='ltr'><strong>insidias</strong></span> <span class='ocrx_word' id='word_1_389' title='bbox 1205 2439 1411 2495; x_wconf 91' lang='lat' dir='ltr'><strong>diaboli</strong></span> <span class='ocrx_word' id='word_1_390' title='bbox 1453 2441 1683 2511; x_wconf 87' lang='lat' dir='ltr'><strong>quidam</strong></span> <span class='ocrx_word' id='word_1_391' title='bbox 1728 2439 1903 2493; x_wconf 87' lang='lat' dir='ltr'><strong>frater</strong></span> <span class='ocrx_word' id='word_1_392' title='bbox 1983 2442 2137 2493; x_wconf 68' lang='lat' dir='ltr'><strong>ratae.</strong></span> <span class='ocrx_word' id='word_1_393' title='bbox 2156 2435 2356 2501; x_wconf 90' lang='lat' dir='ltr'><strong>Qualia</strong></span> <span class='ocrx_word' id='word_1_394' title='bbox 2378 2453 2510 2507; x_wconf 91' lang='lat' dir='ltr'><strong>ergo</strong></span> <span class='ocrx_word' id='word_1_395' title='bbox 2529 2454 2701 2508; x_wconf 87' lang='lat' dir='ltr'><strong>opera</strong></span> <span class='ocrx_word' id='word_1_396' title='bbox 2729 2437 2940 2492; x_wconf 90' lang='lat' dir='ltr'><strong>anobis</strong></span> <span class='ocrx_word' id='word_1_397' title='bbox 2968 2439 3252 2510; x_wconf 84' lang='lat' dir='ltr'><strong>exquiris?</strong></span> <span class='ocrx_word' id='word_1_398' title='bbox 3273 2440 3381 2495; x_wconf 89' lang='lat' dir='ltr'><strong>Sed</strong></span> <span class='ocrx_word' id='word_1_399' title='bbox 3410 2457 3584 2497; x_wconf 85' lang='lat' dir='ltr'><strong>senex</strong></span> 
     </span>
    </p>
   </div>
   <div class='ocr_carea' id='block_1_46' title="bbox 298 2524 3582 2601">
    <p class='ocr_par' dir='ltr' id='par_1_46' title="bbox 298 2524 3582 2601">
     <span class='ocr_line' id='line_1_46' title="bbox 298 2524 3582 2601; baseline 0.002 -23"><span class='ocrx_word' id='word_1_400' title='bbox 298 2526 562 2581; x_wconf 83' lang='lat' dir='ltr'><strong>inventus</strong></span> <span class='ocrx_word' id='word_1_401' title='bbox 595 2533 680 2581; x_wconf 90' lang='lat' dir='ltr'><strong>est</strong></span> <span class='ocrx_word' id='word_1_402' title='bbox 706 2528 801 2593; x_wconf 91' lang='lat' dir='ltr'><strong>ibi,</strong></span> <span class='ocrx_word' id='word_1_403' title='bbox 822 2528 915 2599; x_wconf 89' lang='lat' dir='ltr'><strong>qui</strong></span> <span class='ocrx_word' id='word_1_404' title='bbox 948 2546 1047 2600; x_wconf 90' lang='lat' dir='ltr'><strong>per</strong></span> <span class='ocrx_word' id='word_1_405' title='bbox 1068 2528 1334 2583; x_wconf 85' lang='lat' dir='ltr'><strong>invidiam</strong></span> <span class='ocrx_word' id='word_1_406' title='bbox 1364 2547 1587 2601; x_wconf 89' lang='lat' dir='ltr'><strong>semper</strong></span> <span class='ocrx_word' id='word_1_407' title='bbox 1609 2530 1752 2583; x_wconf 88' lang='lat' dir='ltr'><strong>iram</strong></span> <span class='ocrx_word' id='word_1_408' title='bbox 1773 2545 1900 2583; x_wconf 89' lang='lat' dir='ltr'><strong>cum</strong></span> <span class='ocrx_word' id='word_1_409' title='bbox 1987 2524 2045 2579; x_wconf 92' lang='lat' dir='ltr'><strong>in</strong></span> <span class='ocrx_word' id='word_1_410' title='bbox 2066 2525 2336 2597; x_wconf 87' lang='lat' dir='ltr'><strong>precibus</strong></span> <span class='ocrx_word' id='word_1_411' title='bbox 2356 2525 2692 2597; x_wconf 87' lang='lat' dir='ltr'><strong>persistebat</strong></span> <span class='ocrx_word' id='word_1_412' title='bbox 2719 2532 2785 2581; x_wconf 92' lang='lat' dir='ltr'><strong>ut</strong></span> <span class='ocrx_word' id='word_1_413' title='bbox 2814 2527 2863 2580; x_wconf 93' lang='lat' dir='ltr'><strong>ei</strong></span> <span class='ocrx_word' id='word_1_414' title='bbox 2892 2527 3018 2582; x_wconf 61' lang='lat' dir='ltr'><strong>vita</strong></span> <span class='ocrx_word' id='word_1_415' title='bbox 3049 2544 3164 2582; x_wconf 67' lang='lat' dir='ltr'><strong>suae</strong></span> <span class='ocrx_word' id='word_1_416' title='bbox 3195 2528 3451 2585; x_wconf 87' lang='lat' dir='ltr'><strong>ordinem</strong></span> <span class='ocrx_word' id='word_1_417' title='bbox 3479 2530 3582 2585; x_wconf 89' lang='lat' dir='ltr'><strong>de-</strong></span> 
     </span>
    </p>
   </div>
   <div class='ocr_carea' id='block_1_47' title="bbox 298 2615 3584 2690">
    <p class='ocr_par' dir='ltr' id='par_1_47' title="bbox 298 2615 3584 2690">
     <span class='ocr_line' id='line_1_47' title="bbox 298 2615 3584 2690; baseline 0.002 -22"><span class='ocrx_word' id='word_1_418' title='bbox 298 2632 365 2668; x_wconf 89' lang='lat' dir='ltr'><strong>eo</strong></span> <span class='ocrx_word' id='word_1_419' title='bbox 386 2615 621 2669; x_wconf 84' lang='lat' dir='ltr'><strong>habuit:</strong></span> <span class='ocrx_word' id='word_1_420' title='bbox 655 2623 884 2688; x_wconf 86' lang='lat' dir='ltr'><strong>prOpter</strong></span> <span class='ocrx_word' id='word_1_421' title='bbox 926 2619 1073 2688; x_wconf 88' lang='lat' dir='ltr'><strong>quod</strong></span> <span class='ocrx_word' id='word_1_422' title='bbox 1122 2619 1366 2673; x_wconf 84' lang='lat' dir='ltr'><strong>surrexit</strong></span> <span class='ocrx_word' id='word_1_423' title='bbox 1404 2618 1553 2690; x_wconf 86' lang='lat' dir='ltr'><strong>inde,</strong></span> <span class='ocrx_word' id='word_1_424' title='bbox 1587 2624 1644 2673; x_wconf 89' lang='lat' dir='ltr'><strong>et</strong></span> <span class='ocrx_word' id='word_1_425' title='bbox 1670 2619 1740 2672; x_wconf 89' lang='lat' dir='ltr'><strong>ad</strong></span> <span class='ocrx_word' id='word_1_426' title='bbox 1770 2635 1903 2689; x_wconf 92' lang='lat' dir='ltr'><strong>pro-</strong></span> <span class='ocrx_word' id='word_1_427' title='bbox 1985 2616 2283 2670; x_wconf 87' lang='lat' dir='ltr'><strong>clararent.</strong></span> <span class='ocrx_word' id='word_1_428' title='bbox 2316 2615 2419 2670; x_wconf 90' lang='lat' dir='ltr'><strong>Cui</strong></span> <span class='ocrx_word' id='word_1_429' title='bbox 2449 2621 2584 2669; x_wconf 90' lang='lat' dir='ltr'><strong>tunc</strong></span> <span class='ocrx_word' id='word_1_430' title='bbox 2641 2615 2749 2670; x_wconf 80' lang='lat' dir='ltr'><strong>illae</strong></span> <span class='ocrx_word' id='word_1_431' title='bbox 2798 2616 3100 2688; x_wconf 62' lang='lat' dir='ltr'><strong>compulsa;</strong></span> <span class='ocrx_word' id='word_1_432' title='bbox 3130 2616 3392 2673; x_wconf 83' lang='lat' dir='ltr'><strong>dixerunt</strong></span> <span class='ocrx_word' id='word_1_433' title='bbox 3423 2636 3434 2673; x_wconf 93' lang='lat'>:</span> <span class='ocrx_word' id='word_1_434' title='bbox 3464 2619 3584 2675; x_wconf 91' lang='lat' dir='ltr'><strong>Nos</strong></span> 
     </span>
    </p>
   </div>
   <div class='ocr_carea' id='block_1_48' title="bbox 296 2704 3588 2778">
    <p class='ocr_par' dir='ltr' id='par_1_48' title="bbox 296 2704 3588 2778">
     <span class='ocr_line' id='line_1_48' title="bbox 296 2704 3588 2778; baseline 0.002 -22"><span class='ocrx_word' id='word_1_435' title='bbox 296 2704 487 2774; x_wconf 87' lang='lat' dir='ltr'><strong>prium</strong></span> <span class='ocrx_word' id='word_1_436' title='bbox 517 2721 771 2759; x_wconf 89' lang='lat' dir='ltr'><strong>reversus</strong></span> <span class='ocrx_word' id='word_1_437' title='bbox 801 2712 888 2760; x_wconf 91' lang='lat' dir='ltr'><strong>est</strong></span> <span class='ocrx_word' id='word_1_438' title='bbox 917 2707 1119 2769; x_wconf 85' lang='lat' dir='ltr'><strong>vicum,</strong></span> <span class='ocrx_word' id='word_1_439' title='bbox 1151 2714 1207 2761; x_wconf 89' lang='lat' dir='ltr'><strong>et</strong></span> <span class='ocrx_word' id='word_1_440' title='bbox 1236 2708 1365 2762; x_wconf 90' lang='lat' dir='ltr'><strong>fecit</strong></span> <span class='ocrx_word' id='word_1_441' title='bbox 1402 2707 1508 2761; x_wconf 89' lang='lat' dir='ltr'><strong>sibi</strong></span> <span class='ocrx_word' id='word_1_442' title='bbox 1538 2708 1651 2761; x_wconf 91' lang='lat' dir='ltr'><strong>illic</strong></span> <span class='ocrx_word' id='word_1_443' title='bbox 1681 2724 1903 2778; x_wconf 89' lang='lat' dir='ltr'><strong>quoque</strong></span> <span class='ocrx_word' id='word_1_444' title='bbox 1984 2704 2142 2758; x_wconf 91' lang='lat' dir='ltr'><strong>nulla</strong></span> <span class='ocrx_word' id='word_1_445' title='bbox 2169 2704 2317 2757; x_wconf 91' lang='lat' dir='ltr'><strong>inter</strong></span> <span class='ocrx_word' id='word_1_446' title='bbox 2347 2720 2449 2758; x_wconf 89' lang='lat' dir='ltr'><strong>nos</strong></span> <span class='ocrx_word' id='word_1_447' title='bbox 2474 2720 2668 2759; x_wconf 91' lang='lat' dir='ltr'><strong>sumus</strong></span> <span class='ocrx_word' id='word_1_448' title='bbox 2718 2705 3130 2775; x_wconf 89' lang='lat' dir='ltr'><strong>parentelitatis</strong></span> <span class='ocrx_word' id='word_1_449' title='bbox 3155 2707 3430 2763; x_wconf 84' lang='lat' dir='ltr'><strong>affinitate</strong></span> <span class='ocrx_word' id='word_1_450' title='bbox 3458 2724 3588 2764; x_wconf 88' lang='lat' dir='ltr'><strong>con-</strong></span> 
     </span>
    </p>
   </div>
   <div class='ocr_carea' id='block_1_49' title="bbox 297 2792 3588 2868">
    <p class='ocr_par' dir='ltr' id='par_1_49' title="bbox 297 2792 3588 2868">
     <span class='ocr_line' id='line_1_49' title="bbox 297 2792 3588 2868; baseline 0.002 -23"><span class='ocrx_word' id='word_1_451' title='bbox 297 2792 584 2857; x_wconf 81' lang='lat' dir='ltr'><strong>cellulam,</strong></span> <span class='ocrx_word' id='word_1_452' title='bbox 609 2800 667 2848; x_wconf 92' lang='lat' dir='ltr'><strong>et</strong></span> <span class='ocrx_word' id='word_1_453' title='bbox 684 2795 915 2849; x_wconf 90' lang='lat' dir='ltr'><strong>reclusit</strong></span> <span class='ocrx_word' id='word_1_454' title='bbox 941 2813 1001 2849; x_wconf 91' lang='lat' dir='ltr'><strong>se</strong></span> <span class='ocrx_word' id='word_1_455' title='bbox 1031 2796 1088 2849; x_wconf 91' lang='lat' dir='ltr'><strong>in</strong></span> <span class='ocrx_word' id='word_1_456' title='bbox 1119 2813 1262 2850; x_wconf 86' lang='lat' dir='ltr'><strong>eam.</strong></span> <span class='ocrx_word' id='word_1_457' title='bbox 1297 2798 1433 2851; x_wconf 90' lang='lat' dir='ltr'><strong>Post</strong></span> <span class='ocrx_word' id='word_1_458' title='bbox 1457 2801 1679 2868; x_wconf 91' lang='lat' dir='ltr'><strong>tempus</strong></span> <span class='ocrx_word' id='word_1_459' title='bbox 1710 2801 1900 2851; x_wconf 89' lang='lat' dir='ltr'><strong>autem</strong></span> <span class='ocrx_word' id='word_1_460' title='bbox 1977 2794 2189 2864; x_wconf 65' lang='lat' dir='ltr'><strong>junctae</strong></span> <span class='ocrx_word' id='word_1_461' title='bbox 2215 2810 2226 2846; x_wconf 93' lang='lat'>:</span> <span class='ocrx_word' id='word_1_462' title='bbox 2261 2793 2701 2863; x_wconf 88' lang='lat' dir='ltr'><strong>contigitautem</strong></span> <span class='ocrx_word' id='word_1_463' title='bbox 2723 2799 2787 2847; x_wconf 90' lang='lat' dir='ltr'><strong>ut</strong></span> <span class='ocrx_word' id='word_1_464' title='bbox 2806 2793 3023 2849; x_wconf 90' lang='lat' dir='ltr'><strong>duobus</strong></span> <span class='ocrx_word' id='word_1_465' title='bbox 3048 2794 3317 2850; x_wconf 88' lang='lat' dir='ltr'><strong>fratribus</strong></span> <span class='ocrx_word' id='word_1_466' title='bbox 3323 2797 3588 2868; x_wconf 85' lang='lat' dir='ltr'><strong>jungere-</strong></span> 
     </span>
    </p>
   </div>
   <div class='ocr_carea' id='block_1_50' title="bbox 296 2881 3590 2959">
    <p class='ocr_par' dir='ltr' id='par_1_50' title="bbox 296 2881 3590 2959">
     <span class='ocr_line' id='line_1_50' title="bbox 296 2881 3590 2959; baseline 0.002 -25"><span class='ocrx_word' id='word_1_467' title='bbox 296 2882 715 2952; x_wconf 89' lang='lat' dir='ltr'><strong>aliquantulum</strong></span> <span class='ocrx_word' id='word_1_468' title='bbox 745 2884 1068 2954; x_wconf 83' lang='lat' dir='ltr'><strong>congregati</strong></span> <span class='ocrx_word' id='word_1_469' title='bbox 1098 2892 1230 2940; x_wconf 91' lang='lat' dir='ltr'><strong>sunt</strong></span> <span class='ocrx_word' id='word_1_470' title='bbox 1260 2902 1420 2941; x_wconf 90' lang='lat' dir='ltr'><strong>senes</strong></span> <span class='ocrx_word' id='word_1_471' title='bbox 1449 2886 1518 2940; x_wconf 92' lang='lat' dir='ltr'><strong>de</strong></span> <span class='ocrx_word' id='word_1_472' title='bbox 1538 2886 1631 2939; x_wconf 93' lang='lat' dir='ltr'><strong>illo</strong></span> <span class='ocrx_word' id='word_1_473' title='bbox 1654 2885 1773 2939; x_wconf 90' lang='lat' dir='ltr'><strong>loco</strong></span> <span class='ocrx_word' id='word_1_474' title='bbox 1798 2901 1901 2939; x_wconf 89' lang='lat' dir='ltr'><strong>un-</strong></span> <span class='ocrx_word' id='word_1_475' title='bbox 1981 2899 2129 2949; x_wconf 90' lang='lat' dir='ltr'><strong>mur,</strong></span> <span class='ocrx_word' id='word_1_476' title='bbox 2163 2886 2218 2936; x_wconf 90' lang='lat' dir='ltr'><strong>et</strong></span> <span class='ocrx_word' id='word_1_477' title='bbox 2237 2898 2364 2935; x_wconf 90' lang='lat' dir='ltr'><strong>cum</strong></span> <span class='ocrx_word' id='word_1_478' title='bbox 2388 2882 2477 2935; x_wconf 88' lang='lat' dir='ltr'><strong>his</strong></span> <span class='ocrx_word' id='word_1_479' title='bbox 2507 2881 2825 2952; x_wconf 89' lang='lat' dir='ltr'><strong>quindecim</strong></span> <span class='ocrx_word' id='word_1_480' title='bbox 2853 2883 3015 2937; x_wconf 90' lang='lat' dir='ltr'><strong>annis</strong></span> <span class='ocrx_word' id='word_1_481' title='bbox 3054 2883 3114 2937; x_wconf 91' lang='lat' dir='ltr'><strong>in</strong></span> <span class='ocrx_word' id='word_1_482' title='bbox 3143 2884 3309 2940; x_wconf 90' lang='lat' dir='ltr'><strong>domo</strong></span> <span class='ocrx_word' id='word_1_483' title='bbox 3342 2902 3458 2940; x_wconf 87' lang='lat' dir='ltr'><strong>una</strong></span> <span class='ocrx_word' id='word_1_484' title='bbox 3484 2903 3590 2959; x_wconf 90' lang='lat' dir='ltr'><strong>pa-</strong></span> 
     </span>
    </p>
   </div>
   <div class='ocr_carea' id='block_1_51' title="bbox 295 2971 3591 3042">
    <p class='ocr_par' dir='ltr' id='par_1_51' title="bbox 295 2971 3591 3042">
     <span class='ocr_line' id='line_1_51' title="bbox 295 2971 3591 3042; baseline 0.002 -19"><span class='ocrx_word' id='word_1_485' title='bbox 295 2971 369 3024; x_wconf 88' lang='lat' dir='ltr'><strong>de</strong></span> <span class='ocrx_word' id='word_1_486' title='bbox 398 2987 655 3041; x_wconf 87' lang='lat' dir='ltr'><strong>egressus</strong></span> <span class='ocrx_word' id='word_1_487' title='bbox 677 2973 1062 3035; x_wconf 88' lang='lat' dir='ltr'><strong>est,ducentes</strong></span> <span class='ocrx_word' id='word_1_488' title='bbox 1076 2991 1265 3029; x_wconf 87' lang='lat' dir='ltr'><strong>secum</strong></span> <span class='ocrx_word' id='word_1_489' title='bbox 1278 2975 1448 3029; x_wconf 87' lang='lat' dir='ltr'><strong>etiam</strong></span> <span class='ocrx_word' id='word_1_490' title='bbox 1477 2975 1637 3028; x_wconf 91' lang='lat' dir='ltr'><strong>illum</strong></span> <span class='ocrx_word' id='word_1_491' title='bbox 1668 2977 1899 3029; x_wconf 87' lang='lat' dir='ltr'><strong>fratrem</strong></span> <span class='ocrx_word' id='word_1_492' title='bbox 1982 2971 2121 3025; x_wconf 90' lang='lat' dir='ltr'><strong>riter</strong></span> <span class='ocrx_word' id='word_1_493' title='bbox 2149 2975 2566 3042; x_wconf 90' lang='lat' dir='ltr'><strong>permanentes,</strong></span> <span class='ocrx_word' id='word_1_494' title='bbox 2585 2987 2767 3042; x_wconf 90' lang='lat' dir='ltr'><strong>neque</strong></span> <span class='ocrx_word' id='word_1_495' title='bbox 2792 2976 2956 3042; x_wconf 88' lang='lat' dir='ltr'><strong>turpe</strong></span> <span class='ocrx_word' id='word_1_496' title='bbox 2986 2972 3219 3028; x_wconf 87' lang='lat' dir='ltr'><strong>verbum</strong></span> <span class='ocrx_word' id='word_1_497' title='bbox 3250 2975 3429 3029; x_wconf 88' lang='lat' dir='ltr'><strong>altera</strong></span> <span class='ocrx_word' id='word_1_498' title='bbox 3447 2975 3591 3031; x_wconf 85' lang='lat' dir='ltr'><strong>dixit</strong></span> 
     </span>
    </p>
   </div>
   <div class='ocr_carea' id='block_1_52' title="bbox 297 3059 3592 3135">
    <p class='ocr_par' dir='ltr' id='par_1_52' title="bbox 297 3059 3592 3135">
     <span class='ocr_line' id='line_1_52' title="bbox 297 3059 3592 3135; baseline 0.002 -22"><span class='ocrx_word' id='word_1_499' title='bbox 297 3076 434 3113; x_wconf 88' lang='lat' dir='ltr'><strong>cum</strong></span> <span class='ocrx_word' id='word_1_500' title='bbox 466 3078 576 3132; x_wconf 93' lang='lat' dir='ltr'><strong>quo</strong></span> <span class='ocrx_word' id='word_1_501' title='bbox 607 3061 803 3118; x_wconf 88' lang='lat' dir='ltr'><strong>habuit</strong></span> <span class='ocrx_word' id='word_1_502' title='bbox 833 3064 1010 3131; x_wconf 89' lang='lat' dir='ltr'><strong>litem,</strong></span> <span class='ocrx_word' id='word_1_503' title='bbox 1064 3070 1341 3135; x_wconf 89' lang='lat' dir='ltr'><strong>quatenus</strong></span> <span class='ocrx_word' id='word_1_504' title='bbox 1384 3071 1651 3135; x_wconf 87' lang='lat' dir='ltr'><strong>rogarent</strong></span> <span class='ocrx_word' id='word_1_505' title='bbox 1679 3081 1809 3119; x_wconf 91' lang='lat' dir='ltr'><strong>eum</strong></span> <span class='ocrx_word' id='word_1_506' title='bbox 1839 3060 2055 3120; x_wconf 82' lang='lat' dir='ltr'><strong>utCad</strong></span> <span class='ocrx_word' id='word_1_507' title='bbox 2092 3059 2350 3125; x_wconf 83' lang='lat' dir='ltr'><strong>alterum,</strong></span> <span class='ocrx_word' id='word_1_508' title='bbox 2406 3076 2589 3130; x_wconf 90' lang='lat' dir='ltr'><strong>neque</strong></span> <span class='ocrx_word' id='word_1_509' title='bbox 2637 3059 2793 3113; x_wconf 90' lang='lat' dir='ltr'><strong>litem</strong></span> <span class='ocrx_word' id='word_1_510' title='bbox 2833 3061 3137 3132; x_wconf 83' lang='lat' dir='ltr'><strong>aliquando</strong></span> <span class='ocrx_word' id='word_1_511' title='bbox 3184 3064 3592 3132; x_wconf 86' lang='lat' dir='ltr'><strong>commisimus,</strong></span> 
     </span>
    </p>
   </div>
   <div class='ocr_carea' id='block_1_53' title="bbox 295 3145 3589 3225">
    <p class='ocr_par' dir='ltr' id='par_1_53' title="bbox 295 3145 3589 3225">
     <span class='ocr_line' id='line_1_53' title="bbox 295 3145 3589 3225; baseline 0.002 -23"><span class='ocrx_word' id='word_1_512' title='bbox 295 3149 517 3204; x_wconf 88' lang='lat' dir='ltr'><strong>rediret</strong></span> <span class='ocrx_word' id='word_1_513' title='bbox 540 3151 610 3204; x_wconf 90' lang='lat' dir='ltr'><strong>ad</strong></span> <span class='ocrx_word' id='word_1_514' title='bbox 638 3145 899 3207; x_wconf 72' lang='lat' dir='ltr'><strong>cellula&#39;m</strong></span> <span class='ocrx_word' id='word_1_515' title='bbox 928 3171 1108 3210; x_wconf 85' lang='lat' dir='ltr'><strong>suam.</strong></span> <span class='ocrx_word' id='word_1_516' title='bbox 1131 3155 1435 3225; x_wconf 89' lang='lat' dir='ltr'><strong>Postquam</strong></span> <span class='ocrx_word' id='word_1_517' title='bbox 1465 3161 1655 3209; x_wconf 88' lang='lat' dir='ltr'><strong>autem</strong></span> <span class='ocrx_word' id='word_1_518' title='bbox 1684 3154 1739 3208; x_wconf 89' lang='lat' dir='ltr'><strong>in</strong></span> <span class='ocrx_word' id='word_1_519' title='bbox 1767 3153 1901 3207; x_wconf 84' lang='lat' dir='ltr'><strong>vici-</strong></span> <span class='ocrx_word' id='word_1_520' title='bbox 1985 3148 2081 3203; x_wconf 90' lang='lat' dir='ltr'><strong>sed</strong></span> <span class='ocrx_word' id='word_1_521' title='bbox 2114 3148 2174 3202; x_wconf 92' lang='lat' dir='ltr'><strong>in</strong></span> <span class='ocrx_word' id='word_1_522' title='bbox 2202 3165 2337 3219; x_wconf 90' lang='lat' dir='ltr'><strong>pace</strong></span> <span class='ocrx_word' id='word_1_523' title='bbox 2362 3148 2633 3202; x_wconf 86' lang='lat' dir='ltr'><strong>hactenus</strong></span> <span class='ocrx_word' id='word_1_524' title='bbox 2656 3148 2912 3214; x_wconf 88' lang='lat' dir='ltr'><strong>viximus,</strong></span> <span class='ocrx_word' id='word_1_525' title='bbox 2928 3155 2986 3203; x_wconf 90' lang='lat' dir='ltr'><strong>et</strong></span> <span class='ocrx_word' id='word_1_526' title='bbox 3013 3149 3135 3221; x_wconf 89' lang='lat' dir='ltr'><strong>pari</strong></span> <span class='ocrx_word' id='word_1_527' title='bbox 3161 3167 3437 3207; x_wconf 89' lang='lat' dir='ltr'><strong>consensu</strong></span> <span class='ocrx_word' id='word_1_528' title='bbox 3464 3157 3589 3208; x_wconf 86' lang='lat' dir='ltr'><strong>tra-</strong></span> 
     </span>
    </p>
   </div>
   <div class='ocr_carea' id='block_1_54' title="bbox 296 3236 3589 3314">
    <p class='ocr_par' dir='ltr' id='par_1_54' title="bbox 296 3236 3589 3314">
     <span class='ocr_line' id='line_1_54' title="bbox 296 3236 3589 3314; baseline 0.002 -22"><span class='ocrx_word' id='word_1_529' title='bbox 296 3255 441 3292; x_wconf 89' lang='lat' dir='ltr'><strong>num</strong></span> <span class='ocrx_word' id='word_1_530' title='bbox 474 3239 657 3294; x_wconf 91' lang='lat' dir='ltr'><strong>locum</strong></span> <span class='ocrx_word' id='word_1_531' title='bbox 673 3248 965 3309; x_wconf 84' lang='lat' dir='ltr'><strong>venerunt,</strong></span> <span class='ocrx_word' id='word_1_532' title='bbox 991 3248 1104 3296; x_wconf 87' lang='lat' dir='ltr'><strong>tam</strong></span> <span class='ocrx_word' id='word_1_533' title='bbox 1123 3243 1357 3297; x_wconf 89' lang='lat' dir='ltr'><strong>melotes</strong></span> <span class='ocrx_word' id='word_1_534' title='bbox 1387 3260 1517 3298; x_wconf 90' lang='lat' dir='ltr'><strong>suas</strong></span> <span class='ocrx_word' id='word_1_535' title='bbox 1549 3260 1718 3314; x_wconf 86' lang='lat' dir='ltr'><strong>quam</strong></span> <span class='ocrx_word' id='word_1_536' title='bbox 1742 3243 1904 3297; x_wconf 91' lang='lat' dir='ltr'><strong>illum</strong></span> <span class='ocrx_word' id='word_1_537' title='bbox 1986 3237 2279 3304; x_wconf 90' lang='lat' dir='ltr'><strong>ctavimus,</strong></span> <span class='ocrx_word' id='word_1_538' title='bbox 2313 3242 2609 3308; x_wconf 88' lang='lat' dir='ltr'><strong>quatenus,</strong></span> <span class='ocrx_word' id='word_1_539' title='bbox 2645 3236 2859 3307; x_wconf 86' lang='lat' dir='ltr'><strong>pariter</strong></span> <span class='ocrx_word' id='word_1_540' title='bbox 2877 3237 3086 3293; x_wconf 87' lang='lat' dir='ltr'><strong>relictis</strong></span> <span class='ocrx_word' id='word_1_541' title='bbox 3111 3239 3349 3306; x_wconf 89' lang='lat' dir='ltr'><strong>maritis,</strong></span> <span class='ocrx_word' id='word_1_542' title='bbox 3368 3240 3426 3296; x_wconf 92' lang='lat' dir='ltr'><strong>in</strong></span> <span class='ocrx_word' id='word_1_543' title='bbox 3457 3258 3589 3298; x_wconf 88' lang='lat' dir='ltr'><strong>con-</strong></span> 
     </span>
    </p>
   </div>
   <div class='ocr_carea' id='block_1_55' title="bbox 298 3325 3587 3403">
    <p class='ocr_par' dir='ltr' id='par_1_55' title="bbox 298 3325 3587 3403">
     <span class='ocr_line' id='line_1_55' title="bbox 298 3325 3587 3403; baseline 0.002 -23"><span class='ocrx_word' id='word_1_544' title='bbox 298 3327 537 3381; x_wconf 89' lang='lat' dir='ltr'><strong>fratrem</strong></span> <span class='ocrx_word' id='word_1_545' title='bbox 592 3327 798 3383; x_wconf 90' lang='lat' dir='ltr'><strong>ibidem</strong></span> <span class='ocrx_word' id='word_1_546' title='bbox 855 3330 1304 3403; x_wconf 89' lang='lat' dir='ltr'><strong>dereliquerunt;</strong></span> <span class='ocrx_word' id='word_1_547' title='bbox 1347 3331 1454 3402; x_wconf 91' lang='lat' dir='ltr'><strong>ipsi</strong></span> <span class='ocrx_word' id='word_1_548' title='bbox 1512 3348 1641 3385; x_wconf 90' lang='lat' dir='ltr'><strong>vero</strong></span> <span class='ocrx_word' id='word_1_549' title='bbox 1674 3330 1905 3402; x_wconf 89' lang='lat' dir='ltr'><strong>profecti</strong></span> <span class='ocrx_word' id='word_1_550' title='bbox 1985 3327 2313 3398; x_wconf 87' lang='lat' dir='ltr'><strong>gregatione</strong></span> <span class='ocrx_word' id='word_1_551' title='bbox 2342 3325 2729 3396; x_wconf 87' lang='lat' dir='ltr'><strong>religiosarum</strong></span> <span class='ocrx_word' id='word_1_552' title='bbox 2758 3325 3037 3395; x_wconf 84' lang='lat' dir='ltr'><strong>virginum</strong></span> <span class='ocrx_word' id='word_1_553' title='bbox 3082 3328 3587 3401; x_wconf 87' lang='lat' dir='ltr'><strong>proficisceremur,</strong></span> 
     </span>
    </p>
   </div>
   <div class='ocr_carea' id='block_1_56' title="bbox 299 3414 3591 3492">
    <p class='ocr_par' dir='ltr' id='par_1_56' title="bbox 299 3414 3591 3492">
     <span class='ocr_line' id='line_1_56' title="bbox 299 3414 3591 3492; baseline 0.002 -23"><span class='ocrx_word' id='word_1_554' title='bbox 299 3421 442 3470; x_wconf 89' lang='lat' dir='ltr'><strong>sunt</strong></span> <span class='ocrx_word' id='word_1_555' title='bbox 470 3417 540 3470; x_wconf 89' lang='lat' dir='ltr'><strong>ad</strong></span> <span class='ocrx_word' id='word_1_556' title='bbox 569 3434 778 3485; x_wconf 86' lang='lat' dir='ltr'><strong>senem,</strong></span> <span class='ocrx_word' id='word_1_557' title='bbox 815 3426 873 3474; x_wconf 91' lang='lat' dir='ltr'><strong>et</strong></span> <span class='ocrx_word' id='word_1_558' title='bbox 900 3420 1251 3491; x_wconf 88' lang='lat' dir='ltr'><strong>pulsantibus</strong></span> <span class='ocrx_word' id='word_1_559' title='bbox 1277 3420 1406 3487; x_wconf 89' lang='lat' dir='ltr'><strong>illis,</strong></span> <span class='ocrx_word' id='word_1_560' title='bbox 1435 3425 1632 3492; x_wconf 89' lang='lat' dir='ltr'><strong>aperta</strong></span> <span class='ocrx_word' id='word_1_561' title='bbox 1660 3421 1907 3475; x_wconf 88' lang='lat' dir='ltr'><strong>fenestra</strong></span> <span class='ocrx_word' id='word_1_562' title='bbox 1991 3422 2048 3470; x_wconf 89' lang='lat' dir='ltr'><strong>et</strong></span> <span class='ocrx_word' id='word_1_563' title='bbox 2072 3416 2267 3470; x_wconf 88' lang='lat' dir='ltr'><strong>multis</strong></span> <span class='ocrx_word' id='word_1_564' title='bbox 2286 3414 2543 3487; x_wconf 90' lang='lat' dir='ltr'><strong>precibus</strong></span> <span class='ocrx_word' id='word_1_565' title='bbox 2571 3415 2678 3469; x_wconf 93' lang='lat' dir='ltr'><strong>hoc</strong></span> <span class='ocrx_word' id='word_1_566' title='bbox 2707 3430 2742 3469; x_wconf 66' lang='grc' dir='ltr'><strong>ει</strong></span> <span class='ocrx_word' id='word_1_567' title='bbox 2769 3415 3102 3486; x_wconf 89' lang='lat' dir='ltr'><strong>conjugibus</strong></span> <span class='ocrx_word' id='word_1_568' title='bbox 3148 3433 3262 3473; x_wconf 94' lang='lat' dir='ltr'><strong>non</strong></span> <span class='ocrx_word' id='word_1_569' title='bbox 3307 3418 3591 3476; x_wconf 86' lang='lat' dir='ltr'><strong>valuimus</strong></span> 
     </span>
    </p>
   </div>
   <div class='ocr_carea' id='block_1_57' title="bbox 302 3504 3588 3581">
    <p class='ocr_par' dir='ltr' id='par_1_57' title="bbox 302 3504 3588 3581">
     <span class='ocr_line' id='line_1_57' title="bbox 302 3504 3588 3581; baseline 0.002 -24"><span class='ocrx_word' id='word_1_570' title='bbox 302 3505 555 3575; x_wconf 85' lang='lat' dir='ltr'><strong>respexit</strong></span> <span class='ocrx_word' id='word_1_571' title='bbox 583 3523 697 3573; x_wconf 92' lang='lat' dir='ltr'><strong>eos,</strong></span> <span class='ocrx_word' id='word_1_572' title='bbox 729 3514 785 3562; x_wconf 87' lang='lat' dir='ltr'><strong>et</strong></span> <span class='ocrx_word' id='word_1_573' title='bbox 805 3510 1080 3579; x_wconf 86' lang='lat' dir='ltr'><strong>cognovit,</strong></span> <span class='ocrx_word' id='word_1_574' title='bbox 1110 3514 1167 3563; x_wconf 91' lang='lat' dir='ltr'><strong>et</strong></span> <span class='ocrx_word' id='word_1_575' title='bbox 1193 3509 1335 3563; x_wconf 83' lang='lat' dir='ltr'><strong>dixit</strong></span> <span class='ocrx_word' id='word_1_576' title='bbox 1364 3509 1472 3564; x_wconf 90' lang='lat' dir='ltr'><strong>eis:</strong></span> <span class='ocrx_word' id='word_1_577' title='bbox 1504 3508 1611 3564; x_wconf 93' lang='lat' dir='ltr'><strong>Ubi</strong></span> <span class='ocrx_word' id='word_1_578' title='bbox 1630 3515 1764 3564; x_wconf 91' lang='lat' dir='ltr'><strong>sunt</strong></span> <span class='ocrx_word' id='word_1_579' title='bbox 1796 3525 1909 3564; x_wconf 85' lang='lat' dir='ltr'><strong>me-</strong></span> <span class='ocrx_word' id='word_1_580' title='bbox 1990 3505 2397 3569; x_wconf 86' lang='lat' dir='ltr'><strong>obtinere.Quo</strong></span> <span class='ocrx_word' id='word_1_581' title='bbox 2416 3522 2538 3559; x_wconf 75' lang='lat' dir='ltr'><strong>non</strong></span> <span class='ocrx_word' id='word_1_582' title='bbox 2569 3504 2790 3576; x_wconf 89' lang='lat' dir='ltr'><strong>adepto,</strong></span> <span class='ocrx_word' id='word_1_583' title='bbox 2812 3504 2962 3559; x_wconf 88' lang='lat' dir='ltr'><strong>inter</strong></span> <span class='ocrx_word' id='word_1_584' title='bbox 2986 3522 3089 3561; x_wconf 93' lang='lat' dir='ltr'><strong>nos</strong></span> <span class='ocrx_word' id='word_1_585' title='bbox 3115 3512 3172 3562; x_wconf 92' lang='lat' dir='ltr'><strong>et</strong></span> <span class='ocrx_word' id='word_1_586' title='bbox 3191 3508 3371 3563; x_wconf 90' lang='lat' dir='ltr'><strong>Deum</strong></span> <span class='ocrx_word' id='word_1_587' title='bbox 3394 3508 3588 3581; x_wconf 87' lang='lat' dir='ltr'><strong>posui-</strong></span> 
     </span>
    </p>
   </div>
   <div class='ocr_carea' id='block_1_58' title="bbox 302 3592 3591 3670">
    <p class='ocr_par' dir='ltr' id='par_1_58' title="bbox 302 3592 3591 3670">
     <span class='ocr_line' id='line_1_58' title="bbox 302 3592 3591 3670; baseline 0.002 -25"><span class='ocrx_word' id='word_1_588' title='bbox 302 3592 452 3646; x_wconf 86' lang='lat' dir='ltr'><strong>lotes</strong></span> <span class='ocrx_word' id='word_1_589' title='bbox 474 3596 710 3649; x_wconf 80' lang='lat' dir='ltr'><strong>vestrae?</strong></span> <span class='ocrx_word' id='word_1_590' title='bbox 738 3598 811 3651; x_wconf 88' lang='lat' dir='ltr'><strong>At</strong></span> <span class='ocrx_word' id='word_1_591' title='bbox 841 3597 921 3651; x_wconf 88' lang='lat' dir='ltr'><strong>illi</strong></span> <span class='ocrx_word' id='word_1_592' title='bbox 965 3598 1378 3670; x_wconf 88' lang='lat' dir='ltr'><strong>responderunt</strong></span> <span class='ocrx_word' id='word_1_593' title='bbox 1407 3616 1418 3653; x_wconf 92' lang='lat'><strong>:</strong></span> <span class='ocrx_word' id='word_1_594' title='bbox 1456 3598 1594 3653; x_wconf 90' lang='lat' dir='ltr'><strong>Ecce</strong></span> <span class='ocrx_word' id='word_1_595' title='bbox 1626 3599 1716 3653; x_wconf 91' lang='lat' dir='ltr'><strong>hic</strong></span> <span class='ocrx_word' id='word_1_596' title='bbox 1741 3599 1799 3653; x_wconf 92' lang='lat' dir='ltr'><strong>in</strong></span> <span class='ocrx_word' id='word_1_597' title='bbox 1832 3599 1909 3653; x_wconf 84' lang='lat' dir='ltr'><strong>vi-</strong></span> <span class='ocrx_word' id='word_1_598' title='bbox 1990 3611 2116 3649; x_wconf 89' lang='lat' dir='ltr'><strong>mus</strong></span> <span class='ocrx_word' id='word_1_599' title='bbox 2134 3599 2636 3661; x_wconf 85' lang='lat' dir='ltr'><strong>testamentum,ut</strong></span> <span class='ocrx_word' id='word_1_600' title='bbox 2662 3609 2840 3665; x_wconf 92' lang='lat' dir='ltr'><strong>usque</strong></span> <span class='ocrx_word' id='word_1_601' title='bbox 2860 3594 2932 3648; x_wconf 91' lang='lat' dir='ltr'><strong>ad</strong></span> <span class='ocrx_word' id='word_1_602' title='bbox 2960 3600 3201 3650; x_wconf 89' lang='lat' dir='ltr'><strong>mortem</strong></span> <span class='ocrx_word' id='word_1_603' title='bbox 3221 3601 3591 3652; x_wconf 70' lang='lat' dir='ltr'><strong>nostramsaa-</strong></span> 
     </span>
    </p>
   </div>
   <div class='ocr_carea' id='block_1_59' title="bbox 300 3681 3592 3759">
    <p class='ocr_par' dir='ltr' id='par_1_59' title="bbox 300 3681 3592 3759">
     <span class='ocr_line' id='line_1_59' title="bbox 300 3681 3592 3759; baseline 0.002 -25"><span class='ocrx_word' id='word_1_604' title='bbox 300 3681 433 3736; x_wconf 87' lang='lat' dir='ltr'><strong>cino</strong></span> <span class='ocrx_word' id='word_1_605' title='bbox 463 3690 595 3737; x_wconf 87' lang='lat' dir='ltr'><strong>sunt</strong></span> <span class='ocrx_word' id='word_1_606' title='bbox 624 3701 738 3739; x_wconf 88' lang='lat' dir='ltr'><strong>una</strong></span> <span class='ocrx_word' id='word_1_607' title='bbox 766 3702 893 3740; x_wconf 91' lang='lat' dir='ltr'><strong>cum</strong></span> <span class='ocrx_word' id='word_1_608' title='bbox 937 3687 1109 3742; x_wconf 85' lang='lat' dir='ltr'><strong>fratre</strong></span> <span class='ocrx_word' id='word_1_609' title='bbox 1158 3688 1272 3755; x_wconf 92' lang='lat' dir='ltr'><strong>illo,</strong></span> <span class='ocrx_word' id='word_1_610' title='bbox 1305 3688 1401 3759; x_wconf 91' lang='lat' dir='ltr'><strong>qui</strong></span> <span class='ocrx_word' id='word_1_611' title='bbox 1424 3695 1610 3743; x_wconf 89' lang='lat' dir='ltr'><strong>tecum</strong></span> <span class='ocrx_word' id='word_1_612' title='bbox 1636 3687 1781 3743; x_wconf 89' lang='lat' dir='ltr'><strong>iram</strong></span> <span class='ocrx_word' id='word_1_613' title='bbox 1808 3689 1905 3742; x_wconf 85' lang='lat' dir='ltr'><strong>ha-</strong></span> <span class='ocrx_word' id='word_1_614' title='bbox 1989 3685 2180 3739; x_wconf 88' lang='lat' dir='ltr'><strong>culare</strong></span> <span class='ocrx_word' id='word_1_615' title='bbox 2206 3682 2437 3739; x_wconf 88' lang='lat' dir='ltr'><strong>verbum</strong></span> <span class='ocrx_word' id='word_1_616' title='bbox 2469 3699 2584 3738; x_wconf 89' lang='lat' dir='ltr'><strong>non</strong></span> <span class='ocrx_word' id='word_1_617' title='bbox 2621 3682 2985 3754; x_wconf 88' lang='lat' dir='ltr'><strong>loqueremur</strong></span> <span class='ocrx_word' id='word_1_618' title='bbox 3010 3684 3260 3740; x_wconf 91' lang='lat' dir='ltr'><strong>omnino.</strong></span> <span class='ocrx_word' id='word_1_619' title='bbox 3294 3687 3429 3750; x_wconf 62' lang='lat' dir='ltr'><strong>Qum</strong></span> <span class='ocrx_word' id='word_1_620' title='bbox 3458 3701 3592 3741; x_wconf 89' lang='lat' dir='ltr'><strong>cum</strong></span> 
     </span>
    </p>
   </div>
   <div class='ocr_carea' id='block_1_60' title="bbox 300 3769 3590 3848">
    <p class='ocr_par' dir='ltr' id='par_1_60' title="bbox 300 3769 3590 3848">
     <span class='ocr_line' id='line_1_60' title="bbox 300 3769 3590 3848; baseline 0.002 -24"><span class='ocrx_word' id='word_1_621' title='bbox 300 3769 492 3826; x_wconf 85' lang='lat' dir='ltr'><strong>bebat.</strong></span> <span class='ocrx_word' id='word_1_622' title='bbox 520 3773 637 3827; x_wconf 85' lang='lat' dir='ltr'><strong>Hoc</strong></span> <span class='ocrx_word' id='word_1_623' title='bbox 649 3780 941 3845; x_wconf 87' lang='lat' dir='ltr'><strong>postquam</strong></span> <span class='ocrx_word' id='word_1_624' title='bbox 983 3793 1151 3831; x_wconf 85' lang='lat' dir='ltr'><strong>senex</strong></span> <span class='ocrx_word' id='word_1_625' title='bbox 1179 3777 1409 3844; x_wconf 88' lang='lat' dir='ltr'><strong>audivit,</strong></span> <span class='ocrx_word' id='word_1_626' title='bbox 1439 3783 1496 3832; x_wconf 90' lang='lat' dir='ltr'><strong>et</strong></span> <span class='ocrx_word' id='word_1_627' title='bbox 1543 3778 1666 3832; x_wconf 91' lang='lat' dir='ltr'><strong>illos</strong></span> <span class='ocrx_word' id='word_1_628' title='bbox 1695 3794 1903 3848; x_wconf 82' lang='lat' dir='ltr'><strong>cogno-</strong></span> <span class='ocrx_word' id='word_1_629' title='bbox 1986 3773 2236 3828; x_wconf 84' lang='lat' dir='ltr'><strong>audisset</strong></span> <span class='ocrx_word' id='word_1_630' title='bbox 2260 3772 2459 3828; x_wconf 90' lang='lat' dir='ltr'><strong>beatus</strong></span> <span class='ocrx_word' id='word_1_631' title='bbox 2493 3772 2778 3839; x_wconf 75' lang='lat' dir='ltr'><strong>Macarius,</strong></span> <span class='ocrx_word' id='word_1_632' title='bbox 2805 3772 2947 3827; x_wconf 88' lang='lat' dir='ltr'><strong>dixit</strong></span> <span class='ocrx_word' id='word_1_633' title='bbox 2970 3791 2983 3827; x_wconf 92' lang='lat'><strong>:</strong></span> <span class='ocrx_word' id='word_1_634' title='bbox 3020 3774 3086 3828; x_wconf 88' lang='lat' dir='ltr'><strong>In</strong></span> <span class='ocrx_word' id='word_1_635' title='bbox 3106 3774 3341 3829; x_wconf 85' lang='lat' dir='ltr'><strong>veritate</strong></span> <span class='ocrx_word' id='word_1_636' title='bbox 3360 3791 3474 3831; x_wconf 90' lang='lat' dir='ltr'><strong>non</strong></span> <span class='ocrx_word' id='word_1_637' title='bbox 3500 3778 3590 3831; x_wconf 83' lang='lat' dir='ltr'><strong>est</strong></span> 
     </span>
    </p>
   </div>
   <div class='ocr_carea' id='block_1_61' title="bbox 299 3860 3591 3938">
    <p class='ocr_par' dir='ltr' id='par_1_61' title="bbox 299 3860 3591 3938">
     <span class='ocr_line' id='line_1_61' title="bbox 299 3860 3591 3938; baseline 0.003 -26"><span class='ocrx_word' id='word_1_638' title='bbox 299 3860 407 3919; x_wconf 86' lang='lat' dir='ltr'><strong>vit,</strong></span> <span class='ocrx_word' id='word_1_639' title='bbox 446 3878 562 3932; x_wconf 80' lang='lat' dir='ltr'><strong>prae</strong></span> <span class='ocrx_word' id='word_1_640' title='bbox 587 3864 793 3933; x_wconf 88' lang='lat' dir='ltr'><strong>gaudio</strong></span> <span class='ocrx_word' id='word_1_641' title='bbox 813 3865 1037 3930; x_wconf 89' lang='lat' dir='ltr'><strong>ostium,</strong></span> <span class='ocrx_word' id='word_1_642' title='bbox 1072 3883 1173 3937; x_wconf 90' lang='lat' dir='ltr'><strong>per</strong></span> <span class='ocrx_word' id='word_1_643' title='bbox 1207 3866 1355 3938; x_wconf 90' lang='lat' dir='ltr'><strong>quod</strong></span> <span class='ocrx_word' id='word_1_644' title='bbox 1382 3866 1670 3937; x_wconf 85' lang='lat' dir='ltr'><strong>ingressus</strong></span> <span class='ocrx_word' id='word_1_645' title='bbox 1694 3866 1897 3933; x_wconf 85' lang='lat' dir='ltr'><strong>fuerat,</strong></span> <span class='ocrx_word' id='word_1_646' title='bbox 1988 3863 2161 3934; x_wconf 89' lang='lat' dir='ltr'><strong>virgo,</strong></span> <span class='ocrx_word' id='word_1_647' title='bbox 2193 3878 2377 3934; x_wconf 89' lang='lat' dir='ltr'><strong>neque</strong></span> <span class='ocrx_word' id='word_1_648' title='bbox 2406 3863 2690 3929; x_wconf 88' lang='lat' dir='ltr'><strong>maritata,</strong></span> <span class='ocrx_word' id='word_1_649' title='bbox 2716 3878 2899 3934; x_wconf 89' lang='lat' dir='ltr'><strong>neque</strong></span> <span class='ocrx_word' id='word_1_650' title='bbox 2929 3863 3257 3933; x_wconf 89' lang='lat' dir='ltr'><strong>monachus,</strong></span> <span class='ocrx_word' id='word_1_651' title='bbox 3278 3880 3461 3937; x_wconf 91' lang='lat' dir='ltr'><strong>neque</strong></span> <span class='ocrx_word' id='word_1_652' title='bbox 3480 3881 3591 3921; x_wconf 63' lang='lat' dir='ltr'><strong>sa-</strong></span> 
     </span>
    </p>
   </div>
   <div class='ocr_carea' id='block_1_62' title="bbox 302 3950 3592 4027">
    <p class='ocr_par' dir='ltr' id='par_1_62' title="bbox 302 3950 3592 4027">
     <span class='ocr_line' id='line_1_62' title="bbox 302 3950 3592 4027; baseline 0.003 -26"><span class='ocrx_word' id='word_1_653' title='bbox 302 3965 444 4002; x_wconf 90' lang='lat' dir='ltr'><strong>cum</strong></span> <span class='ocrx_word' id='word_1_654' title='bbox 476 3952 657 4006; x_wconf 91' lang='lat' dir='ltr'><strong>securi</strong></span> <span class='ocrx_word' id='word_1_655' title='bbox 678 3953 969 4024; x_wconf 88' lang='lat' dir='ltr'><strong>confregit,</strong></span> <span class='ocrx_word' id='word_1_656' title='bbox 1003 3960 1059 4009; x_wconf 91' lang='lat' dir='ltr'><strong>et</strong></span> <span class='ocrx_word' id='word_1_657' title='bbox 1083 3971 1340 4026; x_wconf 88' lang='lat' dir='ltr'><strong>egressus</strong></span> <span class='ocrx_word' id='word_1_658' title='bbox 1361 3955 1608 4009; x_wconf 90' lang='lat' dir='ltr'><strong>cucurrit</strong></span> <span class='ocrx_word' id='word_1_659' title='bbox 1626 3972 1803 4027; x_wconf 91' lang='lat' dir='ltr'><strong>usque</strong></span> <span class='ocrx_word' id='word_1_660' title='bbox 1831 3955 1902 4010; x_wconf 87' lang='lat' dir='ltr'><strong>ad</strong></span> <span class='ocrx_word' id='word_1_661' title='bbox 1986 3950 2216 4019; x_wconf 88' lang='lat' dir='ltr'><strong>cularis;</strong></span> <span class='ocrx_word' id='word_1_662' title='bbox 2250 3951 2348 4006; x_wconf 87' lang='lat' dir='ltr'><strong>sed</strong></span> <span class='ocrx_word' id='word_1_663' title='bbox 2377 3952 2526 4006; x_wconf 87' lang='lat' dir='ltr'><strong>Deus</strong></span> <span class='ocrx_word' id='word_1_664' title='bbox 2580 3955 2806 4006; x_wconf 86' lang='lat' dir='ltr'><strong>tantum</strong></span> <span class='ocrx_word' id='word_1_665' title='bbox 2861 3952 3212 4024; x_wconf 89' lang='lat' dir='ltr'><strong>propositum</strong></span> <span class='ocrx_word' id='word_1_666' title='bbox 3265 3953 3485 4026; x_wconf 69' lang='lat' dir='ltr'><strong>quaerit,</strong></span> <span class='ocrx_word' id='word_1_667' title='bbox 3531 3957 3592 4011; x_wconf 84' lang='lat' dir='ltr'><strong>et</strong></span> 
     </span>
    </p>
   </div>
   <div class='ocr_carea' id='block_1_63' title="bbox 302 4038 3028 4120">
    <p class='ocr_par' dir='ltr' id='par_1_63' title="bbox 302 4038 3028 4120">
     <span class='ocr_line' id='line_1_63' title="bbox 302 4038 3028 4120; baseline 0.001 -29"><span class='ocrx_word' id='word_1_668' title='bbox 302 4038 492 4092; x_wconf 90' lang='lat' dir='ltr'><strong>locum</strong></span> <span class='ocrx_word' id='word_1_669' title='bbox 524 4039 621 4095; x_wconf 89' lang='lat' dir='ltr'><strong>ubi</strong></span> <span class='ocrx_word' id='word_1_670' title='bbox 641 4048 764 4096; x_wconf 88' lang='lat' dir='ltr'><strong>erat</strong></span> <span class='ocrx_word' id='word_1_671' title='bbox 795 4043 888 4098; x_wconf 90' lang='lat' dir='ltr'><strong>ille</strong></span> <span class='ocrx_word' id='word_1_672' title='bbox 920 4042 1112 4111; x_wconf 83' lang='lat' dir='ltr'><strong>frater,</strong></span> <span class='ocrx_word' id='word_1_673' title='bbox 1132 4046 1382 4120; x_wconf 28' lang='lat' dir='ltr'><strong>et&#39;coepit</strong></span> <span class='ocrx_word' id='word_1_674' title='bbox 1410 4044 1529 4115; x_wconf 90' lang='lat' dir='ltr'><strong>ipse</strong></span> <span class='ocrx_word' id='word_1_675' title='bbox 1549 4044 1703 4116; x_wconf 89' lang='lat' dir='ltr'><strong>prior</strong></span> <span class='ocrx_word' id='word_1_676' title='bbox 1731 4044 1906 4115; x_wconf 69' lang='lat' dir='ltr'><strong>pueni-</strong></span> <span class='ocrx_word' id='word_1_677' title='bbox 1985 4041 2247 4112; x_wconf 88' lang='lat' dir='ltr'><strong>spiritum</strong></span> <span class='ocrx_word' id='word_1_678' title='bbox 2284 4038 2411 4095; x_wconf 64' lang='lat' dir='ltr'><strong>vitae</strong></span> <span class='ocrx_word' id='word_1_679' title='bbox 2438 4039 2698 4094; x_wconf 91' lang='lat' dir='ltr'><strong>omnibus</strong></span> <span class='ocrx_word' id='word_1_680' title='bbox 2725 4040 3028 4097; x_wconf 88' lang='lat' dir='ltr'><strong>ministrat.</strong></span> 
     </span>
    </p>
   </div>
   <div class='ocr_carea' id='block_1_64' title="bbox 300 4126 3593 4204">
    <p class='ocr_par' dir='ltr' id='par_1_64' title="bbox 300 4126 3593 4204">
     <span class='ocr_line' id='line_1_64' title="bbox 300 4126 3593 4204; baseline 0.002 -23"><span class='ocrx_word' id='word_1_681' title='bbox 300 4128 544 4182; x_wconf 87' lang='lat' dir='ltr'><strong>tentiam</strong></span> <span class='ocrx_word' id='word_1_682' title='bbox 574 4130 721 4201; x_wconf 88' lang='lat' dir='ltr'><strong>apud</strong></span> <span class='ocrx_word' id='word_1_683' title='bbox 745 4148 874 4186; x_wconf 92' lang='lat' dir='ltr'><strong>eum</strong></span> <span class='ocrx_word' id='word_1_684' title='bbox 896 4148 1081 4203; x_wconf 90' lang='lat' dir='ltr'><strong>agere,</strong></span> <span class='ocrx_word' id='word_1_685' title='bbox 1120 4138 1178 4188; x_wconf 90' lang='lat' dir='ltr'><strong>et</strong></span> <span class='ocrx_word' id='word_1_686' title='bbox 1194 4133 1544 4204; x_wconf 85' lang='lat' dir='ltr'><strong>amplexatus</strong></span> <span class='ocrx_word' id='word_1_687' title='bbox 1564 4138 1650 4188; x_wconf 89' lang='lat' dir='ltr'><strong>est</strong></span> <span class='ocrx_word' id='word_1_688' title='bbox 1669 4149 1820 4200; x_wconf 92' lang='lat' dir='ltr'><strong>eum,</strong></span> <span class='ocrx_word' id='word_1_689' title='bbox 1851 4136 1908 4186; x_wconf 89' lang='lat' dir='ltr'><strong>et</strong></span> <span class='ocrx_word' id='word_1_690' title='bbox 2058 4126 2146 4186; x_wconf 86' lang='lat'><strong>98.</strong></span> <span class='ocrx_word' id='word_1_691' title='bbox 2168 4128 2410 4194; x_wconf 89' lang='lat' dir='ltr'><strong>Quidam</strong></span> <span class='ocrx_word' id='word_1_692' title='bbox 2442 4128 2637 4195; x_wconf 87' lang='lat' dir='ltr'><strong>frater,</strong></span> <span class='ocrx_word' id='word_1_693' title='bbox 2683 4127 2821 4183; x_wconf 90' lang='lat' dir='ltr'><strong>dum</strong></span> <span class='ocrx_word' id='word_1_694' title='bbox 2850 4134 2998 4184; x_wconf 89' lang='lat' dir='ltr'><strong>esset</strong></span> <span class='ocrx_word' id='word_1_695' title='bbox 3023 4128 3082 4183; x_wconf 91' lang='lat' dir='ltr'><strong>in</strong></span> <span class='ocrx_word' id='word_1_696' title='bbox 3106 4128 3380 4199; x_wconf 68' lang='lat' dir='ltr'><strong>coenobio,</strong></span> <span class='ocrx_word' id='word_1_697' title='bbox 3405 4135 3465 4185; x_wconf 89' lang='lat' dir='ltr'><strong>et</strong></span> <span class='ocrx_word' id='word_1_698' title='bbox 3480 4133 3593 4187; x_wconf 83' lang='lat' dir='ltr'><strong>fre-</strong></span> 
     </span>
    </p>
   </div>
   <div class='ocr_carea' id='block_1_65' title="bbox 298 4216 3587 4294">
    <p class='ocr_par' dir='ltr' id='par_1_65' title="bbox 298 4216 3587 4294">
     <span class='ocr_line' id='line_1_65' title="bbox 298 4216 3587 4294; baseline 0.002 -24"><span class='ocrx_word' id='word_1_699' title='bbox 298 4217 621 4273; x_wconf 86' lang='lat' dir='ltr'><strong>introduxit</strong></span> <span class='ocrx_word' id='word_1_700' title='bbox 644 4219 769 4273; x_wconf 90' lang='lat' dir='ltr'><strong>illos</strong></span> <span class='ocrx_word' id='word_1_701' title='bbox 796 4220 855 4274; x_wconf 92' lang='lat' dir='ltr'><strong>in</strong></span> <span class='ocrx_word' id='word_1_702' title='bbox 878 4221 1076 4276; x_wconf 89' lang='lat' dir='ltr'><strong>cellam</strong></span> <span class='ocrx_word' id='word_1_703' title='bbox 1102 4239 1283 4289; x_wconf 90' lang='lat' dir='ltr'><strong>suam,</strong></span> <span class='ocrx_word' id='word_1_704' title='bbox 1307 4228 1364 4277; x_wconf 91' lang='lat' dir='ltr'><strong>et</strong></span> <span class='ocrx_word' id='word_1_705' title='bbox 1384 4239 1485 4294; x_wconf 85' lang='lat' dir='ltr'><strong>per</strong></span> <span class='ocrx_word' id='word_1_706' title='bbox 1510 4228 1624 4277; x_wconf 83' lang='lat' dir='ltr'><strong>tres</strong></span> <span class='ocrx_word' id='word_1_707' title='bbox 1646 4222 1765 4277; x_wconf 90' lang='lat' dir='ltr'><strong>dies</strong></span> <span class='ocrx_word' id='word_1_708' title='bbox 1779 4238 1907 4277; x_wconf 89' lang='lat' dir='ltr'><strong>con-</strong></span> <span class='ocrx_word' id='word_1_709' title='bbox 1988 4223 2226 4290; x_wconf 88' lang='lat' dir='ltr'><strong>quenter</strong></span> <span class='ocrx_word' id='word_1_710' title='bbox 2246 4218 2316 4273; x_wconf 89' lang='lat' dir='ltr'><strong>ad</strong></span> <span class='ocrx_word' id='word_1_711' title='bbox 2335 4218 2476 4272; x_wconf 90' lang='lat' dir='ltr'><strong>iram</strong></span> <span class='ocrx_word' id='word_1_712' title='bbox 2498 4221 2818 4272; x_wconf 88' lang='lat' dir='ltr'><strong>moveretur</strong></span> <span class='ocrx_word' id='word_1_713' title='bbox 2834 4219 3060 4287; x_wconf 81' lang='lat' dir='ltr'><strong>(Pelag.,</strong></span> <span class='ocrx_word' id='word_1_714' title='bbox 3083 4220 3250 4273; x_wconf 73' lang='lat' dir='ltr'><strong>libell.</strong></span> <span class='ocrx_word' id='word_1_715' title='bbox 3276 4232 3373 4286; x_wconf 82' lang='lat' dir='ltr'><strong>vn,</strong></span> <span class='ocrx_word' id='word_1_716' title='bbox 3390 4235 3449 4274; x_wconf 90' lang='lat' dir='ltr'><strong>n.</strong></span> <span class='ocrx_word' id='word_1_717' title='bbox 3472 4216 3587 4289; x_wconf 86' lang='lat'><strong>33),</strong></span> 
     </span>
    </p>
   </div>
   <div class='ocr_carea' id='block_1_66' title="bbox 297 4305 3593 4383">
    <p class='ocr_par' dir='ltr' id='par_1_66' title="bbox 297 4305 3593 4383">
     <span class='ocr_line' id='line_1_66' title="bbox 297 4305 3593 4383; baseline 0.002 -27"><span class='ocrx_word' id='word_1_718' title='bbox 297 4306 523 4361; x_wconf 80' lang='lat' dir='ltr'><strong>vivatus</strong></span> <span class='ocrx_word' id='word_1_719' title='bbox 551 4313 637 4362; x_wconf 90' lang='lat' dir='ltr'><strong>est</strong></span> <span class='ocrx_word' id='word_1_720' title='bbox 663 4325 790 4363; x_wconf 91' lang='lat' dir='ltr'><strong>cum</strong></span> <span class='ocrx_word' id='word_1_721' title='bbox 812 4310 909 4376; x_wconf 89' lang='lat' dir='ltr'><strong>eis,</strong></span> <span class='ocrx_word' id='word_1_722' title='bbox 945 4311 1039 4381; x_wconf 90' lang='lat' dir='ltr'><strong>qui</strong></span> <span class='ocrx_word' id='word_1_723' title='bbox 1078 4328 1364 4383; x_wconf 89' lang='lat' dir='ltr'><strong>nunquam</strong></span> <span class='ocrx_word' id='word_1_724' title='bbox 1396 4310 1640 4366; x_wconf 87' lang='lat' dir='ltr'><strong>habebat</strong></span> <span class='ocrx_word' id='word_1_725' title='bbox 1666 4328 1903 4366; x_wconf 88' lang='lat' dir='ltr'><strong>consue-</strong></span> <span class='ocrx_word' id='word_1_726' title='bbox 1920 4376 1960 4383; x_wconf 81' lang='lat'><strong><em>_</em></strong></span> <span class='ocrx_word' id='word_1_727' title='bbox 1989 4307 2129 4362; x_wconf 90' lang='lat' dir='ltr'><strong>dixit</strong></span> <span class='ocrx_word' id='word_1_728' title='bbox 2152 4307 2223 4362; x_wconf 90' lang='lat' dir='ltr'><strong>ad</strong></span> <span class='ocrx_word' id='word_1_729' title='bbox 2241 4306 2603 4378; x_wconf 85' lang='lat' dir='ltr'><strong>semetipsum</strong></span> <span class='ocrx_word' id='word_1_730' title='bbox 2626 4325 2637 4360; x_wconf 85' lang='lat'><strong>:</strong></span> <span class='ocrx_word' id='word_1_731' title='bbox 2663 4305 2880 4360; x_wconf 83' lang='lat' dir='ltr'><strong>Vadam</strong></span> <span class='ocrx_word' id='word_1_732' title='bbox 2899 4305 2959 4361; x_wconf 92' lang='lat' dir='ltr'><strong>in</strong></span> <span class='ocrx_word' id='word_1_733' title='bbox 2976 4305 3358 4375; x_wconf 89' lang='lat' dir='ltr'><strong>solitudinem;</strong></span> <span class='ocrx_word' id='word_1_734' title='bbox 3382 4312 3441 4362; x_wconf 88' lang='lat' dir='ltr'><strong>et</strong></span> <span class='ocrx_word' id='word_1_735' title='bbox 3460 4322 3593 4364; x_wconf 87' lang='lat' dir='ltr'><strong>cum</strong></span> 
     </span>
    </p>
   </div>
   <div class='ocr_carea' id='block_1_67' title="bbox 298 4376 3597 4472">
    <p class='ocr_par' dir='ltr' id='par_1_67' title="bbox 298 4376 3597 4472">
     <span class='ocr_line' id='line_1_67' title="bbox 298 4376 3597 4472; baseline 0.002 -24"><span class='ocrx_word' id='word_1_736' title='bbox 298 4395 562 4450; x_wconf 87' lang='lat' dir='ltr'><strong>tudinem</strong></span> <span class='ocrx_word' id='word_1_737' title='bbox 584 4402 650 4451; x_wconf 91' lang='lat' dir='ltr'><strong>ut</strong></span> <span class='ocrx_word' id='word_1_738' title='bbox 671 4376 1234 4469; x_wconf 48' lang='lat' dir='ltr'><strong>jejunium-solveret:</strong></span> <span class='ocrx_word' id='word_1_739' title='bbox 1253 4402 1321 4456; x_wconf 91' lang='lat' dir='ltr'><strong>Et</strong></span> <span class='ocrx_word' id='word_1_740' title='bbox 1346 4405 1539 4472; x_wconf 87' lang='lat' dir='ltr'><strong>postea</strong></span> <span class='ocrx_word' id='word_1_741' title='bbox 1561 4401 1822 4469; x_wconf 87' lang='lat' dir='ltr'><strong>surrexit,</strong></span> <span class='ocrx_word' id='word_1_742' title='bbox 1848 4405 1905 4456; x_wconf 89' lang='lat' dir='ltr'><strong>et</strong></span> <span class='ocrx_word' id='word_1_743' title='bbox 1920 4376 1968 4436; x_wconf 79' lang='lat' dir='ltr'>D</span> <span class='ocrx_word' id='word_1_744' title='bbox 1989 4413 2103 4452; x_wconf 92' lang='lat' dir='ltr'><strong>non</strong></span> <span class='ocrx_word' id='word_1_745' title='bbox 2129 4396 2370 4451; x_wconf 88' lang='lat' dir='ltr'><strong>habeam</strong></span> <span class='ocrx_word' id='word_1_746' title='bbox 2400 4376 2527 4449; x_wconf 81' lang='lat' dir='ltr'><strong>cum</strong></span> <span class='ocrx_word' id='word_1_747' title='bbox 2557 4411 2668 4466; x_wconf 91' lang='lat' dir='ltr'><strong>quo</strong></span> <span class='ocrx_word' id='word_1_748' title='bbox 2699 4394 2933 4466; x_wconf 90' lang='lat' dir='ltr'><strong>litigem,</strong></span> <span class='ocrx_word' id='word_1_749' title='bbox 2962 4394 3196 4451; x_wconf 85' lang='lat' dir='ltr'><strong>forsitan</strong></span> <span class='ocrx_word' id='word_1_750' title='bbox 3222 4396 3541 4467; x_wconf 85' lang='lat' dir='ltr'><strong>requiescet</strong></span> <span class='ocrx_word' id='word_1_751' title='bbox 3557 4412 3597 4453; x_wconf 82' lang='lat' dir='ltr'><strong>a</strong></span> 
     </span>
    </p>
   </div>
   <div class='ocr_carea' id='block_1_68' title="bbox 298 4484 3595 4557">
    <p class='ocr_par' dir='ltr' id='par_1_68' title="bbox 298 4484 3595 4557">
     <span class='ocr_line' id='line_1_68' title="bbox 298 4484 3595 4557; baseline 0.001 -19"><span class='ocrx_word' id='word_1_752' title='bbox 298 4484 588 4555; x_wconf 86' lang='lat' dir='ltr'><strong>profectus</strong></span> <span class='ocrx_word' id='word_1_753' title='bbox 618 4494 704 4541; x_wconf 90' lang='lat' dir='ltr'><strong>est</strong></span> <span class='ocrx_word' id='word_1_754' title='bbox 733 4503 858 4542; x_wconf 90' lang='lat' dir='ltr'><strong>cum</strong></span> <span class='ocrx_word' id='word_1_755' title='bbox 878 4488 1007 4544; x_wconf 90' lang='lat' dir='ltr'><strong>illis.</strong></span> <span class='ocrx_word' id='word_1_756' title='bbox 1989 4503 2080 4541; x_wconf 91' lang='lat' dir='ltr'><strong>me</strong></span> <span class='ocrx_word' id='word_1_757' title='bbox 2096 4486 2217 4541; x_wconf 72' lang='lat' dir='ltr'><strong>hazc</strong></span> <span class='ocrx_word' id='word_1_758' title='bbox 2235 4484 2420 4557; x_wconf 88' lang='lat' dir='ltr'><strong>passio</strong></span> <span class='ocrx_word' id='word_1_759' title='bbox 2442 4485 2484 4538; x_wconf 65' lang='lat'><strong>1.</strong></span> <span class='ocrx_word' id='word_1_760' title='bbox 2505 4485 2647 4539; x_wconf 89' lang='lat' dir='ltr'><strong>Cum</strong></span> <span class='ocrx_word' id='word_1_761' title='bbox 2668 4490 2858 4540; x_wconf 90' lang='lat' dir='ltr'><strong>autem</strong></span> <span class='ocrx_word' id='word_1_762' title='bbox 2877 4501 3137 4556; x_wconf 89' lang='lat' dir='ltr'><strong>egressus</strong></span> <span class='ocrx_word' id='word_1_763' title='bbox 3158 4491 3324 4554; x_wconf 87' lang='lat' dir='ltr'><strong>esset,</strong></span> <span class='ocrx_word' id='word_1_764' title='bbox 3342 4491 3401 4540; x_wconf 91' lang='lat' dir='ltr'><strong>et</strong></span> <span class='ocrx_word' id='word_1_765' title='bbox 3433 4501 3595 4543; x_wconf 85' lang='lat' dir='ltr'><strong>man-</strong></span> 
     </span>
    </p>
   </div>
   <div class='ocr_carea' id='block_1_69' title="bbox 376 4572 3592 4652">
    <p class='ocr_par' dir='ltr' id='par_1_69' title="bbox 376 4572 3592 4652">
     <span class='ocr_line' id='line_1_69' title="bbox 376 4572 3592 4652; baseline 0.001 -23"><span class='ocrx_word' id='word_1_766' title='bbox 376 4572 469 4630; x_wconf 86' lang='lat'><strong>93.</strong></span> <span class='ocrx_word' id='word_1_767' title='bbox 497 4573 685 4631; x_wconf 86' lang='lat' dir='ltr'><strong>Abbas</strong></span> <span class='ocrx_word' id='word_1_768' title='bbox 733 4578 991 4648; x_wconf 82' lang='lat' dir='ltr'><strong>Agathon</strong></span> <span class='ocrx_word' id='word_1_769' title='bbox 1019 4577 1235 4633; x_wconf 90' lang='lat' dir='ltr'><strong>solebat</strong></span> <span class='ocrx_word' id='word_1_770' title='bbox 1262 4579 1446 4634; x_wconf 90' lang='lat' dir='ltr'><strong>dicere</strong></span> <span class='ocrx_word' id='word_1_771' title='bbox 1471 4598 1482 4633; x_wconf 95' lang='lat'><strong>:</strong></span> <span class='ocrx_word' id='word_1_772' title='bbox 1511 4580 1816 4652; x_wconf 86' lang='lat' dir='ltr'><strong>Nunquam</strong></span> <span class='ocrx_word' id='word_1_773' title='bbox 1845 4578 1909 4634; x_wconf 91' lang='lat' dir='ltr'><strong>li-</strong></span> <span class='ocrx_word' id='word_1_774' title='bbox 1990 4576 2156 4630; x_wconf 90' lang='lat' dir='ltr'><strong>sisset</strong></span> <span class='ocrx_word' id='word_1_775' title='bbox 2199 4575 2352 4630; x_wconf 88' lang='lat' dir='ltr'><strong>solus</strong></span> <span class='ocrx_word' id='word_1_776' title='bbox 2406 4574 2464 4629; x_wconf 92' lang='lat' dir='ltr'><strong>in</strong></span> <span class='ocrx_word' id='word_1_777' title='bbox 2509 4574 2730 4646; x_wconf 80' lang='lat' dir='ltr'><strong>spelaea,</strong></span> <span class='ocrx_word' id='word_1_778' title='bbox 2764 4573 3006 4645; x_wconf 87' lang='lat' dir='ltr'><strong>quadam</strong></span> <span class='ocrx_word' id='word_1_779' title='bbox 3036 4573 3126 4629; x_wconf 90' lang='lat' dir='ltr'><strong>die</strong></span> <span class='ocrx_word' id='word_1_780' title='bbox 3154 4590 3282 4630; x_wconf 90' lang='lat' dir='ltr'><strong>cum</strong></span> <span class='ocrx_word' id='word_1_781' title='bbox 3313 4590 3410 4631; x_wconf 89' lang='lat' dir='ltr'><strong>vas</strong></span> <span class='ocrx_word' id='word_1_782' title='bbox 3439 4591 3592 4648; x_wconf 83' lang='lat' dir='ltr'><strong>aqua</strong></span> 
     </span>
    </p>
   </div>
   <div class='ocr_carea' id='block_1_70' title="bbox 300 4662 3593 4740">
    <p class='ocr_par' dir='ltr' id='par_1_70' title="bbox 300 4662 3593 4740">
     <span class='ocr_line' id='line_1_70' title="bbox 300 4662 3593 4740; baseline 0.002 -23"><span class='ocrx_word' id='word_1_783' title='bbox 300 4668 422 4717; x_wconf 85' lang='lat' dir='ltr'><strong>tem</strong></span> <span class='ocrx_word' id='word_1_784' title='bbox 453 4662 666 4720; x_wconf 80' lang='lat' dir='ltr'><strong>habens</strong></span> <span class='ocrx_word' id='word_1_785' title='bbox 691 4683 815 4721; x_wconf 88' lang='lat' dir='ltr'><strong>cum</strong></span> <span class='ocrx_word' id='word_1_786' title='bbox 847 4667 1035 4739; x_wconf 87' lang='lat' dir='ltr'><strong>aliquo</strong></span> <span class='ocrx_word' id='word_1_787' title='bbox 1086 4668 1362 4737; x_wconf 89' lang='lat' dir='ltr'><strong>dormivi;</strong></span> <span class='ocrx_word' id='word_1_788' title='bbox 1396 4669 1493 4723; x_wconf 89' lang='lat' dir='ltr'><strong>sed</strong></span> <span class='ocrx_word' id='word_1_789' title='bbox 1538 4685 1641 4723; x_wconf 90' lang='lat' dir='ltr'><strong>nec</strong></span> <span class='ocrx_word' id='word_1_790' title='bbox 1676 4668 1908 4740; x_wconf 90' lang='lat' dir='ltr'><strong>permisi</strong></span> <span class='ocrx_word' id='word_1_791' title='bbox 1989 4665 2277 4737; x_wconf 88' lang='lat' dir='ltr'><strong>replesset,</strong></span> <span class='ocrx_word' id='word_1_792' title='bbox 2305 4670 2361 4719; x_wconf 92' lang='lat' dir='ltr'><strong>et</strong></span> <span class='ocrx_word' id='word_1_793' title='bbox 2390 4664 2670 4735; x_wconf 86' lang='lat' dir='ltr'><strong>posuisset</strong></span> <span class='ocrx_word' id='word_1_794' title='bbox 2711 4663 2771 4718; x_wconf 91' lang='lat' dir='ltr'><strong>in</strong></span> <span class='ocrx_word' id='word_1_795' title='bbox 2807 4668 3040 4732; x_wconf 90' lang='lat' dir='ltr'><strong>terram,</strong></span> <span class='ocrx_word' id='word_1_796' title='bbox 3072 4664 3259 4720; x_wconf 90' lang='lat' dir='ltr'><strong>subito</strong></span> <span class='ocrx_word' id='word_1_797' title='bbox 3304 4670 3593 4723; x_wconf 87' lang='lat' dir='ltr'><strong>versatum</strong></span> 
     </span>
    </p>
   </div>
   <div class='ocr_carea' id='block_1_71' title="bbox 296 4751 3592 4829">
    <p class='ocr_par' dir='ltr' id='par_1_71' title="bbox 296 4751 3592 4829">
     <span class='ocr_line' id='line_1_71' title="bbox 296 4751 3592 4829; baseline 0.002 -24"><span class='ocrx_word' id='word_1_798' title='bbox 296 4751 551 4823; x_wconf 83' lang='lat' dir='ltr'><strong>aliquem</strong></span> <span class='ocrx_word' id='word_1_799' title='bbox 583 4771 804 4809; x_wconf 88' lang='lat' dir='ltr'><strong>mecum</strong></span> <span class='ocrx_word' id='word_1_800' title='bbox 827 4756 983 4811; x_wconf 89' lang='lat' dir='ltr'><strong>litem</strong></span> <span class='ocrx_word' id='word_1_801' title='bbox 1004 4756 1305 4811; x_wconf 85' lang='lat' dir='ltr'><strong>habentem</strong></span> <span class='ocrx_word' id='word_1_802' title='bbox 1335 4757 1598 4824; x_wconf 90' lang='lat' dir='ltr'><strong>dormire,</strong></span> <span class='ocrx_word' id='word_1_803' title='bbox 1631 4762 1906 4829; x_wconf 87' lang='lat' dir='ltr'><strong>quantum</strong></span> <span class='ocrx_word' id='word_1_804' title='bbox 1987 4760 2092 4809; x_wconf 89' lang='lat' dir='ltr'><strong>est.</strong></span> <span class='ocrx_word' id='word_1_805' title='bbox 2126 4755 2379 4824; x_wconf 91' lang='lat' dir='ltr'><strong>Cumque</strong></span> <span class='ocrx_word' id='word_1_806' title='bbox 2402 4752 2574 4807; x_wconf 88' lang='lat' dir='ltr'><strong>tertia</strong></span> <span class='ocrx_word' id='word_1_807' title='bbox 2596 4752 2713 4808; x_wconf 91' lang='lat' dir='ltr'><strong>vice</strong></span> <span class='ocrx_word' id='word_1_808' title='bbox 2747 4753 3037 4824; x_wconf 89' lang='lat' dir='ltr'><strong>replesset,</strong></span> <span class='ocrx_word' id='word_1_809' title='bbox 3062 4769 3126 4807; x_wconf 85' lang='lat' dir='ltr'><strong>ac</strong></span> <span class='ocrx_word' id='word_1_810' title='bbox 3174 4752 3436 4809; x_wconf 89' lang='lat' dir='ltr'><strong>similiter</strong></span> <span class='ocrx_word' id='word_1_811' title='bbox 3461 4771 3592 4812; x_wconf 90' lang='lat' dir='ltr'><strong>con-</strong></span> 
     </span>
    </p>
   </div>
   <div class='ocr_carea' id='block_1_72' title="bbox 298 4839 3593 4918">
    <p class='ocr_par' dir='ltr' id='par_1_72' title="bbox 298 4839 3593 4918">
     <span class='ocr_line' id='line_1_72' title="bbox 298 4839 3593 4918; baseline 0.003 -26"><span class='ocrx_word' id='word_1_812' title='bbox 298 4839 377 4893; x_wconf 85' lang='lat' dir='ltr'><strong>ad</strong></span> <span class='ocrx_word' id='word_1_813' title='bbox 407 4840 674 4897; x_wconf 83' lang='lat' dir='ltr'><strong>virtutem</strong></span> <span class='ocrx_word' id='word_1_814' title='bbox 702 4860 887 4900; x_wconf 88' lang='lat' dir='ltr'><strong>meam</strong></span> <span class='ocrx_word' id='word_1_815' title='bbox 915 4845 1205 4917; x_wconf 88' lang='lat' dir='ltr'><strong>pertinuit,</strong></span> <span class='ocrx_word' id='word_1_816' title='bbox 1238 4846 1347 4900; x_wconf 84' lang='lat' dir='ltr'><strong>nisi</strong></span> <span class='ocrx_word' id='word_1_817' title='bbox 1376 4847 1532 4918; x_wconf 90' lang='lat' dir='ltr'><strong>prius</strong></span> <span class='ocrx_word' id='word_1_818' title='bbox 1561 4862 1689 4902; x_wconf 90' lang='lat' dir='ltr'><strong>cum</strong></span> <span class='ocrx_word' id='word_1_819' title='bbox 1719 4847 1817 4901; x_wconf 92' lang='lat' dir='ltr'><strong>illo</strong></span> <span class='ocrx_word' id='word_1_820' title='bbox 1848 4846 1907 4900; x_wconf 93' lang='lat' dir='ltr'><strong>in</strong></span> <span class='ocrx_word' id='word_1_821' title='bbox 1988 4843 2228 4914; x_wconf 88' lang='lat' dir='ltr'><strong>tigisset,</strong></span> <span class='ocrx_word' id='word_1_822' title='bbox 2261 4847 2489 4913; x_wconf 90' lang='lat' dir='ltr'><strong>arrepto</strong></span> <span class='ocrx_word' id='word_1_823' title='bbox 2510 4841 2629 4913; x_wconf 87' lang='lat' dir='ltr'><strong>ipso</strong></span> <span class='ocrx_word' id='word_1_824' title='bbox 2659 4858 2808 4909; x_wconf 88' lang='lat' dir='ltr'><strong>vase,</strong></span> <span class='ocrx_word' id='word_1_825' title='bbox 2836 4840 3005 4912; x_wconf 84' lang='lat' dir='ltr'><strong>fregit</strong></span> <span class='ocrx_word' id='word_1_826' title='bbox 3033 4840 3175 4896; x_wconf 89' lang='lat' dir='ltr'><strong>illud</strong></span> <span class='ocrx_word' id='word_1_827' title='bbox 3213 4841 3413 4898; x_wconf 87' lang='lat' dir='ltr'><strong>iratus.</strong></span> <span class='ocrx_word' id='word_1_828' title='bbox 3443 4844 3593 4902; x_wconf 83' lang='lat' dir='ltr'><strong>Cum</strong></span> 
     </span>
    </p>
   </div>
   <div class='ocr_carea' id='block_1_73' title="bbox 300 4928 3591 5007">
    <p class='ocr_par' dir='ltr' id='par_1_73' title="bbox 300 4928 3591 5007">
     <span class='ocr_line' id='line_1_73' title="bbox 300 4928 3591 5007; baseline 0.002 -24"><span class='ocrx_word' id='word_1_829' title='bbox 300 4946 445 5001; x_wconf 88' lang='lat' dir='ltr'><strong>pace</strong></span> <span class='ocrx_word' id='word_1_830' title='bbox 466 4938 778 4989; x_wconf 88' lang='lat' dir='ltr'><strong>reverterer</strong></span> <span class='ocrx_word' id='word_1_831' title='bbox 807 4936 1031 5003; x_wconf 84' lang='lat' dir='ltr'><strong>(Pelag.,</strong></span> <span class='ocrx_word' id='word_1_832' title='bbox 1066 4938 1230 4991; x_wconf 79' lang='lat' dir='ltr'><strong>libell.</strong></span> <span class='ocrx_word' id='word_1_833' title='bbox 1264 4950 1398 5001; x_wconf 85' lang='lat' dir='ltr'><strong>xvu,</strong></span> <span class='ocrx_word' id='word_1_834' title='bbox 1430 4953 1491 4992; x_wconf 85' lang='grc' dir='ltr'><strong>η.</strong></span> <span class='ocrx_word' id='word_1_835' title='bbox 1534 4933 1610 5005; x_wconf 87' lang='grc'><strong>6).</strong></span> <span class='ocrx_word' id='word_1_836' title='bbox 1989 4937 2178 4987; x_wconf 89' lang='lat' dir='ltr'><strong>autem</strong></span> <span class='ocrx_word' id='word_1_837' title='bbox 2212 4931 2282 4986; x_wconf 87' lang='lat' dir='ltr'><strong>ad</strong></span> <span class='ocrx_word' id='word_1_838' title='bbox 2322 4947 2382 4986; x_wconf 89' lang='lat' dir='ltr'><strong>se</strong></span> <span class='ocrx_word' id='word_1_839' title='bbox 2406 4946 2660 4985; x_wconf 89' lang='lat' dir='ltr'><strong>reversus</strong></span> <span class='ocrx_word' id='word_1_840' title='bbox 2687 4928 2902 4997; x_wconf 86' lang='lat' dir='ltr'><strong>fuisset,</strong></span> <span class='ocrx_word' id='word_1_841' title='bbox 2934 4928 3221 5002; x_wconf 82' lang='lat' dir='ltr'><strong>cogitabat</strong></span> <span class='ocrx_word' id='word_1_842' title='bbox 3238 4931 3372 5003; x_wconf 89' lang='lat' dir='ltr'><strong>quia</strong></span> <span class='ocrx_word' id='word_1_843' title='bbox 3398 4949 3434 4987; x_wconf 86' lang='lat' dir='ltr'><strong>a</strong></span> <span class='ocrx_word' id='word_1_844' title='bbox 3469 4933 3591 5007; x_wconf 86' lang='lat' dir='ltr'><strong>spi-</strong></span> 
     </span>
    </p>
   </div>
   <div class='ocr_carea' id='block_1_74' title="bbox 378 5018 3593 5096">
    <p class='ocr_par' dir='ltr' id='par_1_74' title="bbox 378 5018 3593 5096">
     <span class='ocr_line' id='line_1_74' title="bbox 378 5018 3593 5096; baseline 0 -18"><span class='ocrx_word' id='word_1_845' title='bbox 378 5026 571 5085; x_wconf 69' lang='lat'><strong>5&#39;5</strong></span> <span class='ocrx_word' id='word_1_846' title='bbox 596 5018 685 5079; x_wconf 87' lang='lat'><strong>96.</strong></span> <span class='ocrx_word' id='word_1_847' title='bbox 716 5023 891 5078; x_wconf 70' lang='lat' dir='ltr'><strong>Enant</strong></span> <span class='ocrx_word' id='word_1_848' title='bbox 919 5023 1032 5079; x_wconf 89' lang='lat' dir='ltr'><strong>duo</strong></span> <span class='ocrx_word' id='word_1_849' title='bbox 1061 5041 1223 5079; x_wconf 84' lang='lat' dir='ltr'><strong>senes</strong></span> <span class='ocrx_word' id='word_1_850' title='bbox 1275 5025 1334 5079; x_wconf 91' lang='lat' dir='ltr'><strong>in</strong></span> <span class='ocrx_word' id='word_1_851' title='bbox 1378 5041 1491 5079; x_wconf 90' lang='lat' dir='ltr'><strong>una</strong></span> <span class='ocrx_word' id='word_1_852' title='bbox 1531 5025 1672 5079; x_wconf 91' lang='lat' dir='ltr'><strong>cella</strong></span> <span class='ocrx_word' id='word_1_853' title='bbox 1698 5024 1910 5096; x_wconf 87' lang='lat' dir='ltr'><strong>pariter</strong></span> <span class='ocrx_word' id='word_1_854' title='bbox 1989 5021 2102 5077; x_wconf 90' lang='lat' dir='ltr'><strong>ritu</strong></span> <span class='ocrx_word' id='word_1_855' title='bbox 2128 5019 2430 5075; x_wconf 67' lang='lat' dir='ltr'><strong>iracundiae</strong></span> <span class='ocrx_word' id='word_1_856' title='bbox 2461 5024 2609 5074; x_wconf 87' lang='lat' dir='ltr'><strong>esset</strong></span> <span class='ocrx_word' id='word_1_857' title='bbox 2632 5018 2917 5091; x_wconf 90' lang='lat' dir='ltr'><strong>deceptus,</strong></span> <span class='ocrx_word' id='word_1_858' title='bbox 2951 5024 3009 5074; x_wconf 89' lang='lat' dir='ltr'><strong>et</strong></span> <span class='ocrx_word' id='word_1_859' title='bbox 3028 5019 3170 5074; x_wconf 85' lang='lat' dir='ltr'><strong>dixit</strong></span> <span class='ocrx_word' id='word_1_860' title='bbox 3200 5037 3212 5074; x_wconf 88' lang='lat'><strong>:</strong></span> <span class='ocrx_word' id='word_1_861' title='bbox 3257 5019 3396 5077; x_wconf 90' lang='lat' dir='ltr'><strong>Ecce</strong></span> <span class='ocrx_word' id='word_1_862' title='bbox 3417 5026 3476 5079; x_wconf 84' lang='lat' dir='ltr'><strong>et</strong></span> <span class='ocrx_word' id='word_1_863' title='bbox 3494 5037 3593 5079; x_wconf 89' lang='lat' dir='ltr'><strong>so-</strong></span> 
     </span>
    </p>
   </div>
   <div class='ocr_carea' id='block_1_75' title="bbox 298 5106 3595 5185">
    <p class='ocr_par' dir='ltr' id='par_1_75' title="bbox 298 5106 3595 5185">
     <span class='ocr_line' id='line_1_75' title="bbox 298 5106 3595 5185; baseline 0.002 -24"><span class='ocrx_word' id='word_1_864' title='bbox 298 5107 585 5176; x_wconf 87' lang='lat' dir='ltr'><strong>sedentes,</strong></span> <span class='ocrx_word' id='word_1_865' title='bbox 616 5116 674 5165; x_wconf 91' lang='lat' dir='ltr'><strong>et</strong></span> <span class='ocrx_word' id='word_1_866' title='bbox 697 5127 989 5182; x_wconf 89' lang='lat' dir='ltr'><strong>nunquam</strong></span> <span class='ocrx_word' id='word_1_867' title='bbox 1034 5113 1184 5167; x_wconf 89' lang='lat' dir='ltr'><strong>inter</strong></span> <span class='ocrx_word' id='word_1_868' title='bbox 1210 5130 1269 5168; x_wconf 90' lang='lat' dir='ltr'><strong>se</strong></span> <span class='ocrx_word' id='word_1_869' title='bbox 1308 5114 1391 5167; x_wconf 91' lang='lat' dir='ltr'><strong>vel</strong></span> <span class='ocrx_word' id='word_1_870' title='bbox 1444 5113 1908 5185; x_wconf 88' lang='lat' dir='ltr'><strong>qualemcumque</strong></span> <span class='ocrx_word' id='word_1_871' title='bbox 1989 5111 2077 5165; x_wconf 92' lang='lat' dir='ltr'><strong>lus</strong></span> <span class='ocrx_word' id='word_1_872' title='bbox 2098 5127 2242 5174; x_wconf 89' lang='lat' dir='ltr'><strong>sum,</strong></span> <span class='ocrx_word' id='word_1_873' title='bbox 2284 5114 2341 5164; x_wconf 91' lang='lat' dir='ltr'><strong>et</strong></span> <span class='ocrx_word' id='word_1_874' title='bbox 2367 5114 2559 5163; x_wconf 87' lang='lat' dir='ltr'><strong>tamen</strong></span> <span class='ocrx_word' id='word_1_875' title='bbox 2581 5106 2650 5161; x_wconf 90' lang='lat' dir='ltr'><strong>ab</strong></span> <span class='ocrx_word' id='word_1_876' title='bbox 2679 5107 2972 5163; x_wconf 86' lang='lat' dir='ltr'><strong>iracundia</strong></span> <span class='ocrx_word' id='word_1_877' title='bbox 2998 5108 3178 5164; x_wconf 88' lang='lat' dir='ltr'><strong>victus</strong></span> <span class='ocrx_word' id='word_1_878' title='bbox 3205 5125 3352 5165; x_wconf 89' lang='lat' dir='ltr'><strong>sum.</strong></span> <span class='ocrx_word' id='word_1_879' title='bbox 3379 5110 3595 5168; x_wconf 83' lang='lat' dir='ltr'><strong>Rever-</strong></span> 
     </span>
    </p>
   </div>
   <div class='ocr_carea' id='block_1_76' title="bbox 297 5195 3594 5274">
    <p class='ocr_par' dir='ltr' id='par_1_76' title="bbox 297 5195 3594 5274">
     <span class='ocr_line' id='line_1_76' title="bbox 297 5195 3594 5274; baseline 0.002 -24"><span class='ocrx_word' id='word_1_880' title='bbox 297 5212 538 5268; x_wconf 87' lang='lat' dir='ltr'><strong>parvam</strong></span> <span class='ocrx_word' id='word_1_881' title='bbox 559 5201 971 5255; x_wconf 87' lang='lat' dir='ltr'><strong>contentionem</strong></span> <span class='ocrx_word' id='word_1_882' title='bbox 994 5200 1307 5257; x_wconf 82' lang='lat' dir='ltr'><strong>habuerant</strong></span> <span class='ocrx_word' id='word_1_883' title='bbox 1326 5204 1551 5271; x_wconf 83' lang='lat' dir='ltr'><strong>(Pelag.,</strong></span> <span class='ocrx_word' id='word_1_884' title='bbox 1586 5204 1754 5257; x_wconf 75' lang='lat' dir='ltr'><strong>libell.</strong></span> <span class='ocrx_word' id='word_1_885' title='bbox 1774 5218 1903 5267; x_wconf 86' lang='lat' dir='ltr'><strong>xvn,</strong></span> <span class='ocrx_word' id='word_1_886' title='bbox 1990 5205 2080 5254; x_wconf 90' lang='lat' dir='ltr'><strong>tar</strong></span> <span class='ocrx_word' id='word_1_887' title='bbox 2099 5200 2157 5253; x_wconf 93' lang='lat' dir='ltr'><strong>in</strong></span> <span class='ocrx_word' id='word_1_888' title='bbox 2186 5196 2668 5268; x_wconf 72' lang='lat' dir='ltr'><strong>cmnobium,quia</strong></span> <span class='ocrx_word' id='word_1_889' title='bbox 2698 5195 2903 5268; x_wconf 89' lang='lat' dir='ltr'><strong>ubique</strong></span> <span class='ocrx_word' id='word_1_890' title='bbox 2923 5214 3115 5269; x_wconf 87' lang='lat' dir='ltr'><strong>pugna</strong></span> <span class='ocrx_word' id='word_1_891' title='bbox 3133 5215 3275 5271; x_wconf 90' lang='lat' dir='ltr'><strong>opus</strong></span> <span class='ocrx_word' id='word_1_892' title='bbox 3306 5204 3392 5255; x_wconf 88' lang='lat' dir='ltr'><strong>est</strong></span> <span class='ocrx_word' id='word_1_893' title='bbox 3424 5207 3483 5257; x_wconf 91' lang='lat' dir='ltr'><strong>et</strong></span> <span class='ocrx_word' id='word_1_894' title='bbox 3495 5216 3594 5274; x_wconf 83' lang='lat' dir='ltr'><strong>pa-</strong></span> 
     </span>
    </p>
   </div>
   <div class='ocr_carea' id='block_1_77' title="bbox 298 5283 3591 5363">
    <p class='ocr_par' dir='ltr' id='par_1_77' title="bbox 298 5283 3591 5363">
     <span class='ocr_line' id='line_1_77' title="bbox 298 5283 3591 5363; baseline 0.002 -24"><span class='ocrx_word' id='word_1_895' title='bbox 298 5302 360 5339; x_wconf 83' lang='grc' dir='ltr'><strong>η.</strong></span> <span class='ocrx_word' id='word_1_896' title='bbox 381 5283 665 5353; x_wconf 71' lang='lat' dir='ltr'><strong>2:2).Dixit</strong></span> <span class='ocrx_word' id='word_1_897' title='bbox 694 5306 828 5359; x_wconf 86' lang='lat' dir='ltr'><strong>ergo</strong></span> <span class='ocrx_word' id='word_1_898' title='bbox 849 5306 995 5343; x_wconf 92' lang='lat' dir='ltr'><strong>unus</strong></span> <span class='ocrx_word' id='word_1_899' title='bbox 1010 5289 1080 5343; x_wconf 91' lang='lat' dir='ltr'><strong>ad</strong></span> <span class='ocrx_word' id='word_1_900' title='bbox 1094 5291 1367 5345; x_wconf 88' lang='lat' dir='ltr'><strong>alterum:</strong></span> <span class='ocrx_word' id='word_1_901' title='bbox 1394 5290 1687 5344; x_wconf 88' lang='lat' dir='ltr'><strong>Faciamus</strong></span> <span class='ocrx_word' id='word_1_902' title='bbox 1717 5294 1774 5343; x_wconf 90' lang='lat' dir='ltr'><strong>et</strong></span> <span class='ocrx_word' id='word_1_903' title='bbox 1802 5306 1904 5343; x_wconf 91' lang='lat' dir='ltr'><strong>nos</strong></span> <span class='ocrx_word' id='word_1_904' title='bbox 1983 5288 2204 5354; x_wconf 89' lang='lat' dir='ltr'><strong>tientia,</strong></span> <span class='ocrx_word' id='word_1_905' title='bbox 2237 5294 2294 5342; x_wconf 90' lang='lat' dir='ltr'><strong>et</strong></span> <span class='ocrx_word' id='word_1_906' title='bbox 2319 5286 2559 5341; x_wconf 81' lang='lat' dir='ltr'><strong>maxime</strong></span> <span class='ocrx_word' id='word_1_907' title='bbox 2589 5285 2690 5340; x_wconf 90' lang='lat' dir='ltr'><strong>Dei</strong></span> <span class='ocrx_word' id='word_1_908' title='bbox 2719 5285 3011 5345; x_wconf 89' lang='lat' dir='ltr'><strong>auxilium.</strong></span> <span class='ocrx_word' id='word_1_909' title='bbox 3044 5288 3115 5343; x_wconf 91' lang='lat' dir='ltr'><strong>Et</strong></span> <span class='ocrx_word' id='word_1_910' title='bbox 3148 5287 3233 5344; x_wconf 87' lang='lat' dir='ltr'><strong>ita</strong></span> <span class='ocrx_word' id='word_1_911' title='bbox 3262 5305 3591 5363; x_wconf 82' lang='lat' dir='ltr'><strong>exsurgens,</strong></span> 
     </span>
    </p>
   </div>
   <div class='ocr_carea' id='block_1_78' title="bbox 293 5374 2877 5444">
    <p class='ocr_par' dir='ltr' id='par_1_78' title="bbox 293 5374 2877 5444">
     <span class='ocr_line' id='line_1_78' title="bbox 293 5374 2877 5444; baseline 0.001 -17"><span class='ocrx_word' id='word_1_912' title='bbox 293 5374 392 5427; x_wconf 87' lang='lat' dir='ltr'><strong>vel</strong></span> <span class='ocrx_word' id='word_1_913' title='bbox 417 5390 589 5429; x_wconf 90' lang='lat' dir='ltr'><strong>unam</strong></span> <span class='ocrx_word' id='word_1_914' title='bbox 620 5376 795 5444; x_wconf 90' lang='lat' dir='ltr'><strong>litem,</strong></span> <span class='ocrx_word' id='word_1_915' title='bbox 830 5378 974 5433; x_wconf 89' lang='lat' dir='ltr'><strong>sicut</strong></span> <span class='ocrx_word' id='word_1_916' title='bbox 1004 5384 1062 5433; x_wconf 92' lang='lat' dir='ltr'><strong>et</strong></span> <span class='ocrx_word' id='word_1_917' title='bbox 1089 5380 1185 5433; x_wconf 88' lang='lat' dir='ltr'><strong>alii</strong></span> <span class='ocrx_word' id='word_1_918' title='bbox 1228 5379 1504 5433; x_wconf 90' lang='lat' dir='ltr'><strong>homines.</strong></span> <span class='ocrx_word' id='word_1_919' title='bbox 1531 5379 1605 5433; x_wconf 83' lang='lat' dir='ltr'><strong>At</strong></span> <span class='ocrx_word' id='word_1_920' title='bbox 1644 5379 1737 5432; x_wconf 90' lang='lat' dir='ltr'><strong>ille</strong></span> <span class='ocrx_word' id='word_1_921' title='bbox 1761 5379 1905 5431; x_wconf 90' lang='lat' dir='ltr'><strong>alter</strong></span> <span class='ocrx_word' id='word_1_922' title='bbox 1986 5394 2248 5434; x_wconf 89' lang='lat' dir='ltr'><strong>reversus</strong></span> <span class='ocrx_word' id='word_1_923' title='bbox 2272 5380 2359 5430; x_wconf 92' lang='lat' dir='ltr'><strong>est</strong></span> <span class='ocrx_word' id='word_1_924' title='bbox 2386 5375 2457 5429; x_wconf 92' lang='lat' dir='ltr'><strong>ad</strong></span> <span class='ocrx_word' id='word_1_925' title='bbox 2479 5376 2662 5429; x_wconf 90' lang='lat' dir='ltr'><strong>locum</strong></span> <span class='ocrx_word' id='word_1_926' title='bbox 2691 5391 2877 5430; x_wconf 90' lang='lat' dir='ltr'><strong>suum.</strong></span> 
     </span>
    </p>
   </div>
   <div class='ocr_carea' id='block_1_79' title="bbox 295 5461 3594 5538">
    <p class='ocr_par' dir='ltr' id='par_1_79' title="bbox 295 5461 3594 5538">
     <span class='ocr_line' id='line_1_79' title="bbox 295 5461 3594 5538; baseline 0.002 -23"><span class='ocrx_word' id='word_1_927' title='bbox 295 5462 448 5516; x_wconf 85' lang='lat' dir='ltr'><strong>dixit</strong></span> <span class='ocrx_word' id='word_1_928' title='bbox 470 5463 521 5517; x_wconf 91' lang='lat' dir='ltr'><strong>ei</strong></span> <span class='ocrx_word' id='word_1_929' title='bbox 548 5481 560 5518; x_wconf 86' lang='lat'>:</span> <span class='ocrx_word' id='word_1_930' title='bbox 590 5465 789 5521; x_wconf 87' lang='lat' dir='ltr'><strong>Nescio</strong></span> <span class='ocrx_word' id='word_1_931' title='bbox 812 5468 1284 5538; x_wconf 88' lang='lat' dir='ltr'><strong>quemadmodum</strong></span> <span class='ocrx_word' id='word_1_932' title='bbox 1316 5469 1381 5521; x_wconf 88' lang='lat' dir='ltr'><strong>fit</strong></span> <span class='ocrx_word' id='word_1_933' title='bbox 1410 5466 1497 5520; x_wconf 91' lang='lat' dir='ltr'><strong>lis.</strong></span> <span class='ocrx_word' id='word_1_934' title='bbox 1518 5466 1669 5521; x_wconf 86' lang='lat' dir='ltr'><strong>Dixit</strong></span> <span class='ocrx_word' id='word_1_935' title='bbox 1699 5465 1751 5520; x_wconf 91' lang='lat' dir='ltr'><strong>ei</strong></span> <span class='ocrx_word' id='word_1_936' title='bbox 1772 5466 1897 5520; x_wconf 90' lang='lat' dir='ltr'><strong>ille:</strong></span> <span class='ocrx_word' id='word_1_937' title='bbox 2056 5465 2144 5522; x_wconf 83' lang='grc'><strong>99.</strong></span> <span class='ocrx_word' id='word_1_938' title='bbox 2180 5465 2384 5519; x_wconf 84' lang='lat' dir='ltr'><strong>Beatus</strong></span> <span class='ocrx_word' id='word_1_939' title='bbox 2422 5461 2699 5519; x_wconf 82' lang='lat' dir='ltr'><strong>Macarius</strong></span> <span class='ocrx_word' id='word_1_940' title='bbox 2739 5462 2809 5519; x_wconf 90' lang='lat' dir='ltr'><strong>de</strong></span> <span class='ocrx_word' id='word_1_941' title='bbox 2832 5465 3133 5538; x_wconf 87' lang='lat' dir='ltr'><strong>semetipso</strong></span> <span class='ocrx_word' id='word_1_942' title='bbox 3180 5465 3474 5535; x_wconf 83' lang='lat' dir='ltr'><strong>referebat,</strong></span> <span class='ocrx_word' id='word_1_943' title='bbox 3504 5463 3594 5523; x_wconf 83' lang='lat' dir='ltr'><strong>di-</strong></span> 
     </span>
    </p>
   </div>
   <div class='ocr_carea' id='block_1_80' title="bbox 381 5578 1898 5654">
    <p class='ocr_par' dir='ltr' id='par_1_80' title="bbox 381 5578 1898 5654">
     <span class='ocr_line' id='line_1_80' title="bbox 381 5578 1898 5654; baseline 0.002 -22"><span class='ocrx_word' id='word_1_944' title='bbox 381 5578 398 5611; x_wconf 86' lang='grc'>¹</span> <span class='ocrx_word' id='word_1_945' title='bbox 432 5579 497 5633; x_wconf 91' lang='lat' dir='ltr'><strong>In</strong></span> <span class='ocrx_word' id='word_1_946' title='bbox 525 5579 690 5634; x_wconf 86' lang='lat' dir='ltr'><strong>editis</strong></span> <span class='ocrx_word' id='word_1_947' title='bbox 724 5585 810 5636; x_wconf 86' lang='lat' dir='ltr'><strong>est</strong></span> <span class='ocrx_word' id='word_1_948' title='bbox 837 5581 927 5637; x_wconf 93' lang='lat' dir='ltr'><strong>hic</strong></span> <span class='ocrx_word' id='word_1_949' title='bbox 948 5588 1134 5639; x_wconf 83' lang='lat' dir='ltr'><strong>textus</strong></span> <span class='ocrx_word' id='word_1_950' title='bbox 1163 5582 1394 5653; x_wconf 85' lang='lat' dir='ltr'><strong>Pelagii,</strong></span> <span class='ocrx_word' id='word_1_951' title='bbox 1427 5582 1588 5654; x_wconf 88' lang='lat' dir='ltr'><strong>posui</strong></span> <span class='ocrx_word' id='word_1_952' title='bbox 1618 5588 1682 5637; x_wconf 91' lang='lat' dir='ltr'><strong>ut</strong></span> <span class='ocrx_word' id='word_1_953' title='bbox 1708 5579 1765 5636; x_wconf 89' lang='lat' dir='ltr'><strong>in</strong></span> <span class='ocrx_word' id='word_1_954' title='bbox 1796 5582 1898 5636; x_wconf 88' lang='lat' dir='ltr'><strong>Ms.</strong></span> 
     </span>
    </p>
   </div>
   <div class='ocr_carea' id='block_1_81' title="bbox 554 5677 3341 5740">
    <p class='ocr_par' dir='ltr' id='par_1_81' title="bbox 554 5677 3341 5740">
     <span class='ocr_line' id='line_1_81' title="bbox 554 5677 3341 5740; baseline 0 -4"><span class='ocrx_word' id='word_1_955' title='bbox 554 5677 820 5740; x_wconf 76' lang='lat' dir='ltr'><strong>PATBOL.</strong></span> <span class='ocrx_word' id='word_1_956' title='bbox 869 5680 1140 5740; x_wconf 68' lang='lat' dir='ltr'><strong>LXXIII.</strong></span> <span class='ocrx_word' id='word_1_957' title='bbox 3266 5677 3341 5738; x_wconf 75' lang='grc'><strong>25</strong></span> 
     </span>
    </p>
   </div>
  </div>
