3892 6182
475 233 578 292 779
1582 238 1676 294 DE
1712 237 1902 296 VITIS
1938 240 2239 299 PATRUM
2274 243 2490 318 LIBER
2527 246 2627 302 III.
3603 265 3694 326 780

470 378 652 458 cens:
673 361 820 458 Dum
855 375 1034 458 essem
1049 360 1292 432 juvenis,
1313 365 1371 458 et
1385 365 1577 458 tamen
1597 363 1830 458 in_eella
1859 366 2135 458 reside-A
2223 367 2345 424 10'2.
2399 369 2604 426 Abbati
2653 388 2875 444 quoque
2903 373 3083 447 Moysi
3112 377 3424 449 frequenter
3465 401 3696 458 apparue-

470 469 613 519 rem,
637 451 874 507 invitum
901 467 990 504 me
1017 456 1274 505 tenentes
1298 453 1561 508 clericum
1582 455 1986 510 ordinaverunt
2012 456 2069 510 in
2151 463 2286 512 runt
2319 459 2600 516 daemones
2642 463 3043 518 maledicentes
3077 465 3149 532 ei,
3181 484 3243 522 ac
3287 451 3515 529 dicentes
3531 451 3556 530 ἐ
3578 478 3698 534 Prse-

468 541 822 630 vico(Pelag.,
857 541 1025 630 libetl.
1049 553 1138 606 xv,
1162 541 1344 607 11.25).
1370 543 1509 598 Cum
1533 551 1723 599 autem
1748 546 1944 602 nolens
1957 545 2068 600 illic
2151 547 2372 602 valuisti
2403 549 2583 618 nobis,
2616 552 2854 624 Moyses,
2885 559 2943 608 et
2973 555 3110 609 nihil
3141 556 3239 610 tibi
3260 576 3534 630 possumus
3575 567 3694 624 face-

469 647 606 696 esse,
639 629 699 683 in
727 629 908 683 vicum
937 629 1178 684 alterum
1209 630 1548 700 effugissem.
1583 640 1640 688 et
1667 634 1895 706 quidam
1928 634 2066 689 mihi
2149 653 2228 704 re,
2255 638 2519 708 quoniam
2550 642 2770 712 quoties
2802 647 2856 697 te
2884 643 2939 697 in
2962 629 3400 716 desperationem
3439 653 3694 712 humiliare

466 718 749 774 secularis
776 718 1069 790 religiosus
1092 737 1261 790 opere
1287 738 1410 776 meo
1440 723 1664 778 vendito
1695 724 2060 792 ministraret,
2147 727 2420 795 volumus,
2452 731 2750 800 exaltaris;
2781 734 3007 804 quoties
3037 741 3225 791 autem
3255 741 3519 809 exaltaris,
3556 745 3625 799 ita
3649 753 3694 802 te

465 807 1021 904 contigitquamdam
1035 809 1306 880 virginem
1325 818 1544 904 persta,
1566 815 1910 904 rumiventris
1923 831 2064 869 onus
2147 815 2429 887 humilias,
2463 826 2524 875 ut
2550 822 2736 876 nullus
2769 822 2840 877 de
2886 824 3047 879 nobis
3075 829 3298 883 accedat
3324 831 3390 885 ad
3415 836 3467 886 te
3495 807 3692 904 (Pasch,

463 897 884 970 accipereQua:
905 899 1041 954 dum
1061 915 1096 953 a
1123 901 1452 971 parentibus
1473 919 1506 956 a
1535 919 1645 974 quo
1674 903 1873 959 fuisset
1918 922 2065 960 com-
2149 923 2194 961 c.
2225 908 2316 974 '11,
2349 925 2408 966 η.
2439 907 2516 977 4).

460 1004 658 1058 pressa
684 987 1008 1059 requiritur,
1049 988 1187 1043 dixit
1216 989 1312 1044 illa
1336 1009 1349 1043 :
1377 991 1733 1046 Anachoreta
1761 993 1854 1046 ille
1883 1000 2066 1048 vester
2225 995 2343 1054 103.
2379 999 2521 1054 Cum
2550 1000 2779 1072 quidam
2825 1002 3002 1058 frater
3056 1003 3312 1062 abbatem
3366 1009 3584 1066 Sisoium
3610 1013 3696 1070 fre-

461 1077 568 1131 hoc
598 1077 657 1131 in
687 1094 776 1132 me
803 1077 1020 1132 facinus
1037 1078 1397 1150 perpetravit.
1422 1081 1642 1151 Egressi
1656 1099 1784 1137 vero
1805 1089 2066 1154 parentes
2149 1091 2388 1156 quenter
2415 1089 2585 1144 talem
2615 1108 2930 1147 sermonem
2952 1095 3282 1166 requireret,
3315 1097 3494 1154 dicens
3527 1119 3538 1153 :
3571 1102 3692 1166 Quid

458 1167 1337 1262 puella},comprehendentesme
1358 1171 2058 1262 suspenderuntmeocollo
2141 1173 2361 1244 faciam,
2413 1178 2598 1247 Pater,
2633 1182 2897 1252 quoniam
2955 1184 3171 1239 cecidi?
3220 1189 3512 1258 respondit,
3543 1190 3693 1262 Surge

458 1273 592 1311 vasa
611 1257 822 1348 fictilia,
845 1264 902 1313 et
922 1275 1024 1330 per
1043 1258 1536 1329 singulassemitas
1565 1261 2059 1317 circumducebant
2145 1266 2376 1333 (Pasch.,
2406 1285 2450 1323 ο.
2482 1267 2573 1338 11,
2619 1287 2674 1325 n.
2712 1270 2788 1339 5).
2820 1273 2893 1326 At
2921 1273 3012 1327 ille
3063 1257 3364 1346 respondit,
3401 1257 3688 1348 Exsurrexi;

458 1363 548 1401 me
564 1347 713 1402 caede
733 1353 1062 1412 mactantes,
1079 1354 1249 1420 atque
1269 1348 1502 1421 insuper
1521 1349 1609 1405 his
1630 1351 1857 1405 vocibus
1877 1351 2058 1406 insul-
2140 1360 2198 1409 et
2225 1354 2431 1411 iterum
2457 1375 2518 1412 se
2539 1360 2804 1415 cecidisse
2831 1362 3116 1418 confessus
3156 1371 3253 1420 est.
3305 1366 3395 1420 Ait
3427 1384 3608 1423 senex:
3637 1347 3693 1425 Et

456 1441 672 1492 tantes:
696 1437 799 1492 Hic
817 1438 1123 1492 monachus
1156 1439 1282 1492 filia:
1305 1445 1509 1495 nostra;
1530 1440 1860 1496 vimintulit.
1888 1442 2054 1496 Cum-
2141 1443 2348 1500 iterum
2370 1464 2556 1519 surge.
2591 1449 2732 1504 Cum
2761 1456 2948 1506 autem
2981 1452 3158 1508 frater
3181 1454 3490 1526 frequenter
3515 1475 3568 1512 se
3589 1476 3694 1513 sur-

455 1543 564 1597 que
589 1543 678 1582 me
718 1543 897 1599 usque
926 1528 997 1582 ad
1029 1544 1221 1582 necem
1251 1527 1492 1584 fustibus
1529 1547 1672 1601 pene
1701 1530 2053 1597 multassent,
2140 1534 2350 1590 rexisse
2380 1543 2437 1591 et
2463 1537 2789 1609 frequenter
2830 1558 2888 1594 se
2940 1543 3206 1598 cecidisse
3236 1552 3496 1612 narraret,
3527 1547 3694 1602 eodem

454 1616 683 1688 quidam
713 1633 779 1671 ex
807 1617 1123 1672 senioribus
1151 1617 1293 1672 dixit
1314 1619 1385 1672 ad
1417 1635 1510 1673 eos
1537 1637 1548 1672 :
1575 1620 1878 1691 Usquequo
1909 1621 2058 1675 hunc
2139 1640 2396 1680 sermone
2427 1643 2593 1682 senex
2623 1628 2890 1684 utebatur
2917 1632 3266 1688 exclamans:
3290 1635 3410 1689 Non
3437 1653 3598 1690 cesses
3621 1655 3692 1691 ex-

450 1707 813 1778 peregrinum
837 1707 1174 1762 monachum
1195 1708 1348 1763 caede
1369 1709 1667 1763 mactatis?
1693 1711 1801 1764 Sed
1819 1716 1876 1764 et
1892 1693 2116 1764 mini-B
2133 1729 2382 1784 surgere,
2408 1716 2508 1771 ﬁli.
2548 1717 2651 1772 Cui
2679 1717 2854 1774 frater
2881 1720 2960 1774 ait
2985 1739 2996 1774 :
3031 1721 3330 1795 Usquequo
3359 1741 3566 1796 possum
3595 1743 3692 1780 sur-

449 1801 666 1850 strante
696 1796 836 1850 mihi
880 1803 1149 1868 sequente
1180 1802 1237 1852 et
1280 1797 1484 1852 rubore
1531 1797 1774 1870 perfuso,
1814 1799 2051 1870 injurias
2131 1819 2281 1874 gere,
2329 1805 2513 1872 Pater,
2573 1807 2809 1879 explana
2864 1810 3020 1865 Tunc
3071 1828 3239 1866 senex
3283 1814 3688 1885 aitzQuousque

447 1883 796 1956 irrogabant,
818 1885 1068 1940 dicentes
1091 1905 1102 1940 :
1130 1887 1267 1942 Ecce
1293 1887 1429 1959 quid
1458 1887 1590 1942 fecit
1615 1888 1703 1942 hic
1732 1905 1834 1960 pro
1859 1906 1969 1960 quo
1990 1895 2052 1944 tu
2135 1899 2234 1948 aut
2261 1894 2318 1948 in
2347 1894 2493 1950 bono
2511 1913 2698 1968 opere,
2727 1904 2826 1952 aut
2854 1899 2912 1954 in
2940 1901 3088 1954 malo
3119 1902 3491 1974 deprehensus
3508 1883 3688 1958 occum-

447 1975 834 2030 testimonium
855 1975 1232 2046 perbibebas?
1260 1983 1521 2048 parentes
1539 1984 1726 2032 autem
1754 1979 1952 2050 puellm
1971 1979 2053 2033 di-
2133 1981 2252 2036 bas.
2283 1983 2347 2038 In
2376 2001 2486 2056 quo
2517 1986 2668 2040 enim
2697 2004 2864 2060 opere
2880 1989 3046 2044 homo
3061 1990 3437 2064 deprehensus
3461 1993 3624 2059 fuerit,
3643 1992 3687 2047 in

445 2070 649 2120 xerunt
674 2064 877 2120 :Nulla
905 2065 1055 2120 hunc
1083 2065 1302 2120 ratione
1317 2067 1674 2133 dimittimus,
1691 2067 1800 2121 nisi
1823 2085 1923 2139 pro
1946 2068 2050 2122 ali-
2135 2088 2200 2126 eo
2224 2073 2590 2142 judicabitur.

443 2154 651 2210 mentis
671 2155 869 2226 puellae
897 2155 1228 2226 praestandis
1255 2155 1458 2226 aliquis
1482 2173 1582 2228 pro
1605 2156 1726 2228 ipso
1749 2157 2052 2212 satisdator
2209 2159 2328 2217 104.
2363 2163 2604 2228 Quidam
2633 2183 2802 2221 senex
2848 2167 3176 2223 tentabatur
3220 2185 3253 2223 a
3305 2169 3687 2240 cogitationibus

443 2243 758 2299 accesserit.
781 2244 942 2310 Quod
971 2245 1107 2300 dum
1141 2245 1487 2300 ministranti
1500 2245 1638 2300 mihi
1663 2252 1726 2300 ut
1747 2246 2052 2302 faceretin-
2129 2251 2378 2322 graviter
2403 2269 2504 2324 per
2530 2270 2706 2309 annos
2729 2255 2942 2322 decem,
2966 2255 3046 2310 ita
3067 2261 3133 2311 ut
3145 2258 3266 2328 jam
3301 2257 3688 2329 desperaret,di-

442 2333 1060 2406 nuissem,interposita
1084 2352 1174 2390 me
1194 2352 1298 2390 sua
1325 2335 1436 2390 ﬁde
1464 2335 1727 2407 suscepit.
1753 2337 1950 2407 Itaque
1966 2354 2050 2392 re-
2132 2357 2262 2396 cens
2296 2359 2307 2394 :
2334 2342 2563 2396 Perdidi
2585 2344 2706 2414 jam
2739 2344 2988 2398 animam
3019 2362 3240 2413 meam;
3274 2346 3368 2400 sed
3399 2347 3520 2418 quia
3545 2345 3686 2400 semel

439 2441 668 2494 gressus
683 2424 753 2480 ad
774 2424 1735 2496 cellulam,quantascunqueinveni
1752 2427 2049 2496 sportellas
2131 2429 2294 2501 perii,
2352 2435 2603 2486 revertar
2653 2431 2725 2486 ad
2772 2432 3036 2486 saeculum
3087 2434 3311 2502 (Pclag.,
3345 2437 3501 2488 libell.
3531 2448 3682 2496 vn,n.

441 2513 495 2567 ei
523 2513 966 2580 contribuebam,
993 2513 1194 2586 quibus
1222 2514 1484 2578 venditis,
1509 2514 1717 2569 victum
1748 2515 1888 2569 mihi
1911 2533 2046 2570 con-
2129 2514 2240 2584 4‘2).
2277 2516 2418 2570 Cum
2449 2523 2639 2572 autem
2669 2518 3138 2589 proﬁcisceretur,
3175 2519 3329 2574 venit
3351 2520 3419 2574 ad
3446 2537 3561 2574 eum
3581 2536 3678 2584 vox,

434 2603 670 2674 jugique
721 2621 860 2659 meae
917 2603 1284 2658 ministraret.
1315 2602 1581 2658 Dicebam
1611 2609 1801 2658 autem
1834 2622 1848 2658 :
1883 2605 2041 2672 Ecce,
2128 2603 2353 2659 dicens:
2388 2607 2592 2660 Decem
2623 2607 2756 2660 anni
2787 2607 2846 2661 in
2875 2607 3078 2678 quibus
3101 2615 3350 2664 certatus
3374 2627 3430 2664 es
3478 2610 3593 2676 (15),
3617 2624 3686 2662 σου

439 2693 669 2759 Macari,
711 2692 973 2748 invenisti
993 2693 1096 2748 tibi
1117 2709 1369 2760 uxorem,
1396 2709 1626 2748 necesse
1646 2698 1732 2748 est
1764 2709 1902 2764 ergo
1927 2711 2046 2748 am-
2126 2710 2279 2748 ronae
2305 2700 2416 2750 tuae
2439 2701 2624 2750 erunt.
2657 2697 2957 2751 Revertere
2999 2715 3131 2768 ergo
3167 2699 3224 2752 in
3248 2699 3426 2753 locum
3459 2703 3616 2763 tuum,
3639 2701 3680 2749 et

437 2782 587 2854 plius
603 2782 845 2854 Operari,
878 2789 943 2838 ut
956 2799 1083 2838 eam
1105 2783 1291 2838 valeas
1313 2783 1671 2838 enutrire.Et
1698 2788 1815 2838 tam
1843 2782 2042 2838 diebus
2126 2782 2198 2838 ab
2229 2785 2383 2839 omni
2431 2786 2584 2840 mala
2613 2787 2950 2857 cogitatione
3000 2787 3182 2842 libero
3214 2793 3289 2843 te.
3319 2790 3386 2844 Et
3413 2789 3582 2842 statim
3614 2803 3680 2840 re-

438 2888 609 2944 quam
637 2871 892 2928 noctibus
913 2871 1206 2945 operabar,
1229 2877 1296 2927 ut
1331 2873 1383 2927 ei
1409 2871 1659 2944 quotidie
1697 2871 1902 2927 victum
1935 2871 2040 2927 mi-
2121 2891 2368 2944 gressus,
2398 2875 2708 2946 permansit
2735 2877 2796 2930 in
2825 2875 3070 2948 incoepto
3101 2895 3292 2950 opere.
3323 2879 3442 2932 Non
3478 2883 3555 2931 est
3575 2891 3680 2945 ergo

434 2961 757 3018 nistrarem.
783 2962 893 3017 Sed
923 2962 1146 3034 quando
1176 2962 1396 3018 misera
1424 2967 1648 3034 tempus
1676 2961 2042 3034 pariendiad-
2121 2960 2330 3018 bonum
2361 2963 2661 3035 desperare
2687 2982 2747 3018 se
2787 2982 3131 3037 quemquam
3178 2973 3406 3040 propter
3441 2963 3680 3036 cogitatio-

434 3051 604 3118 venit,
637 3051 836 3107 diebus
864 3051 1123 3124 plurimis
1166 3068 1368 3124 parere
1397 3051 1648 3107 cruciata
1679 3068 1792 3107 non
1831 3052 2035 3123 potuit.
2063 3059 2240 3120 Caes.
2268 3053 2384 3106 Illa:
2416 3053 2568 3108 enim
2611 3054 2790 3125 magis
2842 3053 3002 3109 nobis
3045 3072 3284 3112 coronas
3327 3055 3606 3128 provident,
3639 3050 3675 3105 si

435 3143 590 3208 Quae,
623 3141 758 3214 quid
807 3141 1030 3197 fecisset
1065 3141 1357 3212 requisita,
1391 3141 1714 3214 respondit:
1739 3141 1882 3206 Quia
1908 3157 2040 3196 ana-
2120 3140 2338 3196 utiliter
2359 3159 2454 3196 eas
2481 3147 2890 3214 pertractantes
2918 3143 3334 3210 transierixnus.

435 3232 677 3290 choretae
705 3231 788 3286 illi
832 3248 1058 3287 causam
1093 3248 1207 3286 non
1238 3231 1469 3286 habenti
1513 3231 1726 3286 crimen
1774 3230 2035 3303 imposui.
2191 3230 2316 3286 105.
2336 3231 2591 3295 Quodam
2623 3236 2878 3304 tempore
2901 3232 3072 3288 abbas
3099 3235 3397 3297 Antonius,
3417 3233 3539 3288 dum
3564 3229 3670 3285 resi-

432 3321 582 3378 Nam
612 3338 704 3376 me
727 3321 1174 3392 juvenisvicinus
1189 3326 1384 3376 noster
1401 3321 1497 3376 ille
1511 3320 1860 3393 compressit.
1876 3319 2036 3385 Quod
2120 3318 2280 3374 deret
2309 3319 2367 3374 in
2415 3337 2624 3386 eremo,
2661 3321 2864 3392 spiritu
2894 3327 3151 3378 tentatus
3188 3323 3410 3390 acediae,
3433 3319 3674 3394 cogitatio-

432 3428 564 3468 cum
591 3411 685 3466 ille
715 3410 812 3482 qui
837 3409 979 3465 mihi
1006 3409 1384 3477 ministrabat,
1418 3410 1686 3478 audisset,
1716 3409 1924 3482 gaudio
1946 3427 2036 3464 re-
2120 3407 2398 3481 nibusque
2418 3409 2652 3465 diversis
2673 3409 3014 3482 implicatus,
3030 3411 3257 3468 dicebat
3281 3413 3350 3467 ad
3379 3412 3572 3466 Deum:
3593 3409 3675 3462 Do-

434 3501 622 3572 pletus
650 3500 892 3566 advenit,
920 3499 1200 3555 infelicem
1227 3500 1384 3554 illam
1416 3500 1682 3572 puellam,
1706 3499 2038 3571 priusquam
2120 3498 2293 3565 mine,
2327 3499 2526 3554 salvari
2559 3499 2836 3568 desidero,
2868 3500 2968 3556 sed
2997 3501 3370 3572 cogitationes
3397 3498 3546 3554 variae
3584 3510 3672 3550 non

432 3591 724 3658 fateretur,
757 3589 907 3662 quod
934 3589 1038 3644 tibi
1083 3588 1424 3644 calumniam
1455 3589 1665 3644 frustra
1691 3593 1886 3655 5|6
1911 3605 2040 3644 con-
2121 3604 2213 3642 me
2241 3587 2811 3660 permittunt(Pelag.,
2837 3591 3006 3645 libell.
3031 3605 3128 3654 vn,
3164 3607 3223 3645 η.
3263 3592 3328 3660 1).
3348 3588 3484 3653 Quid
3511 3585 3672 3641 faciam

432 3680 631 3745 texuit,
662 3696 862 3751 parere
886 3679 1210 3733 nullatenus
1239 3678 1489 3749 potuisse
1517 3677 1844 3744 vociferans,
1862 3678 1961 3732 sed
1980 3684 2037 3732 et
2117 3676 2177 3731 in
2201 3676 2564 3732 tribulatione
2593 3695 2738 3739 mea.
2770 3677 2855 3733 vel
2913 3679 3198 3751 quomodo
3237 3677 3434 3734 salvari
3476 3675 3668 3738 valeam,

435 3785 632 3824 omnes
663 3767 870 3823 vicinos
889 3766 1098 3830 venire,
1125 3772 1184 3821 et
1209 3771 1266 3820 te
1295 3766 1581 3822 commissi
1611 3766 1830 3822 veniam
1848 3773 2038 3839 postu-
2117 3764 2418 3836 dignanter
2445 3767 2693 3821 ostende.
2715 3767 2784 3820 Et
2800 3771 2927 3838 post
2941 3767 3237 3838 paululum
3260 3783 3500 3837 surgens,
3516 3777 3671 3836 quem-

433 3857 574 3912 lare.
606 3856 740 3922 Quae
761 3873 896 3927 ergo
919 3871 1279 3926 cognoscens,
1307 3872 1379 3911 ne
1408 3873 1498 3911 me
1548 3862 1606 3910 et
1641 3855 1751 3928 ipsi
1779 3856 2036 3912 homines
2117 3855 2248 3910 dam
2276 3854 2380 3910 sibi
2393 3855 2635 3911 similem
2660 3855 3017 3928 conspicatur
3035 3857 3668 3926 sedentem,torquentem

433 3946 820 4012 molestarent,
843 3944 1081 4000 festinus
1105 3943 1408 4001 abscedens
1441 3945 1501 4000 in
1529 3945 1680 4000 hunc
1701 3945 1887 4001 locum
1913 3963 2038 4018 per-
2115 3943 2446 4013 funiculum,
2471 3951 2528 4001 et
2539 3951 2864 4017 surgentem
2899 3963 2966 4000 ex
2984 3963 3176 4018 opere,
3202 3952 3260 4002 et
3279 3950 3537 4001 orantem.
3563 3941 3668 3995 Erat

433 4035 590 4104 veni;
624 4039 682 4090 et
706 4035 822 4090 haec
851 4039 939 4090 est
959 4051 1131 4090 causa
1157 4035 1270 4107 mei
1299 4034 1362 4107 in
1392 4034 1516 4090 istis
1556 4035 1692 4090 locis
1739 4035 2032 4092 adventus.
2117 4040 2309 4089 autem
2328 4035 2562 4107 angelus
2581 4034 2652 4090 ad
2663 4034 3119 4091 emendationem
3141 4035 3370 4092 Antonii
3383 4033 3664 4092 destinatus,

510 4098 631 4182 100.
651 4124 890 4190 Quidam
905 4098 1380 4196 fraterreq‘iiisivit
1411 4123 1672 4180 abbatem
1685 4125 2028 4194 Pmmenem,
2117 4140 2152 4178 a
2180 4141 2291 4195 quo
2320 4098 2492 4180 etiam
2520 4124 2670 4180 hunc
2700 4140 3017 4179 sermonem
3049 4125 3270 4180 audivit
3305 4143 3316 4178 :
3347 4125 3416 4180 Et
3437 4129 3496 4177 tu
3520 4121 3588 4175 ita
3607 4115 3668 4170 fa-

434 4215 627 4272 dicens
658 4232 672 4268 :
706 4213 854 4280 Quid
897 4213 1118 4280 faciam,
1152 4215 1339 4281 Pater,
1365 4214 1631 4286 quoniam
1660 4214 1965 4271 conturbor
1999 4232 2036 4270 a
2116 4213 2287 4281 ciens,
2325 4214 2556 4282 Antoni,
2591 4212 2912 4269 salvaberis.
2935 4214 3010 4268 At
3031 4213 3129 4269 ille
3151 4229 3372 4270 summo
3395 4208 3578 4284 gaudio
3597 4219 3667 4260 cn-

431 4303 700 4361 tristitia?
727 4303 878 4360 Dixit
903 4303 955 4358 ei
984 4320 1188 4360 senex:
1219 4303 1516 4359 Neminem
1548 4320 1649 4376 pro
1677 4303 1852 4360 nihilo
1890 4304 2037 4377 aspi-
2117 4304 2384 4372 mulatus,
2410 4309 2638 4377 accepta
2663 4301 3004 4359 confidentia
3031 4303 3284 4359 salvatus
3311 4307 3412 4358 est.
3787 4313 3791 4377 ιι

431 4396 563 4461 cias,
581 4394 796 4450 nullum
827 4393 1183 4460 condemnes,
1202 4393 1343 4449 nulli
1363 4371 1646 4462 detrahas,
1663 4399 1722 4449 et
1749 4393 1904 4449 dabit
1929 4371 2096 4450 tibiD
2188 4389 2307 4447 106.
2361 4371 2601 4458 Quidam
2653 4392 2828 4447 frater
2880 4390 3178 4466 requisivit
3222 4405 3428 4455 senem,
3469 4386 3661 4440 dicens:
3783 4371 3789 4475 J'

430 4484 704 4540 Dominus
749 4481 1002 4553 requiem
1043 4483 1281 4552 (Pasch.,
1314 4498 1360 4536 c.
1395 4479 1482 4546 39,
1517 4499 1576 4536 η.
1611 4484 1646 4538 2
1673 4499 1687 4550 ;
1719 4483 1926 4552 Pelag.,
1957 4485 2030 4538 ιε’·
2114 4479 2259 4544 Quid
2287 4480 2507 4544 faciam,
2532 4482 2718 4547 Pater,
2752 4480 3019 4553 quoniam
3043 4481 3204 4536 nulla
3233 4496 3400 4552 opera
3425 4475 3550 4532 facio
3575 4485 3666 4526 mo-

431 4487 704 4540 Dominus
749 4487 1002 4553 requiem
1043 4487 1281 4552 (Pasch.,
1314 4498 1360 4536 c.
1395 4487 1482 4546 39,
1517 4499 1576 4536 η.
1611 4487 1646 4538 2
1673 4499 1687 4550 ;
1719 4487 1926 4552 Pelag.,
1957 4487 2030 4538 ιε’·
2114 4487 2259 4544 Quid
2287 4487 2507 4544 faciam,
2532 4487 2718 4547 Pater,
2752 4487 3019 4553 quoniam
3043 4487 3204 4536 nulla
3233 4496 3400 4552 opera
3425 4487 3550 4532 facio
3575 4487 3666 4526 mo-

431 4576 554 4630 bell.
587 4588 662 4638 Ix,
697 4589 754 4628 η.
779 4572 854 4639 8;
875 4572 1120 4641 Append.
1148 4572 1341 4638 Mart,
1367 4587 1424 4626 η.
1457 4570 1566 4637 39).
2112 4571 2484 4636 nachi,sedin
2503 4569 2849 4642 negligentia
2873 4569 3216 4625 constitutus
3233 4558 3659 4671 comedo,etbilf,
3779 4487 3785 4671 ί

501 4661 625 4720 101.
657 4660 890 4718 Dicebat
941 4659 1116 4715 abbas
1169 4660 1399 4715 Poemen
1457 4660 1528 4715 de
1560 4658 1762 4714 abbate
1789 4659 2025 4727 Isidem,
2113 4667 2171 4716 et
2192 4661 2430 4729 dormio,
2463 4666 2520 4716 et
2541 4659 2612 4714 de
2630 4659 2773 4714 hora
2799 4658 2860 4714 in
2890 4659 3091 4714 horam
3111 4655 3490 4730 transgredior
3511 4651 3569 4706 de
3591 4661 3658 4701 00-
3777 4693 3779 4737 Ι

429 4751 562 4824 quia
597 4751 750 4806 solus
779 4749 898 4822 ipse
944 4765 1006 4803 se
1033 4747 1387 4820 cognovisset
1413 4749 1643 4818 (Pasch,
1667 4765 1712 4803 c.
1741 4746 1822 4814 1'1,
1854 4763 1914 4802 η.
1945 4745 2024 4820 3).
2109 4749 2383 4822 gitatione
2409 4750 2469 4804 in
2491 4747 2909 4822 cogitationem,
2927 4753 2984 4803 et
3015 4754 3320 4820 propterea
3345 4738 3659 4800 contristent
3771 4745 3777 4869 (

429 4841 569 4869 λη...
597 4840 814 4869 “mu-..
842 4838 919 4869 :n:
943 4837 1316 4869 -..ηςιηιιηαηη
1347 4836 1594 4869 mni...“
1624 4836 1762 4869 ηυξ..
1786 4853 2024 4869 manu...
2109 4839 2304 4869 A..n..:..
2358 4839 2458 4869 ρης
2494 4855 2661 4869 mm..-
2684 4837 2762 4869 ..ει
2799 4855 2810 4868 .
2844 4837 2925 4869 σιτ..
2961 4837 3095 4869 ωλι.
3139 4836 3196 4869 ς...
3233 4834 3366 4869 Mn.
3398 4831 3484 4869 hic
3530 4822 3658 4869 ρίτης

427 4822 573 4897 Nam
595 4840 816 4914 quoties
842 4838 924 4895 illi
942 4837 1206 4910 cogitatio
1217 4853 1322 4933 sua
1347 4836 1594 4893 dicebat:
1624 4836 1767 4902 Quia
1786 4853 2026 4933 magnus
2107 4839 2324 4895 deﬁcio.
2358 4839 2462 4895 Cui
2493 4855 2664 4894 senex
2684 4837 2766 4892 ait
2799 4837 2935 4933 ε-Το
2961 4837 3096 4892 sede
3139 4836 3201 4892 in
3233 4834 3371 4933 cella
3398 4831 3578 4933 tuane}
3594 4822 3658 4923 ἷξε

427 4945 524 4998 es;
551 4912 688 4986 tunc
705 4936 764 4985 et
797 4930 918 5002 ipse
942 4925 1320 5000 respondebat
1363 4927 1435 4982 ad
1471 4944 1562 4984 se:
1595 4925 1864 4998 Nunquid
1893 4926 2025 4982 talis
2107 4929 2256 5000 quod
2285 4933 2444 5002 potes
2474 4928 2597 4984 sine
2625 4925 3048 5000 perturbatione
3080 4925 3282 4992 animi,
3309 4927 3365 4979 et
3406 4916 3592 4977 conﬁde
3613 4912 3656 4965 in
3769 4959 3771 4999 Ι

425 5035 553 5074 sum
581 5019 763 5091 qualis
781 5019 1079 5086 Antonius,
1093 5022 1196 5074 aut
1220 5022 1371 5073 certe
1390 5016 1562 5074 abbas
1580 5015 1812 5084 Pambo,
1833 5015 1918 5072 vel
1935 5032 2023 5071 re-
2102 5017 2303 5086 Deum,
2336 5018 2469 5091 quia
2499 5017 2594 5090 qui
2631 5016 2792 5072 sedet
2837 5015 2898 5070 in
2943 5014 3090 5070 cella
3117 5031 3225 5071 sua
3251 5015 3470 5087 propter
3493 5005 3651 5066 Dem,
3765 5011 3769 5091 il

424 5107 565 5180 liqui
584 5081 792 5180 patres,
820 5108 916 5179 qui
943 5081 1457 5178 Deo'placuerunt?
1481 5107 1716 5172 Quoties
1737 5081 1872 5177 ergo
1902 5105 2021 5162 haec
2101 5081 2420 5164 invenietur
2447 5081 2658 5162 in-loco
2678 5105 2776 5161 illo
2814 5103 2912 5160 ubi
2949 5108 3036 5159 est
3065 5081 3527 5159 abbas-Antonius
3553 5093 3643 5161 (1³⁸·
3759 5081 3767 5328 Ι

424 5196 724 5270 cogitabat,
742 5195 1140 5268 requiescebat.
1157 5196 1392 5261 Quando
1408 5212 1536 5252 vero
1557 5196 1777 5252 daemon
1795 5199 2022 5250 contur-
2103 5200 2238 5266 lag.,
2272 5199 2441 5252 libell.
2470 5212 2565 5263 vn,
2597 5211 2654 5250 η.
2679 5193 2793 5264 34).

424 5286 560 5328 hanc
600 5301 730 5328 num
789 5283 1125 5328 nnaonrnhnt
1151 5285 1199 5328 ei
1227 5285 1672 5328 dennnmtinnnm
1715 5289 1773 5328 et
1796 5299 2009 5328 umnam
2176 5283 2293 5328 107.
2326 5285 2476 5328 Alter
2494 5285 2670 5328 frnfpr
2689 5281 2982 5328 rennisivit
3011 5280 3278 5328 abbatem
3308 5273 3571 5328 Achillam.
3589 5261 3651 5319 δί’

421 5196 724 5270 cogitabat,
742 5195 1140 5268 requiescebat.
1157 5196 1392 5261 Quando
1408 5212 1536 5252 vero
1557 5196 1777 5252 daemon
1795 5199 2022 5250 contur-
2103 5200 2238 5266 lag.,
2272 5199 2441 5252 libell.
2470 5212 2565 5263 vn,
2597 5211 2654 5250 η.
2679 5193 2793 5264 34).

420 5261 560 5342 bans
600 5261 734 5341 eum
789 5261 1126 5355 suggerebat
1151 5285 1204 5339 ei
1227 5285 1676 5357 desperationem
1715 5289 1774 5340 et
1796 5299 2011 5357 pinnas,
2160 5261 2296 5343 '107.
2319 5285 2476 5340 Alter
2494 5261 2670 5340 frater
2689 5261 2982 5356 requisivit
3011 5280 3280 5336 abbatem
3307 5261 3651 5361 Achillam._di:

419 5377 612 5433 dicens
636 5393 648 5428 :
679 5372 955 5438 Quoniam
993 5380 1119 5444 post
1146 5373 1264 5429 haec
1291 5355 1482 5430 omnia
1509 5374 1694 5430 iturus
1723 5391 1784 5429 es
1798 5355 1873 5428 “in
1901 5377 2014 5429 tor-
2096 5391 2260 5431 cens:
2285 5376 2399 5430 Cur
2426 5375 2624 5430 sedens
2645 5373 2703 5428 in
2747 5355 2887 5428 cella
2914 5388 3040 5427 mea
3062 5371 3254 5444 patior
3280 5359 3545 5424 acediam?
3567 5355 3646 5408 Cui
3755 5359 3759 5457 ll

417 5471 630 5531 menta,
661 5461 883 5518 dicebat
908 5461 1116 5516 iterum
1143 5461 1262 5533 ipse
1290 5478 1306 5518 :
1349 5463 1494 5528 Quia
1524 5463 1783 5536 quamvis
1812 5478 1916 5535 ego
1947 5463 2009 5518 in
2091 5480 2260 5521 senex
2287 5465 2369 5520 ait
2394 5481 2406 5518 :
2441 5463 2588 5529 Quia
2613 5461 2852 5518 necdum
2881 5459 3069 5516 vidisti
3088 5458 3362 5531 requiem,
3400 5451 3646 5542 ἓιξηίιιιιξω
3750 5469 3755 5542 ιι

409 5525 695 5610 tormenta
722 5551 937 5616 mittar,
967 5525 1282 5605 tamen-vos
1302 5525 1500 5607 subtus
1526 5525 1618 5608 me
1647 5525 1890 5608 invenis.
2089 5567 2400 5626 speramus,
2431 5525 2613 5626 neque
2640 5555 2927 5608 tormenta
2968 5563 3093 5622 qum
3135 5525 3418 5604 timemus.
3449 5537 3502 5593 Si
3523 5530 3641 5590 enim
3739 5597 3751 5982 ί
