3966 6184
479 296 581 375 787

1605 301 1698 356 DE
1734 300 1924 356 VITIS
1959 299 2258 356 PATRUM
2293 299 2508 356 LIBER
2543 299 2642 354 III.

3593 301 3674 361 788

479 429 537 479 et
552 425 688 479 vidit
704 424 815 478 illic
834 423 1063 477 fratrem
1082 423 1480 494 negligentem,
1505 422 2064 492 etiratusjussiteum
2086 426 2136 484 Α
2155 425 2344 477 autem
2373 419 2660 492 respondit
2678 420 2750 482 ei,
2782 420 2971 476 dicens
2995 437 3006 474 :
3041 411 3187 486 Quia
3203 420 3292 476 isti
3318 420 3408 476 alii
3421 437 3587 479 omnes
3600 425 3677 481 ba-

481 514 679 585 expelli
707 514 776 567 de
804 511 1072 566 cmnobio.
1105 513 1246 566 Cum
1270 529 1401 581 ergo
1423 512 1788 582 egrederetur
1816 513 1885 566 ad
1917 513 2072 566 habi-

479 603 727 657 taculum
759 617 942 665 suum,
973 600 1128 654 venit
1151 603 1386 672 angelus
1409 601 1651 668 Domini,
1677 606 1732 655 et
1759 601 1915 656 stetit
1941 607 2072 656 ante

480 685 686 740 ostium
708 685 919 738 cellulae
940 685 1082 754 ejus,
1116 685 1305 740 dicens
1331 704 1342 739 :
1377 687 1500 740 Non
1532 691 1586 739 te
1615 686 1937 756 permittam
1991 685 2074 740 in-

475 774 656 845 gredi.
687 773 872 828 Atille
892 773 1126 842 rogabat
1154 779 1220 828 ut
1247 775 1369 844 ejus
1406 775 1572 845 culpa
1595 775 2070 829 manifestaretur.

479 862 550 916 Et
573 861 863 932 respondit
891 862 1147 930 angelus,
1177 866 1234 916 et
1251 861 1416 916 dixit:
1451 862 1600 916 Deus
1620 861 1934 916 transmisit
1960 879 2068 928 me,

477 950 698 1006 dicens:
731 949 904 1016 Vade,
937 955 996 1004 et
1015 949 1105 1004 dic
1128 951 1286 1004 Isaac
1309 969 1320 1004 :
1347 950 1454 1004 Ubi
1477 949 1642 1019 jubes
1671 956 1736 1004 ut
1778 951 2070 1006 mittamus

475 1039 638 1097 illum
664 1039 898 1093 fratrem
926 1039 1022 1110 qui
1051 1038 1341 1110 peccavit?
1369 1040 1444 1092 At
1472 1039 1565 1092 ille
1593 1055 1720 1092 mox
1748 1039 1862 1108 egit
1891 1040 2070 1110 poeni-

474 1129 731 1194 tentiam,
765 1128 993 1184 dicens:
1026 1128 1274 1194 Peccavi,
1295 1128 1549 1194 Domine,
1574 1129 1804 1194 indulge
1834 1129 2076 1184 mihi.Et

475 1216 616 1271 dixit
641 1217 722 1271 illi
752 1217 1011 1286 angelus:
1048 1217 1314 1286 Exsurge,
1348 1217 1603 1286 indulget
1628 1215 1728 1270 tibi
1751 1217 1917 1270 Deus.
1965 1217 2075 1271 Sed

475 1322 547 1360 ne
568 1305 773 1360 iterum
798 1306 903 1360 hoc
929 1305 1118 1371 facias,
1153 1311 1215 1360 ut
1263 1322 1652 1376 quemcunque
1711 1306 2068 1370 condemnes,

475 1401 778 1466 antequam
797 1395 947 1448 Deus
960 1394 1117 1448 illum
1127 1394 1360 1464 judicet.
1374 1394 1912 1448 Tulerunthomines
1925 1395 2074 1464 judi-

475 1484 642 1550 cium,
672 1489 729 1538 et
753 1500 866 1537 non
897 1483 1033 1538 mihi
1061 1484 1202 1538 illud
1232 1483 1584 1554 permittunt,
1614 1483 1750 1537 dicit
1774 1484 2066 1538 Dominus:

471 1573 578 1628 hoc
605 1576 794 1628 autem
813 1572 1026 1626 dictum
1053 1577 1156 1638 est,
1189 1572 1321 1643 quia
1341 1572 1389 1625 si
1413 1572 1792 1642 contigeritde
1820 1572 1930 1626 illis
1952 1589 2073 1644 per-

470 1662 630 1716 fectis
650 1661 897 1733 aliquem
921 1661 1008 1716 vel
1037 1661 1096 1716 in
1125 1678 1296 1732 parvo
1327 1677 1576 1731 peccare,
1592 1678 1717 1716 mox
1741 1662 2032 1732 prodatur.

2153 511 2288 566 bent
2315 512 2564 582 aliquam
2592 510 2843 582 requiem
2857 511 3233 582 adimplendo,
3255 511 3680 582 quamvisinbonis

2155 600 2435 673 operibus,
2457 601 2770 654 voluntates
2781 617 2912 655 suas
2927 619 2940 666 ;
2959 599 3225 655 obediens
3236 607 3432 668 autem,
3447 604 3682 673 prepriam

2153 691 2499 744 voluntatem
2529 690 2872 760 relinquens,
2903 689 3113 760 pendet
3157 689 3216 743 in
3243 689 3411 760 patris
3446 691 3682 748 voluntate

2151 779 2421 850 jubentis,
2451 785 2508 834 et
2535 779 2660 833 ideo
2685 781 2958 850 majorem
2985 795 3100 850 prae
3142 779 3351 834 caeteris
3380 779 3591 850 gloriam
3621 788 3685 837 est

2154 869 2404 922 sortitus.

2222 955 2348 1013 142.
2381 956 2620 1021 Quidam
2646 973 2815 1011 senex
2842 956 3014 1012 dixit:
3061 955 3206 1021 Quia
3233 956 3281 1010 si
3304 956 3422 1028 quis
3447 957 3586 1012 fratri
3610 977 3686 1014 suo

2155 1047 2232 1116 inj
2241 1046 2464 1100 unxerit
2473 1062 2699 1100 causam
2711 1063 2838 1100 cum
2860 1045 3062 1100 timore
3073 1046 3256 1111 Dei,et
3264 1063 3328 1100 cu
3335 1033 3686 1105 m'humilitate.

2157 1151 2340 1189 sermo
2370 1135 2483 1200 ille,
2515 1135 2610 1205 qui
2638 1140 2868 1205 propter
2893 1135 3073 1188 Deum
3115 1134 3412 1204 egreditur,
3454 1137 3692 1207 compellit

2155 1224 2384 1278 fratrem
2415 1223 2660 1288 obedire,
2715 1227 2772 1276 et
2800 1223 2980 1277 facere
3021 1223 3170 1294 quod
3209 1223 3508 1294 injunctum
3538 1230 3611 1278 est
3649 1226 3690 1280 ei

2153 1313 2386 1386 (Pelag.,
2412 1314 2578 1367 (ibe-ll.
2611 1329 2698 1376 xv,
2738 1328 2794 1367 η.
2833 1313 2940 1381 75).
2975 1313 3034 1367 Si
3065 1317 3253 1367 autem
3277 1313 3466 1392 jubere
3493 1314 3600 1385 quis
3621 1332 3692 1369 cu-

2155 1401 2334 1471 piens,
2350 1417 2464 1454 non
2477 1401 2784 1455 secundum
2805 1399 3064 1455 timorem
3078 1401 3200 1466 Dei,
3215 1402 3311 1455 sed
3324 1418 3387 1455 ex
3407 1402 3690 1456 auctoritate

2155 1495 2212 1544 et
2239 1489 2466 1562 propria
2495 1489 2779 1544 voluntate
2807 1489 2968 1544 fratri
2988 1489 3517 1562 volueritimperare,
3547 1492 3693 1562 quivi-

2153 1579 2250 1634 det
2275 1579 2545 1634 absconsa
2565 1579 2766 1643 cordis,
2793 1579 3090 1642 nonillum
3121 1580 3397 1650 permittit
3419 1587 3478 1634 ut
3517 1581 3690 1645 audiat,

2152 1684 2226 1723 ne
2254 1667 2423 1723 faciat
2450 1668 2596 1738 quod
2627 1668 2707 1722 illi
2729 1675 3068 1739 praeceptum
3097 1674 3202 1733 est,
3235 1669 3366 1739 quia
3385 1669 3692 1724 manifestum

547 1749 664 1808 138.
699 1750 952 1821 Contigit
979 1749 1140 1804 fratri
1169 1749 1394 1804 cuidam
1423 1751 1587 1820 culpa
1616 1750 1674 1803 in
1702 1750 1979 1804 coenobio:
2013 1755 2072 1805 et
2090 1760 2237 1820 Best
2263 1775 2404 1828 opus
2417 1757 2700 1827 Dei,quod
2715 1759 2778 1811 ﬁt
2805 1763 3036 1829 propter
3062 1754 3611 1824 Deum,etmanifesta
3631 1765 3696 1813 est

468 1841 604 1895 dum
624 1839 884 1894 aceeteris
897 1839 1305 1910 increparetur,
1321 1839 1391 1892 ad
1406 1838 1663 1892 abbatem
1678 1839 1961 1910 profectus
1982 1844 2070 1894 est

466 1928 794 1984 Antonium.
813 1929 882 1982 Et
899 1927 1139 1982 assecuti
1164 1933 1296 1981 sunt
1317 1945 1446 1981 eum
1465 1927 1667 1981 fratres
1681 1929 1926 1982 volentes
1939 1945 2068 1982 eum

466 2017 752 2083 reducere,
773 2022 1172 2088 cqeperuntque
1201 2016 1252 2070 ei
1267 2017 1458 2088 culpas
1475 2016 1798 2088 exprobare.
1828 2019 1926 2072 Ille
1937 2035 2068 2073 vero

465 2109 660 2164 fecisse
695 2110 914 2180 culpam
927 2107 1258 2177 denegabat.
1275 2109 1539 2162 Inventus
1561 2115 1646 2162 est
1664 2109 1739 2162 ibi
1757 2109 1930 2163 abbas
1950 2110 2066 2164 Pa-

462 2197 754 2268 phnutius,
779 2197 868 2252 cui
888 2213 1196 2268 cognomen
1218 2203 1341 2250 erat
1357 2198 1651 2268 Cephalas,
1678 2197 1774 2268 qui
1787 2198 1956 2252 talem
1981 2214 2065 2252 re-

462 2287 597 2342 tulit
612 2287 670 2340 in
683 2283 1114 2356 congregatione
1130 2284 1369 2338 fratrum
1381 2284 1692 2339 inauditam
1713 2285 2056 2355 parabolaxn:

462 2376 612 2439 Vidi,
641 2375 844 2445 inquit,
876 2373 936 2428 in
960 2373 1084 2444 ripa
1110 2374 1364 2428 ﬂuminis
1383 2374 1669 2428 hominem
1691 2376 2062 2445 usqueadge-

461 2481 577 2520 nua
603 2465 661 2518 in
685 2463 820 2518 limo
850 2463 1170 2518 demersum
1197 2480 1208 2514 :
1235 2462 1522 2516 venientes
1550 2468 1740 2529 autem
1762 2465 1987 2533 quidam
2002 2471 2065 2520 ut

464 2571 595 2610 eum
621 2558 878 2624 porrecta
901 2568 1075 2606 manu
1110 2552 1487 2618 extraherent,
1535 2568 1713 2622 usque
1755 2553 1827 2606 ad
1858 2554 2064 2609 collum

461 2642 1052 2702 demerserunt‘Tunc
1077 2639 1276 2694 beatus
1302 2639 1578 2694 Antonius
1624 2641 1693 2694 de
1739 2641 1903 2696 beato
1957 2643 2064 2696 Pa-

460 2731 700 2806 phnutio
719 2731 827 2786 ait:
851 2731 990 2785 Ecce
1002 2729 1173 2783 homo
1195 2729 1290 2800 qui
1311 2743 1374 2784 ex
1387 2729 1620 2783 veritate
1641 2734 1826 2800 potest
1846 2731 2064 2786 animas

461 2821 699 2878 salvare.
725 2820 846 2884 Quo
874 2818 1077 2872 fratres
1105 2817 1257 2871 illius
1287 2833 1546 2872 sermone
1561 2819 1878 2890 compuncti
1899 2836 2066 2889 agen-

464 2913 550 2964 tes
578 2908 992 2981 pcenitentiam,
1022 2923 1150 2962 eum
1179 2906 1275 2978 qui
1299 2906 1633 2961 discesserat
1650 2907 1722 2960 ad
1747 2909 2064 2962 cmnobium

463 3000 882 3052 revocaverunt.

2151 1845 2394 1901 hominis
2419 1845 2724 1900 auctoritas
2753 1863 2875 1916 quae
2904 1863 3004 1918 per
3041 1845 3376 1916 jactantiam
3429 1847 3694 1902 ordinatur.

2151 1935 2508 2006 Qumcunque
2539 1935 2690 1990 enim
2719 1951 2787 1990 ex
2808 1937 2924 1989 Deo
2942 1941 3093 2002 sunt,
3127 1953 3162 1990 a
3185 1935 3698 2008 principiohumilita-

2150 2029 2266 2080 tem
2294 2024 2531 2092 habent;
2553 2041 2676 2096 quae
2697 2033 2888 2080 autem
2919 2041 2984 2078 ex
2995 2025 3332 2080 auctoritate
3355 2031 3410 2080 et
3433 2025 3694 2090 iracundia,

2150 2115 2236 2168 vel
2261 2113 2705 2179 conturbatione,
2734 2130 2801 2168 ex
2825 2113 3050 2168 inimico
3079 2120 3234 2169 sunt.

2223 2201 2340 2258 143.
2371 2201 2557 2257 Abbas
2581 2203 2839 2257 Silvanus
2859 2202 3107 2257 habebat
3134 2202 3490 2274 discipulum,
3513 2202 3696 2256 nomine

2145 2293 2414 2358 Marcum,
2448 2292 2609 2361 cujus
2639 2290 2954 2346 obedientia
2973 2297 3097 2346 erat
3122 2308 3349 2362 magna,
3379 2298 3434 2346 et
3444 2299 3694 2363 prapterea

2145 2381 2334 2434 senior
2355 2379 2623 2451 diligebat
2642 2396 2771 2435 eum
2795 2381 3016 2449 (Pelag.,
3038 2383 3205 2435 lich.
3228 2395 3346 2446 xw,
3370 2397 3424 2434 η.
3449 2380 3520 2449 5).
3549 2379 3696 2434 Habe-

2148 2467 2246 2523 bat
2265 2475 2454 2524 autem
2470 2474 2528 2523 et
2545 2469 2685 2523 alios
2714 2469 2972 2523 undecim
2995 2469 3318 2540 discipulos,
3345 2469 3437 2540 qui
3455 2469 3699 2524 contrista-

2144 2557 2352 2613 bantur
2380 2575 2446 2613 eo
2463 2559 2608 2628 quod
2625 2558 2780 2612 illum
2796 2559 2919 2629 plus
2929 2557 3208 2628 diligeret.
3223 2563 3351 2623 εἰῶ
3365 2565 3404 2624 ι
3429 2558 3573 2622 Quod
3581 2562 3697 2628 post-

2147 2663 2316 2719 quam
2337 2647 2433 2702 alii
2465 2663 2627 2701 senes
2645 2647 2963 2711 audierunt,
2993 2647 3179 2700 maesti
3201 2653 3476 2702 venerunt
3490 2647 3554 2700 ad
3576 2662 3694 2711 eum,

2147 2737 2213 2789 ut
2241 2731 2292 2786 ei
2323 2732 2712 2786 renuntiarent
2741 2731 2874 2802 quia
2898 2731 3102 2786 fratres
3123 2731 3205 2786 illi
3228 2733 3328 2802 qui
3356 2749 3478 2786 cum
3503 2749 3562 2785 eo
3573 2735 3700 2784 erant

2146 2819 2645 2876 contristabantur.
2665 2819 2772 2876 Sed
2783 2826 3086 2892 antequam
3099 2821 3177 2874 illi
3192 2821 3407 2892 aliquid
3417 2821 3696 2884 faterentur,

2144 2909 2264 2980 ipse
2293 2925 2422 2964 cum
2450 2907 2560 2964 illis
2589 2909 2660 2964 ad
2688 2909 3039 2980 singulorum
3058 2911 3225 2965 cellas
3239 2910 3512 2982 profectus
3533 2918 3621 2975 est,
3657 2915 3700 2963 et

2145 3013 2606 3069 unumquemque
2617 2998 2843 3052 nomine
2860 2999 3087 3070 proprio
3097 2999 3334 3066 vocavit,
3347 2999 3548 3054 dicens:
3563 2999 3697 3068 Egre-

537 3085 656 3144 139.
685 3087 838 3142 Dixit
867 3085 1096 3158 quidam
1119 3085 1188 3140 de
1219 3083 1565 3140 senioribus:
1605 3084 1665 3140 Si
1703 3084 1909 3139 videris
1955 3087 2059 3142 ali-
2075 3121 2124 3186 C
2144 3085 2277 3140 dere
2304 3090 2474 3154 loras,
2506 3087 2700 3152 frater,
2723 3087 2857 3158 quia
2884 3103 3025 3158 opus
3057 3093 3114 3142 te
3143 3087 3353 3155 habeo;
3386 3093 3442 3142 et
3466 3088 3695 3142 nullusex

461 3193 628 3250 quem
654 3181 1001 3249 peccantem,
1035 3191 1106 3230 ne
1134 3175 1326 3229 mittas
1357 3175 1580 3246 culpam
1609 3174 1669 3228 in
1700 3190 1849 3241 eum,
1882 3175 1980 3230 sed
2001 3175 2059 3230 in

459 3283 592 3322 eum
617 3267 714 3338 qui
743 3266 1041 3336 impugnat
1069 3281 1218 3332 eum,
1238 3265 1458 3319 dicens:
1496 3264 1591 3318 Vae
1616 3263 1775 3330 mihi,
1810 3264 2060 3334 quiaiste

461 3357 658 3412 nolens
685 3355 864 3410 victus
888 3359 990 3418 est,
1022 3354 1168 3409 sicut
1185 3359 1244 3408 et
1271 3371 1405 3424 ego;
1435 3356 1492 3407 et
1515 3353 1738 3424 plunge,
1763 3357 1819 3406 et
1835 3353 2060 3424 inquire

459 3445 562 3500 Dei
591 3445 877 3510 solatium,
912 3443 1044 3516 quia
1071 3460 1266 3498 omnes
1293 3441 1622 3513 decipimur.

540 3533 661 3592 140.
695 3534 934 3598 Quidam
950 3533 1277 3588 Timotheus
1303 3531 1664 3597 anachoreta,
1682 3531 2062 3601 negligentem

459 3624 695 3680 fratrem
717 3623 960 3694 aliquem
978 3621 1234 3687 audiens,
1257 3621 1641 3690 interrogante
1659 3619 1835 3690 ipsius
1863 3620 2062 3676 abbate

465 3713 601 3785 quid
619 3713 700 3766 illi
713 3711 876 3766 fratri
890 3711 1116 3776 faceret,
1141 3709 1296 3764 dedit
1318 3708 1612 3764 consilium
1632 3713 1696 3762 ut
1717 3725 1844 3763 eum
1874 3711 2062 3780 expel-

461 3802 608 3856 leret
645 3801 714 3854 de
743 3799 1012 3853 coenobio.
1048 3799 1189 3852 Cum
1221 3814 1354 3866 ergo
1387 3797 1482 3851 ille
1530 3797 1728 3852 fuisset
1780 3799 2062 3868 expulsus,

463 3887 703 3944 tentatio
732 3887 885 3942 venit
896 3887 967 3940 ad
979 3886 1337 3940 Timotheum
1360 3903 1374 3952 ;
1387 3889 1580 3940 etcum
1593 3885 1839 3956 ploraret
1849 3887 1906 3940 in
1927 3903 2060 3942 con-

463 3981 660 4048 spectu
687 3975 809 4042 Dei,
843 3979 900 4030 et
927 3975 1168 4030 diceret:
1194 3974 1459 4030 Miserere
1487 3974 1619 4041 mei,
1653 3974 1804 4029 venit
1830 3976 1900 4029 ad
1931 3993 2061 4032 eum

462 4083 568 4122 vox
595 4065 822 4121 dicens:
851 4063 1163 4131 Timothee,
1213 4063 1340 4118 ideo
1368 4063 1470 4118 tibi
1497 4063 1618 4118 haec
1667 4081 1836 4120 causa
1887 4066 2054 4132 venit,

464 4156 600 4230 quia
626 4155 857 4210 fratrem
881 4157 1047 4210 tuum
1075 4153 1134 4208 in
1174 4158 1429 4224 tempore
1459 4153 1787 4208 tentationis
1817 4171 1931 4210 suae
1961 4155 2057 4209 de-

463 4245 712 4320 spexisti.

539 4334 662 4394 Nl.
695 4333 934 4398 Quidam
959 4349 1027 4390 ex
1053 4330 1315 4388 Patribus
1343 4331 1402 4387 in
1425 4332 1629 4386 exstasi
1656 4333 1893 4404 positus,
1922 4333 2060 4388 vidit

2142 3175 2256 3230 illis
2279 3175 2458 3230 voluit
2483 3177 2694 3247 egredi.
2739 3177 3032 3231 Venerunt
3065 3182 3256 3231 autem
3291 3182 3415 3248 post
3440 3193 3612 3232 omnes
3642 3174 3696 3228 ad

2141 3265 2342 3318 cellam
2351 3265 2544 3330 Marci,
2557 3270 2615 3320 et
2629 3282 2756 3320 cum
2769 3266 3090 3336 pulsassent
3099 3267 3328 3334 ostium,
3343 3267 3545 3321 vocavit
3555 3251 3693 3318 abbas

2145 3353 2402 3409 Silvanus
2422 3369 2630 3408 nomen
2653 3355 2702 3425 ej
2712 3370 2809 3422 us;
2841 3355 2936 3408 ille
2947 3360 3138 3410 autem
3161 3371 3293 3409 mox
3323 3361 3386 3410 ut
3411 3353 3604 3410 audivit
3625 3369 3696 3406 vo-

2143 3459 2264 3497 cem
2296 3443 2466 3509 senis,
2498 3443 2648 3498 foras
2678 3459 2938 3514 egressus
2957 3448 3062 3498 est.
3088 3443 3156 3498 Et
3177 3443 3464 3515 ingressus
3491 3442 3638 3497 abbas
3655 3441 3699 3495 in

2143 3532 2342 3586 cellam
2358 3532 2548 3598 Marci,
2582 3533 2847 3602 quoniam
2859 3533 3099 3603 scriptor
3109 3537 3252 3598 erat,
3283 3533 3486 3605 reperit
3511 3537 3698 3604 quater-

2143 3621 2370 3676 nionem
2401 3637 2566 3692 quem
2593 3620 2889 3687 scribebat,
2915 3627 2971 3675 et
2993 3621 3207 3676 invenit
3229 3623 3380 3693 quod
3398 3623 3454 3676 in
3468 3636 3569 3692 qua
3589 3619 3702 3674 hora

2144 3715 2372 3764 vocatus
2397 3715 2500 3776 est,
2519 3711 2766 3764 litteram
2783 3726 2952 3780 quam
2982 3709 3240 3776 faciebat,
3267 3711 3503 3766 mediam
3525 3707 3696 3764 dereli-

2146 3799 2288 3870 quit,
2305 3799 2698 3853 tantummodo
2712 3802 2774 3852 ut
2785 3797 3161 3854 obedientiam
3181 3799 3528 3871 adimpleret.
3539 3795 3696 3852 Noluit

2143 3893 2332 3942 autem
2346 3887 2734 3960 postauditam
2756 3904 2948 3942 vocem
2975 3889 3127 3942 senis
3145 3888 3397 3944 litteram
3421 3887 3444 3922 ²
3459 3901 3700 3958 quameo:-

2143 3981 2304 4049 perat
2314 3977 2716 4048 percomplere.
2736 3977 2912 4032 ‘Unde
2938 3977 3020 4031 illi
3049 3977 3146 4032 alii
3173 3993 3338 4032 senes
3367 3977 3606 4032 dixerunt
3623 3971 3690 4027 ei:

2141 4066 2208 4121 In
2231 4066 2486 4132 veritate,
2519 4082 2688 4137 quem
2710 4071 2774 4120 tu
2802 4065 2989 4136 diligis
3025 4070 3086 4120 et
3111 4083 3217 4122 nos
3255 4068 3381 4136 jam
3426 4064 3694 4135 diligimus,

2142 4155 2276 4226 quia
2301 4160 2360 4210 et
2377 4157 2526 4211 Deus
2555 4171 2686 4210 eum
2709 4160 2940 4226 propter
2954 4171 3117 4209 suam
3134 4154 3506 4210 obedientiam
3520 4151 3688 4222 diligit.

2213 4245 2335 4299 144.
2369 4244 2611 4310 Quidam
2643 4259 2813 4298 senex
2839 4243 3126 4298 solitarius
3163 4244 3410 4299 habebat
3435 4241 3694 4314 quemdam

2142 4333 2562 4388 ministrantem
2591 4332 2714 4399 sibi,
2738 4337 3062 4388 manentem
3089 4333 3149 4388 in
3177 4333 3299 4388 vico
3317 4332 3535 4402 (Pelag.,
3557 4329 3694 4384 Iibeu.

465 4431 710 4499 quatuor
721 4423 945 4480 ordines
969 4427 1100 4478 ante
1111 4423 1291 4478 Deum
1309 4422 1350 4475 ¹.
1375 4422 1445 4477 Et
1466 4421 1683 4493 primus
1701 4423 1926 4494 quidem
1939 4429 2060 4478 erat
2080 4436 2248 4502 Dxxv,
2281 4438 2441 4477 num.
2479 4419 2586 4494 16).
2623 4422 2765 4477 Cum
2793 4427 2986 4476 autem
3021 4421 3118 4477 ille
3163 4422 3443 4477 tardasset
3492 4434 3582 4491 per
3604 4416 3698 4471 dies

465 4515 761 4572 hominum
784 4511 1196 4568 inﬁrmantium
1223 4515 1281 4566 et
1323 4511 1536 4582 gratias
1569 4513 1859 4582 agentium
1904 4513 2054 4580 Deo;

462 4605 744 4662 secundus
768 4619 900 4658 vero
917 4607 1042 4657 erat
1062 4617 1258 4656 eorum
1271 4601 1370 4672 qui
1389 4600 1829 4672 hospitalitatem
1846 4608 2060 4656 sectan-

461 4699 577 4762 tur,
597 4699 655 4751 et
671 4693 734 4748 in
753 4693 858 4748 hoc
870 4696 1026 4748 stant
1035 4696 1093 4746 et
1111 4689 1461 4756 ministrant;
1481 4690 1688 4748 tertius
1697 4691 2059 4746 veroillorum

467 4783 565 4855 qui
595 4782 954 4839 solitudinem
982 4785 1288 4846 sectantur,
1323 4783 1381 4832 et
1402 4793 1515 4832 non
1543 4778 1735 4833 vident
1771 4779 2058 4848 homines;

469 4877 704 4942 quartus
730 4887 860 4926 vero
890 4870 1116 4925 illorum
1145 4869 1243 4942 qui
1263 4874 1494 4942 propter
1515 4869 1696 4924 Deum
1717 4873 1776 4922 et
1802 4867 2063 4924 obedien-

467 4958 608 5014 tiam
621 4960 864 5026 solliciti,
886 4964 945 5014 et
964 4959 1204 5030 subjecti
1217 4965 1350 5014 sunt
1359 4958 1629 5031 patribus.
1652 4958 1788 5013 Erat
1805 4975 1938 5028 ergo
1949 4959 2059 5014 illis

469 5047 650 5104 tribus
677 5049 968 5104 ordinibus
993 5049 1085 5104 hic
1111 5049 1250 5104 ordo
1269 5048 1544 5121 superior,
1570 5049 1667 5120 qui
1683 5047 2058 5103 obedientiam

471 5135 784 5204 exhibebat,
829 5143 888 5193 et
912 5137 1178 5194 utebatur
1201 5145 1404 5210 torque
1451 5154 1641 5206 aurea,
1691 5142 1749 5192 et
1786 5139 2058 5208 majorem

467 5225 708 5298 gloriam
737 5243 853 5297 prie
881 5227 1097 5283 ceteris
1123 5228 1462 5300 possidebat.
1493 5227 1648 5283 Dixit
1675 5231 1865 5282 autem
1895 5243 2063 5282 senex

471 5316 526 5371 ei
554 5315 651 5388 qui
681 5313 790 5370 sibi
818 5315 926 5370 hoc
952 5316 1012 5370 in
1041 5317 1246 5372 exstasi
1260 5317 1682 5374 demonstrabat
1713 5335 1724 5371 :
1760 5317 1945 5380 Quare
1972 5316 2064 5371 hic

471 5404 609 5462 ordo
638 5409 873 5478 quartus
901 5407 1176 5477 majorem
1202 5407 1418 5462 caeteris
1463 5407 1702 5478 gloriam
1737 5404 1942 5461 habet?
1963 5407 2062 5462 Ille

544 5549 563 5584 ¹
589 5550 807 5618 Pelag.,
841 5551 1009 5605 liba".
1035 5565 1142 5616 xxv,
1174 5564 1333 5604 num.
1371 5549 1454 5606 19.
1501 5549 1566 5607 In
1605 5549 1782 5606 Editis
1837 5554 1922 5606 est
1973 5549 2061 5606 hic

474 5619 618 5692 stylo
643 5621 874 5694 Pelagii.
899 5619 1066 5678 Posui
1091 5625 1157 5678 ut
1182 5619 1242 5676 in
1269 5619 1404 5681 Mss.

2140 4511 2372 4582 aliquot,
2395 4515 2453 4566 et
2469 4511 2590 4566 seni
2601 4511 2919 4566 necessaria
2937 4509 3289 4576 defecissent,
3315 4516 3373 4566 et
3389 4524 3559 4580 neque
3573 4502 3693 4577 quod

2141 4604 2468 4672 operaretur
2493 4599 2743 4665 haberet,
2793 4604 2851 4654 et
2895 4616 3006 4670 quo
3043 4600 3392 4666 reficeretur,
3429 4602 3484 4652 et
3507 4599 3698 4669 propter

2140 4689 2246 4744 hoc
2273 4689 2613 4756 tristaretur,
2644 4689 2785 4744 dixit
2811 4687 3082 4760 discipulo
3131 4705 3234 4744 suo
3261 4687 3287 4722 ⁸
3314 4707 3328 4742 :
3387 4687 3530 4742 Vade
3555 4685 3606 4738 in
3632 4680 3694 4734 vi-

2142 4795 2290 4834 cum.
2331 4780 2406 4832 At
2431 4778 2526 4832 ille
2550 4777 2870 4850 respondit:
2907 4777 3066 4842 Quod
3104 4777 3208 4844 vis,
3267 4778 3450 4840 Pater,
3502 4771 3694 4828 faciam.

2141 4867 2399 4924 Timebat
2421 4872 2610 4924 autem
2658 4867 2834 4922 frater
2871 4866 3136 4922 accedere
3164 4866 3237 4920 ad
3277 4867 3456 4920 vicum
3503 4865 3696 4934 propter

2141 4957 2485 5023 scandalum,
2517 4961 2574 5011 et
2591 4961 2783 5011 tamen
2811 4961 2874 5011 ut
2902 4955 3156 5010 obediret
3183 4955 3358 5022 Patri,
3390 4949 3626 5026 promisit
3647 4961 3695 5001 se

2139 5046 2375 5102 iturum.
2398 5045 2548 5100 Dixit
2569 5044 2620 5100 ei
2648 5061 2842 5101 senex:
2877 5044 3024 5110 Quia
3045 5045 3264 5098 confido
3293 5044 3352 5098 in
3372 5044 3482 5099 Deo
3508 5045 3696 5112 patrum

2141 5141 2462 5192 nostrorum
2494 5135 2644 5206 quod
2673 5138 2934 5206 protegat
2955 5139 3014 5188 te
3044 5132 3115 5187 ab
3146 5133 3300 5188 omni
3317 5130 3627 5188 tentatione.
3645 5124 3697 5179 Et

2142 5225 2287 5280 facta
2317 5224 2570 5280 oratione
2589 5222 2902 5278 transmisit
2927 5239 3084 5281 eum.
3116 5222 3257 5278 Cum
3281 5227 3470 5276 autem
3495 5217 3696 5272 venisset

2142 5315 2320 5371 frater
2346 5314 2406 5370 in
2433 5314 2640 5381 vicum,
2663 5317 2722 5368 et
2744 5311 3073 5384 requisisset
3099 5327 3210 5383 quo
3240 5313 3492 5366 maneret
3509 5307 3592 5362 ille
3619 5299 3694 5374 qui

2145 5405 2266 5460 seni
2312 5403 2688 5472 ministrabat,
2744 5402 2972 5458 inventa
3023 5401 3210 5467 domo,
3273 5416 3401 5456 cum
3458 5394 3696 5470 pulsasse!

2213 5545 2307 5622 ἕρ
2334 5544 2897 5622 Ψὲβιῖροιξιιηιβάίΐίι
2931 5547 2989 5622 at
3017 5543 3098 5622 ita
3119 5543 3187 5622 in
3206 5543 3395 5622 Palas.-
3463 5616 3471 5622 .
3507 5609 3519 5622 .

2211 5618 2236 5652 ³
2253 5619 2320 5674 In
2340 5608 2517 5675 Editis
2527 5617 2598 5674 ad
2615 5616 2846 5676 verbum
2859 5608 2923 5674 ex
2943 5615 3170 5688 Pelagio
3193 5633 3208 5684 ;
3235 5608 3395 5688 posui
3417 5616 3480 5669 ut
3504 5609 3558 5665 in
3581 5608 3688 5666 liss-
