3966 6184
345 299 453 357 789

1650 294 1892 353 VERBA
1930 291 2322 351 SENIORUM.

3528 288 3634 351 790

341 425 572 492 ostium,
604 422 840 494 contigit
866 424 932 478 ut
959 438 1125 478 nemo
1147 439 1211 478 ex
1241 423 1351 480 illis
1380 423 1724 480 inveniretur
1759 426 1819 480 in
1847 424 1948 479 do-
1970 424 2023 485 Α
2042 424 2150 478 rati
2180 438 2395 488 sumus,
2419 421 2554 476 tolle
2580 423 2637 477 et
2663 421 2882 493 comple
2900 423 3480 477 necessitatemtuam.
3507 421 3640 477 Car-

340 532 453 581 mo,
511 520 718 587 praeter
761 530 936 569 unam
992 514 1163 568 ﬁliam
1189 515 1343 569 illius
1369 515 1759 570 ministrantis.
1806 516 1945 581 Quae

339 622 470 661 cum
487 604 803 676 aperuisset
827 604 1052 670 ostium,
1089 610 1145 659 et
1172 607 1345 659 frater
1367 606 1623 660 eamdem
1655 623 1756 677 pro
1787 612 1947 677 patre

334 696 462 766 ejus
489 695 823 767 requireret,
851 710 951 748 cur
977 699 1061 748 tot
1080 694 1277 749 diebus
1300 696 1599 760 tardasset,
1638 696 1734 749 illa
1754 696 1947 750 horta-

338 784 512 839 batur
530 801 663 839 eum
689 784 910 854 ingredi
931 784 1163 838 domum
1182 784 1373 851 simul,
1407 791 1464 840 et
1494 784 1755 839 trahebat
1792 802 1942 840 eum.

339 875 486 929 Cum
522 879 713 929 autem
744 874 838 927 ille
869 890 981 927 non
1012 874 1410 944 acquiesceret,
1467 874 1563 928 illa
1603 874 1857 941 invaluit,
1892 880 1949 928 et

332 963 512 1019 traxit
540 981 671 1018 eum
699 964 771 1017 ad
800 980 878 1017 se.
917 964 1060 1018 Cum
1100 970 1290 1017 autem
1319 964 1551 1018 vidisset
1579 964 1673 1017 ille
1709 964 1843 1036 quia
1875 964 1943 1017 ad

336 1059 634 1126 peccatum
666 1052 1078 1118 trahebatur,et
1096 1053 1376 1123 urgebant
1395 1070 1524 1108 eum
1555 1053 1941 1123 cogitationes,

338 1142 640 1214 ingemuit,
690 1148 747 1197 et
772 1142 1051 1205 clamavit,
1084 1142 1275 1196 dicens
1317 1143 1387 1196 ad
1409 1143 1588 1197 Deum
1628 1162 1640 1195 :
1682 1143 1937 1207 Domine,

337 1238 575 1306 propter
601 1233 912 1286 orationem
962 1233 1085 1302 ejus
1112 1231 1211 1302 ‘qui
1240 1248 1330 1285 me
1358 1231 1530 1297 misit,
1570 1232 1721 1285 salva
1753 1248 1843 1285 me
1885 1231 1943 1285 in

334 1322 445 1377 hac
470 1322 627 1376 hora.
659 1322 730 1376 Et
758 1338 885 1377 cum
916 1322 1019 1375 hoc
1048 1321 1300 1386 dixisset,
1334 1320 1520 1374 subito
1560 1320 1825 1374 inventus
1857 1325 1943 1375 est

337 1410 414 1464 ad
443 1411 653 1465 flumen
677 1411 841 1481 juxta
862 1410 1270 1464 monasterium
1295 1426 1482 1478 suum,
1506 1416 1563 1465 et
1584 1426 1839 1465 reversus
1858 1414 1945 1464 est

342 1500 417 1554 ad
440 1500 668 1554 Patrem
698 1516 863 1554 suum
892 1499 1012 1553 sine
1037 1499 1274 1553 macula.

416 1587 539 1645 145.
553 1590 677 1643 Duo
689 1588 890 1643 fratres
902 1589 1156 1643 carnales
1168 1593 1441 1643 venerunt
1453 1588 1511 1643 in
1528 1589 1809 1660 quoddam
1822 1605 1943 1643 mo-

338 1679 657 1733 nasterium
700 1678 969 1741 habitare,
1008 1684 1066 1732 et
1088 1695 1232 1732 unus
1255 1696 1320 1732 ex
1357 1678 1494 1749 ipsis
1510 1683 1634 1732 erat
1653 1678 1948 1749 religiosus

2028 513 2227 567 ricavit
2248 518 2437 568 autem
2469 528 2636 566 senex
2679 512 2975 577 camelum,
3010 518 3067 565 et
3093 512 3194 567 ivit
3218 512 3277 566 in
3305 513 3629 583 Egyptum.

2030 606 2175 659 Cum
2203 609 2390 658 autem
2420 602 2835 657 discarricasset
2858 603 3062 657 iterum
3084 602 3177 656 ille
3202 603 3376 657 frater
3401 604 3633 657 reduce-

2029 693 2128 749 bat
2161 694 2459 759 camelum,
2488 698 2546 747 et
2573 691 2740 746 dixit:
2764 692 2877 746 Ora
2906 709 3006 763 pro
3031 709 3140 759 me,
3166 693 3350 746 Pater.
3381 692 3636 764 Cumque

2031 800 2202 838 senex
2229 783 2559 854 requisisset
2588 799 2699 853 quo
2721 788 3000 853 pergeret,
3031 782 3320 854 respondit
3354 800 3364 835 :
3400 782 3463 836 In
3494 783 3653 854 Scy-\

2030 873 2177 927 thim
2208 872 2367 937 vado,
2387 877 2451 926 ut
2476 871 2647 925 etiam
2678 877 2900 925 nostras
2928 871 3222 943 sportellas
3239 872 3348 925 huc
3376 872 3627 926 afferam.

2033 962 2194 1026 Quod
2224 978 2353 1016 cum
2384 960 2632 1015 audisset
2660 976 2851 1027 senex,
2886 966 3252 1032 compunctus
3269 961 3436 1033 coapit
3459 962 3634 1033 poeni—

2029 1057 2170 1117 tere,
2217 1052 2410 1105 dicens
2443 1050 2842 1122 lacrymando:
2891 1056 3081 1116 522
3136 1050 3430 1120 Indulgete
3464 1051 3624 1118 mihi,

2029 1140 2360 1208 dulcissimi,
2387 1140 2519 1211 quia
2547 1140 2791 1194 Charitas
2819 1144 3005 1194 vestra
3028 1139 3274 1194 fructum
3297 1156 3487 1195 meum
3508 1140 3632 1196 abs-

2026 1230 2178 1284 tulit.

2095 1319 2221 1374 147.
2258 1319 2417 1374 Alter
2470 1334 2641 1374 senex
2671 1335 2802 1373 cum
2828 1318 3154 1390 perfecisset
3183 1319 3478 1391 sportellas
3499 1336 3631 1374 suas

2030 1409 2250 1477 (Pelag.,
2287 1410 2458 1463 libell.
2484 1422 2615 1471 xvn,
2652 1425 2804 1462 num.
2839 1407 2948 1475 16),
2981 1413 3038 1463 et
3060 1410 3178 1479 jam
3202 1409 3511 1464 retinacula
3531 1409 3633 1463 mi-

2028 1497 2197 1552 sisset
2216 1514 2433 1564 earum,
2465 1497 2679 1551 audivit
2701 1497 2945 1551 vicinum
2966 1514 3133 1553 suum
3161 1498 3457 1553 dicentem:
3483 1498 3631 1563 Quid

2027 1585 2251 1653 faciam,
2278 1585 2544 1658 quoniam
2573 1586 2840 1641 nundinae
2866 1603 3038 1658 prope
3065 1593 3217 1652 sunt,
3240 1592 3297 1641 et
3316 1604 3430 1641 non
3448 1587 3628 1642 habeo

2029 1676 2179 1730 unde
2208 1675 2429 1730 mittam
2470 1675 2778 1730 retinacula
2806 1675 2866 1730 in
2892 1677 3188 1747 sportellas
3217 1692 3389 1731 meas.
3413 1676 3482 1730 Et
3501 1692 3630 1731 mox

334 1767 502 1822 valde
532 1768 677 1821 alter
696 1767 907 1821 habens
928 1766 1302 1821 obedientiam
1322 1745 1594 1837 grandem
1614 1745 1838 1835 (Pelag,
1873 1770 1945 1821 ιε’·
1966 1745 2014 1806 Β
2031 1766 2317 1836 ingressus
2333 1764 2627 1836 dissipavit
2654 1766 2881 1836 propria
2903 1745 3231 1832 retinacula,
3254 1771 3311 1820 et
3339 1766 3530 1820 attulit
3555 1766 3627 1820 ad

337 1859 464 1911 bell.
489 1874 593 1917 xw,
621 1874 778 1910 num.
801 1858 914 1926 17).
948 1857 1089 1910 Cum
1116 1873 1249 1926 ergo
1275 1856 1447 1910 abbas
1476 1856 1802 1928 praeciperet
1830 1856 1941 1910 illi:

340 1946 455 1999 Fac
487 1946 609 2011 hoc,
634 1952 691 2000 et
718 1944 943 1999 faceret.
970 1945 1037 1999 Et
1056 1945 1262 1999 iterum
1288 1963 1298 1997 :
1322 1946 1430 1999 Fac
1449 1945 1607 2010 illud,
1633 1950 1690 1998 et
1708 1944 1932 1999 faceret.

334 2035 409 2087 Et
434 2034 492 2088 in
521 2035 624 2088 hoc
660 2033 1083 2105 gloriﬁcabatur
1112 2034 1169 2087 in
1202 2035 1561 2101 monasterio,
1600 2034 1746 2105 quod
1771 2035 1943 2088 talem

331 2122 711 2178 obedientiam
740 2123 988 2177 haberet.
1025 2123 1279 2177 lnvidens
1326 2140 1457 2176 vero
1492 2122 1666 2176 frater
1694 2124 1815 2193 ejus
1844 2123 1939 2177 ille

331 2213 632 2281 religiosus
666 2212 974 2283 [abstinens
1002 2214 1152 2282 apud
1166 2210 1373 2286 Pelag]
1402 2211 1541 2266 dixit
1569 2212 1719 2266 intra
1738 2216 1940 2266 semet-

330 2301 524 2373 ipsum
550 2303 565 2336 ¹
596 2320 608 2354 :
642 2301 891 2356 Tentabo
905 2302 1055 2355 hunc
1073 2303 1305 2355 fratrem
1333 2318 1520 2355 meum
1552 2302 1599 2355 si
1616 2300 1786 2355 habet
1815 2318 1937 2355 cer-

328 2395 456 2445 tam
487 2390 895 2458 obedientiam;
930 2396 986 2444 et
1031 2391 1258 2445 veniens
1280 2391 1350 2445 ad
1380 2390 1642 2444 abbatem
1673 2390 1814 2445 dixit
1842 2389 1893 2444 ei
1920 2408 1931 2442 :

327 2480 679 2534 Transmitte
710 2480 939 2533 fratrem
963 2496 1403 2545 meummecum,
1440 2479 1707 2549 quoniam
1738 2495 1935 2533 neces-

330 2569 520 2622 sarius
540 2586 663 2623 sum
688 2569 744 2622 in
774 2569 1016 2639 quodam
1048 2569 1187 2622 loco.
1225 2568 1293 2622 Et
1338 2568 1554 2622 dimisit
1582 2584 1711 2622 eum
1742 2568 1932 2622 abbas.

333 2658 481 2712 Cum
509 2665 698 2713 autem
735 2658 945 2728 pariter
965 2658 1467 2729 proﬁciscerentur,
1502 2657 1691 2711 volens
1716 2661 1937 2712 tentare

331 2763 487 2811 eum,
521 2764 647 2801 cum
676 2747 1060 2818 pervenissent
1080 2747 1148 2801 ad
1182 2747 1391 2800 ﬂumen
1416 2746 1473 2799 in
1502 2763 1611 2817 quo
1641 2752 1763 2801 erat
1788 2748 1935 2801 mul-

327 2835 519 2889 titudo
550 2836 979 2899 crocodilorum,
1000 2835 1202 2890 dixitei
1229 2854 1239 2888 :
1278 2834 1563 2888 Descende
1594 2836 1651 2887 in
1677 2835 1929 2901 ﬂuvium,

330 2929 395 2978 et
421 2924 600 2978 transi
626 2944 638 2991 ;
669 2931 724 2978 et
744 2924 1030 2978 descendit
1054 2924 1167 2985 ille,
1202 2927 1259 2977 et
1290 2928 1560 2977 venerunt
1588 2924 1936 2987 crocodili,et

328 3018 625 3085 cmperunt
647 3014 859 3084 lingere
882 3030 1081 3084 corpus
1103 3014 1245 3083 ejus,
1293 3017 1347 3067 et
1368 3030 1480 3067 non
1517 3012 1567 3066 ei
1597 3019 1929 3068 nocuerunt.

2028 1855 2283 1921 fratrem,
2316 1854 2505 1909 dicens
2530 1873 2543 1907 :
2570 1855 2707 1909 Ecce
2736 1854 2845 1909 ista
2868 1857 3153 1927 superﬂua
3180 1855 3377 1920 habeo,
3409 1854 3542 1909 tolle
3570 1859 3627 1909 et

2031 1944 2193 1999 mitte
2222 1943 2282 1998 in
2312 1944 2608 2015 sportellas
2638 1949 2784 2010 tuas,
2819 1951 2876 1998 et
2903 1944 2983 1999 ita
3010 1961 3124 2015 pra?
3152 1944 3330 2000 nimia
3353 1944 3627 1999 charitate

2030 2031 2165 2087 fecit
2191 2039 2255 2088 ut
2282 2033 2473 2087 fratris
2503 2048 2674 2104 opera
2696 2034 3130 2104 complerentur,
3165 2051 3267 2089 sua
3296 2039 3486 2089 autem
3516 2033 3625 2089 im-

2025 2121 2272 2193 perfecta
2293 2122 2542 2194 reliquit.

2099 2208 2216 2267 148.
2250 2210 2436 2265 Abbas
2465 2212 2709 2266 Joannes
2735 2211 2923 2283 gratia
2951 2212 3245 2268 charitatis
3266 2230 3489 2269 omnem
3509 2230 3626 2269 ma-

2022 2300 2201 2354 litiam
2231 2306 2319 2354 est
2338 2300 2567 2355 oblitus.
2592 2300 2696 2354 Hic
2717 2317 2843 2355 cum
2866 2317 2899 2355 a
2919 2302 3092 2357 fratre
3112 2303 3357 2374 quodam
3376 2308 3626 2359 mutuas-

2022 2393 2109 2443 set
2137 2388 2382 2443 solidum
2407 2405 2604 2456 unum,
2637 2394 2695 2443 et
2713 2396 3093 2461 comparasset
3112 2391 3292 2447 linum
3317 2393 3469 2447 unde
3498 2410 3627 2466 ope-

2019 2482 2260 2544 raretur,
2282 2478 2436 2532 venit
2455 2494 2603 2532 unus
2632 2478 2806 2533 frater
2831 2484 3029 2551 petens
3048 2497 3177 2535 eum
3198 2498 3398 2553 parum
3422 2482 3541 2549 lini,
3561 2488 3626 2539 ut
3655 2472 3665 2481 ’

2020 2566 2232 2621 faceret
2274 2566 2380 2621 sibi
2412 2584 2636 2623 saccum
2674 2586 2687 2635 ;
2731 2573 2791 2623 at
2819 2569 2915 2623 ille
2962 2568 3118 2624 dedit
3160 2570 3211 2624 ei
3240 2588 3367 2625 cum
3391 2572 3622 2642 gaudio.
3684 2573 3691 2579 ’

2019 2657 2162 2711 Item
2188 2657 2333 2712 alter
2356 2658 2512 2712 venit
2538 2663 2735 2729 petens
2752 2674 2881 2712 eum
2908 2658 3108 2726 linum,
3133 2664 3192 2714 et
3220 2661 3375 2716 dedit
3389 2662 3460 2716 ei.
3485 2662 3625 2717 Nec-

2017 2761 2133 2799 non
2164 2750 2221 2800 et
2249 2745 2374 2799 aliis
2403 2746 2662 2817 plurimis
2692 2746 3042 2803 venientibus
3079 2753 3137 2802 et
3182 2749 3621 2821 petentibus,de-

2020 2833 2103 2887 dit
2130 2834 2390 2889 omnibus
2418 2850 2544 2888 cum
2572 2835 2799 2906 gaudio.
2834 2837 2969 2891 Post
2994 2836 3100 2891 hoc
3141 2837 3235 2893 ille
3257 2839 3352 2909 qui
3392 2843 3619 2896 mutua-

2016 2928 2174 2977 verat
2189 2923 2446 2989 solidum,
2472 2924 2626 2979 venit
2642 2928 2902 2996 repetens
2921 2943 3069 2979 eum.
3100 2928 3175 2980 At
3199 2927 3293 2981 ille
3313 2928 3478 2983 dixit:
3506 2930 3620 3002 Ego

2016 3012 2175 3079 vado,
2216 3017 2273 3067 et
2301 3013 2538 3067 afferam
2567 3013 2690 3069 tibi.
2709 3014 2778 3068 Et
2806 3031 2919 3068 non
2947 3014 3159 3069 habens
3171 3016 3318 3069 unde
3342 3017 3617 3085 redderet,

330 3102 494 3167 Quod
516 3119 642 3157 cum
673 3103 904 3157 vidisset
933 3104 1043 3167 ille,
1078 3103 1217 3156 dixit
1246 3103 1295 3156 ei
1320 3120 1330 3155 :
1365 3101 1622 3155 Ascende
1652 3103 1721 3156 de
1746 3104 1936 3170 fluvio,
1957 3102 2000 3165 C
2022 3102 2281 3163 surrexit,
2316 3108 2373 3157 et
2398 3103 2678 3175 profectus
2717 3109 2803 3158 est
2830 3104 2902 3158 ad
2931 3102 3191 3159 abbatem
3219 3104 3508 3172 Jacobum,
3555 3113 3620 3162 ut

328 3196 392 3246 et
419 3209 613 3246 eamus
642 3210 654 3259 ;
678 3193 879 3246 etdum
904 3192 1410 3256 irent,invenerunt
1428 3208 1629 3262 corpus
1648 3198 1933 3247 mortuum

319 3281 523 3351 jacens
552 3281 609 3335 in
641 3280 744 3335 via.
783 3282 851 3335 Et
871 3281 1010 3335 dixit
1029 3281 1121 3335 ille
1146 3280 1439 3350 religiosus
1466 3299 1477 3333 :
1515 3281 1571 3335 Si
1597 3280 1934 3336 haberemus

327 3370 545 3441 aliquid
595 3388 659 3423 ex
711 3370 1122 3435 veteramentis,
1181 3368 1537 3425 mitteremus
1565 3388 1734 3442 super
1771 3370 1929 3425 illud.

330 3460 439 3513 Cui
469 3459 643 3513 frater
665 3459 805 3513 dixit
835 3479 846 3513 :
868 3458 1179 3525 Oremus,si
1205 3459 1347 3513 forte
1372 3460 1741 3514 susciteteum
1760 3461 1929 3514 Deus.

326 3549 399 3603 Et
418 3549 698 3603 stantibus
713 3549 821 3603 illis
848 3549 902 3603 in
928 3549 1203 3610 oratione,
1226 3549 1529 3603 suscitatus
1547 3555 1632 3603 est
1652 3555 1924 3615 mortuus,

328 3644 390 3691 et
416 3638 666 3692 laudavit
689 3655 748 3691 se
779 3638 872 3691 ille
894 3639 1207 3707 religiosus,
1242 3638 1431 3692 dicens
1472 3656 1483 3690 :
1538 3638 1775 3710 Pr0pter
1803 3639 1932 3693 reli»

326 3727 559 3797 gionem
590 3744 772 3781 meam
817 3727 1062 3782 surrexit
1111 3727 1201 3781 hic
1233 3733 1508 3781 mortuus.
1558 3727 1932 3783 Manifestavit

325 3821 523 3869 autem
557 3815 705 3870 Deus
750 3817 905 3871 Patri
938 3816 996 3869 in
1017 3816 1358 3870 monasterio
1406 3833 1601 3869 eorum
1632 3817 1837 3882 omnia,
1875 3821 1932 3870 et

324 3905 805 3977 quemadmodum
866 3905 1104 3959 tentavit
1139 3905 1371 3959 fratrem
1425 3905 1493 3958 de
1540 3906 1847 3970 crocodilis,
1875 3911 1932 3960 et

326 3993 610 4065 quomodo
642 4000 896 4048 mortuus
934 3993 1285 4047 surrexisset.
1320 3994 1388 4047 Et
1415 3999 1714 4065 postquam
1762 4011 1928 4049 vene-

323 4089 466 4138 runt
490 4085 549 4138 in
570 4084 991 4150 monasterium,
1034 4083 1171 4137 dixit
1217 4082 1388 4137 abbas
1419 4084 1487 4137 ad
1510 4084 1679 4137 istum
1702 4084 1928 4155 religio-

323 4189 456 4227 sum
483 4191 497 4228 :
526 4172 711 4237 Quare
740 4173 858 4228 haec
885 4173 1060 4228 iecisti
1080 4172 1243 4227 fratri
1271 4172 1418 4227 suo?
1474 4173 1756 4243 Cognosce
1796 4174 1929 4245 quia

322 4266 561 4334 propter
589 4261 965 4316 obedientiam
993 4263 1117 4332 ejus
1147 4262 1389 4316 surrexit
1421 4266 1675 4315 mortuus
1703 4262 1815 4316 ille.

402 4347 526 4405 M6.
548 4351 784 4415 Quidam
800 4368 862 4405 ex
883 4351 1107 4405 senibus
1118 4352 1186 4405 de
1201 4350 1393 4423 Scythi
1410 4350 1743 4422 discipulum
1761 4367 1925 4407 suum

2018 3197 2237 3262 peteret
2260 3207 2391 3245 eum
2430 3198 2707 3263 quatenus
2737 3192 3002 3247 redderet
3030 3193 3111 3247 illi
3134 3210 3169 3248 a
3198 3211 3308 3266 quo
3330 3200 3618 3250 mutuave-

2018 3285 2123 3334 rat.
2178 3281 2249 3335 Et
2272 3281 2407 3335 dum
2433 3280 2543 3336 iret
2582 3299 2684 3353 per
2707 3282 2855 3336 viam
2903 3282 3118 3337 invenit
3162 3284 3402 3339 solidum
3424 3285 3617 3356 jacen-

2017 3373 2151 3436 tem,
2185 3374 2242 3423 et
2260 3386 2371 3423 non
2397 3387 2528 3424 eum
2554 3370 2766 3441 tetigit;
2784 3372 2881 3425 sed
2910 3371 3057 3426 facta
3077 3373 3331 3428 oratione
3356 3390 3614 3430 reversus

2017 3465 2104 3514 est
2129 3459 2187 3512 in
2209 3459 2487 3514 cellulam.
2527 3460 2598 3514 Et
2624 3477 2750 3515 cum
2780 3460 2987 3515 iterum
3016 3462 3190 3516 frater
3212 3462 3305 3517 ille
3334 3470 3615 3535 repeteret

2014 3548 2293 3602 rationem
2323 3564 2503 3616 suam,
2543 3549 2677 3603 dicit
2705 3549 2784 3604 ei:
2816 3549 3199 3623 Undecunque
3227 3553 3394 3607 modo
3423 3553 3612 3610 defero

2014 3637 2193 3692 illum.
2224 3638 2290 3692 Et
2314 3638 2521 3693 iterum
2548 3638 2829 3710 profectus
2857 3639 3070 3695 invenit
3096 3640 3357 3709 solidum,
3390 3642 3485 3697 ubi
3507 3660 3611 3699 an-

2012 3731 2107 3780 tea
2134 3727 2350 3798 positus
2372 3732 2530 3795 erat;
2565 3733 2622 3783 et
2647 3727 2793 3782 facta
2825 3729 3098 3797 oratione,
3132 3747 3388 3786 reversus
3417 3738 3519 3800 est,
3555 3738 3613 3788 et

2013 3832 2138 3870 ecce
2185 3817 2392 3871 iterum
2440 3817 2595 3872 venit
2642 3817 2818 3873 frater
2865 3818 2960 3872 ille
3010 3820 3315 3875 molestans
3347 3838 3474 3876 eum
3507 3839 3607 3894 pro

2013 3905 2211 3959 solido.
2244 3906 2401 3961 Tunc
2428 3923 2597 3961 senex
2626 3906 2768 3961 dixit
2799 3908 2979 3963 modis
3010 3898 3299 3964 omnibus:
3332 3911 3498 3966 Modo
3519 3927 3608 3966 va-

2012 3994 2102 4059 do,
2134 4000 2189 4049 et
2217 3995 2389 4049 affero
2418 3996 2578 4050 illum
2602 4014 2613 4049 :
2667 4002 2725 4051 et
2750 3997 2883 4051 dum
2920 3999 3372 4070 proficisceretur
3398 4001 3609 4057 invenit

2012 4083 2209 4137 eodem
2238 4084 2360 4138 loco
2386 4085 2627 4139 solidum
2651 4087 2963 4156 jacentem;
2987 4092 3045 4141 et
3071 4088 3219 4142 facta
3244 4090 3496 4145 oratione
3514 4094 3606 4146 tu-
3702 4078 3711 4085 ’

2010 4172 2076 4227 lit
2098 4190 2249 4240 eum,
2281 4178 2339 4228 et
2367 4174 2520 4228 venit
2545 4175 2616 4228 ad
2642 4174 2903 4230 abbatem
2930 4175 3221 4243 Jacobum,
3254 4184 3309 4232 et
3343 4179 3479 4234 dicit
3512 4180 3563 4234 ei
3589 4199 3601 4234 :

2008 4261 2186 4329 Abba,
2212 4263 2441 4317 veniens
2467 4264 2538 4317 ad
2568 4268 2644 4329 te,
2666 4264 2853 4318 inveni
2873 4264 3021 4319 hunc
3041 4265 3288 4319 solidum
3301 4265 3361 4319 in
3383 4266 3605 4323 via.Fac

2009 4363 2142 4418 ergo
2170 4347 2522 4415 charitatem,
2555 4353 2613 4401 et
2639 4348 2881 4419 praedica
2909 4348 2998 4403 hic
3019 4348 3079 4402 in
3107 4349 3350 4416 civitate,
3371 4366 3441 4405 ne
3461 4350 3604 4407 forte

322 4439 649 4493 transmisit
672 4440 726 4494 in
750 4439 1076 4512 Egyptum,
1110 4446 1174 4494 ut
1211 4439 1262 4493 ei
1293 4440 1568 4494 camelum
1601 4440 1921 4509 deduceret,
1943 4427 2210 4507 Daliquis
2230 4435 2538 4508 perdiderit
2562 4437 2741 4505 illum,
2774 4442 2832 4492 et
2856 4437 2904 4492 si
2936 4438 3194 4494 inventus
3219 4437 3391 4494 fuerit
3419 4439 3601 4496 domi-

324 4529 426 4601 qui
458 4529 753 4600 sportellas
801 4546 939 4601 quas
981 4529 1204 4595 fecerat,
1238 4534 1488 4600 portaret
1516 4528 1574 4583 in
1590 4528 1921 4601 Egyptum.

324 4615 470 4671 Cum
502 4623 692 4671 autem
724 4616 1023 4671 deduceret
1079 4616 1375 4682 camelum,
1431 4616 1573 4671 alter
1618 4634 1784 4671 senex
1832 4616 1926 4675 ob-

324 4707 485 4760 vians
514 4723 644 4760 eum
677 4706 813 4760 dicit
834 4706 883 4759 ei
909 4724 919 4759 :
950 4705 1006 4759 Si
1029 4705 1276 4772 scissem,
1322 4706 1513 4771 frater,
1551 4706 1774 4776 quando
1804 4705 1925 4761 ibas

321 4792 384 4847 in
415 4792 739 4864 Egyptum,
760 4793 1023 4847 dixissem
1044 4791 1144 4846 tibi
1162 4797 1300 4846 utet
1328 4793 1466 4846 mihi
1486 4793 1725 4848 alterum
1746 4809 1926 4848 came-

319 4882 444 4936 lum
476 4882 799 4937 adduceres.
833 4882 992 4947 Quod
1021 4898 1148 4936 cum
1169 4882 1263 4936 ille
1285 4881 1457 4936 frater
1484 4883 1710 4954 proprio
1736 4882 1924 4937 abbati

321 4968 695 5041 dixisset,pra:
718 4969 897 5023 multa
935 4968 1207 5023 charitate
1242 4967 1379 5023 dicit
1404 4968 1453 5022 ei
1479 4989 1491 5023 :
1534 4969 1708 5038 Vade,
1740 4970 1840 5037 ﬁli,
1865 4977 1923 5027 et

322 5057 437 5112 duc
450 5057 729 5112 camelum
752 5059 821 5112 ad
845 5057 1223 5123 illum,dicens
1236 5058 1460 5122 ei:Quia
1481 5059 1718 5113 necdum
1736 5061 1919 5131 parati

320 5162 539 5213 sumus,
580 5146 794 5218 comple
820 5146 1210 5201 necessitatem
1240 5151 1419 5213 tuam,
1455 5151 1512 5201 et
1535 5147 1674 5202 vade
1700 5154 1763 5203 tu
1793 5166 1921 5205 cum

322 5235 449 5308 ipso
475 5236 689 5291 camelo
728 5251 905 5307 usque
932 5236 991 5291 in
1028 5235 1361 5308 IEgyptum,
1394 5239 1451 5290 et
1498 5235 1704 5292 iterum
1750 5239 1922 5295 reduc

320 5323 488 5379 nobis
524 5324 819 5392 camelum,
851 5331 916 5381 ut
947 5329 1004 5380 et
1052 5330 1247 5381 nostra
1276 5340 1409 5380 vasa
1439 5331 1745 5397 portemus.
1778 5329 1921 5385 Cum

322 5430 461 5486 ergo
502 5412 724 5469 fecisset
762 5413 937 5470 frater
973 5414 1069 5482 sic,
1104 5420 1163 5470 et
1188 5415 1382 5470 ivisset
1410 5414 1481 5469 ad
1508 5415 1679 5475 .illum
1706 5435 1917 5489 senem,

322 5503 519 5559 dicens
553 5521 565 5558 :
595 5503 782 5558 Abbas
803 5503 1042 5560 Pambos
1069 5504 1235 5560 dicit:
1272 5504 1416 5570 Quia
1443 5521 1546 5561 nos
1571 5508 1810 5564 necdum
1829 5526 1921 5583 pa-

394 5646 409 5682 ¹
434 5646 500 5704 In
512 5645 690 5706 Editis
719 5648 792 5707 ad
818 5648 1051 5708 verbum
1080 5665 1145 5708 ex
1166 5649 1362 5724 Pelag.
1386 5669 1398 5720 ;
1440 5650 1571 5710 dedi
1600 5660 1675 5710 ex"
1694 5642 1825 5711 Mss.

2007 4542 2113 4579 nus
2138 4527 2279 4597 ejus,
2312 4526 2484 4581 redde
2526 4527 2707 4582 illum.
2734 4527 3023 4583 Profectus
3053 4534 3139 4583 est
3163 4545 3296 4600 ergo
3324 4545 3511 4598 senex,
3544 4536 3603 4587 et

2006 4631 2107 4686 per
2131 4621 2247 4670 tres
2274 4616 2393 4670 dies
2423 4616 2762 4689 praedicavit,
2810 4622 2867 4672 et
2920 4634 3084 4673 nemo
3110 4618 3370 4674 inventus
3395 4625 3481 4676 est
3505 4622 3601 4693 qui

2006 4705 2343 4776 perdidisset
2369 4707 2609 4761 solidum
2636 4708 2813 4761 illum.
2849 4708 3005 4763 Tunc
3034 4725 3166 4780 ergo
3195 4710 3438 4764 Joannes
3466 4710 3603 4766 dicit

2006 4795 2078 4848 ad
2106 4794 2365 4850 abbatem
2391 4796 2691 4851 Iacobum:
2722 4797 2779 4851 Si
2809 4813 2975 4871 nemo
3006 4798 3165 4852 illum
3194 4797 3457 4871 perdidit,
3478 4800 3600 4856 red-

2006 4883 2077 4936 do
2102 4884 2261 4938 illum
2290 4885 2451 4939 fratri
2478 4885 2581 4951 illi,
2614 4885 2878 4957 quoniam
2910 4885 3085 4941 debeo
3112 4887 3231 4956 illi;
3278 4894 3337 4944 et
3370 4889 3599 4945 veniens

2005 4973 2075 5027 ad
2094 4978 2149 5028 te
2178 4980 2457 5040 mutuare,
2491 4980 2591 5030 aut
2613 4957 2762 5029 certe
2781 4976 2977 5046 tollere
3006 4975 3066 5032 in
3085 4976 3376 5047 charitate,
3398 4984 3456 5034 et
3477 4979 3601 5035 red-

2003 5062 2136 5117 dere
2165 5063 2247 5118 illi
2275 5064 2526 5119 debitum
2557 5081 2763 5132 meum,
2797 5064 2983 5121 inveni
3028 5065 3207 5122 illum.
3251 5067 3322 5123 Et
3361 5068 3596 5126 miratus

2004 5157 2091 5206 est
2136 5169 2302 5209 senex
2333 5154 2808 5225 quemadmodum
2856 5160 2914 5209 et
2955 5154 3166 5211 debens
3197 5161 3254 5213 et
3283 5156 3592 5227 inveniens,

2002 5256 2117 5295 non
2143 5243 2333 5297 statim
2354 5242 2487 5298 tulit
2500 5260 2648 5303 eum.
2674 5244 3067 5313 etreddiderit,
3092 5246 3203 5302 nisi
3226 5245 3313 5303 bis
3338 5265 3595 5303 reversus

2005 5335 2171 5399 esset,
2208 5336 2267 5388 et
2309 5332 2478 5388 tertio
2506 5332 2881 5406 praedicasset.
2925 5334 3042 5390 Hoc
3083 5340 3274 5393 autem
3305 5342 3428 5393 erat
3472 5337 3595 5407 ejus

2002 5420 2276 5489 mirabile,
2302 5422 2435 5494 quia
2449 5422 2497 5477 si
2520 5421 2645 5495 quis
2658 5422 2877 5479 volebat
2894 5424 2963 5480 ab
2983 5423 3078 5481 illo
3093 5425 3304 5498 aliquid
3326 5423 3591 5491 mutuari,

2005 5528 2117 5569 non
2132 5510 2303 5569 dabat
2322 5528 2425 5585 per
2443 5528 2643 5570 manus
2663 5530 2813 5584 suas,
2845 5515 2943 5571 sed
2962 5514 3185 5573 dicebat
3201 5514 3388 5571 fratri:
3415 5514 3588 5581 Vade,
