3966 6184
441 280 536 336 791

1567 282 1662 337 DE
1700 283 1889 340 VlTIS
1929 283 2227 340 PATRUM
2263 285 2478 341 LIBER
2514 284 2614 340 III.

3573 285 3659 343 792

437 409 497 461 et
514 405 649 461 tolle
667 405 769 461 tibi
791 407 936 478 quod
958 424 1098 478 opus
1133 407 1324 462 habes.
1350 409 1564 463 Etcum
1588 415 1904 482 reportaret
1924 411 2031 466 ite-
2048 378 2105 470 Ἀ
2123 409 2266 466 tibi?
2302 415 2364 466 tu
2394 426 2465 465 ne
2493 406 2758 464 detrahas
2789 405 2972 460 alteri.
3005 405 3232 471 Horres,
3262 405 3308 460 si
3335 407 3453 478 quis
3476 407 3565 462 tibi
3587 428 3660 466 ca-

439 511 590 563 rum,
621 495 840 550 dicebat
863 513 875 550 :
900 497 1052 552 Vade
1074 503 1132 553 et
1165 505 1392 570 reporta
1412 499 1605 554 inloco
1638 502 1785 556 unde
1802 501 2033 556 tuleras.

443 580 503 639 Si
531 589 719 639 autem
750 585 892 639 nihil
913 586 1224 652 detulisset,
1252 589 1392 642 nihil
1421 588 1514 642 ille
1543 590 1765 660 penitus
1794 589 2034 645 diccbat.

518 671 638 728 149.
680 671 874 728 Abbas
905 676 1134 730 Poemen
1163 677 1384 732 dicebat
1417 696 1427 730 :
1480 679 1838 734 Voluntatem
1879 685 2038 733 tuam

439 775 729 833 nunquam
758 763 1086 836 adimpleas,
1115 767 1214 820 sed
1243 767 1422 837 magis
1445 767 1678 822 humilia
1707 768 2041 839 teipsum,ut

438 848 613 904 facias
644 851 989 908 voluntatem
1014 855 1255 926 proximi
1283 856 1366 910 tui
1390 857 1430 910 ¹.

511 939 655 994 Item
705 939 875 995 abbas
923 943 1152 997 Pmmcn
1181 945 1404 1014 quando
1454 945 1755 1000 vocabatur
1783 952 1848 1001 ut
1881 952 2040 1000 extra

441 1027 791 1084 voluntatem
836 1048 998 1086 suam
1025 1033 1364 1100 comederet,
1395 1033 1514 1089 ibat
1551 1036 1797 1107 plorans,
1841 1054 1910 1091 ne
1958 1037 2042 1091 in-

442 1115 708 1173 obediens
732 1119 893 1174 fratri
923 1138 1025 1175 suo
1051 1123 1412 1178 contristaret
1435 1141 1584 1178 eum.

516 1207 672 1262 Idem
702 1215 954 1264 mactans
984 1215 1267 1283 propriam
1309 1214 1653 1268 voluntatem
1683 1214 2034 1282 humiliatus,

444 1295 791 1352 voluntatem
812 1299 1153 1370 sequebatur
1177 1301 1426 1355 alterius.

517 1386 642 1441 150.
673 1387 910 1450 Quidam
941 1390 1281 1444 anachoreta
1309 1390 1536 1446 sedebat
1566 1391 1624 1446 in
1655 1393 1856 1463 spelaea
1880 1393 2042 1462 juxta

447 1473 761 1529 coenobium
793 1477 1000 1532 multas
1015 1479 1250 1532 virtutes
1278 1480 1723 1552 taciens(PcIag.,
1744 1483 2038 1547 libellam,

2120 500 2390 555 lumniam
2419 498 2633 562 fecerit,
2660 496 2747 550 vel
2776 496 2823 550 si
2854 495 2979 566 quis
3007 495 3109 550 tibi
3141 494 3348 566 aliquid
3368 495 3659 554 abstulerit?

2120 595 2178 645 et
2204 595 2268 644 tu
2299 589 2411 644 sive
2439 589 2562 653 hoc,
2596 586 2709 641 sive
2739 585 2850 639 alia
2875 584 2964 639 his
2995 584 3204 640 similia
3223 601 3291 639 ne
3312 585 3472 640 facias
3493 587 3654 646 alicui.

2120 679 2228 743 Qui
2255 679 2405 733 enim
2435 678 2540 732 hoc
2561 675 2790 731 verbum
2806 675 3127 740 servaverit,
3152 679 3331 748 potest
3346 675 3422 729 illi
3449 677 3662 734 sufﬁcere

2121 769 2192 822 ad
2220 769 2479 823 salutem.

2191 858 2316 912 154.
2349 855 2537 911 Abbas
2575 857 2804 910 Pmmen
2831 860 2889 908 et
2915 852 3086 908 abbas
3118 854 3308 926 Nuph,
3330 859 3598 927 postquam
3622 859 3667 914 in

2121 947 2406 1003 desertum
2437 949 2730 1012 venerunt,
2761 943 3116 998 desiderabat
3128 949 3306 998 mater
3321 960 3503 999 eorum
3518 947 3672 1003 videre

2121 1052 2236 1102 eos,
2271 1040 2327 1090 et
2345 1052 2490 1106 saepe
2535 1033 2794 1088 veniebat
2820 1033 2887 1086 ad
2920 1049 3115 1086 eorum
3154 1033 3369 1100 cellam,
3400 1049 3493 1088 nec
3510 1040 3669 1091 tamen

2123 1124 2309 1196 potuit
2338 1123 2450 1178 illic
2477 1121 2845 1192 contemplari
2875 1137 2970 1175 eos
3005 1123 3226 1189 (PcIag.,
3261 1123 3406 1176 Iibell
3432 1139 3553 1187 rv,n.
3583 1122 3674 1180 33).

2123 1213 2359 1284 Captato
2383 1213 2572 1283 itaque
2599 1217 2871 1282 tempore,
2903 1210 3146 1264 occurrit
3174 1211 3256 1263 eis
3293 1227 3416 1264 cum
3443 1211 3507 1264 ad
3535 1213 3676 1268 eccle-

2122 1301 2266 1354 siam
2295 1299 2650 1367 festinarent;
2686 1315 2798 1370 qua
2833 1298 2971 1364 visa,
3003 1299 3210 1352 reversi
3232 1299 3484 1354 velociter
3502 1301 3674 1356 ostium

2124 1391 2276 1444 cella:
2305 1390 2647 1454 clauserunt,
2681 1388 2778 1441 illa
2817 1392 3005 1441 autem
3037 1391 3194 1440 stans
3222 1386 3357 1440 foris
3385 1403 3502 1442 cum
3531 1389 3677 1460 lac-ry-

2129 1479 2232 1534 mis
2281 1477 2566 1550 querebat
2593 1493 2707 1531 eos.
2737 1477 2894 1530 Tunc
2935 1475 3108 1529 abbas
3154 1476 3324 1546 Nuph
3366 1492 3600 1546 egressus
3621 1479 3675 1532 ad

447 1579 506 1618 η.
533 1560 599 1632 8;
631 1567 842 1630 Fascia,
874 1583 920 1622 c.
956 1564 1040 1632 18,
1076 1584 1233 1621 num.
1271 1567 1316 1636 l)
1343 1587 1354 1636 ;
1390 1575 1448 1623 et
1487 1587 1612 1623 cum
1644 1570 1816 1642 aliqui
1849 1587 2044 1624 mona-
2126 1567 2354 1622 beatum
2383 1565 2844 1632 Pcemenem,ait:
2876 1564 3303 1629 Quidfaciemus
3320 1565 3388 1618 de
3407 1565 3503 1619 hac
3529 1571 3678 1620 matre

449 1651 538 1706 chi
563 1653 843 1708 venissent
878 1654 947 1708 de
993 1655 1264 1722 coenobio,
1325 1659 1719 1730 compulerunt
1745 1676 1872 1713 eum
1907 1661 2080 1730 liora_
2121 1660 2469 1728 hostra,quae
2490 1655 2704 1727 plangit
2717 1654 2787 1708 ad
2803 1653 3007 1708 ostium
3030 1653 3223 1707 ?Tunc
3235 1653 3680 1724 exsurgensabbas

445 1757 560 1795 non
580 1749 848 1796 consueta
870 1743 1181 1798 comedere.
1225 1746 1294 1800 Et
1324 1727 1582 1817 post'hoc
1612 1748 1806 1802 dicunt
1851 1749 1902 1802 ei
1936 1749 2044 1802 fra-
2063 1727 2354 1800 BPcemen
2384 1745 2535 1798 vadit
2576 1744 2647 1798 ad
2675 1743 2880 1797 ostium
2911 1761 2924 1810 ;
2957 1759 3067 1815 quo
3097 1759 3208 1796 non
3241 1750 3453 1814 aperto,
3483 1745 3680 1799 audiens

444 1835 594 1886 tres:
621 1832 999 1888 Contristatus
1013 1851 1072 1887 es
1101 1834 1332 1906 aliquid,
1363 1835 1523 1901 abba,
1552 1837 1682 1908 quia
1704 1838 1868 1892 hodie
1887 1844 2045 1892 extra

447 1917 912 1976 consuetudinem
943 1921 1165 1977 fecisti?
1195 1923 1408 1988 Quibus
1436 1925 1530 1978 ille
1561 1927 2045 1996 responditzTunc

447 2009 588 2063 mihi
615 2016 701 2064 est
725 2009 1035 2078 tribulatio,
1069 2013 1291 2083 quando
1319 2014 1604 2085 propriam
1642 2016 1822 2070 fecero
1855 2017 2046 2070 volun-

448 2102 624 2153 tatem
637 2139 648 2150 .

453 2181 462 2196 ’
525 2185 642 2243 151.
669 2186 856 2242 Abbas
897 2189 1249 2260 Paphnutius
1293 2207 1404 2246 non
1432 2193 1697 2262 gustabat
1726 2193 1915 2248 vinum
1949 2194 2048 2248 ali-

450 2277 674 2349 quando
700 2279 926 2346 (Pelag.,
979 2281 1148 2334 libell.
1185 2295 1314 2346 xvn,
1365 2297 1422 2334 η.
1481 2279 1587 2350 42).
1641 2283 1823 2337 Semel
1853 2289 2044 2337 autem

449 2363 746 2420 ambulans
766 2365 991 2420 devenit
1009 2383 1182 2438 super
1203 2368 1478 2434 latrones;
1509 2375 1566 2422 et
1585 2386 1710 2424 cum
1742 2371 1800 2424 in
1835 2371 1920 2424 via
1951 2389 2046 2425 eos

447 2453 753 2509 invenisset
797 2454 1066 2522 bibentes,
1109 2457 1367 2528 cognitus
1399 2463 1486 2511 est
1524 2475 1556 2511 a
1587 2459 1838 2530 principe
1869 2461 2043 2514 latro-

449 2558 606 2609 num,
629 2543 727 2614 qui
756 2543 966 2598 sciebat
985 2561 1116 2599 eum
1140 2547 1288 2617 quod
1313 2546 1503 2602 vinum
1533 2563 1646 2602 non
1669 2547 1914 2603 biberet:
1950 2549 2048 2603 sed

449 2631 644 2686 videns
659 2632 790 2704 quia
812 2650 878 2687 ex
910 2633 1101 2688 labore
1122 2634 1342 2690 itineris
1365 2635 1633 2707 fatigatus
1667 2643 1830 2703 esset,
1857 2637 2050 2710 imple-

449 2721 532 2776 vit
543 2721 771 2776 calicem
789 2723 1062 2792 grandem
1085 2723 1230 2790 vino,
1251 2730 1307 2779 et
1315 2725 1566 2796 gladium
1586 2733 1784 2781 tenens
1798 2727 1855 2781 in
1879 2741 2049 2782 manu

453 2827 574 2878 sua,
607 2811 746 2866 dixit
775 2812 934 2867 seni:
965 2812 1086 2867 Nisi
1116 2812 1322 2869 biberis
1352 2815 1501 2869 hunc
1519 2816 1767 2879 calicem,
1801 2816 2048 2871 occidam

451 2904 530 2956 te.
562 2901 916 2971 Cognoscens
940 2918 1108 2956 senex
1135 2903 1266 2974 quia
1294 2920 1360 2958 ex
1400 2905 1666 2960 mandato
1704 2905 1804 2960 Dei
1829 2907 1945 2960 vult
1971 2905 2051 2961 fa-

452 3005 598 3057 cere,
629 2991 818 3044 volens
849 3007 979 3045 eum
1009 2991 1235 3057 lucrari,
1277 2993 1425 3059 tulit,
1473 3000 1531 3048 et
1578 2993 1736 3049 bibit.
1785 2995 2051 3067 Princeps

2124 1853 2250 1891 eam
2271 1835 2486 1906 jugiter
2505 1832 2974 1900 lamentari,dixit
2986 1831 3053 1885 ei:
3079 1832 3192 1886 Cur
3209 1837 3399 1886 tantos
3425 1832 3678 1898 clamores,

2125 1942 2254 1980 cum
2268 1926 2388 1996 jam
2409 1929 2572 1978 aztate
2598 1923 2815 1977 defessa
2834 1921 2929 1987 sis,
2961 1927 3019 1976 et
3049 1922 3310 1993 planctus
3323 1922 3579 1976 elfundis?
3600 1923 3682 1976 Illa

2127 2019 2318 2068 autem
2345 2029 2477 2066 voce
2529 2011 2627 2066 filii
2663 2011 2904 2080 cognita,
2959 2011 3202 2082 amplius
3263 2011 3591 2073 exclamavit,
3613 2011 3683 2064 di-

2126 2119 2274 2158 cens:
2291 2101 2568 2166 Quoniam
2591 2117 2685 2154 vos
2697 2099 2882 2153 videre
2893 2099 3300 2166 desidero,ﬁlii.
3316 2099 3457 2164 Quid
3477 2099 3683 2154 estenim

2127 2192 2175 2246 si
2201 2208 2299 2245 vos
2318 2190 2546 2244 videro?
2567 2205 2753 2244 nonne
2779 2205 2906 2242 sum
2929 2194 3111 2242 vestra
3123 2188 3406 2259 genitrix?
3427 2205 3595 2243 nonne
3611 2205 3686 2243 vos

2129 2281 2216 2335 his
2245 2280 2385 2334 meis
2411 2279 2609 2333 lactavi
2641 2277 2944 2332 uberibus?
2969 2279 3095 2332 Jam
3117 2277 3274 2332 omni
3303 2295 3572 2332 morarum
3586 2295 3687 2332 con-

2127 2369 2401 2425 tractione
2413 2369 2627 2440 repleta
2639 2367 3046 2433 sum,etaudita
3063 2383 3190 2420 voce
3203 2372 3305 2421 tua
3317 2367 3496 2421 omnia
3515 2367 3688 2420 viscera

2131 2475 2259 2513 mea
2287 2475 2400 2530 prae
2429 2456 2707 2511 desiderio
2726 2455 3058 2510 conturbata
3088 2456 3361 2510 sunt.Cui
3387 2456 3595 2510 Pmmen
3607 2456 3685 2510 ait:

2135 2547 2232 2603 Hic
2261 2563 2363 2601 nos
2392 2546 2677 2617 magis,an
2705 2544 2762 2598 in
2782 2543 2971 2600 futuro
2998 2545 3198 2600 saeculo
3216 2543 3689 2600 videredesideras?

2131 2638 2206 2692 At
2231 2637 2329 2690 illa
2357 2635 2527 2690 dixit:
2559 2634 2702 2699 Quid
2726 2651 2859 2704 ergo
2888 2634 2936 2688 si
2965 2650 3060 2689 vos
3082 2634 3174 2688 hic
3199 2651 3316 2688 non
3345 2633 3688 2706 videro,quasi

2131 2726 2246 2780 illic
2272 2741 2371 2797 pro
2399 2729 2550 2778 certo
2568 2723 2757 2777 visura
2785 2723 2934 2777 sim?
2965 2723 3109 2778 Sene
3128 2729 3322 2778 autem
3339 2723 3686 2795 respondente:

2133 2815 2294 2880 Quod
2309 2813 2357 2868 si
2385 2819 2442 2868 te
2465 2813 2554 2867 hic
2585 2811 2842 2867 cohibere
2867 2812 3135 2884 potueris,
3161 2829 3232 2866 ne
3265 2829 3368 2867 nos
3389 2813 3578 2878 videas,
3602 2811 3692 2865 illic

2131 2921 2234 2958 nos
2262 2903 2454 2975 procul
2485 2901 2655 2956 dubio
2687 2918 2910 2973 semper
2947 2900 3180 2956 videbis.
3209 2901 3373 2956 Tunc
3401 2902 3496 2956 illa
3519 2901 3692 2955 disces-

2133 2993 2209 3049 sit
2230 3009 2356 3048 cum
2387 2991 2614 3064 gaudio,
2641 2991 2865 3046 dicens:
2902 2991 2960 3046 Si
2990 3007 3092 3062 pro
3117 2995 3273 3046 certo
3297 2991 3411 3046 illic
3424 3007 3514 3044 vos
3539 2991 3692 3044 visura

451 3083 643 3134 autem
662 3079 946 3135 latronum
957 3081 1124 3153 caepit
1143 3081 1390 3137 eidicere
1414 3083 1680 3154 :Indulge
1703 3084 1860 3152 mihi,
1885 3084 2047 3152 abba,
2069 3081 2113 3143 C
2133 3099 2278 3148 sum,
2311 3081 2402 3136 hic
2430 3097 2526 3135 vos
2546 3079 2737 3136 videre
2761 3081 2881 3152 jam
2904 3080 3054 3134 nolo.

455 3168 721 3242 quoniam
737 3169 1083 3225 tribulavite.
1106 3171 1209 3226 Cui
1224 3188 1390 3227 senex
1411 3171 1490 3226 ait
1507 3191 1518 3226 :
1534 3173 1766 3228 Confido
1791 3174 1848 3228 in
1872 3175 2050 3230 Deum
2211 3171 2330 3226 155.
2363 3171 2606 3225 Joannes
2637 3169 2822 3224 minor
2849 3169 3141 3236 Thehazus,
3175 3169 3484 3242 discipulus
3510 3167 3694 3222 abbatis

451 3275 663 3325 meum,
683 3258 814 3330 quia
840 3264 1258 3330 propterunum
1271 3261 1501 3316 calicem
1529 3262 1641 3316 vini
1674 3263 1843 3318 faciat
1862 3269 2050 3332 tecum
2137 3259 2448 3326 Ammonis,
2482 3277 2582 3331 per
2604 3259 2900 3314 duodecim
2951 3274 3128 3312 annos
3162 3259 3391 3312 cuidam
3419 3259 3532 3313 seni
3559 3257 3690 3311 inﬁr-

454 3347 916 3414 misericordiam,
945 3353 1002 3402 et
1038 3348 1097 3403 in
1138 3350 1402 3420 praesenti
1431 3351 1632 3406 sazculo
1659 3357 1717 3406 et
1746 3352 1804 3406 in
1834 3353 2046 3408 futuro.
2133 3349 2312 3404 manti
2335 3349 2467 3404 fecit
2491 3349 2820 3420 obsequium
2855 3350 3075 3419 (Pclag.,
3101 3345 3683 3414 libell.xv1,n.1;Pasch.

456 3435 608 3492 Dicit
643 3436 694 3491 ei
723 3437 982 3509 princeps
1011 3437 1294 3494 latronum
1319 3458 1336 3494 :
1379 3439 1448 3494 Et
1475 3455 1578 3510 ego
1608 3441 1826 3496 confido
1857 3442 1914 3497 in
1946 3444 2052 3498 Deo
2135 3457 2180 3493 c.
2206 3439 2295 3506 19,
2325 3454 2486 3494 num.
2509 3437 2587 3504 2}.
2616 3438 2795 3492 Senex
2821 3443 3013 3492 tamen
3030 3437 3407 3492 cumvidisset
3429 3453 3548 3492 eum
3568 3433 3694 3489 labo-

461 3524 596 3596 quia
623 3523 692 3578 ab
720 3525 884 3580 hodie
908 3526 1120 3581 nemini
1160 3528 1469 3583 malefacio.
1499 3529 1568 3584 Et
1593 3530 1672 3585 sic
1698 3530 1946 3586 lucratus
1971 3539 2057 3588 est
2137 3533 2675 3599 rantem,nunquam
2689 3527 2767 3581 illi
2793 3543 3110 3581 sermonem
3133 3525 3406 3581 blandum
3435 3531 3530 3580 aut
3553 3522 3698 3596 placi-

462 3630 634 3670 scnex
665 3631 831 3669 omne
860 3617 1157 3686 collegium
1195 3617 1502 3673 latronum.
2142 3617 2277 3672 dum
2298 3617 2518 3672 locutus
2548 3622 2651 3672 est.
2683 3617 2822 3671 Cum
2847 3621 3037 3670 autem
3067 3615 3341 3670 transiret
3368 3615 3437 3669 de
3481 3629 3699 3685 corpore.

539 3701 660 3760 152.
692 3704 867 3759 Erant
889 3705 1000 3760 duo
1033 3705 1238 3760 fratres
1257 3725 1268 3761 :
1289 3723 1436 3762 unus
1451 3724 1518 3762 ex
1546 3707 1682 3779 ipsis
1711 3725 1883 3764 senex
1915 3715 2055 3777 erat,
2142 3705 2467 3761 sedentibus
2487 3706 2614 3760 aliis
2643 3705 2888 3772 senibus,
2906 3705 3093 3760 tenuit
3111 3705 3498 3775 manumejus.
3523 3707 3576 3757 et
3588 3701 3702 3755 dixit

463 3792 560 3865 qui
579 3793 1122 3864 rogabatjuniorem,
1149 3795 1544 3868 dicens:Rogo
1562 3803 1628 3852 ut
1657 3799 1870 3869 pariter
1898 3799 2061 3855 habi-
2145 3795 2198 3849 ei
2227 3795 2426 3850 tertio:
2487 3795 2747 3863 Salveris,
2800 3793 3060 3860 Salveris,
3095 3793 3360 3848 Salveris.
3408 3793 3476 3848 Et
3509 3788 3704 3846 tradidit

461 3885 668 3946 temus,
691 3881 866 3938 frater
884 3884 1117 3953 (Pelag.,
1147 3886 1316 3938 libell.
1351 3900 1480 3951 xvn,
1515 3903 1673 3940 num.
1709 3885 1816 3950 14).
1846 3889 1946 3943 Ille
1965 3905 2062 3944 au-
2143 3884 2303 3939 illum
2330 3883 2576 3951 senibus,
2611 3883 2832 3938 dicens:
2887 3885 2998 3938 Iste
3024 3899 3135 3937 non
3161 3883 3357 3949 homo,
3381 3882 3477 3937 sed
3505 3879 3704 3950 angelus

466 3974 584 4026 tem
612 3970 932 4042 respondit:
956 3971 1070 4042 Ego
1099 3978 1358 4043 peccator
1377 3980 1596 4042 sum,et
1633 3993 1745 4032 non
1769 3983 1928 4048 potes
1951 3995 2063 4033 me-
2145 3978 2248 4039 est,
2281 3972 2377 4044 qui
2407 3977 2492 4028 tot
2519 3971 2683 4026 annis
2703 3970 3181 4036 mihiinﬁrmanti,
3199 3987 3308 4026 nec
3323 3977 3511 4026 tamen
3528 3968 3703 4022 bonum

465 4075 594 4115 cum
623 4059 899 4114 habitare.
932 4060 1032 4114 Ille
1061 4077 1192 4116 vero
1223 4062 1458 4132 rogabat
1497 4081 1646 4128 eum,
1679 4065 1900 4120 dicens:
1923 4067 2062 4122 Pos-
2145 4078 2464 4116 sermonem
2491 4078 2526 4115 a
2562 4077 2652 4116 me
2675 4060 2910 4116 audiens
2931 4059 3062 4114 fecit
3080 4059 3437 4131 obsequium.

466 4164 682 4204 sumus.
723 4149 858 4204 Erat
885 4154 1076 4205 autem
1105 4151 1200 4206 ille
1229 4151 1416 4206 senior
1441 4153 1705 4219 mundus,
1739 4159 1797 4210 et
1837 4155 2065 4211 nolebat
2227 4148 2534 4207 l56.Abbas
2554 4150 2815 4222 Agathon
2827 4149 3054 4204 veniens
3076 4149 3134 4204 in
3153 4148 3462 4215 civitatem,
3483 4153 3544 4202 ut
3559 4158 3704 4217 opera

465 4235 662 4292 audire
691 4237 824 4309 quia
850 4240 1158 4295 monachus
1181 4239 1425 4296 habebat
1449 4242 1752 4314 aliquando
1776 4244 2065 4315 cogitatio-
2147 4257 2250 4296 sua
2273 4240 2556 4305 venderet,
2589 4239 2803 4331 invenit
2831 4238 3521 4331 quemdamperegrinum
3550 4237 3710 4331 jacen:

464 4341 598 4382 nom
627 4341 876 4398 pravam.
909 4327 978 4382 Et
991 4327 1127 4384 dicit
1145 4329 1198 4383 ei
1226 4329 1321 4384 ille
1348 4329 1574 4400 junior:
1611 4332 1881 4387 Permitte
1912 4333 2122 4404 quie-_
2146 4335 2262 4385 tem
2292 4329 2350 4384 in
2380 4329 2678 4400 angiportu
2708 4327 3017 4395 inﬁrmum,
3059 4327 3280 4382 nullum
3309 4327 3597 4382 habentem
3628 4327 3708 4394 qui

467 4431 623 4470 scere
641 4415 753 4470 hac
775 4431 889 4470 una
911 4417 1245 4490 septimana,
1277 4423 1333 4473 et
1359 4419 1568 4474 iterum
1596 4400 2063 4492 loquemurL‘um
2080 4400 2198 4473 Dei
2228 4435 2422 4474 curam
2450 4417 2742 4472 adhiberet
2765 4435 2778 4484 ;
2803 4423 2861 4472 et
2889 4417 3201 4488 permansit
3213 4415 3292 4470 ibi
3313 4431 3501 4482 senex,
3530 4420 3582 4470 et
3604 4427 3708 4466 con-

465 4520 601 4576 ergo
627 4509 756 4576 post
793 4504 1169 4575 septimanam
1206 4522 1375 4561 senex
1403 4508 1648 4564 venisset
1688 4510 1759 4564 ad
1787 4527 1938 4578 eum,
1971 4511 2064 4567 ille
2147 4508 2307 4563 duxit
2325 4507 2660 4572 sibicellam,
2692 4512 2748 4561 et
2763 4523 2828 4560 ex
2854 4522 3022 4578 opere
3049 4522 3325 4560 manuum
3358 4520 3575 4560 suarum
3596 4516 3708 4574 pre-

467 4593 658 4649 volens
687 4591 928 4663 experiri
959 4608 1108 4658 eum,
1141 4593 1281 4648 dixit
1307 4595 1360 4649 ei
1383 4613 1394 4648 :
1419 4596 1484 4650 In
1503 4597 1775 4666 grandem
1804 4601 2066 4656 tentatio-
2147 4597 2335 4654 stabat
2354 4597 2579 4651 inﬁrmo
2607 4595 2691 4649 illi
2731 4593 3082 4666 obsequium.
3109 4595 3432 4650 Permansit
3458 4598 3629 4648 autem
3643 4587 3707 4644 ibi

465 4698 598 4738 nem
629 4681 802 4738 incidi
833 4681 894 4736 in
926 4681 1242 4755 septimana
1259 4683 1382 4752 hac,
1410 4683 1572 4740 abba.
1596 4687 1882 4742 Profectus
1913 4689 2065 4744 enim
2147 4685 2434 4742 mensibus
2461 4689 2721 4758 quatuor,
2762 4685 2938 4738 donec
2965 4691 3193 4739 sanaret
3214 4683 3503 4738 inﬁrmum
3534 4699 3548 4735 ε
3576 4684 3626 4734 et
3644 4677 3708 4731 sic

467 4772 529 4827 in
555 4771 742 4828 vicum
786 4778 1019 4844 propter
1063 4776 1256 4840 528
1281 4773 1692 4843 necessitatem,
1723 4777 1964 4846 peccavi.
1996 4779 2067 4833 Et
2147 4777 2218 4831 ad
2245 4776 2442 4831 cellam
2473 4790 2633 4830 suam
2651 4789 2941 4844 regressus
2967 4778 3071 4828 est.

469 4860 613 4915 dixit
643 4861 696 4916 ei
737 4877 944 4917 senex:
987 4861 1058 4918 Et
1085 4861 1168 4918 vis
1204 4863 1522 4936 poenitere?
1555 4865 1697 4920 Cum
1737 4871 1929 4921 autem
1972 4867 2066 4922 ille
2226 4863 2593 4930 157.Quidam
2609 4859 3710 4934 magnussencxinﬁrmantidiscipulosuo

471 4947 842 5020 promisisset,
879 4950 959 5006 ait
984 4967 1155 5007 senex
1184 4970 1198 5008 :
1242 4951 1361 5025 Ego
1391 4958 1577 5009 tecum
1607 4959 1770 5026 porto
1817 4955 2068 5013 medium
2149 4954 2290 5010 dixit
2325 4973 2337 5008 :
2365 4955 2490 5009 Non
2520 4951 2887 5017 contristeris,
2905 4951 3006 5042 fili,
3037 4951 3452 5042 exinﬁrmitate
3479 4947 3711 5042 velplaga

471 5037 686 5110 peccati
713 5037 884 5094 illius.
916 5039 1071 5096 Tunc
1098 5041 1196 5097 ille
1220 5039 1396 5098 frater
1445 5042 1620 5098 dixit:
1664 5043 1828 5098 Modo
1869 5061 2068 5116 possu-
2151 5044 2402 5116 corporis
2448 5043 2550 5110 tui,
2573 5057 2797 5098 summa
2827 5041 2975 5096 enim
2999 5040 3196 5112 religio
3219 5046 3304 5095 est
3323 5045 3389 5095 ut
3416 5039 3473 5093 in
3501 5037 3710 5091 inﬁmi-

473 5141 603 5180 mus
634 5124 804 5191 ambo
843 5128 1060 5198 pariter
1088 5147 1339 5188 manere.
1390 5133 1460 5188 Et
1494 5138 1826 5189 manserunt
1855 5133 2070 5205 pariter
2152 5139 2270 5188 tate
2300 5132 2426 5204 quis
2452 5136 2586 5203 agat
2613 5132 2729 5187 Deo
2747 5130 2960 5202 gratias
2984 5129 3216 5199 (Pelag.,
3249 5131 3421 5183 libell.
3449 5139 3542 5191 vn,
3573 5140 3625 5178 η.
3659 5117 3710 5178 16

473 5229 656 5286 usque
685 5213 755 5268 ad
777 5219 1000 5286 tempus
1015 5221 1367 5278 transitionis
1395 5240 1528 5280 suae.
2152 5225 2374 5278 nomine
2424 5220 2770 5290 Syncleticas;
2817 5219 3028 5285 Pasch,
3057 5235 3103 5274 ο.
3135 5215 3226 5284 20,
3255 5235 3312 5272 η.
3341 5217 3410 5286 1).
3453 5215 3510 5270 Si
3528 5213 3709 5268 ferrum

552 5299 672 5360 153.
706 5302 945 5368 Quidam
990 5323 1190 5366 senum
1243 5312 1494 5367 dicebat:
1552 5311 1837 5384 Quidquid
1869 5312 2066 5368 horret
2151 5328 2229 5379 es,
2262 5329 2364 5384 per
2409 5311 2600 5383 ignem
2650 5309 2956 5381 aeruginem
3003 5306 3217 5364 amittis
3249 5326 3263 5376 ;
3299 5306 3349 5361 si
3389 5319 3512 5359 vero
3535 5313 3709 5356 aurum

472 5394 664 5459 homo,
683 5391 779 5448 alii
793 5393 1022 5450 omnino
1040 5411 1112 5451 ne
1143 5397 1312 5455 faciat
1337 5402 1561 5470 (Pelag.,
1593 5405 1762 5458 libell.
1791 5417 1830 5469 ι,
1868 5418 1924 5456 η.
1953 5399 2016 5456 21
2051 5420 2063 5468 ;
2151 5417 2230 5466 es,
2271 5418 2372 5473 per
2408 5401 2598 5473 ignem
2635 5398 2904 5472 probatus
2933 5415 2968 5454 a
2994 5397 3215 5470 magnis
3253 5394 3324 5450 ad
3372 5394 3582 5464 majora
3598 5403 3707 5460 pro-

475 5483 661 5540 Pasch.
680 5498 725 5539 ο.
760 5478 842 5548 16,
876 5494 1036 5538 num.
1068 5483 1144 5556 2).
1167 5486 1376 5544 Horres
1401 5490 1566 5559 enim,
1589 5491 1636 5547 si
1666 5491 1792 5564 quis
1819 5490 2071 5546 detrahit
2151 5489 2320 5547 cedis.
2344 5491 2428 5546 Ne
2457 5489 2701 5546 anxieris
2725 5505 2878 5561 ergo,
2905 5488 3098 5556 frater;
3118 5487 3166 5544 si
3179 5485 3327 5542 enim
3359 5484 3507 5541 Deus
3535 5487 3586 5536 te
3609 5476 3708 5532 vult

547 5625 564 5660 ¹
597 5625 804 5696 Polam,
831 5624 1000 5686 libo".
1032 5639 1108 5696 tv,
1143 5641 1202 5684 η.
1233 5625 1322 5688 30.
1353 5630 1418 5689 In
1443 5631 1618 5692 Editis
1645 5631 1736 5690 hic
1764 5632 1911 5707 style
1933 5633 2127 5706 Pelag.
2158 5631 2299 5692 Dedi
2325 5647 2394 5690 ex
2422 5631 2559 5690 Mss.
