3966 6184
308 287 417 345 793

1620 288 1857 343 VERBA
1892 286 2285 344 SENIORUM.

3486 283 3587 341 794

304 413 368 468 in
387 427 621 484 corpore
650 411 919 484 torqueri,
953 414 1017 466 tu
1063 411 1160 483 qui
1188 428 1281 479 διε,
1325 410 1421 483 qui
1458 410 1691 466 moleste
1718 411 1903 467 feras?

1998 446 2105 485 nus
2146 430 2315 486 venit.
2362 429 2426 485 In
2455 430 2561 485 hoc
2587 445 2845 485 sermone
2872 429 3095 484 reddito
3152 428 3375 501 spiritu,
3406 427 3592 482 omnis

307 501 538 557 Sustine
568 518 723 580 ergo,
774 506 831 559 et
864 517 1002 575 roga
1040 501 1221 559 Deum
1249 506 1313 561 ut
1356 517 1480 575 quae
1508 501 1627 576 ipse
1655 502 1779 559 vult
1816 501 1903 559 illa

1994 521 2147 578 locus
2166 522 2260 578 ille
2284 526 2451 594 grato
2474 521 2644 577 odore
2670 520 2917 592 repletus
2945 525 3049 574 est.

305 591 599 650 concedat.

384 702 508 760 158.
541 704 721 759 Senex
752 703 977 773 quidam
1016 720 1144 758 cum
1172 703 1495 774 frequenter
1527 702 1911 758 infirmaretur

304 809 542 865 corpore
565 798 623 848 et
633 793 946 864 langueret,
969 792 1204 863 contigit
1222 798 1288 846 ut
1304 808 1416 848 uno
1438 808 1585 846 anno
1604 792 1761 846 nulla
1780 809 1909 847 eum

301 882 568 937 valetudo
585 882 954 952 contingeret.
990 882 1058 936 Et
1087 888 1387 953 propterea
1416 880 1602 946 ﬂebat,
1639 886 1695 936 et
1721 882 1907 952 gravi-

302 983 398 1026 ter
434 970 669 1039 ferebat,
710 971 933 1025 dicens:
970 970 1267 1042 Reliquisti
1292 987 1401 1037 me,
1431 969 1687 1037 Domine,
1720 976 1778 1025 et
1804 987 1908 1025 no-

300 1060 461 1115 luisti
482 1078 572 1115 me
584 1060 846 1132 praesenti
858 1060 962 1114 hoc
980 1076 1128 1115 anno
1145 1060 1599 1128 visitare(Pelag.,
1617 1061 1787 1115 libell.
1807 1074 1903 1127 vn,

302 1165 361 1207 η.
385 1147 449 1206 41
474 1169 489 1219 ;
519 1151 733 1217 Pasch,
761 1165 805 1203 c.
838 1147 926 1215 20,
960 1166 1120 1204 num.
1152 1148 1231 1218 2).

377 1256 500 1314 159.
534 1256 774 1322 Quidam
804 1274 971 1313 senex
997 1273 1123 1311 cum
1156 1260 1474 1311 moreretur
1517 1255 1578 1309 in
1607 1255 1818 1328 Scythi,
1852 1260 1908 1310 et

299 1347 747 1402 circumdassent
774 1348 1044 1402 lectulum
1076 1348 1198 1417 ejus
1228 1346 1448 1412 fratres,
1481 1351 1537 1400 et
1565 1344 1911 1417 composuis-

302 1441 433 1490 sent
461 1452 594 1490 eum
624 1442 794 1507 atque
823 1437 1175 1507 plangerent,
1196 1435 1420 1507 aperuit
1447 1434 1542 1489 ille
1570 1435 1761 1488 oculos
1777 1450 1908 1488 suos

304 1530 364 1580 et
395 1524 554 1579 risit:
587 1530 644 1579 et
671 1525 877 1580 iterum
922 1524 1147 1596 aperuit
1190 1530 1247 1579 et
1286 1525 1411 1579 risit
1437 1543 1449 1584 :
1481 1530 1538 1578 et
1563 1523 1730 1578 tertio
1751 1522 1908 1577 simi-

299 1614 433 1667 liter
456 1613 589 1668 fecit
619 1616 841 1682 (Pclag.,
876 1616 1043 1668 libelt.
1075 1628 1151 1679 xx,
1178 1630 1234 1667 η.
1269 1612 1379 1681 5'2).
1414 1613 1555 1668 Cum
1593 1618 1784 1667 autem
1822 1629 1908 1667 ro-

308 1709 515 1775 garent
544 1719 674 1756 eum
702 1702 928 1767 fratres,
958 1702 1206 1756 dicentes
1240 1720 1253 1757 :
1285 1702 1385 1756 Dic
1413 1701 1592 1769 nobis,
1626 1701 1787 1768 abba,
1808 1719 1907 1756 cur

2061 611 2183 669 163.
2221 614 2427 670 Beatus
2448 610 2738 678 Arsenius,
2765 610 2899 666 dum
2924 615 3149 681 tempus
3162 608 3284 680 ejus
3300 612 3365 662 ut
3385 607 3592 678 migra-

1991 708 2079 758 ret
2097 703 2167 759 de
2197 704 2301 758 hoc
2328 704 2529 759 saeculo
2558 702 2989 774 approximaret,
3009 698 3230 754 dicebat
3250 699 3319 753 ad
3342 698 3589 769 discipu-

1989 791 2073 847 los
2103 810 2267 848 suos:
2295 795 2475 848 Nemo
2505 809 2673 863 super
2699 808 2789 845 me
2813 790 2977 845 faciat
3015 789 3365 853 charitatem,
3394 787 3502 842 nisi
3531 786 3590 841 in

1990 882 2110 936 sola
2137 881 2419 938 oblatione
2449 901 2462 950 ;
2496 899 2598 951 ego
2629 880 2677 935 si
2703 880 2805 934 feci
2826 877 3402 945 charitatem,invenio
3430 876 3584 931 illam

1992 972 2215 1042 (Pelag.,
2253 974 2421 1026 lz'bcll.
2454 989 2508 1039 x,
2545 988 2602 1025 η.
2632 969 2705 1039 9).

2060 1060 2323 1115 Turbatis
2347 1067 2536 1116 autem
2557 1058 2842 1131 discipulis
2867 1058 2914 1129 ej
2924 1074 3006 1125 us,
3027 1056 3186 1128 quasi
3200 1058 3317 1128 jam
3334 1062 3589 1128 tempore

1989 1150 2402 1221 propinquante
2417 1150 2552 1204 dicit
2566 1149 2646 1204 eis
2669 1168 2680 1203 :
2702 1148 2955 1203 Necdum
2976 1147 3115 1200 hora
3135 1163 3258 1200 mea
3275 1145 3444 1213 venit;
3463 1161 3589 1200 cum

1989 1243 2179 1293 autem
2208 1239 2442 1302 venerit,
2484 1255 2594 1293 non
2625 1236 2822 1292 tacebo
2851 1239 3076 1304 (Pelag.,
3103 1236 3272 1289 libell.
3306 1252 3390 1300 xv,
3418 1251 3474 1287 η.
3512 1231 3585 1301 9).

1993 1326 2103 1381 Sed
2131 1333 2323 1383 tamen
2351 1328 2573 1383 stabitis
2591 1325 2879 1381 mecumin
2907 1325 3093 1379 divino
3111 1323 3322 1395 judicio
3348 1328 3478 1376 ante
3490 1321 3589 1376 tri-

1991 1415 2164 1471 bunal
2194 1418 2421 1485 Christi,
2464 1418 2512 1472 si
2554 1417 2719 1471 alicui
2748 1416 2817 1469 de
2854 1431 2980 1468 meo
3015 1413 3343 1484 corpusculo
3372 1411 3584 1482 aliquid

1989 1506 2142 1560 velut
2168 1507 2434 1579 reliquias
2446 1506 2732 1562 dederitis.
2757 1505 2872 1560 Illis
2892 1508 3083 1558 autem
3097 1501 3583 1573 respondentibus:

1990 1594 2069 1655 Et
2096 1599 2230 1670 quid
2259 1597 2544 1662 faciemus,
2586 1596 2774 1660 Pater,
2817 1593 2949 1664 quia
2985 1591 3265 1646 nescimus
3299 1590 3588 1644 hominem

1988 1688 2268 1762 sepelire?
2298 1685 2605 1757 Respondit
2632 1684 2755 1738 ille:
2783 1680 3047 1752 Nunquid
3069 1680 3293 1734 nescitis
3311 1679 3500 1733 funem
3525 1679 3585 1733 in

299 1770 468 1847 nobis
498 1790 764 1846 ﬂentibus
798 1794 919 1862 ipse
960 1790 1147 1845 rides?
1184 1791 1494 1862 Respondit
1530 1794 1587 1845 et
1612 1790 1749 1845 dicit
1777 1792 1857 1845 eis
1889 1773 2224 1853 :Bpedibus
2272 1776 2412 1830 meis
2450 1774 2693 1840 mittere,
2735 1777 2791 1826 et
2828 1771 2909 1825 ita
2944 1786 3034 1824 me
3062 1770 3134 1823 ad
3174 1773 3423 1823 montem
3472 1772 3587 1821 θ’θ’

297 1880 494 1935 Primo
518 1880 639 1945 risi,
672 1880 805 1951 quia
824 1895 1021 1934 omnes
1049 1879 1262 1934 timetis
1290 1886 1531 1933 mortem
1554 1897 1567 1947 ;
1591 1879 1902 1934 etsecundo

298 1968 420 2037 nisi,
455 1969 591 2040 quia
617 1985 730 2023 non
752 1968 884 2024 estis
918 1968 1132 2039 parati;
1167 1967 1336 2023 tertio
1363 1984 1492 2023 vero
1522 1968 1639 2036 risi,
1678 1968 1812 2040 quia
1831 1969 1901 2023 de

298 2057 494 2113 labore
521 2058 664 2112 vado
693 2058 764 2112 ad
792 2057 1066 2128 requiem.

377 2163 499 2221 160.
512 2162 699 2218 Abbas
719 2164 991 2218 Pammon
1006 2164 1064 2218 in
1084 2163 1207 2235 ipsa
1226 2165 1367 2218 hora
1385 2164 1609 2235 quando
1628 2163 1906 2218 transibat

294 2253 417 2324 jam
447 2252 518 2306 de
544 2268 796 2323 corpore,
832 2252 971 2306 dixit
1014 2252 1138 2306 aliis
1172 2252 1306 2306 viris
1348 2253 1557 2306 sanctis
1585 2252 1903 2307 astantibus

299 2340 438 2395 sibi:
464 2341 544 2395 Ex
566 2357 675 2412 quo
703 2341 850 2407 veni,
881 2340 1104 2407 fratres,
1141 2340 1200 2395 in
1229 2342 1378 2395 hunc
1405 2342 1590 2395 locum
1620 2342 1814 2408 eremi,
1848 2348 1905 2396 et

299 2429 573 2484 adiﬁcavi
596 2429 735 2483 mihi
765 2430 911 2483 hanc
938 2430 1218 2495 cellulam,
1251 2434 1408 2484 extra
1440 2447 1610 2501 opera
1630 2446 1902 2485 manuum

299 2534 559 2572 mearum
582 2518 769 2572 nescio
790 2535 881 2572 me
902 2534 1104 2589 panem
1119 2523 1394 2589 gustasse,
1427 2536 1530 2573 nec
1554 2519 1790 2589 pcenitui
1813 2537 1903 2574 su-

297 2624 400 2679 per
431 2623 750 2661 sermonem
788 2624 954 2679 quem
998 2608 1219 2662 locutus
1266 2625 1411 2674 sum,
1445 2624 1623 2679 usque
1660 2608 1721 2662 in
1758 2608 1904 2662 hanc

294 2695 499 2751 horam
515 2716 528 2764 ;
547 2702 606 2751 et
626 2701 817 2750 tamen
846 2696 926 2751 sic
945 2696 1085 2750 vado
1101 2696 1172 2750 ad
1194 2697 1394 2763 Deum,
1430 2702 1701 2768 tanquam
1731 2697 1779 2752 si
1801 2714 1902 2752 nec

291 2786 602 2857 inciperem
624 2786 804 2840 colere
830 2802 962 2841 eum
993 2787 1217 2854 (Pelag.,
1254 2788 1429 2840 libell.
1461 2800 1501 2852 Ι,
1536 2802 1594 2840 η.
1627 2785 1727 2857 16).

373 2891 495 2949 161.
517 2891 705 2946 Abbas
724 2892 985 2963 Agathon
1014 2893 1147 2947 dum
1171 2897 1502 2960 moreretur,
1522 2910 1624 2965 per
1640 2898 1755 2948 tres
1774 2894 1894 2949 dies

1986 1868 2168 1994 1]θίδῖιῖ
2186 1942 2374 1992 autem
2396 1935 2683 1990 oculorum
2705 1934 2827 2005 ejus
2847 1951 2910 1987 ex
2924 1932 3047 2004 jugi
3078 1933 3213 1986 ﬂetu
3243 1929 3585 1984 ceciderunt.

1986 2030 2131 2085 Nam
2162 2044 2263 2099 per
2282 2042 2447 2080 omne
2474 2028 2697 2094 tempus
2726 2023 2851 2078 vitae
2874 2040 2988 2077 suae
3008 2020 3208 2075 sedens
3239 2022 3294 2073 et
3324 2033 3581 2089 operans,

1985 2133 2237 2191 pannum
2260 2115 2318 2169 in
2342 2114 2467 2169 sinu
2505 2129 2607 2167 suo
2651 2111 2897 2166 habebat
2932 2115 3161 2183 propter
3187 2109 3464 2179 lacrymas
3493 2105 3588 2159 de-

1991 2208 2234 2262 fluentes
2266 2219 2330 2259 ex
2365 2202 2539 2258 oculis
2570 2203 2693 2271 ejus
2712 2204 2933 2272 (Pelag.,
2967 2201 3136 2254 lz’bcu.
3161 2212 3244 2262 III,
3280 2213 3339 2250 η.
3371 2195 3443 2263 l).

2056 2296 2205 2350 Dum
2251 2309 2383 2363 ergo
2429 2295 2744 2345 moreretur
2785 2292 3007 2356 (Pelag.,
3045 2290 3212 2341 libell.
3260 2302 3346 2351 xv,
3408 2300 3467 2338 η.
3508 2281 3584 2351 9),

1984 2384 2154 2455 cepit
2181 2382 2335 2446 flere,
2361 2385 2417 2433 et
2437 2396 2562 2433 cum
2592 2378 2795 2432 fratres
2817 2377 2965 2431 illius
3007 2375 3364 2446 requirerent
3391 2372 3582 2426 dicen—

1985 2477 2073 2526 tes
2096 2491 2106 2525 :
2143 2471 2289 2536 Quid
2321 2471 2440 2535 ﬂes,
2466 2468 2668 2523 Pater?
2699 2466 2951 2537 nunquid
2969 2470 3025 2519 et
3044 2470 3107 2518 tu
3126 2464 3289 2517 times
3318 2462 3342 2515 Ἰ
3370 2461 3471 2516 Ille
3492 2476 3583 2514 re-

1984 2560 2210 2633 spondit
2235 2578 2245 2613 :
2277 2560 2342 2614 In
2372 2557 2605 2612 veritate
2633 2555 2841 2621 timeo;
2886 2559 2943 2608 et
2977 2554 3084 2608 iste
3115 2552 3287 2606 timor
3307 2550 3402 2621 qui
3432 2565 3581 2604 nunc

1983 2666 2205 2705 mecum
2236 2651 2338 2714 est,
2376 2662 2598 2718 semper
2626 2645 2683 2699 in
2712 2661 2801 2698 me
2834 2643 2937 2698 fuit
2973 2659 3039 2697 ex
3074 2658 3184 2712 quo
3222 2641 3403 2693 factus
3459 2654 3585 2692 sum

1984 2737 2309 2792 monachus.
2331 2736 2481 2790 Cum
2521 2738 2711 2788 autem
2741 2732 2971 2785 vidisset
2997 2729 3169 2783 abbas
3198 2729 3425 2782 Pmmen
3452 2726 3584 2798 quia

1978 2826 2229 2888 transiit,
2250 2825 2413 2879 dixit:
2444 2825 2650 2878 Beatus
2677 2840 2755 2888 es,
2795 2820 2942 2874 abba
2968 2818 3189 2885 Arseni,
3220 2818 3358 2890 quia
3381 2822 3437 2871 te
3466 2821 3587 2870 tan-

1978 2922 2103 2972 tum
2131 2916 2191 2969 in
2219 2915 2323 2968 hoc
2352 2912 2551 2968 saeculo
2581 2910 2860 2984 planxisti.
2913 2909 3021 2974 Qui
3073 2908 3225 2962 enim
3253 2906 3343 2960 hic
3386 2922 3446 2960 se
3476 2920 3590 2959 non

295 2982 1071 3093 οουῖοειῇΡθξξοειῐθηυίίξιοη
1102 2999 1197 3093 ξοδ
1220 2998 1448 3093 ιηοξθηδ
1472 2985 1697 3093 (Ρθῖίξέξον
1727 2986 1896 3093 ίίδεξιι
1918 3032 1962 3093 C
1985 3003 2285 3076 planxerit,
2319 3002 2435 3056 illic
2461 3001 2518 3055 in
2548 2982 2885 3072 perpetuum
2922 2997 3155 3067 lugebit.
3190 2997 3306 3049 Aut
3335 3010 3468 3064 ergo
3496 2992 3587 3047 hic

295 3085 372 3135 xx,
401 3088 461 3125 η.
492 3069 571 3140 2).
621 3071 847 3125 Fratres
876 3075 1066 3125 autem
1109 3076 1406 3140 tangentes
1435 3088 1563 3125 eum
1594 3072 1854 3130 dimrunt
1883 3092 1895 3127 :

299 3159 413 3215 Ubi
434 3175 586 3213 nunc
607 3176 686 3225 es,
710 3158 889 3213 abba?
908 3161 982 3213 At
999 3159 1093 3213 ille
1113 3159 1280 3213 dixit:
1307 3160 1370 3214 In
1390 3166 1693 3231 conspectu
1703 3162 1903 3231 judicii

296 3248 404 3303 Dei
424 3254 533 3303 sto.
565 3248 635 3302 Et
653 3248 850 3302 dicunt
889 3247 939 3302 ei
984 3248 1215 3303 fratres:
1240 3249 1507 3320 Nunquid
1540 3254 1596 3303 et
1613 3254 1676 3304 tu
1697 3250 1904 3305 times?

295 3336 516 3402 Quibus
547 3337 642 3390 ille
663 3324 953 3408 respondit
979 3356 990 3391 :
1028 3338 1252 3391 Interea
1271 3344 1544 3407 quantum
1564 3337 1670 3392 fuit
1700 3339 1770 3393 ad
1799 3340 1905 3393 vir-

296 3431 483 3481 tutem
516 3441 723 3492 meam,
769 3442 992 3496 semper
1029 3426 1375 3480 consideravi
1413 3432 1477 3480 ut
1504 3427 1774 3481 mandata
1802 3428 1903 3482 Dei

295 3515 411 3569 mei
436 3515 683 3569 facerem
714 3532 726 3566 :
760 3514 858 3568 sed
883 3515 1046 3578 homo
1072 3532 1217 3583 sum,
1252 3520 1309 3569 et
1336 3515 1485 3569 unde
1504 3516 1636 3581 scio,
1664 3516 1711 3571 si
1734 3534 1905 3588 opera

297 3620 432 3658 mea
458 3602 683 3674 placent
694 3602 838 3657 Deo?
859 3601 964 3656 Cui
989 3601 1188 3656 fratres
1204 3601 1465 3658 dixerunt
1493 3617 1504 3651 :
1524 3605 1651 3659 Non
1666 3605 1902 3659 confidis

296 3692 450 3764 quod
478 3707 653 3763 opera
668 3696 770 3745 tua
788 3691 1098 3746 secundum
1122 3698 1309 3757 524
1332 3692 1509 3746 Deum
1531 3693 1696 3747 sunt?
1713 3695 1788 3747 At
1806 3694 1902 3749 ille

293 3780 621 3853 respondit:
650 3781 778 3835 Non
795 3780 1012 3834 conﬁdo
1034 3779 1092 3834 in
1115 3786 1414 3850 conspectu
1445 3782 1563 3846 Dei,
1592 3782 1724 3852 quia
1746 3783 1899 3837 aliud

295 3877 388 3926 est
411 3869 691 3941 judicium
720 3869 842 3935 Dei,
876 3874 931 3923 et
954 3868 1105 3923 aliud
1132 3869 1449 3926 hominum.

375 3974 496 4033 16'2.
538 3974 743 4030 Abbati
773 3974 953 4030 Sisoio
982 3992 1109 4029 cum
1141 3980 1365 4047 tempus
1396 3975 1751 4031 dormitionis
1776 3979 1901 4048 ejus

293 4063 641 4130 advenisset,
684 4069 742 4119 et
778 4063 941 4118 multi
983 4063 1097 4117 illic
1128 4081 1291 4119 sones
1323 4065 1728 4132 convenissent,
1748 4066 1901 4120 vide-

295 4158 437 4208 runt
462 4152 660 4208 faciem
690 4154 813 4223 ejus
842 4152 1059 4224 fulgore
1087 4153 1329 4224 quodam
1359 4154 1707 4221 radiantem;
1741 4160 1797 4208 et
1822 4154 1902 4208 di-

297 4243 381 4297 cit
428 4242 511 4296 eis
560 4241 723 4313 ipse:
762 4242 898 4297 Ecce
942 4240 1115 4296 abbas
1154 4242 1433 4297 Antonius
1480 4243 1631 4297 venit
1672 4243 1744 4297 ad
1799 4260 1901 4298 nos

1985 3110 2051 3148 ex
2076 3093 2385 3156 voluntate,
2408 3095 2509 3145 aut
2534 3089 2646 3143 illic
2674 3105 2774 3159 pro
2798 3086 3096 3142 tormentis
3121 3082 3467 3155 impossibile
3497 3084 3584 3136 est

1984 3182 2270 3237 hominem
2292 3196 2403 3234 non
2427 3179 2717 3251 plangere.

2061 3269 2183 3326 161.
2232 3271 2440 3323 Beatus
2492 3266 2832 3322 Athanasius
2869 3263 3159 3336 episcopus
3203 3260 3421 3331 rogavit
3476 3258 3581 3313 ali-

1986 3359 2210 3431 quando
2239 3357 2498 3412 abbatem
2539 3356 2811 3410 Pammon
2848 3358 2914 3409 ut
2949 3353 3058 3406 iret
3087 3351 3146 3405 in
3183 3347 3578 3405 Alexandriam

1990 3447 2212 3519 (Pelag.,
2248 3448 2415 3501 l-z'bell.
2440 3459 2570 3510 xvn,
2603 3460 2659 3498 η.
2700 3442 2807 3511 ιι).
2837 3441 2944 3506 Qui
2974 3438 3315 3493 descendens
3330 3453 3459 3492 cum
3478 3436 3584 3490 fra-

1984 3535 2183 3601 tribus,
2219 3551 2346 3589 cum
2375 3533 2608 3587 vidisset
2626 3531 2895 3603 quosdam
2933 3530 3245 3594 saeculares,
3279 3527 3415 3582 dicit
3444 3526 3526 3580 eis
3568 3542 3580 3579 :

1986 3623 2229 3693 Surgite,
2264 3629 2322 3677 et
2349 3623 2590 3678 salutate
2619 3620 2942 3685 monachos,
2976 3624 3040 3673 ut
3073 3615 3484 3672 benedicamini
3507 3612 3578 3668 ab

1984 3713 2066 3767 eis
2097 3712 2137 3769 ¹.
2165 3713 2513 3783 Frequenter
2535 3711 2686 3765 enim
2710 3709 2803 3764 isti
2821 3710 3129 3780 loquuntur
3143 3723 3270 3761 cum
3287 3706 3422 3771 Deo,
3455 3708 3584 3758 etos

1982 3818 2177 3856 eorum
2220 3808 2475 3855 sanctum
2516 3806 2620 3854 est.
2670 3799 2739 3853 Et
2766 3814 2892 3853 cum
2922 3797 3151 3850 vidisset
3179 3794 3258 3849 ibi
3290 3793 3584 3847 mulierem

1979 3890 2335 3957 theatricam,
2357 3890 2566 3961 lacrym
2574 3895 2699 3942 atus
2727 3893 2829 3941 est.
2855 3888 2923 3941 Et
2940 3884 3321 3956 requisierunt
3334 3885 3584 3935 astantes

1983 3996 2083 4034 cur
2105 3981 2414 4050 plangeret.
2440 3980 2515 4032 At
2541 3994 2709 4032 senex
2737 3976 3102 4047 respondens,
3127 3972 3300 4027 dixit:
3337 3972 3472 4026 Duae
3495 3986 3585 4024 me

1991 4084 2083 4121 res
2103 4067 2177 4121 ad
2199 4068 2299 4121 has
2320 4067 2599 4137 lacrymas
2619 4066 3012 4137 compulerunt
3034 4082 3045 4116 :
3072 4079 3185 4117 una
3212 4060 3588 4131 quidem,per-

1984 4155 2122 4210 ditio
2155 4155 2304 4209 illius
2331 4154 2613 4221 mulieris;
2639 4154 2884 4208 secunda
2914 4168 3062 4217 vero,
3087 4150 3221 4222 quia
3242 4165 3345 4219 ego
3365 4152 3586 4202 tantam

1983 4260 2175 4299 curam
2197 4260 2308 4298 non
2337 4242 2516 4297 habeo
2534 4242 2790 4313 placendi
2813 4241 2943 4307 Deo,
2970 4245 3240 4312 quantam
3254 4236 3425 4291 habet
3467 4236 3587 4289 haec

301 4334 554 4400 (locum,
585 4333 756 4386 liba".
789 4344 868 4397 In,
896 4347 949 4385 η.
975 4327 1052 4398 6).
1078 4331 1147 4386 Et
1165 4336 1293 4402 post
1309 4348 1510 4402 parum
1538 4332 1618 4386 ait
1641 4349 1653 4384 :
1685 4332 1822 4386 Ecce
1846 4336 1903 4386 et
1920 4346 1970 4405 Ῑ)
1986 4333 2189 4388 mulier
2216 4337 2278 4386 ut
2298 4330 2618 4385 hominibus
2637 4329 2893 4401 turpibus
2919 4329 3155 4400 placeat.

300 4418 509 4473 chorus
538 4419 957 4491 prophetarum.
993 4420 1061 4475 Et
1095 4419 1299 4474 iterum
1324 4419 1491 4475 facies
1517 4421 1639 4490 ejus
1667 4420 1902 4476 clariore

298 4507 430 4562 luce
457 4523 686 4580 aspersa
708 4513 812 4574 est,
845 4512 902 4562 et
920 4508 1057 4563 dicit
1077 4508 1186 4563 eis:
1218 4509 1377 4563 Beati
1406 4525 1633 4581 quoque
1663 4510 1902 4582 apostoli

300 4596 530 4664 adsunt,
577 4596 839 4668 visusque
888 4602 973 4651 est
1004 4613 1131 4652 cum
1179 4597 1514 4668 quibusdam
1551 4599 1725 4670 loqui.
1761 4600 1903 4654 Cum

297 4700 439 4755 ergo
465 4685 816 4757 postularent
833 4685 904 4740 ab
933 4702 998 4740 eo
1032 4686 1227 4740 Patres
1245 4692 1308 4741 ut
1336 4704 1463 4741 cum
1494 4687 1696 4758 quibus
1716 4689 1904 4759 loque-

297 4778 464 4828 retur
490 4774 752 4840 ediceret,
785 4774 865 4828 ait
891 4774 985 4828 ille
1011 4793 1022 4828 :
1049 4774 1271 4844 Angeli,
1294 4775 1498 4846 inquit,
1518 4781 1791 4831 venerunt
1809 4792 1905 4831 au-

298 4862 455 4917 ferre
481 4862 728 4918 animam
745 4879 933 4918 meam
957 4880 970 4931 ;
1003 4869 1062 4918 et
1099 4863 1352 4935 supplico
1380 4864 1491 4919 illis
1524 4870 1590 4920 ut
1612 4866 1905 4936 paululum

299 4967 399 5006 me
411 4968 513 5025 pro
539 4951 871 5023 paenitentia
892 4952 1115 5024 agenda
1135 4953 1467 5007 sustineant.
1492 4954 1698 5008 Dicunt
1715 4960 1904 5009 autem

301 5039 361 5095 ei
382 5040 606 5095 Patres:
631 5041 716 5096 Tu
736 5040 858 5110 jam
882 5055 994 5094 non
1025 5038 1249 5113 indiges
1288 5041 1676 5111 paenitentiam
1713 5060 1901 5113 agere,

300 5127 470 5184 abba.
501 5131 577 5184 At
602 5127 697 5184 ille
726 5128 1017 5200 respondit
1047 5148 1059 5183 :
1095 5130 1158 5184 In
1178 5129 1413 5185 veritate
1439 5131 1562 5186 dico
1593 5131 1744 5187 vobis
1773 5133 1907 5204 quia

299 5233 411 5273 nec
419 5218 644 5272 initium
663 5217 1012 5290 pcenitentite
1027 5235 1116 5273 me
1137 5219 1466 5273 reminiscor
1476 5220 1799 5292 arripuisse.
1822 5223 1899 5278 Ex

298 5322 419 5379 quo
444 5307 591 5363 dicto
618 5312 920 5363 senserunt
957 5307 1107 5379 quod
1150 5307 1209 5362 in
1249 5308 1454 5363 timore
1498 5310 1723 5365 Domini
1753 5318 1902 5367 esset

297 5395 604 5470 perfectus.
637 5397 793 5453 Tunc
818 5397 878 5452 in
908 5396 1203 5469 splendore
1231 5397 1363 5453 solis
1392 5398 1514 5468 ejus
1542 5397 1727 5470 efﬁgie
1756 5401 1898 5456 relu-

300 5490 489 5554 cente,
510 5486 646 5543 dicit
663 5485 736 5542 ad
765 5502 861 5543 eos
888 5485 1008 5559 ipse
1039 5504 1050 5542 :
1075 5486 1294 5555 Videte,
1329 5487 1513 5544 videte
1550 5489 1683 5561 quia
1710 5489 1896 5546 Domi-

2054 4422 2178 4476 465.
2204 4422 2286 4475 De
2318 4419 2562 4491 quodam
2585 4435 2716 4473 sene
2743 4417 3052 4483 dicebatur,
3095 4416 3228 4488 quia
3257 4413 3476 4485 quoties
3504 4410 3585 4465 illi

1986 4526 2088 4565 sua
2107 4509 2376 4579 cogitatio
2403 4508 2650 4563 dicebat.
2678 4508 2912 4563 Dimitte
2925 4506 3110 4572 hodie,
3137 4510 3194 4560 et
3208 4521 3331 4559 cras
3342 4502 3581 4574 poenite-

1985 4599 2089 4663 bis,
2123 4599 2241 4670 ipse
2270 4599 2475 4654 iterum
2498 4596 2873 4669 respondebat
2895 4616 2906 4651 :
2926 4597 3050 4651 Non
3068 4596 3149 4651 ita
3169 4614 3181 4662 ;
3198 4594 3296 4648 sed
3308 4592 3474 4647 hodie
3493 4590 3587 4645 de-

1984 4688 2183 4744 bemus
2227 4688 2516 4760 pcenitere,
2550 4691 2609 4742 et
2647 4703 2771 4741 cras
2799 4687 3057 4741 voluntas
3088 4684 3191 4739 Dei
3215 4684 3315 4738 fiat
3336 4681 3395 4736 in
3425 4678 3586 4736 nobis

1991 4778 2214 4850 (Pelag.,
2248 4779 2508 4842 libell.x1,
2532 4793 2589 4833 n.
2617 4777 2729 4846 44).

2056 4863 2182 4922 166.
2214 4866 2453 4931 Quidam
2479 4882 2544 4920 ex
2574 4864 2837 4919 Patribus
2856 4864 2926 4918 de
2954 4863 3142 4934 aliquo
3159 4860 3437 4916 referebat
3471 4858 3586 4930 epi-

1987 4972 2174 5027 scopo,
2211 4960 2268 5009 et
2290 4955 2437 5026 quod
2460 4953 2709 5009 audisset
2730 4954 2872 5007 duos
2901 4953 2970 5007 de
3001 4952 3162 5024 plebe
3191 4967 3293 5005 sua
3320 4949 3467 5003 viros
3495 4946 3583 5002 ni-

1990 5045 2115 5099 mia:
2156 5044 2498 5116 impuritatis
2526 5043 2811 5097 adulteros
2858 5042 3067 5113 (Joan.,
3103 5043 3271 5095 libell.
3308 5053 3348 5103 ι,
3382 5054 3440 5093 η.
3482 5036 3582 5102 16;

1986 5135 2196 5195 Pasch..
2231 5151 2276 5187 ο.
2304 5131 2393 5199 23,
2439 5149 2496 5186 η.
2533 5131 2603 5199 1).
2640 5131 2877 5202 Rogavit
2926 5146 3058 5200 ergo
3088 5129 3288 5194 Deum,
3318 5132 3383 5183 ut
3410 5127 3459 5181 si
3504 5127 3587 5180 ita

1981 5227 2129 5279 esset
2168 5226 2516 5292 agnosceret.
2550 5221 2691 5275 Cum
2713 5237 2846 5291 ergo
2866 5223 2992 5292 post
3012 5217 3354 5273 oblationem
3382 5231 3574 5272 conse-

1981 5316 2194 5367 oratam
2211 5309 2598 5381 unusquisque
2611 5311 2681 5364 ad
2703 5308 3153 5364 communionem
3172 5307 3587 5376 accederet,per

1979 5401 2332 5473 singulorum
2350 5400 2519 5457 facies
2529 5399 2882 5472 intelligebat
2895 5404 2952 5454 et
2975 5398 3580 5453 animas.Peccatorum

1981 5490 2133 5546 enim
2163 5491 2336 5546 facies
2368 5491 2560 5564 nigras
2581 5488 2909 5565 inspiciebat
2927 5493 2991 5545 ut
3017 5488 3335 5552 carbonem,
3370 5487 3428 5538 et
3455 5497 3583 5537 ocu-

382 5628 402 5667 ι
431 5632 637 5703 Ριιαοη
671 5616 844 5689 tam.
876 5644 961 5702 ω,
990 5647 1049 5689 η.
1083 5631 1171 5690 14.
1199 5632 1394 5691 Simile
1418 5632 1479 5691 in
1508 5631 1638 5690 Vita
1660 5631 1925 5707 Pelagia,
1953 5649 2076 5708 cap.
2113 5631 2162 5693 3.
