3966 6184
499 299 606 358 795

1614 301 1709 358 DE
1744 301 1934 360 VITIS
1971 295 2269 361 P'ATRUM
2304 297 2520 356 LIBER
2555 299 2656 356 III.

3597 303 3682 368 796

489 431 574 486 los
605 443 798 486 eorum
827 424 1100 496 sanguine
1125 423 1368 498 repletos
1392 443 1405 493 ;
1439 424 1578 481 alios
1608 441 1740 481 vero
1770 427 1907 483 vidit
1935 428 2087 483 clara
2105 425 2156 486 A
2174 431 2338 480 suum
2362 425 2620 482 tundere,
2645 423 2845 479 sedens
2873 424 3005 478 ante
3035 420 3335 492 ecclesiam,
3361 431 3559 498 propter
3579 447 3685 488 eum

491 518 651 584 facie,
685 523 743 571 ct
769 515 1016 571 vestibus
1045 513 1188 570 albis
1218 515 1465 570 indutos.
1502 517 1644 572 Cum
1667 523 1860 572 autem
1890 529 2092 592 corpus

491 607 717 662 Domini
729 605 1123 678 suscepissent,
1139 606 1200 660 in
1217 607 1592 677 quorumdam
1613 608 1856 663 vultibus
1877 609 2087 676 lumen,

487 697 546 751 in
559 697 931 768 quorumdam
945 698 1176 751 ﬂamma
1191 696 1590 756 videbatur.Ut
1609 704 1802 753 autem
1831 712 2093 770 agnosce-

485 790 579 839 ret
590 786 658 839 de
681 785 794 840 illis
819 802 1065 856 quorum
1081 787 1321 841 crimina
1338 787 1616 854 audierat,
1641 789 2091 844 communionem

483 873 598 929 illis
623 875 904 946 porrexit;
937 881 992 931 et
1018 875 1159 930 vidit
1187 891 1363 930 unum
1382 892 1448 930 ex
1475 876 1554 930 eis
1575 877 1727 933 clara
1743 877 1883 932 facie
1907 883 1966 933 et
1988 879 2091 932 ho-

482 963 740 1030 norabili,
781 964 1038 1036 albisque
1081 964 1330 1020 vestibus
1373 965 1777 1022 circumdatum
1803 986 1816 1034 ;
1847 968 2086 1023 alterum

481 1069 614 1108 vero
645 1053 891 1124 nigrum,
925 1060 982 1109 et
1008 1054 1263 1109 horribili
1295 1056 1451 1109 vultu
1503 1057 1571 1110 Et
1588 1061 1888 1128 postquam
1916 1057 2088 1113 divini

482 1141 728 1212 gratiam
755 1143 1012 1215 mysterii
1034 1149 1424 1216 perceperunt,
1440 1145 1598 1199 illum
1628 1145 1712 1200 vis
1736 1147 2089 1217 quaeda‘mlu-

485 1231 654 1286 minis
683 1232 1021 1299 illustrabat,
1065 1232 1236 1287 istum
1273 1249 1404 1287 vero
1447 1233 1620 1288 alium
1662 1235 1822 1306 quasi
1859 1235 2088 1290 ﬂamma

485 1321 874 1376 succendebat.
897 1321 1091 1377 Oravit
1103 1325 1294 1377 autem
1311 1323 1605 1394 episcopus
1626 1325 1695 1378 de
1715 1325 1948 1395 singulis
1961 1341 2084 1397 quae

489 1409 541 1463 ei
572 1415 796 1464 ostensa
821 1410 1046 1465 fuerant
1077 1428 1136 1465 se
1174 1411 1382 1468 doceri.
1417 1412 1610 1466 Astitit
1637 1418 1826 1468 autem
1849 1415 2082 1485 angelus

487 1497 730 1566 Domini,
759 1499 950 1554 dicens
978 1499 1058 1554 ci:
1091 1500 1296 1556 Omnia
1322 1517 1444 1572 qute
1465 1502 1534 1555 de
1555 1502 1691 1572 ipsis
1717 1501 1924 1557 audisti
1955 1519 2088 1557 vera

487 1592 649 1654 sunt;
686 1589 783 1642 sed
811 1589 907 1644 ille
939 1603 1082 1644 unus
1109 1588 1166 1643 in
1193 1589 1308 1644 suis
1329 1591 1589 1645 sordibus
1603 1597 1914 1662 permanet,
1942 1599 2000 1647 et
2027 1593 2082 1647 in

487 1676 776 1731 voluntate
789 1678 1074 1749 peccandi,
1104 1679 1228 1732 ideo
1259 1679 1416 1734 illum
1446 1679 1607 1751 nigra
1628 1679 1766 1734 facie
1783 1686 1840 1734 et
1855 1683 2084 1736 ﬂamma

2175 531 2339 587 quem
2351 517 2521 570 talem
2539 515 2986 570 viderat.0mnes
3003 519 3192 568 autem
3214 514 3306 569 alii
3326 532 3470 572 senes
3489 519 3686 578 videntes

2173 622 2304 660 eum
2331 605 2412 660 sic
2440 607 2666 660 ﬂentem
2689 609 2979 676 cmperunt
3003 620 3202 675 rogare
3219 609 3282 659 ut
3304 605 3350 660 si
3373 607 3490 677 quid
3509 609 3558 663 in
3581 611 3685 682 ipsis

2171 694 2404 749 vidisset
2431 693 2834 754 manifestaret,
2861 699 2962 748 aut
3003 709 3130 747 cum
3159 693 3240 748 eis
3283 693 3624 766 ingrederetur
3647 701 3688 755 in

2171 785 2664 856 congregationem
2691 801 2706 851 ;
2755 784 2850 838 ille
2881 788 3072 838 autem
3101 782 3324 838 nolebat
3359 784 3566 856 ingredi,
3615 790 3688 844 sed

2172 888 2396 946 semper
2426 874 2601 930 ﬂebat
2627 879 2857 945 propter
2875 889 3006 928 eum
3044 885 3212 943 quem
3241 873 3318 928 sic
3341 873 3554 934 viderat.
3588 877 3691 934 Post

2171 965 2463 1036 paululum
2487 969 2677 1018 autem
2701 979 2825 1018 cum
2857 961 3113 1017 absoluta
3129 963 3535 1032 congregatione
3559 966 3692 1022 disce-

2167 1053 2385 1114 derent,
2419 1053 2624 1108 iterum
2660 1052 2912 1107 omnium
2941 1051 3128 1106 vultus
3177 1051 3629 1124 circumspiciebat,
3655 1057 3692 1112 si

2167 1143 2310 1196 tales
2338 1143 2758 1213 egrederentur,
2791 1142 2984 1213 quales
3008 1141 3246 1224 ingressi
3274 1146 3418 1208 sunt,
3443 1148 3495 1197 et
3509 1143 3627 1198 vidit
3647 1145 3693 1200 il-

2167 1232 2285 1286 lum
2299 1248 2464 1304 quem
2489 1237 2620 1288 ante
2640 1231 3091 1302 videratnigrum
3111 1237 3171 1285 et
3187 1229 3516 1298 nebulosum,
3539 1249 3693 1304 egres-

2167 1335 2292 1375 sum
2320 1321 2389 1376 de
2417 1321 2652 1376 ecclesia
2677 1321 2829 1375 clara
2858 1319 3016 1384 facie,
3047 1325 3106 1374 et
3140 1319 3374 1374 candido
3407 1337 3626 1393 corpore,
3653 1329 3696 1378 et

2166 1410 2448 1465 daemones
2467 1427 2499 1464 a
2517 1411 2684 1482 longe
2693 1415 2992 1481 sequentes
3013 1425 3163 1475 eum,
3188 1414 3436 1464 sanctum
3446 1415 3610 1465 autem
3623 1427 3696 1466 an-

2166 1499 2358 1569 gelum
2387 1501 2510 1570 ejus
2523 1515 2695 1571 prope
2713 1515 2864 1564 eum,
2887 1498 3124 1552 hilarem
3145 1502 3205 1552 et
3214 1498 3536 1569 gaudentem
3561 1517 3692 1571 super

2169 1604 2296 1642 eum
2325 1589 2512 1643 nimis.
2543 1589 2700 1644 Tunc
2722 1588 2932 1643 Paulus
2951 1603 3262 1658 exsurgens
3289 1604 3409 1642 cum
3434 1589 3613 1658 gaudio
3628 1605 3697 1643 vo-

2165 1677 2520 1743 ciferabatur,
2555 1677 2890 1732 benedicens
2922 1677 3121 1744 Deum,
3174 1693 3241 1730 ac
3271 1676 3452 1730 dicens
3483 1695 3494 1730 :
3523 1677 3699 1742 Quanta

483 1767 743 1821 succendi
758 1767 1073 1822 vidisti.Ille
1093 1784 1224 1822 vero
1241 1769 1386 1822 alter
1403 1769 1602 1824 similis
1617 1770 1668 1824 ei
1689 1771 1918 1840 quidem
1939 1778 2078 1838 erat,
2100 1784 2146 1848 Β
2167 1767 2552 1822 misericordia
2570 1775 2627 1821 et
2646 1766 2963 1838 benignitas
2977 1767 3080 1821 Dei
3107 1771 3194 1820 est
3216 1783 3229 1818 :
3253 1771 3455 1837 quanta
3465 1765 3698 1822 miseratio

476 1854 624 1910 sicut
646 1855 942 1922 audieras;
971 1857 1068 1910 sed
1099 1857 1224 1910 ideo
1259 1857 1414 1911 illum
1439 1858 1592 1912 clara
1631 1859 1772 1914 facie
1809 1859 2080 1914 illustrari

487 1943 694 2008 vidisti,
731 1945 863 2016 quia
881 1945 1206 2000 recordatus
1226 1945 1295 2000 de
1306 1946 1394 2000 his
1408 1963 1530 2018 quae
1543 1947 1787 2018 primum
1809 1947 1957 2015 fecit,
1979 1951 2080 2005 ab-

481 2034 814 2088 renuntians
843 2033 954 2088 illis
984 2034 1145 2088 malis
1175 2034 1454 2106 operibus,
1485 2053 1613 2091 cum
1642 2037 1904 2109 lacrymis
1916 2045 1973 2093 et
1985 2056 2079 2110 ge-

479 2121 713 2177 mitibus
735 2121 835 2176 Dei
855 2122 1294 2178 misericordiam
1318 2125 1998 2198 postulabat,promittens
2017 2133 2080 2184 ut

479 2210 527 2265 si
547 2211 835 2282 praeterita
863 2211 913 2266 ei
941 2211 1178 2267 fuissent
1207 2213 1438 2268 remissa
1471 2220 1715 2286 peccata,
1743 2217 1979 2272 ulterius
2007 2219 2079 2273 ad

481 2300 677 2354 eadem
706 2317 818 2354 non
850 2300 1079 2356 rediret.
1109 2301 1178 2356 Et
1204 2302 1330 2356 ideo
1359 2303 1640 2375 prioribus
1659 2305 1856 2360 deletis
1886 2307 2077 2362 crimi-

479 2388 664 2455 nibus,
697 2389 768 2443 ad
797 2387 1192 2461 hancgratiam
1206 2408 1375 2462 quam
1395 2392 1602 2460 vidisti,
1635 2395 1902 2464 pervenit.
1933 2396 2074 2450 Cum

475 2483 669 2535 autem
701 2479 994 2551 episcopus
1023 2479 1092 2534 de
1118 2480 1304 2550 gratia
1325 2481 1426 2536 Dei
1442 2487 1632 2549 525
1657 2481 1980 2552 miraretur,
2009 2501 2074 2540 eo

477 2567 628 2640 quod
657 2583 771 2622 non
793 2568 976 2622 solum
1004 2567 1072 2622 de
1086 2569 1382 2624 tormentis
1407 2576 1526 2624 tam
1547 2571 1730 2642 turpis
1751 2572 1876 2627 vitae
1894 2573 2073 2628 homi-

475 2673 607 2712 nem
637 2655 868 2723 eruerit,
919 2656 1017 2710 sed
1054 2657 1226 2712 etiam
1247 2663 1404 2713 tanto
1439 2659 1651 2714 honore
1698 2661 2062 2728 decoraverit,

471 2745 838 2816 respondens,
879 2745 1130 2816 angelus,
1189 2745 1331 2802 dixit
1366 2766 1378 2800 :
1416 2747 1566 2803 Bene
1603 2749 1856 2816 miraris;
1899 2749 2068 2806 homo

473 2835 626 2889 enim
656 2850 736 2893 es.
769 2850 902 2889 nam
927 2835 1203 2890 Dominus
1222 2841 1414 2891 noster
1441 2853 1506 2891 ac
1525 2832 2070 2895 vester'naturaliter

467 2921 651 2978 bonus
681 2927 740 2978 et
765 2923 1050 2978 humanus
1079 2929 1183 2990 est,
1218 2925 1578 2982 'cessantibus
1605 2945 1640 2982 a
1669 2928 1938 2999 peccatis;
1971 2946 2070 3001 pe-

466 3013 716 3070 tentibus
734 3013 883 3068 enim
897 3031 956 3070 se
977 3031 1079 3087 per
1090 3015 1496 3071 confessionem
1515 3033 1630 3072 non
1643 3019 1824 3073 solum
1843 3025 2068 3091 peccata

2164 1856 2288 1925 ejus
2315 1862 2418 1910 est.
2455 1857 2522 1910 Et
2550 1857 2858 1910 ascendens
2893 1855 2952 1909 in
2991 1856 3249 1910 altiorem
3291 1855 3484 1926 locum,
3531 1872 3696 1926 magna

2161 1961 2290 1998 voce
2316 1945 2552 2000 dicebat:
2585 1945 2872 2010 Venite,et
2889 1945 3070 1999 videte
3087 1961 3262 2016 opera
3284 1945 3382 1998 Dei
3404 1946 3548 2013 (Psal.
3577 1945 3696 2014 xw);

2158 2034 2344 2088 venite
2371 2040 2428 2088 et
2457 2033 2638 2088 videte
2657 2033 3129 2114 quqmadmodum
3153 2033 3276 2088 vult
3293 2049 3478 2087 omnes
3494 2033 3700 2088 homines

2159 2123 2340 2176 salvos
2358 2123 2498 2188 ﬁeri,
2529 2130 2590 2178 at
2609 2124 2680 2178 ad
2701 2123 3044 2194 agnitionem
3059 2122 3313 2177 veritatis
3334 2122 3512 2176 venire
3528 2125 3571 2188 (I
3589 2124 3696 2177 Tim.

2159 2217 2242 2281 II).
2276 2212 2472 2267 Venite
2501 2212 2800 2267 adoremus
2831 2229 2982 2276 eum,
3019 2211 3271 2266 dicentes
3298 2229 3310 2265 :
3341 2211 3477 2276 Quia
3504 2216 3560 2265 tu
3582 2211 3698 2264 solus

2159 2307 2318 2374 potes
2338 2307 2567 2374 peccata
2589 2302 2806 2357 tollere.
2837 2301 2978 2356 Cum
3017 2306 3208 2356 autem
3243 2317 3430 2355 omnes
3456 2301 3697 2354 convenis-

2157 2395 2300 2457 sent,
2331 2389 2587 2462 exposuit
2634 2389 2714 2444 eis
2743 2389 2954 2444 Paulus
2983 2405 3152 2460 quem
3195 2389 3425 2444 vidisset
3447 2394 3698 2460 antequam

2155 2478 2587 2549 ingrederentur
2611 2479 2669 2532 in
2694 2477 3004 2545 ecclesiam,
3037 2483 3095 2532 et
3125 2495 3296 2550 quem
3324 2485 3505 2550 postea
3526 2497 3537 2544 ;
3560 2483 3607 2531 et
3625 2494 3698 2548 pe-

2155 2567 2310 2623 tebat
2337 2569 2496 2624 illum
2525 2569 2756 2624 fratrem
2787 2584 2954 2640 quem
2985 2567 3064 2622 sic
3096 2565 3334 2634 viderat,
3375 2572 3436 2621 ut
3463 2565 3510 2620 ei
3553 2563 3697 2619 mani-

2149 2657 2382 2713 festaret
2405 2657 2771 2730 cogitationes
2802 2673 2935 2712 suas
2973 2662 3032 2711 et
3057 2661 3236 2722 actus,
3273 2657 3357 2710 vel
3380 2655 3696 2726 quemadmo-

2149 2747 2284 2801 dum
2311 2751 2530 2802 tantam
2549 2745 3048 2802 commutationem
3072 2745 3156 2800 illi
3175 2746 3330 2800 Deus
3345 2745 3598 2811 donasset.
3620 2743 3695 2798 Ille

2150 2841 2340 2890 autem
2369 2841 2499 2891 ante
2521 2853 2716 2891 omnes
2743 2835 2910 2908 coepit
2938 2835 3166 2902 referre,
3197 2835 3392 2889 dicens
3415 2852 3426 2887 :
3461 2835 3561 2904 Ego
3596 2848 3693 2886 sum

2148 2923 2315 2980 homo
2337 2930 2612 2997 peccator,
2638 2931 2694 2980 et
2712 2925 2769 2980 in
2798 2925 2991 2980 multis
3013 2923 3363 2996 temporibus
3382 2923 3497 2978 istis
3515 2935 3694 2992 semper

2147 3013 2571 3070 fornicationem
2597 3014 2766 3085 gessi.
2797 3015 3090 3086 Ingressus
3105 3019 3302 3068 autem
3329 3011 3539 3068 nuncin
3561 3011 3696 3066 eccle-

469 3101 724 3167 dimittit,
757 3103 856 3157 sed
885 3103 1058 3158 etiam
1090 3103 1302 3158 honore
1341 3105 1512 3161 efficit
1541 3107 1758 3178 dignos.
1794 3090 1884 3162 Sic
1911 3109 2060 3162 enim
2076 3109 2119 3169 C
2141 3103 2283 3158 siam
2298 3090 2622 3167 Dehaudivi
2641 3103 2810 3157 verba
2833 3103 2991 3158 Isaiae
3013 3103 3326 3174 prophetia,
3350 3102 3519 3172 magis
3541 3104 3694 3155 autem

469 3189 666 3246 dilexit
692 3191 842 3246 Deus
870 3191 1177 3258 hominem,
1203 3199 1266 3248 ut
1295 3195 1651 3266 unigenitum
1677 3213 1843 3250 suum
1858 3196 2062 3252 Filium

467 3297 570 3352 pro
593 3279 979 3352 peccatoribus
1008 3281 1336 3350 destinaret,
1369 3288 1428 3338 et
1475 3301 1576 3356 pro
1617 3283 1754 3356 ipsis
1791 3285 1952 3341 daret
1990 3287 2062 3341 ad

462 3375 706 3424 mortem
723 3371 907 3438 (Joan.
931 3371 1034 3435 III).
1059 3371 1165 3436 Qui
1187 3389 1321 3444 ergo
1333 3372 1692 3429 duminimici
1714 3375 1836 3445 ejus
1851 3380 2056 3441 essent,

460 3457 603 3512 mori
617 3475 718 3530 pro
739 3458 876 3530 ipsis
901 3459 1071 3530 elegit
1095 3463 1267 3528 (Rom.
1289 3465 1368 3530 v),
1393 3466 1604 3532 quanto
1632 3463 1812 3533 magis
1838 3463 2061 3534 quando

459 3545 542 3602 illi
569 3547 778 3622 proprii
807 3547 965 3602 fiant.
999 3548 1116 3602 Hoc
1145 3565 1279 3620 ergo
1312 3549 1455 3604 scias
1483 3551 1615 3621 quia
1631 3551 1848 3606 nullum
1865 3569 2062 3624 pecca-

459 3641 584 3690 tum
608 3635 1244 3692 humanumbonitatem
1260 3637 1360 3692 Dei
1383 3638 1568 3705 vincit,
1593 3639 1642 3692 si
1667 3641 2060 3696 tantummodo

459 3741 563 3798 per
587 3724 976 3796 paenitentiam
998 3725 1383 3796 unusquisque
1402 3741 1469 3779 ea
1500 3743 1622 3798 quae
1647 3729 1805 3798 prius
1832 3728 2057 3797 fecerat,

459 3811 773 3866 aboleverit
787 3813 964 3879 mala;
989 3813 1304 3868 misericors
1325 3814 1475 3868 enim
1497 3815 1666 3882 Deus,
1693 3821 1750 3870 et
1768 3817 2063 3872 inﬁrmita-

459 3905 579 3955 tem
605 3900 1074 3972 humanigeneris
1089 3902 1277 3966 scit,et
1297 3903 1623 3974 passionum
1646 3905 2054 3975 fortitudinem,

460 3993 518 4044 et
547 3987 754 4044 diaboli
778 3989 1041 4045 virtutem
1071 3991 1157 4046 vel
1188 3991 1482 4047 malitiam.
1503 3995 1572 4048 Et
1595 3995 1922 4051 cadentibus
1942 3997 2062 4068 qui-

458 4077 588 4133 dem
615 4077 938 4134 hominibus
965 4079 1023 4134 in
1052 4085 1364 4152 peccatum,
1396 4085 1670 4154 tanquam
1709 4083 1840 4138 ﬁliis
1869 4085 2060 4140 indul-

455 4184 597 4240 gens
653 4167 900 4223 sustinet
947 4169 1443 4238 emendationem;
1483 4171 1887 4244 pcenitentibus
1933 4189 2062 4228 vero

460 4261 734 4329 tanquam
763 4257 1046 4329 languidis
1067 4259 1432 4330 compatitur,
1458 4266 1517 4316 et
1532 4277 1660 4316 mox
1688 4263 1904 4317 solvens
1933 4280 2062 4334 pec-

455 4353 583 4401 cata
610 4362 826 4412 eorum,
861 4347 1146 4417 justorum
1193 4349 1368 4404 etiam
1415 4348 1525 4404 illis
1562 4351 1793 4422 praemia
1831 4351 2054 4406 tribuit.

458 4434 710 4491 Audiens
732 4451 862 4490 vero
892 4434 1010 4490 haec
1037 4435 1349 4508 cpiscopus,
1393 4438 1634 4494 miratus
1663 4445 1749 4494 est
1771 4439 1958 4508 nimis,
2000 4444 2058 4495 et

455 4523 808 4596 gloriﬁcabat
837 4523 1036 4578 Deum.

532 4611 653 4670 167.
667 4611 853 4666 Abbas
874 4611 1085 4667 Paulus
1102 4613 1350 4685 Simplex
1365 4613 1611 4671 habebat
1625 4616 1771 4672 hanc
1788 4619 2053 4688 gratiam,

456 4706 522 4756 ut
541 4701 925 4773 ingredientes
937 4701 995 4756 in
1013 4702 1301 4758 ecclesiam
1323 4705 1616 4775 aspiceret,
1631 4712 1688 4761 et
1706 4724 1772 4761 ex
1786 4707 1908 4778 ipsa
1921 4708 2059 4763 facie

456 4807 654 4846 eorum
679 4791 1127 4864 uniuscujusque
1148 4791 1535 4864 cogitationes,
1564 4811 1662 4849 seu
1691 4797 1854 4850 malae
1873 4801 2061 4852 essent

456 4895 558 4934 seu
586 4880 762 4948 bonae,
803 4882 1040 4938 sentiret
1075 4884 1305 4950 (Pelag.,
1347 4885 1516 4939 libell.
1549 4899 1706 4951 xvm,
1737 4891 1894 4940 num;
1931 4885 2003 4944 20
2041 4906 2054 4956 ;

458 4969 650 5023 Pasch.
680 4987 725 5024 ο.
747 4969 840 5037 23,
874 4987 1031 5026 num.
1068 4969 1294 5039 2).Cum
1325 4989 1459 5044 ergo
1487 4973 1770 5030 venissent
1799 4975 1869 5032 ad
1889 4977 2061 5032 escle-

460 5055 622 5124 siam,
655 5062 712 5112 et
741 5059 1194 5130 ingrederentur,
1215 5062 1539 5118 senexvidit
1550 5079 1644 5119 eos
1663 5065 1815 5119 clara
1843 5063 1982 5120 facie
2001 5069 2060 5120 et

460 5145 590 5201 laeto
618 5145 806 5201 animo
829 5147 1068 5218 ingredi,
1101 5155 1158 5205 et
1187 5151 1419 5222 angelos
1461 5167 1655 5208 eorum
1691 5154 1905 5226 pariter
1929 5171 2057 5210 cum

459 5233 670 5308 gaudio
699 5251 828 5289 cum
856 5235 1012 5307 ipsis.
1035 5237 1222 5294 Unum
1251 5243 1443 5295 autem
1463 5241 1690 5312 nigrum
1708 5243 1864 5311 vidit,
1885 5248 1943 5298 et
1957 5255 2058 5300 ne-

461 5323 725 5380 bulosum
754 5322 1055 5380 habentem
1083 5343 1303 5400 corpus,
1335 5334 1393 5385 et
1413 5329 1694 5388 daemones
1731 5331 1863 5388 hinc
1889 5338 2058 5406 atque

462 5414 592 5470 inde
623 5413 916 5470 trahentes
931 5430 1061 5470 eum
1088 5415 1160 5471 ad
1171 5433 1232 5472 se
1253 5417 1424 5474 misso
1449 5417 1607 5476 freno
1630 5421 1690 5478 in
1719 5421 1969 5492 naribus,
2002 5427 2060 5479 et

463 5503 730 5576 angelum
759 5508 1018 5560 sanctum
1047 5505 1170 5578 ejus
1198 5523 1233 5561 a
1259 5507 1426 5580 longe
1455 5517 1783 5583 sequentem
1811 5513 2054 5570 tristem.

464 5595 672 5653 Beatus
685 5611 818 5670 ergo
834 5595 1045 5655 Paulus
1062 5596 1232 5672 coepit
1242 5597 1378 5655 ﬂere
1397 5600 1764 5674 amarissime,
1788 5608 1847 5662 et
1863 5608 2060 5678 pectus

2144 3191 2245 3246 Dei
2280 3209 2382 3264 per
2405 3193 2588 3265 ipsum
2608 3191 2921 3264 loquentis:
2953 3192 3268 3258 Lavamini,
3301 3190 3490 3246 mundi
3529 3193 3690 3253 estote,

2145 3286 2202 3337 et
2229 3281 2408 3336 tollite
2437 3281 2681 3336 malitias
2709 3282 2778 3336 de
2809 3280 3104 3336 animabus
3133 3281 3335 3335 vestris
3359 3285 3482 3335 ante
3502 3294 3696 3348 conspe-

2143 3376 2296 3426 ctum
2325 3371 2612 3426 oculorum
2659 3387 2932 3425 meorum.
2969 3369 3176 3424 Discite
3207 3369 3551 3435 benefacere;
3581 3383 3696 3438 quae-

2143 3460 2250 3515 rite
2273 3460 2568 3532 judicium.
2592 3459 2662 3514 Et
2687 3459 2736 3514 si
2755 3459 2963 3514 fuerint
2992 3455 3221 3531 peccata
3255 3465 3436 3514 vestra
3461 3464 3691 3528 tanquam

2143 3549 2450 3616 coccinum,
2482 3550 2634 3604 velut
2662 3549 2754 3603 nix
2795 3548 3237 3622 dealbabuhtur;
3271 3554 3330 3603 et
3359 3548 3408 3602 si
3451 3543 3696 3601 volueritis

2144 3647 2202 3694 et
2225 3638 2518 3694 audieritis
2555 3655 2664 3703 me,
2711 3637 2856 3693 bona
2901 3643 3067 3693 terras
3107 3637 3416 3692 comedetis
3463 3638 3621 3703 (Isaia
3643 3637 3698 3700 ι).

2143 3727 2258 3800 Ego
2285 3733 2474 3784 autem
2505 3729 2678 3782 miser
2699 3733 2756 3782 et
2790 3727 3114 3792 fornicator,
3150 3731 3516 3800 compunctus
3540 3724 3590 3778 in
3618 3723 3698 3775 hoc

2142 3834 2402 3872 sermone
2429 3817 2732 3888 prophetae,
2768 3822 2826 3871 et
2852 3816 3140 3887 ingressus
3155 3815 3312 3871 intra
3332 3821 3518 3888 pectus
3529 3827 3700 3873 meum,

2141 3906 2254 3960 dixi
2283 3906 2354 3960 ad
2372 3907 2586 3962 Deum:
2609 3905 2864 3970 Domine,
2889 3910 2953 3960 tu
2975 3922 3036 3960 es
3057 3905 3152 3977 qui
3173 3905 3378 3960 venisti
3391 3905 3587 3958 salvare
3602 3914 3700 3972 pec-

2141 3999 2380 4051 catores.
2417 3995 2547 4048 Haec
2571 4009 2704 4064 ergo
2735 4010 2858 4065 quae
2887 4009 3037 4048 nunc
3066 4009 3168 4065 per
3189 3996 3520 4066 pr0phetam
3537 3989 3703 4064 promi

2145 4083 2288 4149 sisti,
2323 4099 2492 4154 opere
2525 4081 2740 4154 comple
2779 4083 2839 4136 in
2871 4098 2961 4137 me
2991 4083 3224 4155 indigno
3260 4089 3559 4156 peccatore.
3593 4073 3704 4134 Ecce

2145 4172 2294 4227 enim
2322 4171 2523 4226 amodo
2535 4171 2936 4244 proﬁteortibi,
2968 4177 3026 4226 et
3043 4189 3111 4226 ex
3129 4177 3251 4226 toto
3273 4171 3438 4228 corde
3455 4171 3702 4231 confiteor,

2144 4261 2278 4331 quia
2314 4262 2418 4316 hoc
2446 4261 2684 4316 ulterius
2707 4277 2822 4316 non
2844 4260 3044 4316 faciam
3073 4263 3310 4326 malum,
3349 4262 3446 4317 sed
3476 4259 3700 4316 renuntio

2143 4350 2296 4404 omni
2318 4347 2626 4420 injustitiae,
2661 4356 2718 4406 et
2741 4351 2944 4405 amodo
2973 4351 3153 4407 servio
3183 4349 3290 4408 tibi
3320 4353 3380 4408 in
3401 4348 3700 4407 conscientia

2143 4441 2372 4494 munda.
2405 4439 2490 4494 Ab
2509 4439 2676 4494 hodie
2699 4456 2852 4511 ergo,
2879 4439 3138 4508 Domine,
3163 4445 3221 4496 et
3239 4441 3312 4498 ab
3334 4444 3441 4497 hac
3462 4442 3588 4496 hora
3606 4453 3703 4492 sus-

2141 4528 2262 4601 cipe
2294 4545 2384 4584 me
2426 4529 2810 4600 pmnitentem,
2864 4534 2920 4584 et
2967 4531 3300 4586 adorantem
3327 4536 3406 4598 te;
3435 4535 3491 4586 et
3524 4524 3697 4584 renu’n-

2140 4617 2380 4672 tiantem
2413 4617 2674 4672 omnibus
2701 4618 2962 4690 peccatis.
2983 4616 3176 4674 Juravi
3196 4625 3255 4675 et
3273 4621 3449 4676 statui
3469 4618 3602 4692 apud
3626 4629 3698 4670 me

2141 4719 2364 4762 scrvare
2392 4723 2587 4760 omnes
2614 4715 2740 4761 tuas
2755 4705 3190 4778 justificationes
3211 4713 3380 4778 (Psal.
3399 4711 3590 4777 cxvm).
3608 4697 3700 4760 Sub

2141 4793 2248 4850 hac
2289 4809 2422 4866 ergo
2453 4795 2752 4868 sponsione
2783 4809 3040 4867 egressus
3070 4813 3194 4853 sum
3236 4799 3310 4853 de
3339 4797 3576 4862 ecclesia,
3613 4781 3702 4848 stti-

2141 4887 2308 4939 tuens
2333 4883 2484 4956 apud
2509 4900 2618 4950 me,
2642 4882 2784 4939 nihil
2823 4885 2894 4940 de
2924 4885 3208 4958 prioribus
3235 4889 3481 4960 peccatis
3501 4881 3700 4966 ulterius

2139 4976 2344 5032 facere.
2385 4977 2540 5032 Tunc
2566 4976 2762 5031 omnes
2805 4992 2968 5032 senes
3010 4978 3464 5033 exclamaverunt
3488 4973 3700 5030 dicentes

2139 5065 2210 5120 ad
2241 5065 2545 5121 Dominum
2573 5081 2703 5120 voce
2733 5082 2975 5136 magna:
3009 5067 3191 5132 Quam
3210 5067 3566 5138 magnificam
3590 5063 3699 5146 sunt

2139 5167 2312 5228 opera
2336 5159 2437 5210 tua
2465 5153 2730 5210 Domine!
2767 5155 2958 5210 omnia
2981 5156 3039 5211 in
3058 5149 3344 5229 sapientia
3366 5155 3539 5212 fecisti
3551 5149 3696 5227 (ρωτ.

2139 5245 2276 5316 cm).

2208 5329 2336 5390 168.
2376 5331 2562 5388 Abbas
2585 5331 2792 5408 Joseph
2811 5331 2924 5406 (19)
2958 5334 3094 5390 dum
3113 5345 3238 5392 cum
3254 5330 3384 5390 aliis
3413 5331 3624 5389 senibus
3638 5323 3696 5382 ad

2140 5421 2402 5479 abbatem
2414 5423 2737 5479 Pmmenem
2761 5424 3004 5480 venisset
3029 5425 3226 5500 (Joan.,
3257 5427 3431 5482 lz'bell.
3451 5435 3509 5489 II,
3531 5437 3582 5476 η.
3607 5417 3693 5483 10),

2140 5512 2369 5586 quidam
2387 5529 2452 5565 ex
2469 5511 2797 5585 parentibus
2805 5513 3056 5586 prz‘e'di'cti
3069 5513 3216 5570 senis
3227 5513 3424 5570 attulit
3434 5504 3692 5568 infantem;

2139 5604 2300 5677 cujus
2321 5601 2504 5662 huius
2521 5619 2622 5678 per
2647 5603 3066 5680 cornsptionem
3087 5603 3272 5664 fuerat
3307 5604 3617 5680 (δεμ-θησαν
3649 5600 3697 5654 οι
