3966 6184
335 307 441 363 797
1634 304 1872 360 VERBA
1910 303 2301 369 SENIORUM.
3187 321 3195 334 ‘
3506 313 3607 371 798

331 433 538 489 sedens
559 435 722 506 pater
749 429 871 503 ejus
891 444 1020 486 cum
1049 443 1114 484 eo
1131 428 1265 484 foris
1293 430 1363 485 ad
1376 431 1799 498 monasterium,
1819 431 2000 502 plo-A
2017 444 2219 506 vestra,
2251 441 2336 496 vel
2365 441 2570 513 paena?
2609 441 2903 512 responde.
2937 441 3011 494 At
3049 440 3142 494 ille
3168 439 3334 496 altius
3365 441 3604 512 ingemi-

332 526 516 580 rabat.
541 527 682 580 Cum
703 530 891 578 autem
905 539 1050 576 unus
1065 538 1233 575 senex
1251 523 1321 576 ad
1333 539 1521 577 vocem
1544 523 1729 576 flentis
1745 540 1932 592 egrcs-
2013 547 2201 585 scens:
2235 533 2538 597 Quantum,
2563 533 2765 602 inquit,
2792 532 2989 585 coelum
3020 532 3192 585 distat
3209 550 3243 586 a
3273 538 3443 597 terra,
3477 537 3606 585 tan-

332 633 430 670 sus
459 621 626 678 esset,
649 623 706 669 et
730 611 1118 682 interrogabat
1138 629 1264 666 eum
1296 630 1394 666 cur
1424 615 1668 684 ploraret
1694 633 1705 679 ;
1739 614 1829 666 ille
1848 631 1932 667 re-
2013 625 2133 674 tum
2167 622 2311 691 ignis
2341 630 2425 677 est
2444 625 2609 686 altus,
2635 622 2691 674 in
2733 639 2842 692 quo
2868 622 3052 675 medio
3082 639 3276 676 sumus
3305 639 3338 674 a
3367 621 3600 692 pedibus

331 706 562 776 spondit
586 723 597 757 :
634 706 845 759 Parens
873 718 1000 757 sum
1032 701 1198 755 istius
1219 701 1436 756 abbatis
1458 703 1756 767 Pcrmenis,
1776 708 1832 756 et
1861 702 1929 756 ob
2012 726 2190 782 usque
2220 714 2288 766 ωι
2315 719 2483 783 caput
2518 712 2763 781 undique
2791 712 3020 782 perfusi,
3065 729 3164 765 nec
3192 713 3451 782 cuiquam
3477 711 3604 764 licet

327 796 437 849 hoc
463 794 587 848 veni
617 800 681 848 ut
708 794 856 847 hunc
875 792 1164 858 infantem,
1200 809 1369 862 quem
1400 793 1634 847 tentatio
1667 793 1925 859 conterit,
2010 799 2207 855 faciem
2239 803 2469 856 alterius
2498 800 2728 866 intueri,
2761 801 2855 854 sed
2887 801 3054 854 facies
3076 809 3265 854 nostro
3289 801 3452 854 dorso
3471 817 3604 853 con-

327 885 581 951 vidisset,
614 889 673 937 et
695 883 990 938 timuimus
1012 884 1170 938 illum
1201 900 1378 954 usque
1407 900 1554 937 nunc
1577 883 1684 936 huc
1704 883 1922 942 afferre.
2005 890 2214 958 junctae
2244 898 2393 946 sunt,
2420 893 2560 944 Cum
2589 907 2721 959 ergo
2749 907 2875 942 oras
2905 906 3005 960 pro
3037 889 3213 954 nobis,
3247 907 3312 943 ex
3339 897 3496 960 parte
3527 889 3601 942 vi-

328 974 465 1045 quia
491 989 606 1028 non
620 974 737 1028 vult
767 973 956 1027 videre
987 989 1112 1039 nos;
1144 980 1198 1027 et
1219 989 1365 1027 nunc
1381 973 1427 1026 si
1449 973 1770 1041 cognoverit
1797 973 1929 1042 quia

326 1063 419 1118 hic
443 1079 590 1129 sum,
623 1068 814 1128 526
832 1062 899 1115 ad
911 1063 1014 1117 huc
1045 1063 1282 1134 expellet
1306 1079 1395 1116 me
1412 1061 1559 1115 hinc.
1594 1063 1707 1132 Ego
1737 1067 1927 1116 autem

325 1153 527 1206 videns
554 1169 671 1216 vos,
703 1152 918 1217 Patres,
954 1151 1048 1223 qui
1078 1152 1246 1206 modo
1271 1153 1341 1206 ad
1373 1159 1499 1205 enm
1526 1151 1926 1221 venistis,prae-

324 1243 544 1313 sumpsi
565 1241 751 1296 venire
781 1242 908 1296 huc.
942 1242 1232 1306 Quomodo
1276 1241 1357 1294 vis
1384 1258 1538 1311 ergo,
1563 1241 1724 1306 abba,
1762 1241 1925 1294 mise-

321 1347 449 1387 rere
480 1332 610 1397 mei,
643 1337 699 1384 et
727 1332 859 1384 tolle
885 1331 1156 1384 infantem
1191 1331 1357 1394 hunc,
1391 1337 1448 1383 et
1475 1330 1630 1384 defer
1666 1331 1816 1384 intus
1846 1335 1924 1384 te-

320 1437 472 1486 cum,
505 1426 571 1475 ut
595 1425 718 1474 oret
746 1437 847 1491 pro
877 1437 960 1473 eo.
1003 1421 1180 1484 Quem
1210 1437 1337 1474 cum
1369 1437 1537 1474 senex
1561 1419 1842 1473 attulisset
1864 1419 1921 1474 in

321 1510 548 1572 cellam,
580 1509 818 1579 sapienti
852 1526 984 1563 usus
1014 1515 1099 1563 est
1126 1509 1384 1563 consilio:
1412 1526 1524 1562 non
1551 1509 1708 1562 illum
1739 1509 1919 1580 primo

316 1599 524 1653 obtulit
553 1597 744 1651 abbati
793 1599 1063 1664 Pmmeni,
1105 1600 1202 1653 sed
1236 1615 1269 1652 a
1299 1598 1608 1652 minoribus
1651 1598 1918 1652 fratribus

313 1688 612 1758 incipiens,
658 1687 911 1740 dicebat:
952 1688 1181 1757 Signate
1211 1688 1359 1742 hunc
1387 1687 1913 1753 infantem,fratres,

2011 978 2210 1032 demus
2256 981 2613 1043 alterutrum,
2662 984 2719 1032 et
2747 979 2850 1030 hoc
2879 977 3038 1030 nobis
3085 994 3184 1048 pro
3222 979 3601 1032 consolatione

2009 1073 2246 1123 constat.
2272 1070 2371 1122 His
2391 1069 2618 1132 auditis,
2637 1068 2912 1137 lacrymas
2924 1067 3094 1130 fudit,
3120 1066 3308 1122 dicens
3332 1086 3342 1119 :
3367 1069 3461 1121 Vae
3487 1067 3598 1120 diei

2009 1157 2090 1210 illi
2133 1158 2189 1212 in
2221 1175 2330 1229 quo
2360 1159 2526 1212 homo
2557 1157 2822 1210 mandata
2865 1157 2964 1210 Dei
2993 1162 3372 1224 transgressus
3396 1157 3506 1209 est!
3536 1157 3602 1209 Et

2007 1245 2213 1301 iterum
2243 1246 2312 1300 ab
2343 1263 2427 1312 eo,
2473 1247 2518 1300 si
2543 1252 2692 1300 esset
2720 1247 2898 1298 altera
2925 1262 3089 1315 poena
3127 1246 3306 1313 major
3343 1245 3597 1314 inquirit.

2007 1335 2109 1389 Cui
2139 1335 2230 1390 ille
2260 1337 2577 1406 respondit:
2631 1337 2774 1389 Sunt
2805 1334 2964 1387 nobis
3005 1335 3101 1387 alii
3132 1335 3308 1387 multo
3339 1333 3590 1386 inferius.

2006 1426 2258 1496 Cumque
2283 1426 2378 1496 qui
2404 1431 2592 1479 essent
2619 1425 2697 1478 illi
2729 1423 3119 1492 interrogaret,
3145 1423 3310 1477 dixit:
3345 1424 3458 1476 Nos
3478 1422 3595 1492 qui-

2003 1515 2150 1579 dem,
2194 1515 2289 1585 qui
2340 1516 2520 1569 Deum
2580 1530 2690 1568 non
2726 1513 3105 1582 cognovimus,
3156 1512 3595 1565 misericordiam
3625 1555 3638 1568 .

2003 1605 2557 1675 quantulamcunque
2587 1603 2869 1674 patimur;
2905 1603 2983 1655 illi
3025 1619 3154 1656 vero
3181 1601 3275 1671 qui
3306 1600 3595 1669 cognitum

2000 1693 2725 1764 negaverunt,gravioribus
2742 1698 2798 1745 ct
2810 1691 3186 1745 ineffabilibus
3204 1690 3380 1759 poenis
3395 1689 3593 1741 subtus

313 1776 587 1832 faeientes
629 1777 959 1840 orationem,
1003 1777 1263 1830 Similiter
1301 1793 1505 1847 I‘Ogans
1539 1794 1636 1846 per
1667 1777 1916 1847 singUIOS
1938 1795 2102 1855 Bnos
2130 1783 2470 1836 cruciantur.
2507 1782 2720 1846 Quibus
2740 1781 2965 1843 auditis,
3002 1777 3474 1833 beatusMacarius
3499 1793 3593 1831 ca-

315 1883 502 1921 senes.
536 1867 669 1920 Post
685 1882 880 1919 omnes
919 1866 1121 1919 detulit
1150 1867 1308 1919 illum
1321 1866 1390 1919 ad
1415 1866 1672 1920 abbatem
1695 1867 1914 1920 Poeme-

313 1972 448 2010 nem
473 1973 486 2021 ;
519 1955 683 2010 atille
703 1955 1065 2010 nolebateum
1079 1955 1406 2025 contingere
1446 1956 1587 2010 Cum
1613 1962 1804 2009 autem
1833 1971 1919 2009 ro-

308 2051 475 2116 garet
500 2062 650 2110 eum,
682 2051 747 2098 ut
774 2046 919 2099 sicut
945 2061 1161 2109 omnes,
1184 2045 1264 2098 ita
1279 2051 1335 2098 et
1375 2045 1468 2098 ille
1487 2051 1693 2100 oraret.
1720 2045 1919 2099 Exsur-

307 2151 451 2205 gens
480 2150 652 2189 senex
681 2134 977 2203 ingemuit,
1012 2139 1070 2188 et
1088 2134 1284 2199 oravit,
1317 2133 1507 2188 dicens
1541 2153 1552 2187 :
1590 2136 1756 2192 Deus.
1777 2151 1916 2188 sana

310 2225 589 2279 facturam
602 2229 778 2288 tuam,
797 2239 869 2277 ne
880 2223 1201 2278 dominetur
1223 2223 1301 2277 illi
1327 2223 1604 2277 inimicus.
1632 2225 1699 2278 Et
1720 2225 1912 2293 signa-

309 2313 391 2367 vit
418 2313 713 2378 infantem,
747 2329 986 2383 moxque
1018 2313 1164 2384 patri
1195 2329 1364 2367 sanus
1394 2318 1479 2366 est
1497 2313 1767 2369 redditus.

382 2401 507 2458 169.
542 2402 875 2473 Requisitus
899 2402 1126 2473 quidam
1141 2419 1204 2456 ex
1227 2402 1499 2472 patribus,
1531 2402 1576 2456 si
1605 2402 1914 2473 perfectum

309 2490 521 2546 bonum
548 2497 698 2546 esset
724 2498 963 2561 egestas,
996 2492 1314 2562 respondit:
1350 2493 1550 2561 \lagna
1579 2508 1667 2545 res
1706 2496 1793 2545 est
1816 2508 1914 2562 pe-

309 2581 504 2646 nuria;
538 2597 671 2634 nam
701 2581 798 2650 qui
831 2597 954 2634 eam
985 2580 1298 2634 voluntarie
1314 2580 1917 2646 sustinet,.tribulatio-

310 2685 443 2723 nem
476 2669 705 2740 quidem
733 2671 917 2725 carnis
947 2669 1136 2737 habet,
1171 2669 1372 2726 animae
1404 2686 1534 2724 vero
1561 2686 1675 2725 suae
1703 2669 1916 2724 invenit

310 2759 590 2830 requiem.

386 2846 507 2906 170.
542 2847 783 2912 Quidam
811 2848 988 2903 frater
1019 2849 1311 2919 requisivit
1341 2865 1554 2914 senem,
1587 2849 1780 2903 dicens
1811 2863 1824 2903 :
1856 2849 1915 2904 Si

308 2954 520 3009 paucos
550 2954 811 2991 nummos
829 2937 966 2991 mihi
990 2937 1157 2992 debet
1177 2938 1371 3002 frater,
1394 2938 1558 3008 jubes
1572 2944 1636 2992 ut
1663 2944 1914 3008 repetam

309 3026 434 3081 eos?
457 3027 560 3080 Cui
587 3043 756 3080 senex
779 3027 860 3080 ait
886 3045 896 3080 :
934 3027 1120 3081 Semel
1145 3027 1537 3081 tantummodo
1564 3027 1654 3080 dic
1673 3027 1754 3081 illi
1785 3044 1913 3083 cum

2002 1871 2117 1942 pite
2147 1871 2316 1925 altius
2347 1876 2513 1925 terra:
2543 1871 2762 1924 defosso
2792 1869 3065 1922 discessit.

2075 1960 2441 2024 '173'Quidam
2455 1959 2628 2014 frater
2647 1959 2983 2030 requisivita
3013 1955 3360 2020 sene,dicens
3378 1972 3388 2006 :
3407 1952 3583 2017 Abba,

1999 2066 2099 2103 cur
2134 2066 2166 2102 a
2187 2035 2537 2104 dmmonibus
2565 2055 2681 2103 tam
2711 2049 2958 2118 graviter
3000 2044 3440 2117 impugnamur?
3482 2044 3591 2096 Re-

1997 2139 2277 2210 spondeas
2297 2155 2484 2205 senex,
2509 2138 2649 2193 dixit
2675 2155 2690 2188 :
2719 2137 2860 2202 Quia
2881 2153 3040 2190 arma
3061 2141 3254 2190 nostra
3266 2133 3590 2204 p'rojicimus

1996 2245 2030 2282 a
2059 2227 2238 2295 nobis,
2262 2228 2317 2281 id
2339 2235 2443 2295 est,
2473 2227 2822 2298 patientiam,
2844 2226 3236 2288 humilitatem,
3262 2226 3586 2276 mansuetu-

1997 2317 2205 2382 dinem,
2239 2322 2407 2388 atque
2439 2316 2816 2371 obedientiam
2841 2317 3071 2387 (Pelag.,
3097 2316 3266 2368 libell.
3300 2329 3389 2379 xv,
3421 2327 3578 2365 num.

1997 2405 2102 2470 58;
2137 2406 2348 2469 Pasch.,
2379 2403 2530 2469 6.25,
2560 2421 2716 2457 num.
2741 2405 2811 2471 1).

2073 2490 2192 2548 174.
2219 2493 2460 2556 Quidam
2505 2492 2675 2546 frater
2710 2491 3003 2562 requisivit
3033 2490 3292 2544 abbatem
3320 2487 3586 2553 Sisoium,

1998 2581 2189 2636 dicens
2215 2599 2224 2634 :
2258 2582 2450 2647 Putas,
2479 2581 2640 2646 abba,
2674 2581 2751 2634 sic
2772 2581 2938 2635 modo
2967 2578 3326 2651 persequitur
3347 2593 3448 2630 nos
3470 2577 3594 2630 dia-

1997 2669 2329 2736 bolus,sicut
2345 2671 2604 2741 antiquos
2625 2671 2853 2725 Patres?
2869 2669 3206 2740 Respondit:
3248 2666 3420 2736 Magis
3441 2682 3590 2719 nunc

1997 2760 2356 2830 persequitur
2366 2759 2626 2830 nos,quia
2643 2759 3128 2830 appropinquante
3145 2771 3440 2828 pmnarum
3453 2761 3592 2809 tem-

1997 2866 2133 2920 pore
2154 2850 2333 2918 magis
2344 2848 2715 2919 angustiatur,
2743 2865 2842 2901 nec
2856 2854 3046 2902 tamen
3070 2847 3324 2900 infirmos
3340 2861 3590 2916 quosque

1997 2938 2264 3008 dignatur
2293 2944 2576 3010 appetere,
2613 2954 2753 3008 quos
2781 2937 2875 2991 ubi
2903 2937 3141 2991 voluerit
3161 2937 3271 2990 cito
3297 2936 3587 2999 subvertit,

1997 3028 2095 3082 sed
2123 3026 2528 3081 fortesvirosac
2550 3043 2783 3095 magnos
2810 3026 3380 3097 aggreditur(Pe-lag.,
3415 3026 3583 3079 libell.

304 3115 885 3183 humilitate(Pasch.,
917 3132 960 3169 ε.
984 3116 1034 3180 5,
1062 3133 1218 3170 num.
1237 3115 1311 3174 2t.
1341 3117 1417 3169 At
1451 3116 1544 3169 ille
1566 3116 1727 3170 dixit:
1754 3117 1907 3181 Quod

2004 3133 2090 3182 xv,
2119 3134 2174 3170 η.
2209 3115 2306 3182 45;
2340 3118 2550 3181 Ρα.ςι·1ι.,
2577 3134 2622 3170 c.
2655 3115 2744 3180 25,
2772 3132 2930 3170 num.
2963 3115 3039 3183 2).

305 3205 356 3258 si
389 3205 564 3259 semel
589 3204 800 3269 dixero,
834 3209 892 3258 et
920 3204 1058 3258 nihil
1080 3204 1216 3258 mihi
1246 3204 1483 3269 dederit,
1517 3205 1650 3274 quid
1681 3206 1908 3261 faciam?

306 3294 467 3348 Tunc
493 3309 661 3347 senex
688 3292 797 3346 ait:
830 3293 1077 3347 Ulterius
1103 3293 1241 3346 nihil
1263 3293 1314 3346 ei
1335 3293 1505 3349 dicas.
1533 3295 1608 3348 At
1635 3295 1728 3348 ille
1748 3295 1904 3350 dixit:

305 3383 377 3437 Et
409 3382 543 3452 quid
569 3382 786 3447 faciam,
820 3382 952 3452 quia
982 3399 1093 3436 non
1125 3398 1353 3452 possum
1375 3383 1595 3436 vincere
1608 3384 1904 3453 cogitatio-

303 3486 438 3526 nem
469 3470 785 3533 meam,nisi
813 3470 969 3524 fuero
994 3470 1072 3523 illi
1093 3470 1625 3541 importunus.Dixit
1647 3471 1697 3524 ei
1717 3487 1900 3525 senex:

301 3559 540 3614 Dimitte
569 3559 966 3629 cogitationem
1011 3565 1167 3612 tuam
1199 3575 1428 3630 crepare
1456 3578 1467 3619 ;
1512 3561 1904 3614 tantummodo

302 3664 379 3702 ne
405 3648 704 3702 contristes
734 3648 963 3702 fratrem
994 3655 1174 3710 tuum,
1208 3648 1342 3718 quia
1370 3648 1678 3703 monachus
1716 3665 1793 3702 es.

385 3736 503 3792 171.
534 3737 774 3800 Quidam
824 3735 998 3790 frater
1050 3736 1342 3807 requisivit
1395 3754 1606 3804 senem,
1669 3738 1904 3792 dicens:

302 3826 598 3890 Quomodo
627 3831 810 3896 potest
849 3825 1040 3879 anima
1071 3825 1449 3880 humilitatem
1490 3826 1770 3896 adipisci?
1809 3828 1908 3881 Ille

303 3915 620 3986 respondit:
653 3915 710 3969 Si
740 3915 1263 3980 suatantummodo,
1287 3921 1341 3968 et
1365 3931 1476 3968 non
1505 3915 1738 3969 alterius
1759 3916 1909 3970 mala

305 4003 625 4059 consideret
651 4005 942 4071 (Pasch.,c.
977 4001 1055 4067 l3,
1086 4019 1142 4056 η.
1180 4001 1282 4069 l0).

378 4093 614 4148 Dicebat
633 4097 851 4147 autem:
887 4092 1031 4156 Quia
1051 4091 1318 4163 perfectio
1349 4092 1593 4147 hominis
1617 4092 1907 4148 humilitas

299 4183 926 4252 est.Quantumcunque
952 4181 1100 4236 enim
1123 4183 1448 4253 deposuerit
1467 4200 1527 4236 se
1548 4183 1717 4237 homo
1737 4183 1795 4236 in
1809 4183 1910 4238 hu-

303 4272 853 4338 militatem,tantum
869 4271 1196 4342 provehitur
1212 4271 1268 4325 in
1284 4272 1572 4326 honorem.
1584 4272 1740 4326 Sicut
1757 4272 1908 4326 enim

298 4359 567 4430 superbia
594 4359 641 4413 si
661 4359 976 4413 ascenderit
1009 4360 1065 4414 in
1097 4361 1319 4425 cmlum,
1355 4377 1533 4431 usque
1581 4361 1652 4414 ad
1699 4360 1906 4415 inferos

2067 3207 2186 3260 175.
2221 3205 2461 3269 Quidam
2482 3205 2685 3258 fratres
2717 3201 3370 3274 requisieruntabbatem
3403 3199 3582 3252 Silva-

1992 3310 2150 3360 num,
2183 3311 2283 3366 per
2307 3312 2478 3365 quam
2499 3293 2643 3347 viam
2676 3293 2912 3363 adeptus
2927 3300 3073 3346 esset
3100 3296 3318 3345 tantam
3347 3287 3588 3360 pruden-

1990 3383 2155 3439 tiam.
2193 3383 2503 3454 Respondit
2527 3383 2608 3436 eis
2647 3383 2758 3447 ille,
2792 3383 2982 3436 dicens
3011 3401 3022 3435 :
3053 3383 3359 3450 Nunquam
3395 3376 3582 3431 dimisi

1987 3472 2196 3526 morari
2226 3473 2592 3542 cogitationes
2609 3473 2784 3526 malas
2809 3471 2867 3524 in
2891 3471 3058 3525 corde
3081 3486 3224 3534 meo,
3260 3485 3382 3539 quae
3404 3467 3582 3521 Deum

1989 3567 2358 3632 provocarent
2388 3562 2459 3615 ad
2482 3562 2624 3616 iram
2650 3564 2874 3628 (Pelag.,
2912 3563 3080 3614 libell.
3105 3574 3181 3622 x1,
3218 3576 3275 3612 η.
3303 3555 3411 3626 29).

2067 3650 2184 3707 176.
2201 3652 2406 3704 Beatus
2416 3650 2694 3704 Antonius
2709 3650 2929 3704 dicebat
2947 3665 2958 3700 :
2987 3649 3042 3704 Si
3060 3653 3245 3719 potest
3257 3647 3584 3716 fieri,quan-

1990 3746 2076 3794 tos
2096 3757 2293 3810 passus
2319 3739 2570 3793 ambulet
2591 3739 2915 3795 monachus.
2931 3739 3016 3791 vel
3045 3742 3184 3807 quot
3205 3736 3404 3790 calices
3425 3751 3585 3805 aqua:

1992 3828 2137 3882 bibit
2163 3829 2220 3882 in
2234 3829 2375 3882 cella
2403 3827 2716 3892 sua,.debet
2744 3827 3060 3881 senioribus
3083 3826 3459 3891 declarare,ut
3477 3839 3590 3878 non

1990 3917 2173 3972 deviet
2201 3917 2258 3972 in
2285 3917 2438 3988 ipsis.

2069 4006 2187 4062 177.
2219 4005 2405 4060 Abbas
2421 4006 2648 4059 Pcemen
2668 4005 2832 4060 dixit:
2861 4006 2925 4060 In
2954 4005 3110 4059 nullo
3131 4004 3210 4059 sic
3237 4003 3448 4073 gaudet
3475 4001 3585 4056 ini-

1993 4095 2189 4160 micus,
2239 4095 2519 4165 quomodo
2564 4095 2624 4148 in
2653 4095 2750 4148 illo
2781 4094 2876 4164 qui
2914 4111 3026 4148 non
3057 4095 3176 4148 vult
3215 4093 3582 4163 cogitationes

1993 4200 2124 4238 suas
2141 4183 2518 4238 manifestare.

2060 4273 2183 4327 178.
2219 4272 2460 4336 Quidam
2491 4271 2664 4326 frater
2691 4270 2837 4325 dixit
2866 4271 2936 4324 ad
2976 4286 3194 4324 senem:
3232 4271 3387 4335 Ecce,
3417 4269 3579 4335 abba,

1987 4363 2314 4432 frequenter
2339 4360 2622 4430 interrogo
2648 4359 2897 4413 seniores
2924 4359 3118 4412 Patres
3145 4362 3208 4412 ut
3232 4357 3422 4411 dicant
3447 4356 3586 4410 mihi

297 4449 616 4515 deducitur;
644 4449 723 4503 ita
753 4449 1115 4514 humilitas,si
1131 4449 1481 4503 descenderit
1501 4466 1680 4520 usque
1711 4450 1781 4503 ad
1814 4449 1902 4504 in-
1925 4466 1973 4525 D
1989 4449 2481 4505 commonitionem
2510 4465 2608 4519 pro
2631 4449 2812 4502 salute
2831 4447 3032 4502 anima:
3053 4463 3209 4512 meae,
3233 4451 3290 4501 et
3313 4445 3586 4517 quidquid

301 4537 550 4603 fernum,
579 4544 714 4593 tunc
745 4539 1022 4592 exaltatur
1059 4555 1239 4610 usque
1279 4539 1349 4592 ad
1379 4539 1546 4592 caelos
1579 4541 1805 4609 (Pelag..
1836 4543 1905 4594 li-

299 4629 428 4682 θέει.
458 4643 548 4692 xv,
579 4643 643 4683 η.
674 4624 769 4694 77;
796 4628 1010 4692 Pasch.,
1042 4644 1088 4681 ο.
1123 4625 1212 4693 13,
1245 4643 1404 4682 num.
1439 4627 1511 4696 5).

372 4719 497 4774 172.
529 4719 715 4774 Abbas
747 4720 1019 4775 Macarius
1050 4719 1162 4793 (‘20)
1213 4721 1346 4775 dum
1378 4721 1692 4775 ambularet
1719 4721 1777 4776 in
1805 4723 1904 4778 de-

296 4814 472 4876 serto,
539 4815 705 4880 caput
731 4810 1027 4879 cujusdam
1070 4809 1312 4864 hominis
1343 4811 1563 4865 aridum
1595 4811 1808 4866 invenit
1845 4812 1902 4866 in

301 4905 462 4954 terra
480 4898 521 4953 ¹.
556 4899 716 4962 Quod
743 4905 1041 4970 postquam
1067 4898 1266 4954 baculo
1282 4916 1384 4954 suo
1409 4901 1696 4965 convertit,
1711 4917 1903 4956 vocem

294 4987 484 5043 visum
509 4993 597 5042 est
633 4988 910 5042 emittere.
945 4989 1106 5052 Quod
1146 5005 1315 5044 senex
1343 4989 1603 5060 quisnam
1635 4996 1783 5045 esset
1811 4992 1900 5046 in-

293 5081 580 5147 terrogat;
613 5085 673 5131 at
719 5077 813 5131 ille
858 5078 1181 5148 respondit:
1219 5079 1335 5148 Ego
1363 5079 1591 5149 quidem
1638 5081 1898 5152 princeps

293 5183 457 5222 eram
486 5166 840 5221 sacerdotum
869 5166 1167 5233 idolorum,
1199 5167 1296 5238 qui
1321 5167 1378 5221 in
1404 5168 1508 5222 hoc
1535 5170 1654 5223 loco
1686 5169 1903 5226 habita-

290 5255 545 5311 bant.Tu
563 5261 756 5331 autem
778 5273 837 5310 es
864 5254 1037 5331 abbas
1068 5257 1346 5313 Macarius
1366 5258 1568 5327 Spiritu
1597 5258 1785 5314 divino
1806 5276 1897 5314 re-

291 5329 857 5418 pletus.Quacunque
880 5329 1033 5400 enim
1060 5346 1200 5400 hora
1224 5346 1488 5401 misertus
1505 5363 1700 5402 eorum
1729 5347 1899 5404 fueris

291 5435 394 5506 qui
414 5436 475 5490 in
505 5450 670 5507 pinna
688 5441 836 5500 sunt,
873 5439 930 5490 et
958 5451 1058 5507 pro
1071 5435 1152 5490 eis
1178 5435 1440 5503 oraveris,
1461 5437 1899 5493 consolationem

291 5524 548 5598 aliquam
577 5523 831 5580 sentiunt
857 5523 899 5580 ³.
931 5524 1034 5581 Cui
1057 5540 1244 5581 senex:
1264 5525 1334 5582 Et
1354 5542 1476 5598 quae
1497 5527 1898 5584 estconsolatio

372 5664 389 5700 ¹
424 5665 606 5734 Ioan.,
637 5666 808 5725 libell.
833 5681 916 5735 In,
944 5685 1000 5725 ιι.
1035 5669 1121 5738 16,
1150 5669 1320 5743 paulo
1349 5668 1512 5727 aliter
1541 5677 1752 5728 narrat.

1985 4541 2245 4594 dixerunt
2271 4539 2428 4604 mihi,
2455 4538 2593 4592 nihil
2623 4537 2837 4592 retineo
2858 4539 3082 4606 (Pelag.,
3104 4538 3298 4602 κυρία,
3321 4551 3374 4595 x.
3396 4552 3454 4588 η.
3473 4534 3582 4602 9'2).

1986 4629 2162 4684 Erant
2189 4634 2379 4682 autem
2400 4627 2521 4682 seni
2539 4627 2650 4680 duo
2672 4644 2802 4680 vasa
2825 4643 3015 4690 vacua,
3041 4630 3096 4679 et
3121 4625 3262 4679 dixit
3292 4624 3342 4678 ei
3367 4640 3533 4678 senex
3566 4639 3578 4675 :

1987 4719 2162 4783 Vade,
2198 4724 2256 4772 et
2277 4718 2416 4771 affer
2434 4733 2612 4771 unum
2643 4733 2706 4770 ex
2743 4716 2851 4769 illis
2881 4715 3045 4777 vasis,
3079 4721 3136 4768 et
3166 4713 3327 4768 mitte
3355 4728 3580 4783 aquam,

1985 4814 2045 4864 et
2073 4809 2196 4862 lava
2216 4807 2374 4873 illud,
2403 4813 2461 4860 et
2488 4806 2729 4867 effunde,
2765 4811 2822 4859 et
2850 4821 2993 4875 pone
3033 4804 3273 4858 nitidum
3305 4802 3363 4857 in
3401 4803 3584 4856 locum

1984 4917 2172 4955 suum.
2206 4899 2360 4953 Fecit
2389 4914 2521 4967 ergo
2552 4896 2632 4950 ita
2655 4895 2830 4950 frater
2857 4895 3031 4950 semel
3061 4900 3118 4949 et
3147 4894 3250 4959 bis,
3284 4900 3342 4949 et
3362 4895 3504 4949 dixit
3532 4895 3585 4949 ei

1985 5006 2188 5044 senex:
2213 4994 2453 5057 utraque
2474 5002 2604 5040 vasa
2639 4985 2806 5039 simul
2837 4985 2992 5038 affer.
3028 4985 3095 5039 Et
3124 5001 3251 5038 cum
3280 4985 3584 5052 attulisset,

1984 5079 2120 5135 dicit
2149 5078 2228 5133 ei:
2264 5077 2441 5142 Quale
2471 5081 2558 5129 est
2585 5091 2650 5129 ex
2681 5073 2935 5145 utrisque
2949 5074 3250 5129 mundius?
3270 5074 3582 5146 Respondit

1982 5170 2187 5224 frater:
2213 5166 2318 5222 Ubi
2339 5181 2545 5236 aquam
2569 5163 2716 5228 misi,
2751 5169 2806 5218 et
2819 5163 3108 5223 lavi.Tunc
3126 5181 3294 5219 senex
3319 5165 3464 5220 dixit
3491 5165 3576 5219 ei:

1985 5259 2075 5315 Sic
2105 5263 2192 5313 est
2211 5263 2268 5310 et
2295 5256 2506 5319 anima,
2552 5253 2652 5318 fili,
2687 5270 2810 5324 qua:
2841 5253 3165 5323 frequenter
3213 5255 3373 5310 audit
3416 5253 3588 5309 verba

1984 5348 2105 5415 Dei,
2139 5344 2392 5403 quamvis
2423 5346 2607 5408 δην
2633 5342 2776 5397 nihil
2794 5341 3039 5396 retineat
3059 5359 3124 5396 ex
3154 5343 3242 5400 his
3261 5361 3382 5416 quae
3410 5344 3580 5398 inter-

1982 5443 2162 5509 rogat,
2195 5441 2386 5490 tamen
2419 5433 2544 5504 plus
2569 5431 2874 5486 mundatur
2895 5447 3066 5503 quam
3096 5433 3195 5487 illa
3220 5450 3340 5506 qua:
3370 5449 3483 5487 non
3498 5449 3584 5486 re-

1984 5527 2177 5601 quirit.

1991 5733 1993 5736 ,
2053 5669 2075 5705 ²
2107 5670 2251 5726 Sane
2289 5667 2407 5724 haec
2437 5666 2825 5740 intelligenda.
2852 5666 2992 5722 Vide
3023 5671 3201 5722 notat.
