3966 6184
481 292 585 352 799

1612 297 1706 350 DE
1742 295 1931 352 VITIS
1969 296 2264 354 PATRUM
2300 296 2515 353 LIBER
2550 297 2648 353 ΙΙΙ.

3597 289 3679 353 800

557 419 688 476 179.
718 420 956 486 Quidam
1002 433 1170 474 senex
1203 417 1378 476 dixit:
1429 421 1665 486 Quando
1713 439 1885 494 opera
1929 421 2328 486 bonaAdixit:
2362 423 2474 479 Iste
2501 423 2667 478 homo
2679 423 2748 478 de
2777 417 3157 494 superioribus
3180 425 3282 488 est,
3313 425 3368 476 et
3391 420 3680 478 celestialo-

485 513 707 564 exercet
723 508 1046 573 monachus,
1063 507 1291 562 veniens
1317 508 1573 564 diabolus
1593 510 1776 565 locum
1797 527 1910 566 non
1927 514 2077 566 inve-

485 596 572 651 nit
598 597 657 650 in
685 613 769 663 eo,
806 601 864 650 et
882 597 1074 650 statim
1094 597 1331 652 discedit
1355 615 1368 665 ;
1402 598 1448 652 si
1487 604 1676 653 autem
1697 599 1910 654 malum
1935 617 2076 670 opus

485 689 718 750 exercet,
745 685 971 740 veniens
1017 685 1343 758 frequenter
1371 687 1614 758 Spiritus
1645 687 1762 753 Dei,
1791 694 1850 742 et
1876 689 2074 743 videns

484 773 693 828 malum
717 789 876 846 opus,
899 791 1014 829 non
1054 776 1126 830 ad
1163 793 1292 830 eum
1323 776 1554 843 accedit,
1591 777 1687 830 sed
1740 776 1975 856 recedit.
2017 777 2076 832 Si

481 868 672 918 autem
699 881 766 918 ex
785 870 905 920 toto
925 866 1090 921 corde
1111 866 1314 922 iterum
1333 866 1638 939 requisitus
1651 865 1842 933 fuerit,
1858 866 1968 921 cito
1991 883 2075 922 re-

482 957 732 1007 vertetur
761 956 992 1022 (Pasch.,
1025 972 1070 1010 c.
1112 954 1204 1021 26,
1233 973 1392 1012 num.
1425 957 1502 1025 3).

550 1041 677 1096 180.
711 1043 952 1108 Quidam
980 1045 1324 1099 senexdixit:
1359 1045 1546 1116 Usque
1573 1052 1708 1101 tunc
1735 1046 1902 1102 debet
1927 1046 2076 1101 labo-

481 1147 608 1186 rare
625 1133 1249 1205 monachus,usquequo
1259 1134 2072 1205 possideatChristum(Pasch.,

481 1236 528 1273 c.
555 1219 641 1286 '38,
666 1237 826 1278 num.
843 1221 917 1290 3).
947 1223 1052 1287 Qui
1073 1231 1262 1278 autem
1276 1224 1447 1277 semel
1463 1223 1620 1278 illum
1633 1225 1872 1296 adeptus
1885 1224 2072 1291 fuerit,

479 1309 598 1378 jam
613 1326 724 1363 non
751 1309 986 1365 laborat.
1014 1312 1299 1366 Permittit
1316 1317 1507 1366 tamen
1532 1313 2076 1368 Dominuslaborare

485 1398 690 1452 electos
705 1405 926 1465 suos,ut
937 1407 1386 1456 rememorentur
1397 1401 1819 1456 tribulationum
1833 1402 2073 1468 labores,

484 1487 634 1541 unde
655 1489 982 1560 semetipsos
1011 1490 1348 1557 custodiant;
1373 1491 1640 1546 timentes
1669 1508 1740 1546 ne
1770 1498 1959 1546 tantos
1998 1492 2078 1546 la-

483 1574 647 1630 bores
668 1577 950 1632 amittant.
987 1579 1131 1634 Nam
1159 1585 1216 1633 et
1259 1580 1404 1634 filios
1432 1581 1605 1635 Israel
1633 1581 1760 1635 ideo
1790 1582 1939 1636 Deus
1977 1598 2079 1652 per

485 1663 769 1719 desertum
798 1667 1172 1737 quadraginta
1195 1684 1372 1722 annos
1403 1669 1791 1735 circumduxit,
1817 1675 1882 1724 ut
1902 1686 2078 1724 reme-

2158 513 2386 584 quitur;
2421 530 2525 584 ego
2571 517 2758 567 autem
2802 513 2872 566 de
2899 509 3256 566 inferioribus
3283 527 3404 565 sum
3427 516 3478 566 et
3499 517 3682 570 terrena

2156 600 2243 654 vix
2271 600 2424 672 loqui
2453 616 2713 672 possum:
2748 599 2794 654 si
2817 599 2955 653 mihi
2979 599 3200 654 locutus
3218 597 3410 655 fuisset
3431 599 3612 671 aliquid
3628 603 3681 657 de

2154 689 2507 760 passionibus
2549 688 2826 754 monachi,
2859 687 3094 742 forsitan
3123 694 3181 742 et
3198 704 3299 758 ego
3329 688 3683 760 respondissem

2159 777 2240 831 illi
2265 797 2278 845 ;
2302 779 2350 832 si
2372 784 2563 834 autem
2593 778 2662 832 de
2681 776 2999 831 cmlestibus
3025 777 3398 848 loquitur,ego
3414 793 3496 832 me
3513 780 3684 835 nescire

2157 868 2444 938 conﬁteor.
2469 869 2740 938 Egressus
2759 883 2893 938 ergo
2913 867 3240 938 discipulus,
3264 865 3398 920 dicit
3415 867 3480 920 ad
3496 869 3688 925 anacho-

2158 962 2363 1012 retam:
2389 957 2681 1012 Senexiste
2699 961 2892 1010 noster
2919 972 3032 1010 non
3050 955 3170 1009 vult
3187 955 3256 1009 de
3275 955 3545 1010 altioribus
3568 974 3688 1028 quae-

2157 1046 2434 1102 stionibus
2450 1045 2623 1117 loqui;
2655 1045 2753 1099 sed
2770 1045 2815 1099 si
2829 1045 2955 1116 quis
2975 1044 3028 1098 ei
3047 1045 3118 1098 de
3139 1043 3481 1116 passionibus
3506 1045 3687 1101 locutus

2158 1136 2346 1201 fuerit,
2372 1135 2676 1206 respondet
2694 1134 2792 1188 illi.
2814 1135 2889 1188 At
2909 1134 3003 1188 ille
3020 1138 3383 1204 compunctus
3409 1133 3464 1188 in
3490 1134 3580 1188 hoc
3600 1151 3690 1189 ser-

2158 1225 2634 1294 mone,ingressus
2652 1223 2724 1278 ad
2746 1239 2937 1277 senem
2958 1221 3100 1277 dixit
3122 1239 3134 1274 :
3167 1221 3312 1286 Quid
3338 1221 3540 1287 faciam,
3559 1222 3688 1289 abba,

2157 1314 2289 1385 quia
2317 1313 2685 1368 dominantur
2714 1312 2850 1366 mihi
2879 1312 3166 1383 passiones
3185 1310 3365 1365 cordis
3389 1310 3532 1366 mei?
3572 1313 3697 1369 Tunc

2155 1419 2325 1457 senex
2354 1402 2598 1473 respexit
2627 1418 2756 1456 eum
2780 1400 3052 1471 gaudens,
3086 1405 3144 1454 et
3183 1399 3357 1454 dixit:
3391 1400 3540 1454 Modo
3557 1399 3688 1466 bene,

2159 1493 2346 1558 Pater,
2384 1491 2598 1545 venisti.
2621 1490 2826 1562 Aperio
2854 1506 2989 1561 ergo
3017 1506 3080 1544 os
3101 1505 3311 1556 meum,
3334 1494 3390 1544 et
3414 1489 3568 1561 imple
3585 1489 3694 1544 illud

2155 1581 2318 1636 bonis
2349 1580 2482 1636 tuis.
2515 1581 2582 1634 Et
2610 1583 2713 1634 hoc
2739 1595 2998 1633 sermone
3026 1579 3258 1649 adjutus
3287 1582 3371 1632 est
3389 1579 3694 1644 anachoreta,

2160 1675 2218 1724 et
2246 1669 2388 1724 dixit
2411 1687 2422 1722 :
2456 1670 2521 1724 In
2548 1668 2798 1733 veritate,
2831 1666 2979 1722 bona
3000 1673 3087 1721 est
3113 1667 3234 1722 haec
3257 1667 3349 1721 via
3380 1683 3535 1739 quam
3554 1673 3695 1733 tenes,

482 1754 718 1808 moratis
764 1755 1241 1821 tribulationibus,
1294 1773 1408 1812 non
1444 1757 1696 1812 redirent
1740 1765 2067 1814 retrorsum.
2093 1745 2138 1804 Β
2161 1764 2218 1814 et
2245 1776 2392 1823 vera,
2426 1764 2483 1812 et
2511 1775 2684 1829 agens
2711 1757 2831 1812 seni
2858 1757 3092 1828 gratias,
3135 1773 3392 1812 reversus
3418 1761 3498 1810 est
3521 1757 3572 1810 in
3595 1773 3697 1828 pro-

552 1840 647 1898 181
673 1887 685 1900 .
717 1844 954 1908 Quidam
985 1849 1160 1900 frater
1187 1845 1555 1916 interrogavit
1589 1863 1802 1914 senem,
1835 1847 2026 1902 dicens
2058 1865 2071 1901 :

485 1930 587 1984 Dic
605 1931 956 2000 mihi,Pater,
987 1951 1160 2004 quare
1192 1951 1342 1990 nunc
1369 1934 1688 1990 laborantes
1708 1936 1770 1991 in
1789 1952 2078 1992 conversa-

481 2019 730 2075 tionibus
743 2023 1002 2077 monachi
1017 2040 1125 2078 non
1139 2023 1422 2096 accipiunt
1432 2025 1846 2094 gratiam,sicut
1859 2025 2075 2096 antiqui

485 2109 717 2164 Patres?
737 2111 840 2164 Cui
873 2129 1038 2166 senex
1069 2113 1236 2167 dixit:
1267 2114 1422 2168 Tunc
1443 2119 1602 2168 tanta
1645 2115 1891 2169 charitas
1935 2119 2076 2180 erat,

482 2203 548 2252 ut
577 2200 966 2272 unusquisque
993 2202 1309 2272 proximum
1337 2219 1502 2257 suum
1535 2220 1761 2258 sursum
1793 2205 2074 2269 traheret;

485 2303 637 2347 nunc
664 2304 794 2342 vero
815 2294 1111 2362 postquam
1133 2291 1377 2346 charitas
1397 2292 1628 2352 refrixit.
1653 2298 1712 2346 et
1741 2297 1894 2347 totus
1914 2309 2081 2347 mun-

484 2376 590 2430 dus
618 2377 677 2430 in
705 2378 954 2448 maligno
986 2380 1200 2450 positus
1237 2385 1342 2443 est,
1378 2381 1587 2450 singuli
1631 2381 1912 2452 proximos
1948 2397 2080 2436 suos

483 2465 555 2519 ad
583 2466 850 2521 inferiora
877 2468 1180 2535 deducunt,
1212 2475 1271 2523 et
1299 2469 1423 2523 ideo
1443 2470 1524 2523 sic
1543 2469 1787 2538 gratiam
1817 2486 1929 2524 non
1951 2486 2076 2524 sor-

482 2553 661 2609 timur
689 2557 910 2625 (Pclag.,
955 2558 1127 2611 libell.
1161 2572 1293 2623 xvu,
1345 2574 1504 2612 num.
1536 2555 1637 2624 19;
1673 2559 1952 2625 Pasch.,c.
1986 2556 2075 2624 ‘28,

484 2658 644 2697 num.
671 2643 748 2702 4).

555 2731 674 2789 182.
707 2733 949 2798 Quidam
977 2735 1152 2790 frater
1173 2735 1466 2806 requisivit
1484 2751 1696 2802 senem,
1713 2736 1904 2791 dicens
1931 2753 1943 2788 :
1973 2737 2080 2791 Pu-

485 2826 590 2888 tas,
623 2821 785 2890 abba,
802 2829 1145 2894 cognoscunt
1163 2825 1344 2878 sancti
1368 2823 1468 2878 viri
1491 2825 1714 2896 quando
1737 2825 1892 2880 venit
1909 2825 1966 2879 in
1981 2841 2078 2880 eos

483 2911 709 2980 gratia?
741 2912 1052 2984 Respondit
1075 2929 1260 2980 senex,
1296 2913 1517 2968 dicens:
1542 2913 1668 2968 Non
1695 2931 1918 2985 semper
1945 2931 2078 2984 cog-

485 3005 742 3054 noscunt.
769 3001 914 3055 Nam
929 3002 1223 3072 cujusdam
1242 3003 1432 3073 magni
1447 3003 1598 3058 senis
1615 3003 1922 3075 discipulus
1949 3019 2078 3057 cum

2158 1848 2340 1920 priam
2366 1847 2672 1918 regionem.

2231 1936 2352 1992 185.
2375 1936 2615 2001 Quidam
2636 1953 2803 1992 senex
2823 1935 2990 1990 dixit:
3017 1935 3080 1992 Si
3093 1934 3220 2006 quis
3242 1939 3347 1988 aut
3365 1934 3430 1988 de
3447 1933 3698 2006 Scripturis

2160 2030 2260 2079 aut
2284 2025 2352 2079 de
2374 2040 2708 2096 quacunque
2724 2039 2892 2078 causa
2912 2025 3130 2078 locutus
3146 2025 3337 2088 fuerit,
3361 2039 3429 2077 ne
3445 2023 3699 2077 contendas

2161 2131 2290 2168 cum
2315 2131 2381 2168 eo
2398 2133 2410 2181 ;
2431 2113 2528 2168 sed
2545 2113 2592 2167 si
2617 2113 2844 2183 quidem
2859 2111 3164 2178 benedicit,
3185 2112 3436 2167 consenti
3450 2111 3498 2166 ei
3516 2130 3528 2178 ;
3544 2114 3586 2166 si
3601 2128 3700 2165 vero

2163 2203 2330 2269 male,
2371 2203 2459 2256 dic
2497 2202 2576 2256 ei:
2614 2203 2697 2257 Tu
2737 2201 2880 2257 scias
2917 2201 3197 2274 quomodo
3237 2201 3478 2272 loquaris
3507 2201 3694 2270 (Pasch,

2163 2291 2273 2348 c.3l
2290 2331 2305 2359 ,
2335 2309 2392 2346 η.
2415 2291 2612 2358 l).Hoc
2627 2290 2944 2356 observans,
2955 2297 3013 2345 et
3026 2291 3408 2345 humilitatem
3425 2288 3698 2361 possidebis,

2163 2386 2220 2434 et
2247 2380 2436 2434 odium
2460 2379 2726 2446 evitabis;
2759 2396 2892 2434 nam
2927 2379 2974 2434 si
3015 2379 3287 2451 persistas
3307 2379 3635 2440 contendens,
3661 2381 3703 2431 et

2161 2470 2245 2523 vis
2257 2469 2554 2524 defendere
2575 2485 2893 2523 sermonem
2917 2475 3095 2533 tuum,
3129 2475 3396 2522 nascetur
3409 2467 3701 2522 scandalum.

2161 2558 2244 2612 De
2269 2575 2602 2629 quacunque
2633 2574 2766 2627 ergo
2794 2574 2964 2612 causa
2991 2557 3040 2611 si
3068 2573 3182 2611 non
3211 2555 3575 2612 observaveris
3595 2570 3699 2609 con-

2161 2647 2464 2712 tentiones,
2499 2647 2653 2700 nullo
2673 2646 2840 2700 modo
2862 2645 3118 2717 requiem
3139 2644 3468 2717 possidebis.

2237 2734 2356 2792 186.
2389 2735 2628 2800 Quidam
2669 2735 2844 2788 frater
2891 2735 3264 2805 interrogavit
3291 2751 3478 2789 senem
3516 2733 3695 2788 dicens:

2160 2825 2462 2896 Usquequo
2493 2828 2579 2878 est
2605 2823 3014 2878 observandum
3042 2823 3357 2889 silentium,
3391 2822 3550 2877 Pater
3569 2807 3706 2879 ille-

2159 2913 2385 2984 spondit
2394 2929 2560 2968 senex
2586 2932 2598 2967 :
2623 2913 2923 2984 Usquequo
2942 2912 3332 2982 interrogeris.
3349 2913 3408 2968 In
3427 2911 3566 2966 omni
3583 2909 3701 2964 enim

2158 3001 2278 3056 loco
2298 3000 2343 3056 si
2361 3001 2674 3056 taciturnus
2694 3001 2887 3066 fueris,
2921 3000 3174 3071 requiem
3191 2999 3499 3072 possidebis
3519 2998 3707 3066 (Pasch,

482 3093 767 3158 peccasset
794 3089 852 3144 in
880 3089 1070 3162 aliqua
1099 3107 1178 3158 re,
1201 3091 1380 3146 iratus
1400 3108 1568 3146 senex
1587 3091 1730 3146 dixit
1749 3092 1800 3146 ei
1819 3108 1946 3146 cum
1969 3091 2078 3146 cla—
2095 3099 2138 3160 ί]
2159 3107 2204 3144 c.
2239 3089 2326 3157 3‘2,
2360 3107 2520 3144 num.
2559 3089 2636 3157 3).

481 3192 668 3232 more:
695 3177 868 3244 Vade,
903 3184 960 3233 et
983 3195 1221 3234 morere.
1255 3181 1325 3234 Et
1347 3179 1539 3234 statim
1555 3181 1648 3234 ille
1673 3180 1884 3235 cedidit
1904 3185 1962 3234 et
1975 3181 2076 3234 de-

481 3265 704 3320 functus
732 3273 836 3322 est.
872 3268 1128 3340 Cumque
1158 3285 1328 3324 senex
1346 3269 1581 3324 vidisset
1609 3286 1740 3324 eum
1764 3275 2068 3334 mortuum,

482 3353 860 3426 timoringens
877 3356 1043 3412 irruit
1052 3375 1222 3429 super
1239 3374 1388 3424 eum,
1407 3365 1464 3413 et
1481 3375 1606 3412 cum
1621 3375 1827 3429 magna
1855 3357 2078 3412 humili-

482 3447 601 3497 tate
642 3444 821 3498 oravit
853 3461 1060 3515 rogans
1090 3447 1288 3513 Deum,
1321 3452 1375 3500 et
1416 3446 1606 3500 dicens
1631 3464 1643 3500 :
1671 3445 1908 3501 Domine
1947 3447 2078 3501 Jesu

481 3531 724 3599 Christe,
751 3534 1023 3588 resuscita
1051 3534 1231 3599 illum,
1265 3540 1322 3589 et
1337 3536 1458 3605 jam
1482 3535 1721 3590 ulterius
1747 3535 1868 3590 sine
1897 3535 2080 3590 consi-

480 3619 771 3676 deratione
800 3623 970 3676 talem
993 3638 1105 3677 non
1128 3623 1329 3694 loquar
1341 3639 1659 3678 sermonem
1681 3641 1693 3689 ;
1719 3629 1778 3678 et
1805 3640 1935 3678 cum
1964 3624 2080 3679 haec

482 3706 734 3772 dixisset,
766 3709 956 3764 statim
983 3710 1226 3764 surrexit
1254 3710 1560 3781 discipulus
1585 3711 1727 3781 ejus.

551 3795 880 3851 183.Abbas
906 3798 1134 3852 Pmmen
1161 3797 1319 3851 dixit:
1347 3799 1526 3852 Homo
1549 3798 1646 3869 qui
1669 3797 1998 3866 aliosdocet,
2021 3805 2080 3854 et

482 3898 598 3936 non
625 3883 757 3938 facit
783 3901 850 3938 ea
891 3901 1014 3955 quae
1041 3886 1220 3965 docet,
1253 3885 1456 3940 similis
1483 3893 1570 3942 est
1617 3886 1756 3941 fonti
1799 3887 1936 3952 alto,
1979 3889 2076 3960 qui

485 3970 740 4026 omnium
783 3989 874 4027 res
901 3973 1069 4038 lavat,
1103 3979 1160 4055 et
1197 3991 1391 4029 omnes
1428 3975 1600 4030 satiat
1625 3981 1782 4048 potu,
1825 3977 2074 4048 seipsum

483 4065 674 4114 autem
693 4060 879 4116 lavare
910 4078 1021 4117 non
1051 4067 1254 4134 potest,
1273 4064 1372 4118 sed
1393 4063 1563 4119 habet
1599 4070 1657 4119 et
1686 4065 2078 4120 immunditias

483 4154 543 4203 et
567 4149 761 4204 sordes
782 4150 1046 4206 limorum
1074 4153 1302 4224 (Pelag.,
1337 4155 1504 4208 libell.
1537 4169 1588 4220 x,
1616 4171 1774 4210 num.
1808 4151 1916 4221 50).

556 4237 710 4294 Idem
723 4239 880 4296 dixit.
904 4241 1051 4296 Doce
1071 4241 1322 4297 animam
1335 4248 1488 4297 tuam
1509 4258 1731 4298 servare
1744 4259 1866 4314 quae
1882 4244 2078 4314 lingua

485 4332 585 4382 tua
607 4329 746 4383 alios
767 4329 948 4385 docet.

2237 3178 2357 3234 187.
2381 3179 2622 3244 Quidam
2653 3195 2821 3232 senex
2841 3176 3079 3233 dicebat:
3099 3177 3262 3233 Sicut
3286 3177 3407 3250 apis
3427 3188 3708 3248 quocunque

2155 3267 2326 3334 vadit,
2361 3267 2470 3322 mel
2497 3272 2800 3338 operatur;
2841 3267 2922 3321 ita
2965 3273 3023 3322 et
3070 3267 3383 3322 monachus
3427 3278 3709 3338 quocunque

2159 3355 2366 3427 pergit,
2385 3355 2432 3410 si
2461 3351 2691 3428 propter
2704 3371 2844 3428 opus
2868 3355 2968 3410 Dei
2997 3355 3266 3427 perrexit,
3290 3354 3617 3410 dulcedinem
3631 3350 3709 3405 bo-

2161 3460 2364 3500 norum
2376 3449 2603 3498 actuum
2625 3461 2851 3516 semper
2861 3449 3046 3516 potest
3062 3445 3338 3516 perﬁcere
3357 3444 3569 3511 (Pasch,
3596 3437 3708 3496 0.32.

2161 3551 2219 3588 η.
2252 3533 2304 3599 7,
2342 3536 2564 3588 nomine
2583 3535 2890 3602 Ampom's).

2231 3620 2356 3679 188.
2389 3620 2577 3676 Abbas
2605 3621 2867 3676 Muthues
2897 3621 3050 3676 venit
3075 3621 3382 3694 aliquando
3406 3622 3474 3676 de
3505 3621 3611 3676 loco
3634 3617 3709 3690 qui

2158 3715 2389 3766 vocatur
2407 3710 2726 3781 Ragitham,
2742 3709 2800 3764 in
2819 3709 3073 3781 partibus
3094 3709 3417 3766 Gebalouis:
3431 3715 3545 3766 erat
3553 3713 3707 3763 autem

2157 3817 2286 3855 cum
2310 3817 2375 3854 eo
2398 3799 2569 3853 etiam
2585 3798 2892 3870 discipulus
2914 3800 3038 3869 ejus
3057 3801 3463 3868 (Pe!ag.,libcll.
3483 3815 3561 3864 xv,
3584 3812 3709 3850 num.

2165 3889 2226 3946 17
2252 3907 2266 3956 ;
2296 3891 2512 3954 Pasch.,
2543 3905 2589 3942 ο.
2625 3886 2712 3953 33,
2747 3903 2904 3942 num.
2936 3886 3011 3956 3).
3041 3887 3254 3942 Videns
3275 3893 3462 3942 autem
3483 3903 3597 3941 eum
3617 3883 3711 3954 epi-

2156 3992 2358 4048 scopus
2386 3975 2491 4030 loci
2522 3975 2694 4040 illius,
2726 3979 2924 4030 tenens
2941 3991 3090 4041 eum,
3115 3975 3357 4032 invitum
3376 3974 3711 4048 presbyterum

2157 4064 2306 4119 fecit.
2342 4065 2411 4120 Et
2420 4064 2555 4119 dum
2575 4064 2787 4136 pariter
2804 4070 3312 4132 commorarentur,
3340 4070 3521 4132 ags
3541 4059 3710 4116 dicitei

2157 4153 2468 4226 episcopus:
2495 4153 2731 4224 Indulge
2762 4152 2922 4218 mihi,
2953 4151 3118 4221 abba;
3141 4153 3259 4208 scio
3291 4153 3440 4208 enim
3461 4151 3580 4224 quia
3596 4150 3711 4204 hanc

2155 4259 2384 4297 causam
2430 4241 2680 4308 nolebas,
2723 4240 2822 4296 sed
2852 4257 2956 4312 ego
2983 4257 3018 4296 a
3047 4247 3104 4296 te
3131 4241 3389 4296 benedici
3429 4239 3710 4296 desiderans

2096 4331 2261 4430 I)lioc
2291 4330 2641 4402 praesumpsi.
2693 4329 2797 4385 Cui
2825 4344 2996 4386 senex
3041 4347 3142 4402 pro
3180 4330 3498 4385 humilitate
3535 4325 3712 4430 ait:Et

553 4415 930 4483 18’LQuidam
956 4419 1298 4475 anachoreta
1316 4437 1442 4475 cum
1470 4421 1713 4476 venisset
1731 4421 1802 4475 ad
1815 4420 2076 4476 abbatem
2097 4415 2286 4474 "mea
2314 4419 2580 4490 cogitatio
2609 4435 2809 4490 parum
2857 4418 3076 4474 volebat
3101 4437 3114 4486 ;
3149 4419 3251 4474 sed
3291 4420 3353 4474 in
3398 4419 3499 4474 hoc
3533 4416 3707 4480 laboro,

483 4504 822 4572 Paemenem,
855 4509 1102 4579 suscepit
1123 4525 1254 4562 eum
1283 4525 1451 4562 senex
1475 4525 1602 4563 cum
1627 4507 1822 4564 lzetitia
1843 4511 2074 4579 (Pelag.,

2162 4507 2296 4580 quia
2322 4507 2492 4562 dividi
2523 4506 2698 4562 habeo
2721 4524 2756 4562 a
2793 4507 2966 4562 fratre
2993 4507 3090 4580 qui
3128 4523 3354 4564 mecum
3384 4513 3486 4574 est,
3515 4513 3567 4562 et
3587 4503 3709 4560 solus

487 4595 656 4648 libell.
689 4612 742 4660 x,
778 4612 939 4650 num.
966 4594 1070 4662 39).
1112 4597 1183 4650 Et
1215 4613 1343 4651 cum
1368 4613 1428 4650 se
1462 4597 1797 4651 alterutrum
1838 4597 2080 4668 amplexi
2163 4613 2276 4650 non
2305 4595 2520 4650 sufficio
2547 4595 2832 4650 orationes
2844 4611 2997 4650 meas
3025 4595 3283 4667 implere.
3304 4597 3450 4652 Dicit
3467 4596 3514 4651 ei
3533 4594 3708 4666 episcoo

485 4681 739 4750 fuissent,
763 4684 931 4756 coepit
967 4685 1304 4740 anachoreta
1335 4685 1405 4739 de
1435 4685 1738 4756 Scripturis
1767 4685 1992 4752 sanctis,
2013 4694 2074 4744 et
2157 4701 2292 4758 pus:
2319 4684 2379 4740 Si
2410 4684 2518 4738 scis
2539 4700 2666 4738 eum
2691 4701 2815 4738 esse
2841 4684 3095 4755 dignum,
3136 4685 3338 4740 ordino
3359 4703 3459 4758 ego
3481 4690 3534 4740 et
3559 4683 3707 4737 illum.

485 4773 556 4827 de
586 4773 754 4828 rebus
782 4773 1100 4829 caelestibus
1128 4774 1399 4828 conferre.
1417 4774 1574 4829 Tunc
1603 4790 1770 4828 senex
1797 4774 1966 4829 vertit
1992 4773 2076 4829 fa-
2157 4772 2470 4844 Respondit
2491 4771 2664 4826 abbas
2693 4773 2954 4828 Muthues
2983 4790 2995 4826 :
3045 4773 3105 4828 Si
3131 4773 3362 4845 quidem
3406 4775 3594 4845 dignus
3633 4770 3706 4836 sit,

483 4861 624 4915 ciem
654 4879 814 4918 suam
833 4863 904 4918 ad
931 4863 1105 4918 alium
1134 4862 1388 4929 fratrem,
1422 4868 1480 4917 et
1507 4863 1726 4918 nullum
1752 4862 1906 4918 dedit
1933 4879 2075 4918 ana-
2159 4861 2374 4918 nescio:
2391 4877 2568 4916 unum
2587 4865 2780 4916 autem
2807 4861 2944 4928 scio,
2973 4861 3108 4933 quia
3128 4862 3330 4918 melior
3344 4879 3433 4918 me
3461 4868 3556 4917 est.
3586 4857 3714 4915 Ordi-

483 4949 722 5005 choretaa
750 4968 1104 5022 responsum.
1148 4953 1247 5008 Ille
1296 4968 1428 5006 vero
1460 4951 1652 5006 videns
1676 4951 1824 5023 quod
1857 4967 1970 5006 non
1999 4952 2078 5006 lo-
2159 4951 2316 5006 navit
2334 4955 2524 5006 autem
2541 4955 2599 5004 et
2615 4949 2795 5004 illum:
2813 4949 3042 5022 utrique
3057 4957 3250 5006 tamen
3270 4951 3382 5024 ipsi
3398 4951 3476 5006 ita
3495 4963 3711 5023 perman-

484 5045 753 5109 queretur
805 5057 932 5096 cum
979 5058 1064 5108 eo,
1124 5057 1386 5112 egressus
1443 5045 1530 5096 est
1576 5041 1772 5106 tristis,
1821 5045 1880 5094 et
1936 5040 2074 5095 dicit
2158 5045 2357 5096 serunt
2384 5038 2649 5111 usquead
2669 5039 2842 5093 ﬁnem
2873 5055 3059 5102 suum,
3085 5044 3151 5094 ut
3169 5039 3240 5095 ad
3261 5041 3459 5106 altare,
3482 5042 3712 5110 quantum

482 5125 914 5197 discipuloillius
937 5147 948 5182 :
972 5129 1104 5184 Sine
1125 5147 1294 5185 causa
1314 5134 1537 5184 tantum
1555 5129 1776 5184 itineris
1790 5134 1847 5183 et
1871 5128 2078 5184 laboris
2159 5129 2230 5184 ad
2297 5128 2638 5183 oblationem
2679 5128 3029 5194 sacrandam,
3072 5145 3368 5200 nunquam
3405 5127 3707 5184 accederent.

479 5215 778 5286 assumpsi,
809 5223 870 5271 ut
899 5217 1146 5272 venirem
1165 5219 1237 5273 ad
1266 5235 1396 5274 eum
1427 5217 1523 5290 qui
1554 5217 1694 5272 mihi
1723 5217 1878 5290 loqui
1907 5217 2067 5272 dedi-
2160 5217 2320 5274 Unde
2344 5215 2564 5272 dicebat
2592 5232 2791 5272 senex:
2827 5217 3060 5272 Conﬁdo
3089 5217 3148 5272 in
3173 5217 3356 5273 Deum
3385 5233 3579 5281 meum,
3609 5212 3714 5284 quia

479 5309 709 5377 gnatur.
729 5305 1020 5374 Ingressus
1036 5312 1226 5361 autem
1249 5307 1558 5379 discipulus
1583 5307 1654 5363 ad
1683 5306 1942 5362 abbatem
1957 5307 2079 5362 Pue-
2160 5323 2275 5362 non
2303 5305 2483 5362 habeo
2507 5305 2722 5377 grande
2737 5303 3016 5376 judicium
3038 5310 3264 5378 propter
3287 5306 3433 5361 hanc
3453 5299 3713 5360 ordinatio-

480 5409 706 5450 menem
731 5393 904 5470 dixit:
937 5393 1174 5466 Propter
1193 5401 1250 5450 te
1273 5396 1382 5451 huc
1396 5397 1548 5451 venit
1575 5395 1746 5451 abbas
1759 5396 1885 5463 iste,
1912 5395 2078 5451 homo
2162 5411 2312 5462 nem,
2342 5395 2475 5466 quia
2503 5393 2843 5450 oblationem
2873 5410 2986 5449 non
3013 5395 3150 5450 mihi
3180 5393 3504 5468 praesumpsi
3529 5393 3709 5447 offer-re.

480 5490 600 5540 tam
631 5499 888 5555 magnus,
921 5487 1140 5538 tantam
1166 5484 1409 5555 gloriam
1438 5485 1496 5540 in
1525 5485 1660 5540 locis
1699 5485 1816 5540 suis
1843 5484 2074 5550 habens,
2161 5485 2308 5540 Nam
2346 5483 2624 5539 ordinatio
2648 5483 2766 5538 haec
2793 5483 3018 5539 illorum
3049 5489 3134 5540 est
3154 5484 3248 5556 qui
3287 5483 3408 5539 sine
3434 5482 3584 5554 culpa
3607 5477 3714 5533 sunt

482 5579 540 5629 et
565 5578 629 5630 tu
659 5589 773 5630 non
811 5573 894 5630 vis
931 5571 1084 5645 loqui
1135 5589 1264 5628 cum
1305 5573 1474 5645 ipso?
1509 5574 1876 5646 Respondens
1911 5589 2081 5630 senex
2157 5573 2297 5646 justi
2325 5578 2383 5630 et
2408 5571 2777 5642 immaculati,
2811 5589 2915 5644 ego
2944 5578 3134 5629 autem
3163 5572 3306 5630 bene
3347 5589 3436 5628 me
3459 5581 3710 5643 cognosco-
