3966 6184
277 253 381 312 801

1587 253 1825 309 VERBA
1864 250 2255 308 SENIORUM.

3450 258 3560 316 802

357 380 478 438 189.
506 382 746 446 Quidam
766 383 939 436 frater
962 382 1189 436 beatum
1211 379 1515 436 Macarium
1536 376 2187 451 postulabat,Aprofecti
2226 381 2359 430 sunt
2413 377 2483 429 ad
2526 375 2784 430 abbatem
2831 378 3123 432 Joannem.
3175 381 3315 434 Cum
3366 387 3557 437 autem

275 474 345 524 ut
368 471 422 525 ei
444 488 762 542 sermonem
786 472 1015 534 diceret,
1032 489 1133 543 per
1147 487 1312 542 quem
1338 474 1527 542 posset
1546 466 1875 523 salvari.Cui

276 576 451 614 senex
480 561 561 615 ait
594 580 605 614 :
665 562 902 633 Oportet
949 562 1143 632 fugere
1183 560 1457 623 homines,
1495 565 1548 614 et
1595 557 1791 613 sedere
1820 556 1879 609 in

277 649 445 718 cella,
488 657 543 705 et
583 668 683 723 pro
734 652 975 723 peccatis
1001 651 1213 722 jugiter
1254 648 1581 713 lamentari;
1632 653 1690 702 ct
1727 645 1875 717 quod

272 755 451 810 super
496 758 691 796 omnes
740 741 971 796 virtutes
1017 748 1121 809 est,
1161 746 1278 795 tam
1318 739 1570 809 linguam
1623 750 1877 791 coercere

273 844 450 898 quam
483 836 755 886 ventrem.

343 916 473 975 190.
523 920 710 975 Abbas
754 920 1043 983 Arsenius,
1094 921 1226 975 dum
1274 920 1461 973 adhuc
1498 915 1779 971 saecularis
1817 914 1878 967 in

270 1010 489 1081 palatio
508 1015 843 1077 moraretur,
857 1008 1566 1074 oravitDominum,dicens
1586 1024 1596 1058 :
1616 1005 1871 1060 Domine.

271 1100 508 1154 ostende
537 1100 676 1153 mihi
698 1101 847 1154 viam
875 1117 975 1171 per
992 1115 1161 1170 quam
1192 1098 1399 1169 possim
1424 1095 1870 1165 salvari(Pclag.,

273 1190 447 1243 libell.
482 1204 543 1256 ιι,
586 1207 643 1244 η.
680 1188 756 1259 3).
791 1190 859 1244 Et
886 1189 1099 1243 audivit
1140 1204 1351 1253 vocem,
1393 1187 1672 1240 dicentem
1719 1182 1824 1235 sibi
1859 1200 1871 1235 ε

271 1278 640 1350 Arseni,fuge
663 1279 939 1344 homines,
958 1284 1014 1333 et
1033 1277 1353 1332 salvaberis.
1380 1277 1521 1330 Cum
1544 1290 1677 1344 ergo
1699 1288 1875 1326 reces-

222 1374 229 1379 '
270 1368 441 1422 sisset
462 1369 521 1421 in
550 1368 931 1431 solitudinem,
954 1374 1012 1422 et
1034 1367 1292 1422 eumdem
1314 1380 1629 1419 sermonem
1654 1366 1870 1428 oraret;

268 1473 472 1511 rursus
504 1458 716 1512 audivit
743 1457 847 1512 sibi
877 1474 1066 1512 vocem
1096 1457 1371 1510 dicentem
1406 1473 1417 1507 :
1470 1452 1684 1519 Arseni,
1719 1450 1871 1521 fuge,

269 1549 413 1613 tace,
448 1553 507 1601 et
534 1547 775 1618 quiesce.
809 1548 939 1602 Haec
965 1552 1097 1601 sunt
1124 1545 1399 1617 principia
1436 1542 1652 1597 salutis.

340 1634 472 1692 191.
484 1637 624 1691 Cum
641 1637 711 1691 ad
730 1637 991 1691 eumdem
1003 1635 1297 1690 Arsenium
1310 1632 1652 1703 Theophilus
1663 1630 1875 1684 archie-

1962 469 2673 532 reverterentur,venerunt
2688 465 2759 518 ad
2779 466 3035 520 eamdem
3052 469 3393 537 speluncam,
3410 476 3466 525 et
3480 472 3564 526 ait

1963 553 2228 607 Besarion
2256 553 2326 607 ad
2354 553 2688 624 discipulum
2712 571 2876 608 suum
2900 573 2911 607 :
2941 557 3556 626 Ingrediamuriterum

1962 643 2029 695 ad
2072 643 2220 696 hunc
2249 642 2500 708 fratrem,
2532 642 2578 695 si
2606 643 2749 697 forte
2788 644 2871 697 vel
2920 645 3082 699 modo
3110 647 3448 716 persuadeat
3474 649 3557 703 illi

1958 731 2108 786 Deus
2125 737 2187 785 ut
2200 732 2464 802 loquatur
2483 732 2867 787 nobiscum.Et
2886 749 3012 787 cum
3035 734 3275 805 ingressi
3285 736 3543 804 fuissent,

1959 820 2295 874 invenerunt
2324 836 2525 890 corpus
2553 822 2943 876 tantummodo
2971 830 3274 892 mortuum,
3309 831 3365 879 et
3394 827 3555 896 inge-

1951 909 2206 968 miscens
2229 909 2370 963 dixit
2385 909 2654 980 discipulo
2683 927 2784 964 suo
2812 928 2822 962 :
2849 911 3008 976 Veni,
3035 912 3226 979 frater,
3251 931 3554 985 compona-

1967 1015 2092 1052 mus
2110 998 2268 1065 illud,
2284 999 2417 1069 quia
2439 1004 2671 1069 prapter
2691 1016 2819 1052 eum
2841 999 2950 1052 huc
2971 1017 3070 1054 nos
3081 1001 3352 1057 Dominus
3375 1010 3557 1059 trans-

1958 1087 2130 1141 misit.
2148 1090 2290 1142 Cum
2309 1093 2497 1142 autem
2513 1088 3175 1159 sepelirent,invenerunt
3191 1092 3337 1161 quod
3354 1095 3557 1148 mulier

1960 1183 2126 1243 esset,
2144 1184 2200 1232 et
2217 1177 2484 1231 admirati
2504 1182 2656 1241 sunt,
2674 1183 2731 1231 et
2750 1178 3013 1232 dixerunt
3037 1196 3047 1231 :
3072 1179 3558 1243 Quemadmodum

1958 1271 2015 1319 et
2062 1266 2325 1320 mulieres
2367 1267 2756 1329 colluctantur,
2792 1272 2849 1320 et
2892 1267 3126 1322 vincunt
3163 1269 3456 1323 daemonia.
3491 1271 3560 1325 Et

1957 1355 2340 1409 collaudantes
2378 1361 2547 1426 atque
2581 1356 2960 1425 glorificantes
2990 1358 3169 1411 Deum
3199 1358 3296 1429 qui
3322 1364 3409 1413 est
3436 1376 3561 1413 om-

1955 1444 2115 1498 nium
2147 1450 2447 1515 protector,
2482 1452 2833 1498 recesserunt
2855 1445 2924 1499 de
2945 1447 3062 1500 loco
3085 1446 3200 1501 illo.

2026 1533 2149 1587 195.
2182 1534 2473 1588 Venerunt
2499 1534 2802 1604 aliquando
2830 1535 2941 1589 duo
2971 1535 3198 1605 quidam
3224 1537 3458 1606 juvenes
3486 1537 3559 1592 ad

1957 1620 2183 1676 beatum
2212 1622 2512 1679 Macarium
2542 1626 2746 1689 (Joan.,
2787 1627 2956 1678 lz'bell.
2983 1638 3045 1677 Ill
3077 1642 3132 1678 η.
3159 1625 3236 1693 2),
3269 1642 3416 1679 unus
3439 1627 3560 1697 qui-

268 1725 535 1797 piscopus
571 1725 815 1779 venisset
852 1726 1096 1797 aliquem
1126 1724 1194 1778 ab
1224 1740 1288 1777 eo
1328 1722 1523 1776 audire
1553 1734 1871 1775 sermonem
1892 1728 1933 1785 Β
1956 1711 2085 1765 dem
2111 1712 2181 1765 ad
2213 1712 2437 1782 plenum
2466 1712 2680 1778 doctus,
2708 1713 2850 1766 alter
2867 1729 2996 1767 vero
3027 1713 3496 1785 adhucinsipiens
3512 1714 3554 1768 ⁴.

267 1814 657 1869 zediﬁcationis
698 1817 923 1883 (Pelag.,
987 1817 1153 1869 lz’bell.
1189 1828 1249 1879 II,
1292 1830 1348 1866 η.
1386 1811 1462 1877 ~’1),
1487 1816 1621 1864 tunc
1650 1814 1875 1863 sanctus

268 1904 543 1959 Arsenius
568 1904 647 1958 ait
673 1904 889 1958 cunctis
917 1904 1013 1975 qui
1060 1903 1297 1957 aderant
1324 1921 1334 1954 :
1385 1901 1443 1955 Si
1489 1899 1680 1953 dixero
1720 1897 1876 1952 vobis

266 1992 503 2065 aliquid,
546 1993 914 2047 custodietis?
942 1992 1101 2056 Quod
1134 2008 1264 2046 cum
1304 1991 1388 2044 illi
1418 1994 1711 2060 gratanter
1741 2003 1873 2058 pro-

268 2081 576 2147 misissent,
610 2081 826 2135 addidit
871 2081 964 2135 ille
1001 2100 1012 2133 :
1046 2080 1390 2150 Quocunque
1424 2078 1547 2132 loco
1580 2073 1874 2130 audieritis

270 2171 596 2235 Arsenium,
628 2171 760 2225 illuc
798 2171 1035 2225 ulterius
1065 2187 1135 2223 ne
1173 2168 1470 2223 accedatis.

344 2262 489 2315 Item
518 2278 647 2315 cum
668 2278 795 2316 eum
821 2261 987 2314 vellet
1010 2259 1462 2330 archiepiscopus
1480 2256 1689 2321 videre,
1724 2252 1877 2308 misit

272 2350 457 2421 primo
487 2350 674 2405 videre
702 2350 750 2405 si
780 2352 1026 2422 aperiret
1070 2350 1140 2403 ei.
1175 2353 1247 2403 At
1276 2348 1370 2401 ille
1403 2345 1750 2401 remandavit
1796 2343 1867 2421 ei,

275 2440 468 2494 dicens
502 2458 513 2493 :
544 2438 603 2494 Si
632 2439 785 2494 solus
812 2439 1048 2504 veneris,
1072 2438 1261 2509 aperio
1291 2436 1418 2503 tibi;
1454 2437 1501 2490 si
1530 2440 1720 2489 autem
1749 2449 1874 2487 cum

276 2529 553 2600 pluribus,
581 2530 733 2584 ultra
758 2529 847 2583 hic
873 2545 987 2583 non
1006 2528 1222 2582 sedebit
1250 2526 1535 2581 Arsenius.
1558 2524 1717 2589 Quod
1747 2539 1875 2577 cum

277 2619 530 2672 audisset
566 2619 1035 2690 archiepiscopus,
1087 2622 1331 2689 coeptum
1381 2614 1601 2669 distulit
1641 2613 1768 2674 iter.
1805 2628 1875 2666 ne

278 2713 513 2779 propter
548 2725 608 2761 se
636 2708 755 2762 loco
784 2708 881 2762 illo
910 2707 1146 2762 eremita
1183 2705 1514 2760 discederet.

353 2798 369 2830 ί
395 2794 512 2852 192.
531 2797 771 2861 Quidam
791 2796 993 2851 fratres
1015 2796 1147 2850 dum
1167 2813 1233 2849 ex
1254 2793 1539 2849 Thebaida
1558 2792 1739 2846 linum
1760 2807 1883 2862 per-

1962 1801 2028 1854 Et
2044 1801 2320 1872 provoluti
2350 1801 2584 1872 pedibus
2615 1803 2756 1871 ejus,
2780 1802 3140 1872 postulabant
3161 1809 3227 1857 ut
3245 1820 3434 1858 secum
3463 1821 3558 1859 cos

1960 1888 2215 1944 habitare
2251 1890 2624 1960 permitteret.
2653 1890 2803 1953 Quos
2822 1907 2950 1945 cum
2979 1891 3209 1945 vidisset
3236 1892 3397 1962 quasi
3435 1909 3559 1946 cor-

1960 1995 2092 2049 pore
2140 1978 2452 2043 deliciosos,
2489 1970 2829 2033 existimavit
2865 1996 2960 2034 eos
2988 1996 3242 2034 eremum
3270 1980 3416 2035 ferre
3445 1997 3560 2035 non

1958 2084 2137 2138 posse.
2153 2066 2413 2137 Dixitque
2431 2065 2501 2120 ad
2524 2083 2619 2120 eos
2643 2083 2656 2121 :
2683 2067 2804 2131 Hic,
2826 2066 3028 2121 fratres
3048 2067 3177 2133 mei,
3195 2084 3309 2122 non
3326 2067 3560 2140 potestis

1958 2172 2205 2210 manere.
2241 2155 2310 2209 Et
2344 2154 2426 2208 illi
2456 2154 2720 2209 dixerunt
2755 2172 2765 2206 :
2810 2155 2867 2209 Si
2907 2160 3092 2209 tecum
3121 2173 3234 2210 non
3263 2173 3558 2228 possumus

1957 2244 2230 2310 habitare,
2254 2244 2594 2314 Pater,‘quid
2616 2261 2748 2314 ergo
2769 2243 3072 2298 faciemus?
3092 2245 3321 2308 Quoille
3342 2246 3554 2313 audito,

1957 2335 2124 2405 ccepit
2150 2335 2302 2388 intra
2347 2351 2406 2388 se
2438 2333 2519 2387 ita
2555 2338 2855 2404 reputare:
2892 2334 2949 2387 Si
2980 2334 3106 2387 illos
3148 2334 3278 2388 hinc
3319 2336 3557 2404 ejecero,

1958 2423 2284 2479 scandalum
2306 2422 2593 2494 patientur
2616 2441 2628 2489 ;
2656 2439 2805 2477 nunc
2824 2422 3007 2476 dicam
3029 2421 3138 2477 illis
3162 2439 3174 2474 :
3202 2423 3416 2489 Venite,
3431 2438 3560 2478 con-

1957 2513 2160 2568 struite
2189 2511 2342 2566 vobis
2385 2512 2665 2577 cellulam,
2710 2512 2756 2565 si
2785 2511 3035 2583 potestis.
3071 2511 3325 2583 Cumque
3363 2511 3445 2565 illi
3482 2511 3559 2566 lo-

1958 2619 2085 2657 cum
2099 2606 2287 2668 ὅπερ
2306 2600 2411 2655 sibi
2438 2600 2832 2654 tantummodo
2864 2600 3239 2653 demonstrari
3269 2606 3555 2670 rogarent,

1962 2691 2121 2746 duxit
2147 2707 2242 2744 eos
2271 2695 2328 2746 et
2356 2690 2603 2744 ostendit
2618 2689 2697 2743 eis
2724 2694 2962 2760 petram,
2994 2705 3104 2759 qua
3129 2689 3307 2743 incisa
3334 2688 3439 2743 sibi
3465 2689 3563 2743 ha-

1963 2779 2269 2834 bitaculum
2309 2788 2711 2849 praepararent,
2754 2783 2812 2832 et
2853 2776 3021 2849 lignis
3050 2777 3235 2832 allatis
3263 2777 3333 2831 de
3364 2778 3567 2849 palude

278 2891 483 2956 gerent
508 2903 853 2957 comparare,
890 2886 1151 2940 dixerunt
1178 2885 1249 2939 ad
1279 2883 1515 2938 invicem
1553 2900 1565 2934 ε
1602 2883 1709 2934 per
1741 2880 1884 2933 hanc
1965 2866 2753 2938 contegerent.Arbitrabatur
2767 2872 2957 2920 autem
2977 2866 3565 2931 Macarius,confestim

280 2955 893 3030 (immunem—beatum
924 2974 1234 3029 videbimus
1280 2972 1599 3027 Αι-εεηίωη,
1629 2971 1883 3040 Cumque
1966 2959 2092 3012 illos
2121 2974 2221 3029 pro
2243 2956 2496 3027 injuncto
2526 2955 2718 3009 labore
2741 2955 3149 3009 discedere.llli
3170 2972 3297 3009 vero
3325 2956 3563 3010 interro-

278 3065 351 3119 ad
365 3064 690 3136 speluncam
714 3066 835 3135 ejus
854 3064 1254 3136 pervenissent,
1280 3061 1558 3132 nuntiavit
1573 3059 1622 3113 ei
1644 3058 1880 3128 discipu-
1900 3041 1945 3104 Ο
1964 3050 2241 3118 gaverunt
2268 3062 2416 3110 eum.
2434 3044 2681 3098 dicentes
2700 3062 2713 3099 ε
2730 3043 2885 3136 Quid
2908 3044 3093 3136 operis
3121 3059 3375 3136 exercere
3398 3043 3565 3114 iubes

277 3154 368 3209 lus
396 3171 534 3209 suus
558 3154 774 3209 Daniel.
809 3154 911 3208 Cui
938 3154 1032 3207 ille
1056 3154 1137 3207 ait
1161 3170 1172 3205 :
1201 3151 1374 3216 Vade,
1399 3150 1498 3215 fili,
1530 3155 1588 3203 et
1610 3146 1882 3217 susceptis

280 3244 361 3298 eis
390 3243 723 3314 obsequium
755 3241 965 3313 praebe;
1018 3259 1108 3295 me
1157 3247 1347 3295 autem
1383 3238 1647 3310 permitte
1677 3236 1879 3291 caelum

280 3332 554 3404 aspicere,
586 3338 643 3387 et
671 3332 891 3386 dimitte
920 3348 1013 3386 eos
1042 3329 1225 3385 redire
1259 3348 1272 3396 ;
1306 3345 1438 3382 nam
1468 3326 1666 3381 faciem
1697 3340 1880 3379 meam

283 3439 399 3479 non
428 3420 718 3476 videbunt.

360 3509 482 3567 193.
518 3512 660 3566 Cum
681 3510 909 3583 quidam
940 3509 1012 3564 ad
1041 3508 1301 3563 eumdem
1330 3506 1559 3561 beatum
1586 3503 1886 3558 Arsenium

285 3616 356 3655 ex
382 3601 652 3655 fratribus
679 3600 996 3655 advenisset
1026 3599 1214 3653 volens
1258 3596 1442 3650 videre
1468 3611 1616 3661 eum,
1646 3591 1888 3663 pulsavit

286 3690 549 3745 ostium’.
579 3690 766 3746 Abbas
794 3694 984 3745 autem
1013 3687 1281 3743 Arsenius
1309 3701 1542 3757 sperans
1570 3699 1737 3738 suum
1766 3698 1886 3736 esse

284 3780 645 3852 discipulum,
678 3779 899 3852 aperuit
925 3779 995 3833 ei.
1032 3778 1140 3833 Sed
1164 3781 1464 3847 postquam
1492 3775 1734 3827 a‘terum
1764 3786 1886 3825 esse

284 3875 674 3941 conspexerat,
707 3886 833 3924 mox
882 3885 941 3922 se
972 3868 1032 3921 in
1074 3871 1286 3920 terram
1314 3863 1551 3935 projecit
1579 3861 1637 3915 in
1665 3860 1884 3914 faciem.

286 3959 393 4015 Illo
403 3965 594 4014 autem
604 3964 669 4014 ut
680 3962 937 4029 surgeret
947 3951 1577 4029 postulante,respondit
1591 3949 1879 4031 Arsenius,

288 4048 484 4103 dicens
524 4067 538 4103 :
578 4048 705 4103 Non
732 4048 863 4102 hinc
891 4062 1208 4117 exsurgam,
1241 4042 1349 4098 nisi
1395 4038 1744 4096 discesseris.
1781 4038 1890 4092 Per

288 4137 501 4192 multas
528 4142 716 4192 autem
743 4137 910 4191 horas
929 4140 1159 4205 rogatus
1178 4150 1213 4187 a
1241 4132 1432 4196 fratre,
1464 4146 1582 4184 non
1613 4126 1893 4199 acquievit

289 4243 548 4297 surgere,
579 4242 870 4297 quousque
899 4223 1210 4279 discederet
1238 4221 1351 4275 ille.

366 4315 819 4386 Quotiescunque
836 4319 1024 4368 autem
1044 4312 1196 4367 idem
1215 4310 1414 4365 beatus
1434 4306 1706 4362 Arsenius
1722 4304 1781 4359 in
1807 4320 1891 4358 ec-

1940 3154 2085 3202 .nos,
2116 3137 2284 3190 Pater
2303 3135 2331 3187 ?
2346 3135 2503 3188 Tunc
2525 3133 2617 3186 ille
2660 3131 2895 3187 sublatis
2923 3131 3088 3199 foliis,
3122 3131 3433 3186 funiculum
3453 3131 3565 3186 illis

1963 3225 2215 3280 intexere
2254 3222 2519 3286 ostendit,
2554 3238 2721 3292 quem
2776 3237 2876 3292 pro
2917 3221 3065 3275 victu
3110 3238 3209 3275 eos
3247 3220 3563 3275 distrahere

1963 3312 2325 3377 commonuit,
2342 3316 2400 3365 et
2417 3310 2494 3364 ita
2516 3309 2586 3364 ab
2602 3309 2681 3363 eis
2702 3308 2976 3364 discessit.
2995 3310 3068 3363 At
3088 3309 3168 3363 illi
3194 3326 3318 3363 cum
3342 3325 3567 3364 summa

1965 3403 2256 3475 patientia,
2274 3414 2638 3471 quaecumque
2656 3397 2738 3451 eis
2762 3398 2986 3452 fuerant
3002 3397 3299 3468 imperata,
3319 3397 3566 3469 perfece-

1966 3491 2333 3546 runt.Videns
2349 3505 2482 3559 ergo
2496 3504 2591 3541 eos
2608 3503 2774 3540 senex
2793 3485 2851 3539 in
2868 3486 3130 3556 operibus
3140 3486 3300 3541 bonis
3315 3486 3566 3558 quotidie

1968 3596 2336 3645 succrescere,
2364 3583 2421 3632 et
2442 3576 2767 3647 frequenter
2785 3575 2843 3629 in
2866 3574 3158 3630 ecclesiam
3189 3593 3318 3630 cum
3347 3575 3569 3630 silentio

1967 3671 2026 3725 in
2040 3668 2385 3725 orationibus
2401 3663 3084 3738 persistere,desiderabat
3100 3664 3243 3719 scire
3254 3648 3569 3735 vera'opera

1970 3776 2182 3816 eorum.
2206 3756 2535 3829 Septimana
2561 3770 2695 3824 ergo
2727 3754 2945 3823 integra
2959 3752 3256 3823 jejunavit,
3277 3758 3333 3808 et
3352 3739 3570 3824 rogavit

1970 3849 2292 3911 Dominum,
2309 3852 2374 3900 ut
2386 3844 2492 3899 sibi
2515 3860 2686 3915 opera
2698 3858 2893 3897 eorum
2906 3841 3237 3913 dignaretur
3253 3842 3567 3897 ostendere.

1972 3941 2040 3994 Et
2066 3944 2193 4009 post
2217 3937 2333 3990 haec
2364 3933 2643 4005 profectus
2658 3937 2745 3987 est
2765 3932 2836 3986 ad
2857 3948 2969 3996 eos,
2989 3932 3343 4003 pulsavitque
3363 3931 3571 3987 ostium

1971 4028 2249 4100 speluncae
2278 4039 2491 4079 eorum.
2525 4021 2647 4085 Quo
2697 4026 2910 4092 aperto,
2955 4026 3013 4075 et
3039 4020 3157 4074 viso
3187 4020 3415 4074 homine
3446 4021 3567 4087 Dei,

1973 4116 2349 4171 adoraverunt
2378 4111 2604 4181 utrique
2634 4109 2691 4163 in
2722 4114 2894 4163 terra.
2921 4109 2991 4163 Et
3018 4115 3316 4179 postquam
3338 4109 3484 4163 facta
3504 4125 3571 4163 ex

1974 4222 2127 4261 more
2152 4203 2404 4259 oratione
2426 4197 2921 4263 consederunt,ille
2944 4198 3125 4266 major
3145 4196 3567 4263 innuitminori,

1973 4301 2030 4350 et
2059 4308 2318 4364 egressus
2347 4294 2434 4344 est
2460 4287 2629 4341 foras.
2662 4287 2787 4356 Ipse
2826 4289 3017 4339 autem
3046 4283 3277 4337 sedebat
3304 4288 3574 4354 torquens

291 4404 523 4459 clesiam
546 4420 673 4460 cum
692 4373 817 4458 aliis
846 4401 1105 4458 Patribus
1134 4399 1502 4465 convenisset,
1527 4401 1655 4468 post
1681 4395 1888 4449 colum-
1908 4382 2302 4459 Dfuniculum,
2343 4376 2749 4468 nihilgloquefls
2784 4373 3048 4468 _0mnin9-
3083 4373 3238 4427 Ηονό
3263 4388 3395 4427 vero
3424 4387 3575 4426 ΠοιἹὸ

292 4511 429 4549 nam
475 4493 722 4560 sedebat,
751 4510 820 4548 ne
851 4497 951 4548 aut
984 4488 1103 4563 ipse
1131 4489 1389 4559 alterius,
1432 4491 1532 4542 aut
1559 4485 1704 4540 alter
1739 4483 1890 4538 illius

292 4583 497 4638 faciem
524 4582 796 4653 inspicere
825 4586 1012 4653 posset
1042 4582 1265 4649 (Pelag.,
1294 4580 1465 4633 libell.
1496 4593 1581 4641 xv,
1610 4591 1666 4631 η.
1706 4570 1813 4644 10).

367 4670 526 4729 ³194.
560 4670 744 4725 Abbas
771 4670 1038 4725 Besarion
1069 4669 1205 4723 dum
1233 4665 1550 4722 ambularet
1579 4679 1705 4719 cum
1727 4660 1891 4717 disci-

291 4760 433 4833 pulo
461 4776 562 4816 suo
582 4776 684 4832 per
711 4776 962 4814 eremum
976 4761 1181 4827 (Joan.,
1215 4758 1382 4811 libell.
1416 4768 1494 4821 IIl,
1523 4771 1579 4808 η.
1613 4752 1885 4819 l;Pasch.,

289 4867 343 4905 c.
374 4848 466 4912 34,
500 4866 557 4903 η.
598 4847 673 4915 3),
704 4853 979 4903 venerunt
1005 4847 1075 4902 ad
1098 4844 1401 4918 quamdam
1430 4842 1754 4914 speluncam
1779 4858 1792 4907 ;
1829 4843 1885 4893 et

288 4937 558 5010 ingressi,
587 4936 665 4992 ibi
698 4937 1033 4992 invenerunt
1067 4935 1302 4989 fratrem
1329 4932 1619 4987 sedentem
1656 4935 1714 4985 et
1739 4927 1891 4984 funi-

289 5028 487 5083 culum
530 5033 876 5098 operantem,
911 5026 1008 5098 qui
1036 5040 1220 5097 neque
1259 5020 1502 5095 respexit
1530 5019 1600 5075 ad
1646 5035 1761 5083 eos,
1791 5033 1891 5072 ne-

290 5133 407 5188 que
439 5116 719 5183 salutavit,
753 5132 934 5187 neque
979 5113 1193 5186 aliquid
1222 5113 1443 5167 locutus
1483 5113 1569 5165 est
1608 5108 1708 5163 eis.
1742 5106 1895 5162 Dixit

288 5222 432 5277 ergo
470 5204 643 5261 abbas
684 5204 950 5260 Besarion
976 5203 1046 5259 ad
1076 5201 1414 5262 discipulum
1445 5214 1612 5255 suum
1639 5215 1650 5250 :
1686 5196 1896 5251 Eamus

285 5295 447 5362 hinc,
479 5294 613 5366 quia
639 5294 729 5349 hic
757 5309 925 5349 senex
953 5309 1067 5348 non
1115 5291 1236 5345 vult
1278 5288 1432 5361 loqui
1478 5286 1787 5341 nobiscum.
1821 5284 1891 5339 Et

365 5437 385 5471 ¹
408 5436 513 5491 Hic
539 5436 600 5490 in
628 5436 790 5491 editis
820 5434 1117 5490 intercedit
1144 5433 1286 5487 alius
1329 5431 1398 5485 de
1427 5428 1662 5485 Arsenio
1691 5442 1892 5481 nume-

291 5523 415 5571 rus,
443 5504 705 5562 videlicet
731 5507 801 5561 de
830 5504 1187 5561 arundineto.
1216 5536 1278 5547 —
1310 5503 1573 5557 Diversus
1605 5498 1786 5571 stylus
1833 5495 1893 5551 in

294 5568 497 5633 Editis.
526 5576 697 5633 Posui
724 5592 791 5632 ex
817 5576 950 5632 Mss.
983 5573 1204 5639 Pasch,
1233 5589 1281 5631 c.
1310 5571 1399 5642 3t,
1432 5587 1589 5627 num.
1622 5568 1676 5626 ‘22

1972 4472 2216 4546 pulsavit
2243 4468 2449 4525 ostium
2478 4464 2652 4519 frater
2675 4462 2885 4532 junior,
2919 4467 2977 4516 et
3004 4462 3293 4534 ingressus
3320 4466 3407 4516 est
3441 4477 3571 4516 cum

1971 4563 2113 4630 cibo,
2131 4576 2240 4632 quo
2254 4559 2420 4613 refice
2428 4559 2640 4610 rentur.
2658 4551 2867 4607 Eodem
2881 4557 3021 4606 nutu
3028 4552 3241 4621 jussus,
3257 4550 3571 4605 mensulam

1970 4651 2259 4725 parvulam
2280 4662 2408 4702 cum
2427 4643 2610 4699 tribus
2632 4641 2949 4713 paximatiis
2970 4640 3247 4711 apposuit,
3268 4644 3572 4709 taceasque

1974 4741 2147 4797 stetit.
2196 4739 2449 4807 Cumque
2499 4731 2892 4795 comedissent,
2924 4730 3190 4783 dixerunt
3227 4727 3297 4780 ad
3344 4726 3573 4781 beatum

1973 4828 2282 4886 Macarium
2316 4843 2327 4878 :
2362 4821 2632 4887 Discedis,
2662 4822 2845 4884 Pater,
2871 4834 2943 4872 an
2972 4816 3126 4871 non?
3158 4816 3223 4870 Et
3249 4814 3345 4871 ille
3377 4816 3487 4870 illic
3513 4832 3574 4871 se

1972 4920 2261 4992 quiescere
2290 4914 2427 4969 velle
2447 4909 2754 4982 respondit.
2778 4908 2932 4962 Tunc
2953 4905 3034 4960 illi
3060 4904 3358 4959 mattulam
3382 4905 3441 4960 in
3461 4922 3574 4960 uno

1974 5008 2180 5080 angulo
2200 5005 2270 5060 ad
2292 5019 2432 5075 opus
2452 5000 2628 5072 ipsius
2657 4995 3019 5058 Collocarunt,
3042 4993 3149 5064 ipsi
3166 5010 3297 5048 vero
3313 4993 3373 5048 in
3394 4995 3573 5049 altero

1973 5076 2179 5169 angulo
2209 5093 2559 5165 quieverunt,
2594 5084 2755 5157 quasi
2786 5083 2857 5137 ad
2884 5082 3278 5137 dormiendum
3304 5100 3364 5138 se
3394 5083 3573 5155 proje-
3616 5076 3623 5082 ’

1975 5182 2426 5243 cissent.Iterum
2453 5192 2589 5247 ergo
2617 5172 2894 5229 Macarius
2919 5172 3138 5243 rogavit
3159 5171 3482 5239 Dominum,
3509 5176 3576 5226 ut

1971 5278 2023 5333 ei
2052 5291 2222 5348 opera
2245 5273 2496 5344 ipsorum
2523 5264 2853 5319 declararet.
2880 5263 2949 5318 Et
2975 5277 3102 5317 ecce
3122 5262 3276 5317 velut
3303 5261 3576 5332 dissipato

2044 5418 2066 5452 ⁹
2096 5418 2357 5472 Diversus
2383 5411 2566 5483 stylus
2671 5403 2866 5461 Editis.
2905 5403 3074 5458 Posui
3092 5419 3170 5483 ex
3199 5404 3332 5483 Mss.

2045 5489 2067 5524 ³
2092 5471 2190 5544 ilic
2218 5487 2277 5540 in
2300 5471 2474 5539 Editis
2503 5480 2731 5535 additur
2757 5491 3025 5531 numerus
3054 5475 3196 5530 alius
3228 5473 3296 5526 de
3316 5471 3569 5528 Arsenio.

2048 5560 2070 5597 ⁴
2091 5559 2356 5615 Diversus
2386 5553 2476 5608 hic
2503 5551 2562 5605 in
2593 5548 2767 5605 Editis
2797 5545 3009 5615 stylus.
