3892 6182
420 258 523 314 803

1563 259 1656 314 DE
1691 257 1880 314 VITIS
1918 255 2212 312 PATRUM
2248 257 2463 313 LIBER
2499 258 2597 313 III.

3529 266 3612 323 8M

418 387 585 450 tecto,
629 383 723 438 lux
768 381 919 436 clara
955 379 1210 434 cellulam
1256 380 1410 436 illam
1458 383 1620 454 quasi
1657 383 1843 437 media
1891 381 2010 462 dies
2026 387 2076 442 Α
2169 380 2286 438 199.
2315 383 2571 446 Quodam
2602 387 2854 453 tempore
2876 379 3110 435 Mazices
3139 379 3372 451 (incum
3399 402 3614 458 superve-

419 473 693 544 implevit,
729 487 896 542 quam
929 476 1117 524 tamen
1143 469 1222 522 illi
1245 486 1354 524 non
1385 477 1718 539 senserunt;
1743 473 1842 526 sed
1869 476 2018 542 post-

420 577 588 632 quam
603 559 857 614 arbitrati
871 565 1004 612 sunt
1021 574 1213 612 senem
1233 559 1496 624 dormire,
1517 567 1812 631 surgentes
1824 561 1878 614 in
1893 577 2014 614 ora-

415 647 628 703 tionem
648 665 770 702 sese
790 647 1458 710 dederunt,extendentes
1475 667 1676 704 manus
1693 650 1762 704 ad
1785 650 2008 716 coelum,

415 754 554 808 quos
569 736 797 806 quidem
817 736 909 790 ille
928 736 1059 807 quid
1083 736 1332 792 facerent
1355 737 1695 805 intuebatur,
1721 738 1800 792 illi
1823 744 2011 792 autem

412 825 573 880 illum
591 825 780 879 videre
803 841 913 878 non
935 830 1211 896 poterant.
1235 827 1518 882 Intenti’us
1537 833 1726 882 autem
1742 844 1911 882 senex
1928 845 2012 882 re-

413 914 673 986 spiciens,
694 914 834 969 vidit
862 920 1130 985 tanquam
1163 930 1384 969 muscas
1413 916 1696 970 daemones
1723 917 2011 971 venientes

413 1003 473 1058 in
499 1003 654 1058 illius
681 1003 916 1058 minoris
943 1021 1038 1057 ore
1063 1010 1233 1074 atque
1262 1005 1438 1058 oculis
1464 1006 1710 1060 residere
1737 1007 2006 1071 volentes,

413 1093 506 1147 sed
539 1093 772 1164 angelus
802 1091 1026 1146 Domini
1051 1093 1376 1164 rhomphaea
1405 1094 1570 1164 ignea
1599 1102 1870 1162 armatus,
1894 1101 2013 1149 tam

411 1182 538 1237 illos
585 1181 971 1236 circumdabat
1016 1188 1074 1235 et
1118 1183 1471 1250 defendebat,
1509 1201 1679 1254 quam
1728 1185 2010 1239 daemones

410 1271 720 1344 repellebat
750 1276 808 1326 et
835 1271 1126 1342 ejiciebat;
1159 1271 1230 1325 ad
1271 1273 1546 1342 majorem
1587 1291 1717 1328 vero
1747 1274 2010 1328 accedere

413 1361 568 1415 nullo
588 1360 754 1414 modo
773 1359 1166 1432 praevalebant.
1202 1361 1380 1432 Prope
1409 1378 1537 1416 vero
1554 1363 1675 1433 jam
1697 1363 1840 1429 luce,
1873 1380 2007 1434 [1‘0-

407 1451 670 1520 jecerunt
683 1466 742 1503 se
760 1449 818 1502 in
839 1449 1033 1503 eodem
1053 1455 1236 1504 stratu
1256 1467 1377 1504 suo.
1391 1451 1547 1506 Tunc
1563 1453 1841 1506 Macarius
1859 1453 2010 1507 velut

413 1539 683 1610 evigilans
703 1538 962 1605 surrexit,
981 1539 1240 1592 similiter
1255 1545 1622 1594 surrexerunt
1641 1546 1695 1595 et
1717 1541 2009 1612 ipsi,quasi

413 1627 483 1682 de
508 1628 674 1698 longo
702 1642 918 1680 sommo
955 1627 1300 1698 excitati.‘Et
1325 1629 1594 1683 accedens
1623 1629 1810 1684 senior
1837 1631 2012 1684 frater

2096 471 2312 526 nissent
2340 472 2399 526 in
2428 472 2642 542 Scythi,
2667 477 2724 525 et
2756 470 2962 525 multos
2989 486 3055 523 ex
3083 469 3327 528 Patribus
3357 473 3613 532 interfecis-

2095 566 2222 614 sent
2243 563 2470 632 (Pelag.,
2501 563 2668 615 libo/1.
2712 577 2797 614 xv.
2837 577 2892 614 η.
2926 559 2990 614 il
3029 577 3045 626 ;
3089 561 3286 626 Fascia,
3313 578 3354 617 c.
3384 562 3460 630 42,
3492 583 3539 618 n.
3561 569 3617 632 In,

2095 648 2266 704 abbas
2290 650 2519 704 Poemen
2551 667 2676 703 cum
2709 649 2821 703 alio
2855 647 3056 702 abbate
3099 647 3306 703 seniore
3332 667 3402 715 se,
3432 655 3615 709 nomine

2094 736 2145 790 Ν
2149 736 2240 803 ub,
2259 743 2316 792 et
2343 755 2468 792 cum
2492 738 2616 792 aliis
2647 737 2892 809 quinque
2922 735 3181 791 Patribus
3194 735 3394 806 fugiens
3406 738 3533 807 inde,
3546 759 3621 796 ve-

2093 826 2179 880 nit
2207 827 2264 880 in
2284 827 2468 881 locum
2483 826 2830 882 Therenuthi
2845 824 2974 896 (22);
3012 831 3070 879 et
3092 825 3406 882 invenerunt
3425 827 3488 881 ibi
3515 836 3624 884 tem-

2092 916 2246 986 plum
2277 917 2556 986 quoddam
2587 916 2890 982 desertum,
2924 921 3250 969 manserunt
3286 915 3341 970 in
3367 933 3424 970 eo
3449 923 3623 988 septem

2093 1003 2290 1059 diebus
2332 1005 2564 1076 pariter,
2599 1006 2776 1059 donec
2817 1010 3216 1074 cognoscerent
3247 1003 3337 1058 ubi
3380 1021 3626 1060 mansurus

2093 1099 2244 1148 esset
2268 1093 2654 1165 unusquisque
2685 1095 2742 1147 in
2772 1099 2962 1160 530
2981 1093 3237 1164 Egypio.
3268 1093 3404 1147 Dicit
3426 1110 3540 1164 ergo
3559 1093 3624 1148 eis

2093 1181 2264 1238 abbas
2285 1184 2334 1238 N
2339 1182 2412 1237 ub
2437 1201 2449 1236 :
2486 1183 2814 1254 Septimana
2837 1182 2942 1235 hac
2964 1181 3340 1252 unusquisque
3366 1182 3629 1252 requiescat

2092 1272 2241 1342 apud
2263 1289 2342 1339 se,
2371 1278 2428 1327 et
2453 1289 2581 1327 cum
2601 1273 2780 1326 altero
2799 1287 2914 1325 non
2939 1271 3220 1342 loquatur.
3242 1271 3372 1325 Cum
3389 1276 3550 1324 autem
3567 1271 3630 1326 sic

2090 1358 2356 1426 facerent,
2388 1365 2511 1414 erat
2539 1359 2596 1414 in
2628 1359 2842 1430 templo
2873 1358 2968 1412 illo
2997 1363 3190 1412 statua
3213 1357 3482 1428 cujusdam
3498 1358 3624 1412 idoli.

2089 1447 2278 1502 Abbas
2307 1465 2440 1520 ergo
2459 1450 2510 1504 N
2515 1447 2587 1502 ub
2617 1463 2922 1518 exsurgens
2946 1463 3110 1502 mane
3139 1445 3414 1518 lapidabat
3437 1463 3560 1512 eam,
3587 1452 3632 1500 et

2089 1554 2320 1608 vespere
2347 1537 2578 1594 veniens
2618 1536 2838 1592 dicebat
2879 1536 2951 1591 ad
2981 1553 3108 1591 eam
3145 1553 3156 1588 :
3186 1535 3418 1600 Peccavi,
3445 1535 3632 1606 indulge

2091 1627 2250 1682 mihi.
2285 1629 2355 1683 Et
2381 1645 2482 1700 per
2506 1633 2686 1683 totam
2715 1627 3090 1700 septimanam
3122 1625 3372 1680 similiter
3399 1624 3528 1678 fecit.
3557 1625 3635 1678 Die

413 1715 484 1770 ad
511 1686 704 1770 senem
732 1715 874 1770 dixit
907 1735 919 1770 :
950 1715 1067 1781 Vis,
1100 1686 1279 1786 pater,
1319 1717 1404 1771 vel
1447 1717 1739 1790 duodecim
1767 1719 2013 1790 psalmos
2034 1704 2284 1772 Bautem
2307 1686 2536 1772 Sabbati
2555 1734 2682 1773 cum
2703 1686 2917 1788 pariter
2936 1716 3335 1776 convenissent,
3358 1713 3482 1768 dicit
3501 1713 3545 1767 ei
3563 1711 3639 1766 ab-

325 1794 332 1801 ’
413 1822 701 1860 canamus.
725 1805 978 1876 Cumque
1003 1805 1321 1876 psallerent,
1345 1806 1415 1860 de
1434 1823 1531 1861 ore
1551 1807 1794 1878 junioris
1820 1808 2010 1864 fratris

413 1911 513 1966 per
542 1894 793 1964 singulos
823 1910 1015 1947 versus
1045 1893 1133 1948 fax
1163 1893 1308 1964 ignis
1330 1911 1556 1965 egressa
1574 1896 1912 1952 ascendebat
1939 1898 2011 1952 ad

413 1984 633 2038 malum.
658 1983 801 2038 Item
834 1988 891 2036 et
933 1983 1115 2053 major
1153 2001 1281 2038 cum
1311 1985 1654 2052 decantaret,
1686 1987 1907 2056 quoties
1937 1988 2007 2042 ad

413 2071 769 2144 psallendum
787 2071 936 2126 labia
955 2071 1282 2138 deducebat,
1297 2073 1448 2127 velut
1465 2074 1750 2129 funiculus
1768 2074 1916 2146 ignis
1939 2077 2008 2130 de

413 2176 510 2216 ore
531 2161 654 2231 ejus
682 2159 942 2216 similiter
980 2160 1315 2216 tendebatur
1342 2161 1414 2216 ad
1447 2163 1670 2218 coelum.
1705 2164 2010 2236 Postquam

411 2265 543 2304 vero
597 2249 957 2321 expleverunt
1021 2250 1327 2305 matutinos
1349 2290 1362 2316 ,
1425 2267 1684 2321 egressus
1739 2253 2010 2309 Macarius

413 2337 745 2394 obsecrabat
763 2354 876 2406 eos,
895 2345 961 2394 ut
974 2355 1074 2410 pro
1104 2355 1163 2394 se
1183 2355 1344 2393 orare
1363 2339 1752 2410 dignarentur;
1778 2341 1860 2396 illi
1881 2359 2012 2397 vero

411 2432 684 2494 tacentes,
717 2428 789 2482 ad
819 2429 943 2498 ejus
970 2428 1139 2498 pedes
1165 2433 1299 2482 sunt
1325 2429 1620 2499 provoluti,
1650 2431 1862 2502 seipsos
1891 2447 2013 2486 om

365 2515 368 2520 ’
412 2515 662 2570 tionibus
700 2515 852 2570 illius
888 2515 1363 2571 commendantes.
1401 2517 1470 2570 Et
1509 2518 1773 2588 cognovit
1815 2536 2010 2589 senex,

414 2605 680 2676 quoniam
701 2605 812 2675 maj
821 2621 886 2658 or
895 2604 1118 2674 quidem
1137 2610 1284 2658 esset
1302 2604 1361 2658 in
1374 2605 1577 2660 timore
1594 2607 1691 2661 Dei
1709 2608 2007 2678 perfectus,

414 2693 689 2748 minorem
723 2709 854 2746 vero
884 2693 1068 2746 adhuc
1103 2693 1382 2748 daemones
1411 2695 1832 2766 impugnarent.
1878 2698 2014 2752 Post

413 2797 621 2853 paucos
651 2797 782 2835 vero
811 2781 932 2835 dies
962 2783 1144 2852 major
1165 2782 1340 2837 frater
1367 2791 1623 2856 receptus
1652 2791 1739 2840 est
1764 2786 1821 2840 in
1849 2803 2006 2858 pace,

413 2871 584 2926 tertio
621 2870 711 2925 die
740 2869 908 2924 etiam
951 2870 1136 2925 minor
1161 2876 1249 2926 est
1277 2889 1404 2926 eum
1437 2881 1750 2929 assecutus.

433 2981 441 2987 -
486 2957 608 3016 196.
639 2958 826 3014 Abbas
856 2960 1075 3030 Moyses
1106 2961 1335 3028 (Pasch.,
1371 2979 1417 3016 ο.
1449 2961 1536 3029 35,
1568 2981 1626 3018 η.
1672 2965 1722 3034 1)
1755 2980 2005 3018 commo-

2091 1804 2190 1860 bas
2214 1807 2445 1862 Poemen
2469 1825 2481 1862 :
2507 1807 2654 1872 Quid
2685 1806 2908 1862 voluisti
2939 1807 3044 1860 hac
3067 1809 3188 1860 tota
3215 1805 3387 1858 facere
3413 1801 3633 1874 septima-

2089 1911 2182 1961 na,
2197 1900 2264 1950 ut
2286 1896 2456 1950 homo
2481 1895 2658 1950 ﬁdelis
2677 1895 2826 1950 idolo
2845 1895 3078 1950 diceres:
3105 1893 3338 1964 Indulge
3360 1891 3500 1946 mihi.
3518 1889 3638 1944 Dicit

2091 1983 2142 2037 ei
2175 2001 2386 2040 senex:
2418 1986 2548 2040 Haec
2575 2001 2678 2056 ego
2715 1991 2947 2056 propter
2987 1999 3084 2037 vos
3121 1981 3227 2036 feci
3260 1998 3276 2033 :
3317 1980 3470 2034 dicite
3505 1977 3632 2043 mihi,

2091 2073 2342 2144 nunquid
2360 2073 2464 2128 hoc
2475 2073 2687 2128 idolum
2706 2073 2930 2144 quando
2951 2071 3292 2143 lapidabam,
3314 2070 3536 2124 locutum
3549 2071 3632 2131 est,

2089 2161 2434 2216 autiratum?
2449 2163 2518 2216 Et
2528 2162 2734 2217 iterum
2748 2161 2971 2233 quando
2983 2159 3386 2232 indulgentiam
3400 2156 3634 2228 petebam,

2090 2251 2348 2322 nunquid
2375 2251 2641 2306 exaltavit
2665 2267 2742 2316 se,
2777 2256 2876 2305 aut
2904 2249 3212 2321 gloriatum
3235 2248 3354 2303 est?
3378 2246 3470 2302 Cui
3495 2243 3633 2298 abbas

2091 2339 2321 2394 Pmmen
2345 2339 2635 2412 respondit
2666 2357 2678 2392 :
2712 2340 2839 2394 Non
2869 2338 3087 2409 utique.
3119 2337 3275 2400 Tunc
3313 2351 3470 2390 senex
3494 2333 3638 2386 dixit:

2093 2428 2337 2494 Fratres,
2362 2446 2506 2496 ecce,
2541 2445 2734 2483 sumus
2759 2433 2976 2499 septem
2998 2451 3010 2486 :
3043 2427 3091 2482 si
3111 2427 3281 2481 vultis
3301 2440 3426 2494 ergo
3453 2428 3509 2476 ut
3524 2419 3643 2493 pari-

2092 2523 2182 2572 ter
2201 2534 2548 2582 maneamus,
2565 2517 2636 2572 sit
2657 2517 2871 2572 idolum
2885 2516 3038 2570 istud
3055 2514 3220 2570 nobis
3241 2512 3552 2584 exemplum,
3568 2526 3644 2563 ne-

2093 2607 2319 2678 quando
2330 2607 2632 2677 injuriatus
2645 2606 2850 2677 aliquis
2860 2606 3137 2660 irascatur
3151 2623 3164 2672 ;
3187 2621 3289 2658 nec
3303 2601 3508 2674 quando
3522 2599 3581 2653 ab
3593 2612 3645 2652 eo

2093 2697 2254 2750 venia
2274 2697 2501 2768 petitur,
2526 2695 2799 2766 glorietur
2818 2695 2903 2750 vel
2924 2695 3245 2749 extollatur.
3279 2691 3376 2747 Sin
3395 2695 3566 2745 autem
3580 2687 3646 2741 ita

2091 2801 2205 2840 non
2225 2785 2414 2850 vultis,
2437 2785 2823 2856 unusquisque
2845 2782 2938 2838 ubi
2954 2783 3073 2840 vult
3093 2788 3312 2854 pergat.
3327 2783 3395 2836 At
3415 2779 3487 2834 illi
3512 2775 3648 2849 proji-

2092 2874 2303 2929 cientes
2322 2891 2382 2928 se
2404 2874 2464 2928 in
2484 2879 2714 2941 terram,
2739 2872 3156 2944 respondercnt
3174 2871 3236 2926 se
3256 2871 3336 2925 ita
3354 2869 3588 2931 facturos,
3601 2872 3648 2918 et

2093 2963 2173 3018 sic
2199 2968 2635 3034 permanserunt
2661 2979 2762 3034 per
2793 2962 3001 3016 multos
3027 2977 3212 3015 annos
3230 2976 3358 3014 cum
3387 2957 3548 3012 multa
3563 2954 3650 3008 hu-

409 3043 580 3104 nebat
593 3048 810 3114 fratres,
835 3022 1056 3104 dicens:
1082 3022 1337 3114 Quatuor
1355 3057 1489 3106 sunt
1512 3022 1783 3129 monacho
1801 3053 2006 3125 princi-
2026 3022 2068 3082 Ο
2089 3022 2325 3108 militate
2357 3058 2415 3108 et
2448 3022 2738 3124 patientia.
2777 3052 3032 3116 Quatuor
3063 3051 3224 3106 horis
3252 3045 3581 3104 dormiebant
3601 3042 3649 3097 in

411 3138 564 3210 palia
591 3137 962 3206 observanda;
987 3137 1042 3192 id
1073 3145 1177 3206 est,
1204 3140 1444 3204 tacendi,
1463 3142 1722 3196 servandi
1736 3143 2008 3197 mandata

408 3227 530 3295 Dei,
547 3225 880 3282 humiliandi
899 3227 1346 3300 semetipsum,et
1354 3229 1614 3300 angustia
1633 3231 2001 3302 paupertatis.

409 3316 645 3388 Oportet
671 3333 805 3388 ergo
836 3317 1173 3371 monachum
1200 3324 1262 3372 ut
1287 3334 1511 3389 semper
1537 3319 1748 3390 lugeat,
1783 3337 2007 3392 semper

407 3421 638 3460 suorum
669 3405 744 3460 sit
770 3421 986 3460 memor
1013 3412 1388 3477 peccatorum,
1409 3412 1466 3460 et
1484 3407 1638 3462 omni
1668 3409 1807 3464 hora
1831 3415 2007 3480 ponat

409 3488 516 3548 sibi
545 3498 784 3548 mortem
813 3499 944 3548 ante
984 3495 1175 3548 oculos
1210 3511 1362 3550 suos.

476 3581 602 3638 197.
638 3583 829 3638 Sancti
851 3583 1046 3637 Patres
1073 3583 1400 3654 congregati
1431 3585 1906 3656 preplietaverunt
1934 3587 2004 3641 de

408 3671 609 3726 ultima
629 3671 1010 3742 generatione,
1043 3688 1108 3725 ex
1141 3671 1344 3742 quibus
1367 3689 1512 3726 unus
1543 3673 1873 3746 praecipuus,
1907 3692 2007 3730 no-

409 3759 825 3829 mineSquirion
847 3760 1115 3828 [Vulgati,
1149 3761 1432 3831 Isquirio],
1453 3761 1619 3816 dixit:
1643 3763 1758 3817 Nos
1779 3763 2006 3834 quidem

408 3847 591 3900 adhuc
620 3847 888 3900 mandata
902 3847 1003 3900 Dei
1023 3847 1320 3918 implemus
1336 3853 1536 3915 (Joan.,
1563 3853 1732 3906 lz'bell.
1757 3866 1796 3917 Ι,
1817 3851 1920 3906 11.1
1934 3852 2003 3920 i).

407 3935 908 4004 Interrogaverunt
935 3952 1063 3990 eum
1087 3937 1184 3990 alii
1209 3938 1427 4005 Patres,
1444 3939 1728 3995 dicentes:
1755 3941 1901 4006 Quid
1921 3941 2003 4008 hi,

409 4023 506 4093 qui
529 4029 656 4095 post
679 4040 782 4078 nos
815 4025 989 4080 futuri
1017 4025 1190 4080 sunt?
1220 4027 1296 4080 At
1321 4026 1415 4082 ille
1447 4030 1790 4100 respondens
1814 4030 1954 4085 dixit
1987 4049 2000 4084 :

405 4113 588 4167 Media
609 4113 752 4168 forte
767 4114 1126 4186 complebunt
1144 4115 1410 4172 mandata
1424 4118 1611 4181 Dei,et
1627 4124 1899 4174 aeternum
1921 4136 2006 4174 re-

2087 3147 2272 3204 nocte,
2303 3147 2362 3196 et
2387 3147 2630 3212 quatuor
2657 3139 2988 3212 psallebant,
3018 3144 3076 3194 et
3105 3144 3352 3210 quatuor
3375 3133 3648 3207 operaban-

2086 3237 2208 3299 tur;
2243 3231 2303 3285 in
2323 3231 2412 3284 die
2443 3247 2572 3286 vero
2599 3246 2776 3301 usque
2799 3229 2868 3284 ad
2899 3229 3100 3283 horam
3129 3233 3345 3284 sextam
3373 3221 3648 3296 cperaban-

2087 3324 2200 3386 tur,
2232 3319 2434 3374 deinde
2462 3335 2638 3391 usque
2676 3319 2748 3374 ad
2778 3333 2984 3373 nonam
3007 3315 3310 3388 legebant;
3342 3319 3398 3368 et
3423 3319 3538 3384 post
3562 3311 3650 3364 hoc

2087 3408 2294 3462 victum
2305 3407 2412 3462 sibi
2424 3407 2832 3479 praeparabant,
2849 3406 3177 3478 colligentes
3194 3403 3458 3478 quasdam
3471 3396 3648 3455 herbas

2084 3503 2252 3553 terrae
2267 3545 2274 3552 .

2151 3585 2282 3644 200.
2306 3586 2560 3641 Fuerunt
2573 3591 2632 3641 et
2649 3586 2745 3640 alii
2769 3590 2985 3657 septem
3013 3584 3282 3640 similiter
3311 3572 3656 3654 probatissimi

2086 3675 2210 3742 viri,
2237 3675 2334 3746 qui
2360 3675 2420 3730 in
2449 3692 2517 3730 ea
2544 3691 2752 3741 eremo,
2782 3691 2904 3746 quae
2935 3673 3266 3729 Sarraeenis
3285 3669 3543 3740 contigua
3567 3669 3654 3728 est,

2086 3763 2445 3832 habitabant;
2479 3763 2694 3819 cellulis
2723 3763 2948 3835 quidem
2977 3763 3130 3818 haud
3149 3763 3318 3833 longe
3338 3777 3374 3814 a
3393 3775 3452 3813 se
3473 3753 3656 3816 divisis:

2088 3853 2182 3908 sed
2230 3852 2337 3924 ipsi
2379 3853 2601 3908 vinculo
2629 3853 2922 3908 charitatis
2950 3851 3191 3907 connexi
3225 3871 3240 3905 :
3278 3861 3509 3922 quorum
3535 3855 3660 3898 unus

2091 3942 2390 3996 vocabatur
2413 3943 2632 4007 Petrus,
2657 3941 2800 3996 alius
2823 3941 3164 4012 Stephanus,
3187 3939 3392 3995 tertius
3420 3935 3652 3993 Joannes,

2089 4035 2322 4100 quartus
2343 4030 2633 4102 Georgius,
2662 4029 2891 4100 quintus
2917 4029 3270 4092 Theodorus,
3298 4031 3484 4082 sextus
3503 4018 3654 4084 Felix,

2084 4119 2358 4190 septimus
2385 4119 2620 4174 Laurus.
2654 4119 2757 4173 Hic
2795 4134 2930 4189 ergo
2957 4118 3018 4172 in
3056 4117 3243 4172 sterili
3281 4133 3350 4170 ac
3375 4109 3662 4168 vastissima

407 4201 632 4272 quirent
681 4202 880 4259 Deum.
922 4204 1305 4276 Dixeruntque
1347 4207 1524 4262 sancti
1565 4207 1761 4262 Patres
1809 4227 1822 4261 :
1869 4209 2006 4264 Post
2085 4207 2407 4273 solitudine,
2431 4213 2488 4262 et
2513 4223 2654 4280 pene
2687 4207 3010 4262 hominibus
3043 4203 3407 4261 inhabitabili
3441 4212 3660 4256 commo-

405 4291 506 4346 hos
533 4296 724 4347 autem
743 4292 839 4363 qui
867 4293 1117 4361 veniunt,
1159 4293 1295 4365 quid
1322 4295 1524 4350 facturi
1547 4297 1720 4351 sunt?
1749 4297 2002 4368 Respon-
2021 4302 2294 4396 larentes,
2323 4297 2496 4352 semel
2522 4297 2630 4352 sibi
2657 4297 2716 4352 in
2753 4295 3073 4368 septimana
3095 4295 3372 4351 videndos
3400 4308 3458 4347 se
3482 4285 3663 4361 prabe-

405 4380 544 4436 dens
562 4380 729 4435 dixit:
749 4381 1018 4436 Homines
1035 4383 1416 4453 generationis
1436 4384 1587 4440 illius
1603 4386 2002 4442 mandatorum
2021 4380 2069 4396 ”
2085 4383 2240 4442 bant.
2268 4385 2638 4442 Sabbatorum
2659 4402 2902 4457 namque
2913 4384 3172 4450 die,hora
3196 4383 3313 4439 diei
3333 4396 3479 4436 nona
3491 4389 3660 4432 conve-

405 4469 506 4524 Dei
521 4485 693 4541 opera
710 4485 827 4524 non
855 4469 1158 4536 habebunt,
1180 4477 1238 4526 et
1255 4479 1534 4544 praecepta
1551 4474 1654 4528 Dei
1677 4474 2005 4531 obliviscen-
2083 4474 2316 4530 aiebant
2333 4475 2540 4546 singuli
2553 4475 2621 4530 de
2638 4474 2773 4530 locis
2784 4474 2902 4530 suis
2921 4473 2988 4529 ad
3013 4473 3204 4529 locum
3221 4471 3336 4528 sibi
3353 4467 3662 4526 condictum.

403 4561 515 4612 tur.
547 4556 1040 4629 Superabundabit
1067 4564 1258 4614 autem
1287 4566 1422 4615 tunc
1447 4561 1737 4633 iniquitas,
1762 4569 1820 4618 et
1846 4565 2004 4619 refri-
2084 4563 2396 4619 deterentes
2415 4563 2821 4635 unusquisque,
2845 4561 2894 4618 si
2923 4561 3057 4634 quid
3084 4561 3347 4617 invenire
3367 4549 3665 4632 poteraLEt

404 4653 594 4716 gescet
619 4646 864 4702 Charitas
882 4648 1193 4703 multorum
1222 4651 1433 4718 (Matth.
1461 4655 1630 4715 xxiv).
1648 4652 1850 4708 Veniet
1871 4671 2000 4710 vero
2081 4668 2229 4708 unus
2250 4652 2476 4724 quidem
2506 4651 2793 4708 deferebat
2817 4668 3006 4718 nuces,
3043 4651 3193 4707 alius
3219 4651 3532 4704 laetorones
3548 4639 3665 4704 (23).

405 4749 576 4806 super
603 4753 698 4792 eos
715 4737 1044 4798 tentatio,et
1059 4736 1156 4808 qui
1175 4737 1384 4792 inventi
1400 4737 1612 4793 fuerint
1627 4739 1688 4795 in
1707 4741 1804 4796 illa
1820 4747 2002 4799 tenta-
2081 4741 2225 4797 alius
2250 4741 2520 4814 dactylos,
2553 4741 2696 4796 alius
2733 4741 2891 4807 ﬁcus,
2924 4739 3068 4796 alius
3095 4739 3308 4794 herbas
3333 4733 3585 4794 visibiles,
3613 4724 3662 4780 id

402 4822 556 4878 tione
593 4825 835 4896 probati,
863 4831 920 4880 et
946 4825 1105 4880 nobis
1129 4829 1186 4880 et
1213 4826 1475 4882 Patribus
1498 4828 1708 4884 nostris
1736 4832 2000 4887 meliores
2082 4836 2186 4896 est,
2217 4830 2532 4902 lapsanum,
2553 4830 2891 4902 pastinacae,
2916 4828 3131 4884 caricas
3161 4833 3224 4883 et
3255 4820 3660 4899 petroselinum.

406 4909 663 4979 existant,
687 4919 744 4967 et
771 4913 1062 4978 feliciores,
1101 4919 1159 4970 et
1185 4913 1608 4986 probabiliores.
2080 4917 2194 4974 Iste
2223 4919 2427 4991 quippe
2459 4924 2583 4975 erat
2624 4918 2938 4991 praecipuus
2979 4933 3178 4973 eorum
3223 4916 3406 4970 victus
3437 4931 3450 4965 :
3483 4918 3664 4982 panem

481 4997 599 5054 198.
616 5001 856 5064 Quidam
867 5001 1042 5057 frater
1056 5003 1316 5058 abbatem
1335 5005 1627 5077 requisivit
1647 5008 2000 5078 Agathonem
2079 5023 2326 5079 namque
2354 5014 2412 5064 et
2437 5008 2624 5064 oleum
2656 5008 2740 5062 vel
2767 5013 2962 5080 potum
2982 5011 3143 5061 extra
3174 5021 3352 5060 usum
3380 4997 3660 5057 habebant.

408 5088 609 5155 (Pelag.
651 5091 818 5144 liba“.
849 5103 904 5155 x,
940 5107 993 5144 η.
1033 5095 1088 5159 l;
1126 5093 1314 5147 Pasch.
1359 5110 1404 5148 ο.
1441 5094 1526 5161 42,
1561 5111 1618 5149 n.
1659 5095 1726 5164 l),
1758 5097 1948 5152 dicens
1981 5115 1994 5151 :
2079 5096 2491 5152 Tantummodo
2520 5097 2669 5152 enim
2697 5095 3038 5168 supradictis
3057 5093 3255 5150 herbis
3273 5099 3335 5148 et
3363 5089 3538 5164 pomis
3557 5099 3664 5139 sus-

401 5173 752 5242 Volo,Pater.
766 5192 994 5232 manere
1012 5179 1070 5232 in
1087 5181 1520 5251 congregatione
1543 5199 1670 5238 cum
1697 5186 1995 5242 fratribus:
2082 5183 2462 5240 tentabantur.
2503 5185 2912 5240 Vestimentum
2963 5184 3046 5239 eis
3082 5184 3280 5256 palma
3335 5170 3664 5236 solummodo

400 5262 488 5317 die
519 5263 656 5318 mihi
687 5267 964 5334 quomodo
1005 5267 1251 5322 habitem
1281 5286 1409 5324 cum
1435 5271 1518 5326 eis
1537 5273 1562 5325 ?
1593 5273 1901 5345 Respondit
1945 5275 1998 5330 ei
2083 5276 2386 5347 praebebat,
2421 5295 2569 5349 aqua
2608 5278 2666 5332 in
2693 5278 2804 5332 illis
2840 5277 2978 5332 locis
3001 5277 3241 5332 minime
3271 5269 3662 5329 inveniebatur.

400 5368 569 5408 senex
603 5369 616 5406 :
659 5352 904 5408 Observa
928 5353 1032 5408 hoc
1057 5372 1168 5426 prae
1199 5358 1476 5441 omnibus,
1512 5366 1578 5415 ut
1606 5363 1788 5432 qualis
1816 5364 2000 5434 primo
2081 5365 2277 5436 Neque
2296 5365 2444 5420 enim
2469 5365 2984 5437 aliterpotabantur
3003 5381 3170 5436 quam
3194 5367 3470 5418 exeuntes
3493 5367 3656 5415 mane.

399 5440 490 5498 die
503 5441 848 5514 ingrediaris
867 5441 1018 5514 apud
1035 5443 1207 5514 ipsos,
1230 5445 1361 5501 talis
1381 5440 1553 5504 etiam
1573 5449 1820 5523 reliquos
1839 5468 2000 5524 pera-
2079 5467 2146 5508 ac
2174 5453 2550 5510 discurrentes
2578 5471 2680 5527 per
2711 5454 2960 5510 diversas
2997 5452 3200 5510 herbas
3229 5451 3558 5521 colligentes
3581 5457 3658 5527 r9-

397 5543 498 5600 ἔδει
526 5528 647 5585 dies
677 5543 806 5584 cum
832 5527 1173 5587 humilitate.
2077 5555 2216 5609 rem,
2233 5526 2766 5614 quiat’ﬂuentissime
2777 5541 2856 5599 ibi
2879 5539 3255 5610 cadit,etinde
3280 5526 3666 5594 tantummodo

1707 5683 1724 5716 \
