3966 6184
272 198 387 257 805

1582 201 1821 258 VERBA
1860 204 2227 263 SENIORUM
2241 245 2253 260 .

3458 204 3564 264 806

274 324 565 382 bibebant.
597 324 854 398 Cumque
906 326 988 393 (ut
1018 325 1280 388 diximus)
1310 327 1368 381 in
1413 343 1590 382 unum
1631 329 2028 403 conveni-Ain
2067 330 2269 387 exstasi
2301 329 2581 402 pendebat
2609 332 2667 386 in
2704 330 2903 387 faciem
2929 347 3088 386 suam
3109 330 3150 385 ³.
3195 331 3264 386 Et
3301 335 3428 403 post
3472 330 3572 385 ali-

274 424 409 473 rent
436 418 644 479 locum,
676 422 909 488 agentes
939 416 1056 470 Deo
1104 416 1317 487 gratias
1347 416 1647 471 sumebant
1676 417 1879 472 cibum.

280 508 423 562 Post
449 506 807 560 refectionem
840 522 969 559 vero
994 522 1169 576 usque
1200 506 1272 559 ad
1305 523 1593 577 vesperam
1626 507 1885 561 sedentes

276 595 710 651 meditabantur
730 595 799 649 de
830 594 1133 665 Scripturis
1160 595 1385 649 sanctis.
1442 596 1566 649 Non
1595 596 1745 649 enim
1778 596 1887 649 dis-

278 685 550 740 currebat
573 684 722 739 inter
739 700 835 739 eos
856 684 1139 738 saacularis
1158 684 1364 747 fabula,
1390 701 1501 738 non
1524 702 1659 738 cura
1675 685 1883 751 smculi,

278 793 399 831 non
421 775 566 831 actio
583 781 937 830 terrenarum
952 790 1157 835 rerum,
1177 774 1270 827 sed
1295 774 1643 829 solummodo
1666 775 1888 828 collatio

279 866 573 938 spiritalis,
584 864 740 934 regni
756 863 995 918 caelestis
1010 862 1393 917 desiderabilis
1408 864 1886 930 commemoratio,

280 956 481 1011 ﬁJtura
522 954 831 1020 beatitudo,
885 953 1067 1023 gloria
1104 954 1410 1023 justorum,
1442 968 1607 1023 pmna
1631 959 1888 1024 peccato-

282 1062 436 1111 rum,
488 1050 922 1114 sanctorumque
971 1042 1147 1114 quies.
1199 1043 1329 1096 Haec
1382 1051 1890 1097 commemorantes

282 1134 651 1206 suspirabant
678 1150 743 1189 ex
772 1133 886 1187 imo
929 1139 1171 1203 pectore,
1224 1137 1281 1186 et
1321 1130 1529 1185 ﬂebant
1586 1131 1887 1186 uberrime.

285 1225 545 1295 Cumque
570 1240 670 1295 per
699 1228 875 1278 totam
907 1228 1128 1276 noctem
1160 1220 1454 1292 pervigiles
1484 1226 1779 1275 manerent
1805 1237 1890 1274 ce-

283 1314 573 1368 lebrantes
604 1312 841 1367 Domino
870 1312 1063 1366 laudes
1085 1310 1198 1364 :die
1227 1310 1535 1377 Dominico,
1560 1310 1699 1364 hora
1719 1326 1886 1378 nona,

285 1403 557 1474 loquendi
578 1419 765 1456 secum
798 1407 856 1455 et
882 1399 1105 1455 videndi
1135 1417 1195 1454 se
1235 1398 1541 1453 terminum
1571 1398 1886 1470 capiebant.

286 1492 535 1548 Redibat
556 1492 707 1547 enim
737 1491 1124 1561 unusquisque
1147 1488 1217 1542 ad
1249 1489 1447 1542 cellam
1479 1504 1659 1554 suam,
1693 1488 1750 1542 in
1782 1504 1892 1558 qua

1966 426 2102 493 quot
2126 421 2296 474 horas
2334 436 2570 490 surgens
2610 421 2910 491 plangebat
2956 422 3332 475 vehementer.
3365 421 3571 475 Astans

1966 518 2156 564 autem
2186 510 2493 580 discipulus
2523 511 2662 580 ejus,
2688 509 2828 563 dixit
2857 510 2907 564 ei
2934 528 2945 563 :
2980 511 3123 575 Quid
3155 510 3347 575 habes,
3370 509 3564 564 Pater?

1967 601 2037 654 At
2090 600 2182 653 ille
2211 604 2402 653 tacens
2448 597 2765 670 plangebat.
2798 600 2940 654 Cum
2990 605 3177 653 autem
3205 599 3567 670 compelleret

1968 705 2099 743 eum
2126 688 2453 758 discipulus,
2486 693 2551 741 ut
2580 687 2791 742 diceret
2824 688 2874 742 ei
2905 689 3039 759 quid
3081 690 3391 759 plangeret,
3422 687 3563 742 dixit

1971 777 2024 831 ei
2052 795 2062 829 :
2100 778 2214 847 Ego
2240 777 2311 830 ad
2335 776 2609 847 judicium
2640 782 2832 847 raptus
2861 776 2961 843 fui,
3000 777 3099 842 fili,
3133 782 3189 831 et
3218 777 3329 832 vidi
3361 776 3567 830 multos

1972 866 2041 920 de
2078 866 2272 923 habitu
2304 869 2494 920 nostro
2519 865 2820 919 monachili
2860 871 3057 920 euntes
3086 866 3155 920 ad
3201 865 3560 937 supplicium,

1973 961 2031 1010 et
2058 956 2265 1009 multos
2303 955 2573 1009 laicorum
2614 960 2811 1008 euntes
2840 954 2899 1008 in
2931 972 3172 1025 regnum
3207 954 3330 1013 Dei.
3362 955 3430 1008 Et
3458 954 3575 1007 haec

1972 1045 2159 1099 dicens
2184 1060 2369 1110 senex,
2404 1043 2632 1114 lugebat
2657 1043 2921 1115 graviter.

2043 1133 2166 1190 ‘206.
2190 1133 2429 1198 Quidam
2455 1150 2621 1187 senex
2644 1132 2783 1187 dixit
2803 1132 2962 1186 fratri
2985 1150 2995 1184 :
3032 1131 3197 1187 Omni
3219 1132 3307 1186 die
3327 1132 3564 1186 vicinam

1971 1224 2074 1279 tibi
2094 1229 2329 1278 mortem
2355 1241 2473 1278 esse
2494 1224 2679 1295 cogita
2702 1242 2714 1291 ;
2739 1223 2897 1294 quasi
2916 1224 3035 1293 jam
3050 1222 3272 1276 clausus
3287 1221 3430 1275 sisin
3454 1238 3567 1275 mo-

1972 1319 2263 1379 numento,
2299 1313 2442 1366 nihil
2488 1313 2557 1367 de
2588 1313 2692 1367 hoc
2725 1313 2925 1367 saeculo
2960 1328 3121 1365 cures
3155 1310 3195 1363 ⁴.
3236 1310 3426 1364 Timor
3471 1309 3573 1363 Dei

1968 1403 2182 1475 jugiter
2210 1408 2537 1473 permaneat
2557 1402 2613 1455 in
2643 1407 2717 1467 te,
2752 1401 2809 1455 in
2831 1400 2984 1455 omni
3005 1401 3161 1454 hora.
3192 1399 3369 1453 Crede
3391 1403 3446 1452 te
3472 1399 3569 1453 ho-

1975 1491 2219 1546 minibus
2240 1490 2497 1546 omnibus
2521 1490 2841 1544 inferiorem
2864 1506 3003 1543 esse.
3034 1490 3157 1542 Non
3169 1488 3433 1541 detrahas
3464 1487 3569 1541 ali-

288 1583 445 1637 solus
467 1581 571 1636 soli
602 1581 703 1635 Dei
726 1580 922 1633 diebus
951 1596 1015 1633 ac
1042 1577 1298 1633 noctibus
1328 1577 1577 1631 vacabat.
1599 1578 1663 1631 In
1689 1577 1775 1630 his
1794 1577 1895 1647 igi-
1975 1582 2083 1645 cui,
2119 1581 2251 1652 quia
2278 1581 2428 1635 Deus
2458 1580 2743 1649 cognoscit
2773 1579 2998 1643 omnia;
3034 1577 3129 1631 sed
3168 1583 3286 1631 esto
3308 1577 3572 1648 paciﬁcus

289 1678 388 1726 tur
416 1672 619 1726 studiis
649 1688 745 1726 eos
788 1670 999 1742 positos
1036 1667 1330 1723 Sarraceni
1361 1668 1473 1720 late
1507 1683 1607 1737 per
1638 1682 1889 1720 eremum
1908 1652 1953 1710 Β
1971 1689 2096 1726 cum
2114 1670 2453 1735 omnibus,et
2472 1670 2628 1722 dabit
2644 1668 2742 1722 tibi
2766 1667 3037 1722 Dominus
3051 1666 3303 1737 requiem
3325 1683 3570 1737 semper.

291 1763 674 1818 discurrentes
702 1765 1055 1832 repererunt,
1090 1764 1147 1812 et
1184 1757 1462 1811 irruentes
1491 1772 1664 1827 supra
1694 1772 1790 1809 eos
1822 1754 1891 1809 de

291 1870 486 1908 eremo
508 1853 813 1922 ejecerunt,
843 1854 1011 1920 atque
1027 1848 1268 1918 ligantes
1289 1860 1383 1900 eos
1400 1844 1634 1916 pedibus
1660 1861 1893 1915 suspen-

292 1944 520 2007 derunt,
556 1941 860 2011 multisque
881 1937 1104 2009 injuriis
1130 1935 1367 1990 aﬂlictos
1390 1933 1461 1987 ad
1483 1940 1791 1987 extremum
1819 1937 1894 1987 to-

293 2050 421 2088 cum
448 2031 647 2086 subtus
672 2047 766 2084 eos
787 2030 857 2083 de
873 2027 1060 2082 herbis
1080 2022 1446 2080 amarissimis
1469 2028 1890 2093 congesserunt,

292 2122 390 2177 ubi
419 2119 824 2176 incredibiliter
850 2116 1101 2182 cruciati,
1129 2116 1317 2169 lumen
1347 2114 1636 2168 oculorum
1658 2130 1724 2166 ex
1742 2130 1894 2167 ama-

292 2211 544 2266 ritudine
600 2209 737 2265 fumi
765 2208 1096 2262 amiserunt.
1132 2206 1200 2259 Et
1229 2208 1525 2275 postquam
1554 2202 1746 2256 multis
1773 2207 1893 2256 tor-

295 2302 506 2356 mentis
526 2316 622 2355 eos
646 2299 987 2364 afflixerunt,
1002 2294 1296 2350 semivivos
1314 2308 1408 2346 eos
1423 2290 1759 2345 dimiserunt
1783 2309 1795 2357 ;
1829 2308 1895 2345 ex

295 2390 501 2463 quibus
512 2405 690 2445 unum
702 2388 956 2443 novimus
969 2385 1027 2439 in
1044 2383 1225 2456 quoda
1234 2398 1286 2435 m
1305 2381 1425 2435 loco
1447 2379 1689 2450 plurimo
1703 2384 1896 2449 postea

296 2479 669 2551 supervixisse
697 2483 969 2548 tempore,
1028 2473 1213 2529 caeteri
1243 2486 1372 2525 vero
1410 2468 1640 2525 ubinam
1688 2467 1897 2523 fuerint

298 2565 548 2620 devoluti
575 2563 799 2635 penitus
828 2562 1172 2633 ignoramus.

370 2651 496 2711 201.
530 2651 903 2723 Interrogavit
930 2649 1163 2721 quidam
1189 2646 1362 2700 frater
1386 2642 1646 2698 abbatem
1676 2642 1893 2695 Preme-

297 2760 433 2798 nem
453 2743 493 2808 ¹,
513 2743 726 2798 dicens:
763 2740 906 2805 Quid
925 2744 1011 2794 est
1031 2737 1180 2809 quod
1210 2733 1484 2790 Dominus
1513 2732 1573 2786 in
1595 2730 1895 2801 Evangelio

299 2832 473 2887 dicit:
508 2833 778 2901 Majorem
815 2830 919 2884 hac
946 2827 1281 2882 charitatem
1314 2838 1479 2877 nemo
1502 2819 1690 2893 habet,
1728 2836 1897 2890 quam

2044 1760 2169 1817 207.
2201 1761 2339 1814 Cum
2365 1758 2590 1829 quidam
2620 1758 2822 1811 fratres
2851 1755 3325 1827 quemadmodum
3344 1758 3573 1807 orarent

1972 1848 2199 1903 beatum
2216 1847 2520 1903 Macarium
2539 1845 2907 1918 requisissent
2924 1847 3141 1912 (Pelag.,
3182 1846 3351 1897 lz'bcll.
3375 1857 3473 1909 x11,
3508 1859 3566 1896 η.

1973 1939 2085 2004 10),
2119 1937 2409 2008 respondit
2434 1936 2561 2002 illis,
2588 1936 2813 1990 dicens:
2840 1935 2967 1988 Non
2989 1938 3122 1988 sunt
3140 1931 3456 1986 necessaria
3476 1947 3576 1984 no-

1975 2026 2062 2082 bis
2092 2027 2376 2099 superllua
2423 2024 2608 2093 verba;
2641 2024 2739 2079 sed
2783 2023 3083 2078 extendere
3114 2027 3340 2076 tantum
3374 2035 3574 2074 manus

1974 2132 2038 2171 ac
2068 2116 2253 2170 dicere
2282 2114 2554 2169 debemus
2587 2130 2600 2168 :
2651 2113 2826 2177 Deus,
2875 2111 3153 2183 quomodo
3202 2110 3300 2175 vis,
3347 2115 3401 2163 et
3432 2107 3576 2162 sicut

1974 2205 2076 2260 tibi
2097 2205 2296 2277 placet,
2329 2204 2409 2258 ita
2432 2205 2548 2259 fiat.
2592 2202 2651 2258 Si
2682 2208 2872 2258 autem
2904 2200 3145 2255 tentatio
3174 2198 3426 2265 irruerit,
3469 2201 3569 2250 aut

1975 2294 2345 2365 impugnatio,
2378 2292 2678 2347 dicendum
2711 2297 2795 2346 est
2822 2309 2833 2344 :
2867 2291 3036 2356 Deus,
3067 2288 3337 2343 auxiliare
3386 2285 3569 2352 nobis;

1975 2383 2093 2455 ipse
2122 2384 2270 2438 enim
2301 2384 2406 2437 scit
2433 2399 2554 2453 quae
2582 2380 2742 2435 nobis
2780 2378 3096 2451 expediant.

2046 2470 2169 2528 ‘208.
2210 2471 2397 2526 Abbas
2434 2472 2678 2527 Joannes
2707 2468 2958 2523 dicebat:
2994 2466 3204 2522 Similis
3234 2463 3402 2518 debet
3445 2480 3568 2518 esse

1977 2560 2283 2615 monachus
2304 2559 2517 2614 homini
2546 2559 2763 2613 sedenti
2789 2556 2892 2611 sub
2910 2555 3129 2621 arbore,
3147 2554 3243 2624 qui
3264 2551 3575 2623 respiciens

1976 2650 2121 2703 feras
2150 2650 2395 2704 diversas
2414 2654 2473 2703 et
2498 2653 2785 2719 serpentes
2810 2645 3097 2700 venientes
3115 2643 3184 2696 ad
3207 2659 3289 2709 se,
3313 2657 3440 2695 cum
3461 2656 3575 2694 non

1977 2738 2226 2810 potuerit
2253 2739 2331 2792 eis
2360 2738 2639 2802 resistere,
2680 2735 2931 2791 ascendit
2959 2734 3019 2788 in
3044 2732 3306 2787 arborem
3360 2734 3425 2784 ut
3456 2744 3580 2782 eva-

1978 2828 2093 2882 dat.
2126 2829 2213 2882 Ita
2240 2832 2297 2881 et
2328 2827 2634 2881 monachus
2681 2825 2873 2880 sedeat
2901 2825 2961 2878 in
2989 2823 3129 2877 cella
3158 2837 3279 2885 sua,
3315 2824 3372 2873 et
3400 2817 3573 2889 respi-

298 2926 370 2976 ut
396 2921 524 2993 quis
553 2921 801 2975 animam
828 2935 990 2973 suam
1020 2932 1120 2988 pro
1161 2913 1339 2969 amico
1383 2928 1484 2966 suo
1510 2915 1684 2981 ponat
1711 2911 1953 2992 (Joan-C
1980 2916 2132 2972 ciens
2195 2932 2393 2989 pravas
2436 2914 2802 2986 cogitationes
2842 2912 3130 2966 venientes
3178 2925 3349 2980 super
3399 2924 3477 2974 se,
3522 2911 3579 2960 et

297 3014 431 3079 xv);
469 3009 748 3081 quomodo
779 3008 883 3063 hoc
911 3005 1051 3061 ﬁet?
1083 3001 1394 3074 Respondit
1438 3015 1646 3054 senex:
1681 2996 1739 3052 Si
1771 2996 1895 3067 quis

1978 3023 2106 3062 cum
2134 3022 2245 3060 non
2274 3004 2523 3076 potuerit
2557 3003 2637 3057 eis
2676 3002 2956 3065 resistere,
2997 2998 3284 3069 confugiat
3325 3013 3427 3068 per
3455 3010 3576 3050 ora-

298 3098 705 3155 auditverbum
733 3098 945 3152 malum
975 3112 1010 3150 a
1035 3093 1288 3166 proximo
1317 3106 1438 3157 suo,
1480 3093 1537 3143 et
1565 3103 1692 3141 cum
1722 3086 1901 3157 possit
1976 3096 2188 3151 tionem
2219 3095 2291 3149 ad
2318 3094 2640 3158 Dominum,
2670 3097 2727 3145 ει
2755 3089 3090 3145 sanabitur,

297 3189 422 3261 ipse
443 3188 654 3244 similia
687 3187 770 3241 illi
797 3183 1152 3257 respondere,
1184 3181 1391 3235 tolerat
1428 3183 1621 3231 tamen
1645 3175 1703 3228 in
1731 3173 1897 3228 corde

300 3296 429 3345 suo,
464 3283 521 3333 et
548 3277 659 3332 vim
689 3276 1049 3345 laboremque
1082 3271 1187 3326 sibi
1207 3269 1356 3335 facit,
1398 3283 1469 3321 ne
1499 3266 1643 3320 forte
1672 3278 1902 3333 respon-

303 3368 442 3422 deat
487 3368 569 3421 illi
613 3366 828 3420 malum
859 3369 915 3418 et
943 3359 1235 3416 contristet
1286 3358 1465 3423 illum,
1500 3353 1606 3408 iste
1650 3350 1898 3406 animam

304 3474 469 3512 suam
499 3457 659 3529 ponit
685 3472 786 3527 pro
823 3453 1002 3508 amico
1034 3466 1155 3504 suo.

375 3546 660 3607 202.Dixit
678 3544 907 3616 quidam
928 3557 1121 3596 senex:
1147 3538 1206 3593 Si
1222 3552 1335 3591 non
1355 3533 1684 3589 recordatur
1731 3530 1901 3585 homo

305 3656 443 3695 suos
466 3642 625 3693 actus
644 3635 702 3690 in
729 3633 1003 3697 oratione,
1027 3630 1297 3684 invanum
1319 3623 1539 3678 laborat
1555 3638 1682 3677 cum
1697 3624 1825 3676 orat
1844 3619 1868 3653 ⁸
1883 3664 1895 3677 .

308 3727 550 3792 Quando
580 3725 729 3780 enim
778 3723 1122 3778 voluntatem
1153 3712 1416 3788 peccandi
1444 3712 1571 3785 quis
1600 3709 1900 3775 dimiserit,

314 3824 372 3873 et
401 3816 658 3872 ambulat
696 3828 1035 3887 permanens
1066 3809 1124 3863 in
1168 3806 1371 3861 timore
1399 3802 1520 3871 Dei,
1560 3802 1733 3857 istutn
1778 3814 1906 3854 mox

312 3924 441 3963 cum
472 3905 679 3977 gaudio
702 3903 936 3975 suscipit
958 3902 1128 3955 Deus.
1518 3938 1523 3951 .

384 3993 513 4053 203.
569 3995 841 4052 Sanctum
882 4004 1075 4046 senem
1104 3983 1395 4057 requisivit
1437 3980 1611 4034 frater
1636 3977 1904 4050 (Append.

311 4088 508 4153 Mart,
543 4104 601 4142 η.
626 4084 732 4151 36),
764 4082 989 4137 dicens:
1041 4075 1187 4141 Quid
1228 4072 1392 4127 faciet
1428 4068 1600 4123 homo
1647 4065 1707 4119 in
1755 4064 1909 4118 omni

2051 3182 2175 3241 209.
2197 3184 2353 3240 Idem
2375 3183 2519 3237 dixit
2545 3200 2555 3234 :
2577 3179 2789 3235 Similis
2810 3178 2976 3233 debet
2999 3193 3120 3231 esse
3132 3173 3441 3230 monachus
3469 3172 3574 3225 ho-

1982 3275 2122 3329 mini
2149 3272 2378 3327 habenti
2407 3288 2440 3326 a
2458 3270 2688 3326 sinistra
2718 3268 2928 3338 ignem,
2953 3273 3011 3321 et
3038 3283 3071 3321 a
3099 3265 3295 3320 dextra
3321 3277 3527 3333 aquam
3559 3277 3572 3312 :

1984 3363 2203 3435 quoties
2222 3362 2373 3416 enim
2394 3375 2693 3415 succensus
2721 3357 2893 3413 fuerit
2910 3354 3078 3426 ignis,
3129 3352 3280 3407 tollit
3334 3351 3402 3405 de
3431 3364 3579 3421 aqua

1986 3459 2041 3507 et
2069 3450 2374 3523 exstinguit
2399 3450 2577 3504 illum.
2595 3447 2685 3503 Sic
2714 3452 2937 3519 oportet
2950 3451 3007 3499 et
3032 3441 3370 3498 monachum
3399 3439 3582 3493 facere

1985 3541 2138 3596 omni
2164 3542 2321 3606 hora,
2360 3544 2422 3593 ut
2461 3537 2907 3610 quandocunque
2951 3531 3213 3604 cogitatio
3258 3528 3440 3599 turpis
3460 3543 3584 3581 suc-

1984 3648 2150 3686 censa
2176 3629 2347 3685 fuerit
2373 3627 2442 3683 ab
2469 3627 2716 3691 inimico,
2775 3632 2911 3680 tunc
2948 3638 3156 3694 aquam
3186 3616 3461 3675 orationis
3505 3614 3582 3669 ef-

1984 3722 2200 3787 fundat,
2237 3724 2295 3774 et
2322 3718 2637 3787 exstinguat
2662 3715 2837 3769 illam.

2056 3809 2180 3868 2'10.
2220 3808 2405 3864 Abbas
2443 3808 2628 3862 Zenon
2675 3804 2811 3859 dum
2854 3801 3082 3858 essetin
3114 3796 3308 3871 Scythi
3353 3798 3578 3865 (Pelag.,

1993 3903 2159 3956 lz'bell.
2192 3912 2346 3961 xvm,
2377 3913 2536 3951 num.
2554 3896 2627 3964 7),
2656 3895 3014 3964 egressusest
3036 3894 3198 3943 nocte
3227 3887 3297 3941 de
3326 3885 3465 3939 cella
3482 3898 3586 3937 sua

1991 3988 2279 4043 ambulare
2297 4002 2398 4057 per
2418 3999 2699 4050 eremum;
2752 3987 2806 4035 et
2832 3981 3042 4035 factum
3070 3982 3173 4044 est,
3205 3975 3339 4030 dum
3364 3972 3588 4044 longius

1992 4076 2372 4149 processisset,
2398 4073 2605 4128 erravit
2628 4077 2745 4126 tres
2773 4069 2895 4124 dies
2914 4074 2970 4123 et
2991 4072 3181 4121 noctes
3210 4063 3589 4128 ambulans,et

311 4176 629 4233 tentatione
654 4171 909 4227 veniente
937 4183 1107 4237 super
1134 4181 1212 4229 se,
1243 4160 1374 4215 etin
1394 4156 1546 4213 omni
1570 4153 1896 4226 cogitatione

1996 4166 2193 4221 cecidit
2211 4164 2477 4235 fatigatus
2492 4177 2668 4232 usque
2690 4159 2761 4213 ad
2784 4162 3043 4212 mortem.
3061 4156 3129 4209 Et
3150 4170 3274 4208 ecce
3288 4151 3586 4205 stetitantc

317 4266 576 4321 immissa
594 4261 663 4316 ab
685 4258 949 4316 inimico?
969 4251 1314 4326 Respondit:
1346 4249 1619 4317 Plangere
1647 4240 1815 4297 debet
1852 4242 1912 4295 in

318 4358 622 4425 conspectu
641 4348 908 4406 bonitatis
936 4345 1058 4411 Dei,
1082 4349 1146 4399 ut
1158 4354 1487 4397 succurrens
1506 4332 1813 4389 auxilietur
1838 4330 1908 4385 ei.

322 4419 607 4514 Scriptum
637 4445 725 4495 est
742 4442 919 4504 53.
963 4434 1113 4488 enim
1144 4450 1155 4484 :
1196 4428 1467 4485 Dominus
1511 4422 1652 4477 mihi
1689 4419 1915 4491 adjutor

319 4539 427 4598 est,
453 4513 515 4587 et
540 4547 643 4602 ego
671 4525 973 4598 despiciam
997 4520 1252 4578 inimicos
1274 4533 1428 4572 meos
1447 4516 1613 4582 (Pw.
1648 4513 1833 4575 cxxn).

387 4621 517 4677 206.
565 4617 805 4684 Quidam
837 4630 1004 4670 senex
1062 4609 1232 4665 dixit:
1263 4607 1419 4663 Sicut
1460 4602 1531 4657 ad
1585 4615 1914 4656 succensam

313 4712 490 4768 ollam
508 4724 712 4763 muscae
730 4721 843 4761 non
865 4701 1315 4776 appropinquant
1333 4715 1346 4760 ;
1371 4694 1420 4748 si
1445 4707 1573 4747 vero
1590 4688 1782 4760 tepida
1798 4687 1916 4743 fue-

318 4801 420 4867 rit,
439 4797 688 4854 insident
712 4797 775 4851 in
810 4811 895 4862 ea,
933 4798 991 4848 et
1019 4790 1234 4846 faciunt
1254 4800 1498 4850 vermes;
1525 4781 1607 4835 ita
1640 4783 1698 4832 et
1726 4792 1917 4832 mona-

315 4865 489 4946 chum
518 4901 849 4945 succensum
876 4882 1007 4953 igne
1030 4877 1205 4935 divini
1231 4874 1440 4932 amoris
1461 4868 1688 4941 fugiunt
1713 4865 1918 4921 daemo-

316 4996 442 5044 nes,
477 4975 734 5050 tepidum
766 4988 896 5029 vero
926 4969 1173 5026 illudunt
1204 4972 1261 5022 et
1281 4963 1670 5035 insequuntur
1703 4954 1911 5010 (Pasch.

312 5088 362 5126 ο.
394 5067 483 5133 39,
519 5083 577 5121 π.
607 5064 663 5131 3,
698 5064 921 5119 nomine
949 5058 1229 5128 Pimcm'z’).

382 5156 511 5216 205.
528 5153 714 5210 Abbas
744 5150 1000 5207 Silvanus
1026 5148 1164 5203 dum
1179 5144 1401 5200 sederet
1416 5140 1474 5196 in
1495 5136 1911 5211 spelaao,factus

384 5301 403 5335 ι
446 5298 661 5369 Pelag,
693 5293 864 5369 libell.
886 5306 1016 5357 xvn,
1047 5307 1115 5369 n.
1152 5284 1505 5369 10;.Pasch.,
1547 5298 1597 5366 ρ.
1638 5277 1825 5369 ἒξῖτ-ξιἐ
1993 5257 2466 5369 in‘EgitisiPosnui
2486 5279 2558 5369 ex!
2579 5257 2998 5369 MssbAp‘p‘epgi;

381 5346 679 5435 ﬁliiﬁlii,
695 5346 867 5435 iibéii.
888 5346 959 5435 iv,
980 5346 1036 5416 τί.
1060 5362 1091 5435 fi
1102 5402 1114 5419 .
1133 5346 1360 5435 nomine
1381 5346 1582 5423 Moysi:
1598 5370 1615 5418 ;
1629 5348 1899 5423 Append.

312 5443 501 5510 Nam,
532 5456 591 5496 n.
623 5429 711 5496 35.
745 5435 812 5492 In
832 5434 1009 5490 Editis
1023 5432 1133 5488 alio
1165 5429 1331 5505 ctylo.

1920 4211 1969 4269 D

1994 4272 2123 4310 eum
2152 4254 2356 4319 infans,
2380 4250 2590 4305 habens
2610 4249 2667 4302 in
2690 4264 2861 4302 manu
2888 4262 2991 4300 sua
3010 4259 3234 4315 panem,
3261 4246 3317 4294 et
3336 4238 3475 4292 dixit
3491 4237 3544 4291 ei
3568 4254 3581 4288 :

1996 4346 2262 4414 Exsurge,
2297 4347 2355 4395 et
2370 4338 2618 4395 comede.
2650 4338 2726 4391 At
2750 4336 2846 4390 ille
2872 4348 3178 4403 exsurgens
3208 4327 3423 4394 oravit;
3458 4342 3585 4397 spe-

1995 4434 2159 4488 rabat
2178 4430 2329 4486 enim
2344 4426 2699 4501 phantasiam
2718 4441 2858 4480 esse.
2884 4423 2989 4478 Cui
3009 4423 3193 4476 infans
3219 4417 3359 4472 dixit
3383 4434 3393 4469 :
3439 4415 3589 4469 Bene

1994 4521 2173 4577 fecisti
2194 4518 2343 4593 quod
2364 4516 2538 4572 orasti
2568 4535 2580 4583 ;
2607 4514 2773 4569 modo
2791 4530 2924 4584 ergo
2946 4526 3113 4581 surge
3127 4514 3185 4563 et
3202 4504 3447 4563 comede.
3486 4502 3591 4556 Cui

1996 4611 2168 4667 abbas
2195 4611 2381 4664 Zenon
2418 4622 2531 4661 non
2570 4602 2866 4675 acquievit,
2906 4600 3018 4656 nisi
3062 4596 3304 4653 secundo
3332 4610 3397 4648 ac
3424 4589 3592 4646 tertio

1997 4705 2230 4757 orasset.
2265 4698 2335 4753 Et
2362 4712 2491 4751 cum
2520 4694 2615 4749 ille
2636 4693 2896 4748 laudaret
2915 4688 3047 4762 quia
3067 4684 3282 4746 orabat,
3309 4684 3428 4753 jam
3458 4686 3595 4735 tunc

1997 4788 2240 4847 surrexit
2259 4793 2316 4842 et
2335 4784 2597 4841 comedit.
2633 4782 2769 4837 Post
2788 4781 2904 4835 haec
2927 4761 3075 4832 dixit
3095 4774 3144 4830 ei
3170 4772 3353 4827 infans
3373 4790 3384 4825 :
3410 4769 3597 4834 Quan-

1996 4887 2119 4936 tum
2143 4877 2270 4950 plus
2292 4872 2615 4937 ambulasti,
2646 4874 2871 4925 tantum
2900 4865 3123 4936 longius
3147 4879 3206 4917 es
3233 4878 3267 4916 a
3295 4858 3436 4915 cella
3455 4864 3589 4950 tua:

1997 4968 2096 5025 sed
2114 4945 2301 5037 surge,
2326 4978 2562 5035 sequere
2592 4976 2702 5023 me,
2724 4964 2782 5013 et
2805 4973 2933 5011 mox
2961 4955 3222 5009 inventus
3244 4955 3330 5006 est
3342 4954 3474 5003 ante
3491 4945 3597 5001 cel-

1996 5058 2111 5113 lam
2140 5073 2322 5113 suam.
2348 5052 2501 5109 Dixit
2518 5065 2650 5121 ergo
2673 5047 2726 5103 ei
2754 5062 2957 5102 senex:
2989 5041 3289 5114 Ingredere
3318 5039 3377 5093 in
3397 5036 3595 5092 cellam

2068 5200 2092 5234 ³
2120 5200 2334 5269 Pelag.
2358 5193 2530 5269 libell.
2568 5205 2649 5269 ut,
2680 5205 2837 5269 num.
2865 5188 2974 5269 15;.
3000 5191 3169 5269 atque
3190 5184 3313 5253 ejus
3332 5180 3476 5269 stxlo
3495 5176 3587 5231 hic

2074 5253 2466 5327 EditisTPosui
2486 5279 2552 5318 ex
2579 5253 2710 5316 Mss.
2744 5257 2998 5331 Append.
3030 5253 3219 5322 Mart.,
3250 5271 3311 5311 n.
3363 5253 3434 5308 id.

2062 5342 2085 5378 ⁴
2113 5340 2333 5404 Pascb.,
2393 5352 2441 5391 c.
2490 5331 2578 5401 43,
2628 5349 2683 5386 n.
2716 5329 2769 5399 2,
2807 5330 3031 5386 nomine
3063 5326 3291 5383 Silvani.
3324 5316 3580 5394 Append.

1992 5412 2186 5481 Mart.,
2217 5425 2273 5465 n.
2313 5405 2433 5466 108.
