3892 6182
447 243 551 304 807

1569 243 1660 300 DE
1701 242 1888 300 VITIS
1927 243 2224 301 PATRUM
2259 245 2476 302 LIBER
2513 246 2610 302 III.

3535 264 3618 322 808

435 389 642 441 meam,
673 378 732 428 et
759 372 846 426 fac
873 371 1206 426 orationem.
1234 370 1303 424 Et
1324 369 1578 440 ingresso
1597 382 1730 422 sene
1754 366 1813 422 in
1834 369 2032 422 cellam
2055 373 2101 430 Α
2119 385 2246 424 cum
2268 372 2510 442 quadam
2533 371 2623 425 die
2643 387 2771 426 cum
2792 371 2912 443 ipso
2933 371 3144 444 pariter
3161 375 3307 444 juxta
3330 378 3466 437 littus
3485 389 3620 444 maris

435 481 620 530 suam,
652 455 744 516 ille
773 478 884 514 non
913 459 1195 532 apparuit.

505 551 630 608 211.
665 549 850 605 Abbas
880 550 1078 604 Daniel
1111 547 1387 604 referebat
1414 551 1482 604 dc
1505 551 1666 608 beato
1692 552 1948 614 Arsenio,
1969 567 2035 604 eo

437 641 586 712 quod
633 627 1004 694 Sabbatorum
1047 639 1136 692 die
1186 655 1418 712 vespere
1467 643 1641 696 solem
1690 643 2033 698 relucentem

437 733 566 800 pbst
609 727 837 782 dorsum
898 744 1065 781 suum
1093 727 1414 782 dimittebat
1457 730 1516 783 in
1564 731 1817 784 oratione
1856 729 2033 802 persi-

435 822 607 882 stens,
641 817 1056 886 extendensque
1095 816 1164 870 ad
1195 817 1395 871 coelum
1426 835 1626 872 manus
1651 836 1766 873 non
1796 819 2032 873 desiste-

433 905 528 958 bat
557 922 738 972 orare,
771 905 880 960 nisi
907 905 1114 960 iterum
1135 906 1393 977 sequenti
1423 907 1513 961 die
1531 909 1613 962 sol
1641 925 1878 979 surgens
1905 925 2035 962 ocu-

431 994 513 1048 los
539 995 661 1065 ejus
689 995 981 1066 implesset
1014 997 1241 1062 (Pelag.,
1279 999 1448 1050 l-ibcll.
1483 1011 1576 1060 xu,
1617 1014 1674 1052 η.
1712 995 1780 1068 1}.

505 1085 750 1138 Caeteras
779 1089 968 1138 autem
999 1090 1191 1138 noctes
1221 1084 1520 1154 pervigiles
1547 1086 1805 1153 ducebat,
1834 1090 1892 1140 et
1909 1101 2037 1157 pro-

430 1189 502 1246 pe
527 1173 792 1239 diluculo,
825 1189 954 1226 cum
969 1173 1134 1226 vellet
1163 1189 1362 1244 parum
1393 1191 1492 1245 pro
1521 1179 1737 1230 natura:
1765 1174 2034 1245 fragilita-

428 1266 489 1316 te
515 1261 820 1333 quiescere,
855 1261 1076 1316 dicebat
1102 1279 1332 1316 somno:
1363 1263 1524 1331 Veni,
1571 1265 1716 1318 male
1757 1281 1940 1326 serve;
1977 1269 2034 1318 et

432 1366 559 1404 mox
589 1351 854 1404 claudens
877 1350 1084 1416 oculos,
1125 1353 1418 1422 quiescens
1455 1351 1802 1424 subripiebat
1827 1369 2031 1423 parum

432 1439 614 1494 somni
652 1439 917 1502 sedendo,
958 1445 1017 1494 et
1061 1440 1253 1494 statim
1304 1441 1636 1512 exsurgebat
1683 1444 1908 1510 (Pelag.,
1955 1445 2030 1496 ιί-

437 1531 559 1584 bell.
592 1546 662 1596 Iv,
697 1546 854 1583 num.
881 1530 952 1598 2).

504 1618 608 1672 Hic
637 1618 753 1689 ipse
772 1617 1041 1672 Arsenius
1061 1624 1243 1673 totum
1273 1623 1497 1690 tempus
1525 1619 1650 1674 vitae
1688 1635 1802 1673 sua:
1829 1619 2030 1674 sedens

2115 459 2448 525 ambularet,
2469 461 2704 531 contigit
2721 478 2848 514 cum
2870 461 3111 516 multum
3127 463 3286 531 sitire,
3309 473 3360 522 et
3376 469 3492 526 dixit
3507 477 3618 532 seni:

2123 549 2256 604 Sitis
2281 567 2371 604 me
2399 556 2664 616 macerat,
2695 551 2864 604 Pater
2897 553 3094 620 (Joan.,
3129 555 3304 623 li'bcll.,
3333 571 3386 622 ll,
3417 577 3464 612 η.
3499 565 3628 629 1).At

2124 637 2321 692 beatus
2358 639 2646 706 Besarion,
2671 640 2814 694 facta
2845 639 3116 706 oratione,
3144 642 3300 710 jussit
3323 662 3436 701 eum
3461 665 3625 720 aquam

2115 727 2185 781 de
2208 727 2352 782 mari
2381 728 2580 782 tollere
2611 733 2668 782 et
2692 727 2900 782 bibere.
2927 729 3087 794 Quod
3107 747 3225 784 cum
3245 732 3456 799 fecisset,
3477 745 3524 792 et
3537 739 3632 794 dul-

2115 816 2402 871 cissimam
2433 834 2640 888 aquam
2671 819 2990 888 reperisset,
3025 820 3296 875 vasculum
3326 825 3454 894 quod
3481 845 3630 884 secum

2117 905 2637 976 portavitimplevit.
2663 906 2823 971 Quod
2839 923 2966 960 cum
2981 907 3206 963 vidisset
3223 909 3378 966 abbas
3395 913 3631 984 Besarion,

2115 995 2256 1048 dixit
2279 995 2347 1048 ad
2376 1011 2504 1048 eum
2530 1014 2541 1048 :
2570 995 2754 1060 Quare
2789 995 3034 1066 implesti
3057 1013 3150 1052 vas
3169 1014 3321 1070 aqua,
3347 1001 3456 1055 ﬁli?
3487 1005 3635 1059 Atille

2118 1084 2290 1138 dixit:
2331 1084 2566 1155 Indulge
2599 1085 2755 1151 mihi,
2782 1085 2970 1152 Pater,
3002 1086 3168 1141 timui
3192 1088 3331 1142 enim
3363 1107 3424 1144 ne
3454 1090 3636 1148 fortein

2114 1178 2282 1227 antea
2303 1173 2511 1230 sitiam.
2537 1173 2640 1228 Cui
2663 1190 2830 1228 senex
2871 1174 3048 1229 dixit:
3084 1176 3362 1248 Indulgeat
3375 1179 3466 1232 tibi
3483 1181 3638 1236 Domi-

2115 1277 2240 1327 nus,
2278 1261 2395 1328 ﬁli;
2446 1263 2579 1333 quia
2629 1266 2684 1316 et
2720 1261 2928 1334 ubique
2970 1263 3119 1318 Deus
3154 1270 3251 1332 est,
3279 1271 3332 1320 et
3372 1273 3530 1338 potest
3556 1269 3638 1324 tibi

2113 1351 2332 1406 dulcem
2363 1368 2568 1422 aquam
2597 1357 2882 1423 prmstare.

2183 1438 2308 1496 216.
2336 1439 2575 1504 Quidam
2607 1441 2782 1494 frater
2821 1441 3007 1496 volens
3035 1441 3310 1498 discedere
3352 1443 3404 1498 in
3430 1445 3639 1500 solitudi-

2115 1545 2242 1582 nem
2259 1527 2301 1594 ²,
2321 1545 2354 1582 a
2383 1535 2563 1584 matre
2593 1529 2820 1600 propria
2839 1530 3255 1602 prohibebatur.
3269 1533 3362 1588 Ille
3384 1550 3500 1588 vero
3522 1534 3644 1589 dice-‘-

2113 1615 2210 1671 bat
2233 1618 2400 1672 matri
2425 1633 2564 1672 sua:
2604 1619 2875 1674 Permitte
2907 1636 3016 1687 me,
3054 1626 3257 1689 mater;
3311 1623 3503 1677 salvere
3522 1623 3642 1676 enim

431 1705 502 1760 ad
530 1687 675 1776 opus
699 1723 990 1774 manuum,
1022 1723 1272 1778 pannum
1296 1706 1540 1761 habebat
1563 1707 1621 1761 in
1641 1707 1769 1762 sinu
1799 1693 2032 1778 propter
2053 1687 2100 1746 Β
2117 1706 2495 1760 voloanimam
2515 1723 2720 1761 meam.
2745 1708 2886 1763 Cum
2911 1714 3100 1764 autem
3122 1726 3232 1764 non
3259 1715 3432 1782 posset
3446 1711 3647 1766 retinere

427 1794 730 1866 lacrymas,
765 1813 887 1866 quae
917 1795 986 1849 ob
1023 1795 1368 1850 desiderium
1412 1801 1636 1850 aeternae
1673 1795 1798 1850 vitae
1839 1795 2033 1850 crebro

434 1883 739 1938 currebant
777 1901 843 1938 ex
887 1885 1060 1938 oculis
1111 1885 1233 1954 ejus
1286 1887 1508 1953 (Pelag.,
1545 1887 1714 1940 libell.
1755 1901 1832 1953 In,
1865 1902 1924 1940 η.
1959 1885 2029 1953 1;

431 1974 660 2040 Ruf/in,
685 1990 830 2042 sup.,
877 1990 934 2027 η.
971 1971 1114 2044 163).

498 2059 624 2117 212.
651 2062 886 2126 Quidam
915 2061 1134 2129 fratres,
1153 2079 1278 2116 cum
1302 2062 1374 2116 ad
1394 2061 1655 2116 abbatem
1679 2062 1914 2117 Lucium
1935 2063 2031 2118 ad-

428 2149 714 2205 venissent
740 2151 780 2218 ¹,
813 2151 1106 2222 requisivit
1134 2167 1230 2205 eos
1260 2168 1447 2218 senex,
1468 2151 1688 2205 dicens:
1709 2151 1855 2216 Quid
1881 2151 2028 2206 sole-

327 2254 332 2260 '
426 2238 500 2292 tis
528 2239 800 2294 manibus
818 2239 1016 2294 vestris
1045 2239 1310 2312 operari?
1347 2242 1422 2294 At
1459 2239 1542 2294 illi
1588 2241 1881 2295 dixerunt:
1913 2241 2029 2304 Nos

430 2327 572 2381 nihil
623 2328 882 2384 manibus
925 2329 1132 2384 nostris
1181 2345 1503 2400 operamur,
1555 2329 1653 2384 sed
1717 2329 2029 2384 secundum

427 2416 577 2487 quod
593 2417 1050 2490 dicitApostolus,
1080 2417 1202 2472 sine
1227 2417 1536 2473 cessatione
1547 2420 1830 2485 oramus(l
1850 2419 2023 2473 Thess.

432 2516 505 2579 v).
526 2508 739 2574 Quibus
757 2525 927 2562 senex
949 2507 1114 2562 dixit:
1138 2508 1265 2561 Non
1280 2507 1634 2561 manducatis
1655 2507 1680 2560 Τ
1701 2507 1875 2561 Atilli
1896 2523 2026 2578 pro-

433 2601 565 2656 fessi
583 2603 717 2654 sunt
740 2617 752 2652 :
778 2597 978 2652 Etiam.
1008 2596 1270 2667 Dixitque
1295 2595 1376 2650 eis
1399 2614 1410 2648 :
1437 2595 1670 2660 Quando
1684 2612 1816 2666 ergo
1835 2612 2026 2650 come-

431 2689 582 2755 ditis,
617 2688 743 2760 quis
777 2703 878 2758 pro
925 2685 1080 2739 vobis
1109 2691 1233 2740 orat
1253 2684 1280 2738 ?
1301 2687 1375 2738 At
1403 2683 1486 2738 illi
1515 2685 1925 2739 conticuerunt.
1961 2686 2028 2740 Et

431 2779 638 2834 iterum
659 2775 952 2847 requisivit
979 2791 1092 2840 eos,
1126 2774 1316 2828 dicens
1342 2793 1352 2828 :
1383 2773 1650 2844 Nunquid
1703 2773 1963 2828 dormitis
1993 2773 2022 2827 ?

430 2865 779 2938 Cumqueilli
808 2881 867 2918 se
885 2863 1130 2918 dormire
1151 2863 1442 2928 dixissent,
1469 2862 1610 2916 dixit
1628 2862 1708 2916 eis
1737 2881 1747 2916 :
1783 2863 2017 2927 Quando

424 2973 556 3027 ergo
577 2953 854 3020 dormitis,
895 2953 1020 3023 quis
1054 2957 1179 3006 orat
1207 2969 1306 3024 pro
1338 2951 1523 3006 vobis?
1551 2953 1620 3006 Et
1647 2967 1760 3006 non
1788 2951 2019 3006 invene-

2116 1811 2244 1848 eum
2275 1801 2474 1863 mater,
2499 1795 2716 1850 dimisit
2729 1813 2878 1852 eum.
2895 1798 2996 1852 Ille
3024 1815 3156 1867 vero
3177 1799 3390 1854 veniens
3417 1800 3468 1854 in
3485 1801 3647 1854 solitu-

2115 1883 2323 1951 dinem,
2347 1901 2450 1956 per
2465 1885 2870 1956 negligentiam
2889 1903 3116 1942 omnem
3140 1888 3306 1942 vitam
3317 1905 3464 1943 suam
3483 1905 3648 1942 consu-

2113 1972 2322 2027 mebat.
2351 1972 2600 2044 Contigit
2629 1979 2818 2028 autem
2852 1979 2914 2030 ut
2941 1981 3256 2032 moreretur
3274 1983 3443 2032 mater
3467 1977 3648 2049 ejus.Et

2114 2067 2241 2132 post
2265 2067 2487 2134 tempus
2514 2063 2742 2134 aliquod
2794 2064 2972 2119 factus
3001 2070 3088 2119 est
3116 2073 3174 2120 et
3201 2065 3314 2137 ipse
3341 2072 3570 2137 aegrotus,
3607 2069 3652 2119 et

2113 2155 2306 2221 raptus
2346 2151 2402 2204 in
2434 2152 2608 2205 extasi
2637 2151 2709 2206 ad
2736 2151 3034 2224 judicium,
3067 2153 3282 2208 invenit
3305 2160 3521 2208 matrem
3546 2169 3648 2208 cum

2111 2239 2200 2292 his
2221 2239 2316 2310 qui
2341 2239 2756 2310 judicabantur.
2791 2241 2894 2296 llla
2921 2249 3113 2296 autem
3145 2259 3270 2298 cum
3296 2243 3506 2297 vidisset
3530 2257 3648 2306 eum,

2111 2327 2418 2400 obstupuit,
2452 2329 2642 2384 dicens
2667 2347 2677 2382 :
2725 2329 2872 2394 Quid
2901 2335 2987 2384 est
3014 2331 3140 2399 hoc,
3173 2332 3249 2386 ﬁli
3282 2331 3305 2384 7
3335 2338 3389 2386 et
3413 2337 3470 2386 tu
3500 2330 3548 2384 in
3572 2331 3654 2384 hoc

2112 2416 2231 2472 loco
2263 2417 2540 2472 deductus
2575 2434 2634 2472 es
2679 2418 3184 2474 condemnandus?
3213 2421 3282 2474 Et
3307 2419 3397 2474 ubi
3422 2425 3538 2474 sunt
3579 2417 3654 2472 illa

2109 2505 2278 2560 verba
2301 2523 2424 2576 quae
2437 2505 2654 2561 solebas
2665 2507 2876 2561 dicere:
2908 2507 3192 2570 Quoniam
3218 2509 3425 2564 salvare
3441 2507 3550 2562 volo
3565 2506 3656 2560 ani-

2109 2611 2261 2648 mam
2279 2595 2505 2649 meam?
2530 2595 2874 2650 Erubesccns
2895 2613 3027 2666 ergo
3052 2597 3151 2652 ille
3171 2599 3228 2652 in
3248 2597 3420 2652 verbis
3447 2614 3553 2668 quae
3575 2611 3654 2649 au-

2107 2683 2510 2747 diebat,stabat
2523 2684 2665 2738 nihil
2687 2683 2900 2739 habens
2920 2686 3068 2756 quod
3095 2687 3470 2758 responderet.
3489 2685 3548 2740 Et
3560 2700 3658 2738 ecce

2112 2789 2242 2826 voce
2273 2771 2421 2827 facta
2442 2777 2507 2827 ut
2544 2772 2634 2827 hic
2663 2781 3037 2841 revocaretur,
3062 2779 3336 2846 tanquam
3357 2776 3517 2828 altero
3525 2775 3656 2844 jusso

2113 2879 2178 2916 ex
2206 2861 2460 2917 carnobio
2476 2861 2716 2916 fratrum
2736 2863 2998 2929 transire,
3032 2880 3293 2919 reversus
3316 2864 3386 2919 ad
3411 2880 3484 2927 se,
3505 2861 3661 2917 omnia

2113 2966 2236 3020 quae
2267 2956 2618 3020 cognoverat,
2642 2967 2877 3022 qumque
2903 2951 3164 3007 audierat
3174 2952 3478 3008 astantibus
3497 2949 3663 3004 refere-

425 3051 562 3100 runt
582 3043 718 3116 quid
733 3041 1138 3114 responderent
1157 3041 1227 3096 ei.
1241 3041 1398 3095 Tunc
1417 3041 1557 3096 dixit
1572 3040 1652 3095 eis
1678 3061 1692 3094 :
1730 3041 2070 3111 IndulgeteC
2099 3040 2217 3097 bat.
2235 3039 2322 3093 Ad
2337 3039 2822 3094 confirmationem
2837 3057 2972 3095 sane
2987 3041 3287 3096 verborum
3303 3057 3516 3096 suorum
3533 3054 3660 3108 roga-

428 3151 562 3204 ergo
582 3131 742 3199 mihi,
769 3129 1035 3202 quoniam
1057 3146 1170 3183 non
1188 3129 1368 3183 facitis
1401 3130 1548 3184 sicut
1565 3129 1769 3184 dicitis.
1786 3131 1901 3200 Ego
1929 3146 2026 3184 au-

427 3228 543 3278 tem
571 3221 754 3276 dicam
782 3219 938 3274 vobis
967 3217 1439 3290 quemadmodum
1459 3219 1719 3274 manibus
1739 3219 1880 3274 meis
1899 3236 2026 3290 ope-

428 3327 561 3364 rans
585 3308 705 3363 sine
728 3307 1038 3362 cessatione
1051 3322 1168 3360 oro.
1189 3305 1366 3361 Sedeo
1388 3306 1536 3360 enim
1560 3307 1629 3362 de
1657 3323 1822 3361 mane
1847 3324 2025 3378 usque

427 3399 498 3453 ad
523 3398 719 3452 horam
741 3396 1125 3460 constitutam,
1143 3401 1200 3449 et
1228 3411 1408 3466 pauca
1436 3396 1752 3466 palmarum
1773 3397 1906 3451 folia
1934 3397 2024 3452 in-

429 3486 627 3552 fundo,
657 3491 716 3540 et
733 3485 874 3539 facio
907 3483 1106 3538 exinde
1134 3483 1428 3549 funiculos,
1465 3488 1522 3538 et
1549 3483 1776 3538 interim
1805 3501 1922 3552 oro,
1945 3485 2026 3539 di-

423 3591 588 3629 cens:
614 3575 880 3629 Miserere
911 3572 1042 3639 mei,
1066 3573 1235 3639 Deus,
1255 3573 1561 3626 secundum
1577 3589 1838 3643 magnam
1861 3573 2025 3628 mise-

421 3663 722 3718 ricordiam
743 3669 922 3728 tuam,
947 3667 1005 3716 et
1031 3661 1338 3715 secundum
1357 3661 1772 3715 multitudinem
1791 3662 2023 3717 misera-

418 3753 640 3806 tionum
668 3757 915 3816 tuarum,
949 3750 1074 3804 dele
1113 3749 1473 3820 iniquitatem
1504 3765 1689 3803 meam
1717 3752 1888 3822 (Psal.
1939 3751 2015 3821 ι).

421 3840 675 3908 Cumque
706 3844 895 3903 532
915 3837 1365 3908 percomplevero
1385 3854 1555 3909 opera
1579 3855 1846 3894 manuum
1873 3856 2020 3894 mea-

417 3943 564 3993 rum,
599 3932 654 3980 et
700 3927 881 3980 fecero
927 3925 1120 3996 aliqua
1155 3941 1287 3979 vasa
1321 3932 1422 3980 aut
1467 3943 1674 3997 paucos
1719 3927 2014 3996 funiculos,

419 4021 477 4070 et
511 4031 700 4070 emero
733 4031 798 4068 ex
833 4014 915 4068 eis
943 4030 1206 4068 nummos
1235 4014 1448 4081 decem,
1497 4032 1564 4070 ex
1603 4015 1740 4086 ipsis
1771 4019 2018 4074 nummis

415 4105 556 4160 duos
584 4104 655 4159 do
696 4103 1056 4176 pauperibus,
1108 4107 1166 4157 et
1205 4103 1453 4175 reliquos
1483 4105 1736 4160 comedo.
1774 4107 2014 4171 Quando

416 4210 548 4265 ergo
579 4193 811 4248 comedo
836 4197 936 4247 aut
958 4191 1196 4259 dormio,
1225 4197 1360 4246 tunc
1381 4192 1462 4247 illi
1489 4210 1590 4265 pro
1612 4195 1852 4266 peccatis
1877 4196 2016 4252 meis

413 4284 537 4340 sine
567 4281 876 4338 cessatione
903 4281 1142 4353 implent
1162 4281 1474 4336 orationem
1518 4299 1724 4338 meam.

2105 3127 2187 3182 vit
2216 3133 2281 3181 ut
2305 3127 2510 3198 aliquis
2537 3145 2601 3181 ex
2625 3129 2939 3184 astantibus
2965 3129 3074 3184 iret
3100 3132 3174 3184 ad
3202 3129 3595 3192 monasterium,
3614 3130 3664 3179 ut

2108 3215 2325 3270 videret
2345 3216 2391 3270 si
2411 3216 2709 3271 transisset
2733 3217 2908 3272 frater
2926 3219 3186 3289 ejusdem
3213 3218 3469 3284 nominis,
3491 3216 3553 3270 de
3575 3230 3664 3286 quo

2105 3304 2393 3372 audierat;
2425 3305 2518 3376 qui
2552 3305 2849 3376 profectus,
2881 3307 3097 3362 invenit
3123 3309 3224 3363 ita.
3257 3309 3380 3380 Ipse
3397 3323 3516 3360 vero
3538 3307 3665 3376 post-

2107 3409 2278 3464 quam
2307 3409 2477 3447 sanus
2507 3393 2735 3448 effectus
2764 3400 2868 3461 est,
2901 3396 3136 3452 reclusit
3164 3414 3244 3464 se,
3288 3401 3344 3450 et
3370 3395 3507 3450 sedit
3539 3391 3666 3462 cogi-

2107 3486 2232 3536 tans
2253 3481 2322 3535 de
2353 3481 2533 3536 salute
2563 3499 2683 3542 sua,
2716 3483 2994 3554 pwnitens
3011 3490 3069 3539 et
3089 3486 3410 3558 lacrymans
3435 3480 3668 3554 superbis

2107 3586 2229 3640 quae
2257 3571 2466 3624 fecerat
2495 3571 2647 3642 prius
2675 3571 2735 3626 in
2764 3572 3129 3644 negligentia.
3163 3575 3345 3630 Tanta
3371 3579 3543 3628 autem
3566 3573 3666 3624 erat

2107 3657 2158 3712 ei
2177 3657 2548 3730 compunctio,
2575 3665 2639 3713 ut
2653 3675 2780 3714 cum
2799 3661 2962 3714 multi
2975 3678 3108 3716 eum
3127 3667 3403 3733 rogarent
3413 3658 3668 3732 paululum

2103 3746 2473 3818 requiescere,
2495 3764 2565 3801 ne
2581 3747 2814 3802 forsitan
2826 3749 3053 3804 noxium
3067 3751 3288 3822 aliquid
3303 3755 3575 3822 pateretur
3589 3759 3671 3817 per

2099 3835 2474 3890 incessantem
2515 3837 2728 3896 ﬂetum,
2761 3837 2866 3904 ille
2913 3838 3110 3904 nollet,
3145 3839 3341 3894 dicens
3381 3859 3393 3892 :
3424 3838 3480 3894 Si
3506 3833 3672 3890 matris

2101 3939 2238 3978 meae
2267 3923 2670 3996 improperium
2682 3941 2796 3979 non
2810 3927 3045 3996 portavi,
3064 3927 3538 4000 quemadmodum
3558 3939 3671 3994 pra-

2099 4021 2258 4066 sente
2293 4013 2516 4067 Christo
2554 4019 2612 4067 et
2649 4015 2865 4084 angelis
2896 4016 3018 4086 ejus
3045 4016 3107 4071 in
3137 4017 3232 4072 die
3255 4015 3454 4089 judicii
3471 4019 3564 4070 aut
3583 4011 3672 4066 im-

2099 4101 2358 4173 properia
2383 4107 2482 4156 aut
2509 4107 2792 4157 tormenta
2822 4104 3055 4175 portabo
3077 4105 3109 4158 ?

2168 4189 2293 4247 217.
2325 4189 2566 4255 Quidam
2597 4191 2776 4246 frater
2801 4193 3033 4248 sedebat
3049 4194 3110 4248 in
3131 4194 3380 4266 Egypto
3409 4193 3466 4248 in
3499 4202 3676 4260 magna

2098 4277 2418 4333 humilitate
2446 4280 2761 4352 praecipuus
2779 4283 3015 4354 (Pasch.,
3052 4301 3100 4338 ο.
3137 4283 3232 4352 24,
3261 4301 3320 4338 n.
3351 4281 3422 4350 2),
3455 4287 3508 4336 et
3535 4277 3677 4334 habe-

483 4371 610 4430 213.
642 4371 829 4426 Abbas
857 4370 1154 4435 Macarius,
1183 4371 1320 4424 dum
1362 4372 1538 4426 semel
1569 4371 1638 4427 de
1669 4373 1866 4445 Scythi
1897 4389 2016 4444 por-
2037 4367 2086 4426 D
2105 4365 2202 4421 bat
2221 4383 2470 4422 sororem
2499 4369 2558 4423 in
2579 4369 2801 4425 civitate
2827 4371 3205 4439 meretricem,
3234 4389 3360 4444 quae
3381 4369 3562 4426 multis
3578 4364 3678 4421 ani-

414 4466 564 4516 taret
589 4461 884 4534 sportellas
924 4477 1063 4531 quas
1098 4465 1333 4522 texerat,
1371 4461 1650 4530 grandem
1677 4461 1890 4516 habens
1919 4463 2017 4518 viae
2104 4454 2304 4511 mabus
2335 4457 2574 4528 perditio
2615 4458 2818 4513 fuerat.
2851 4460 3204 4532 Frequenter
3237 4478 3375 4533 ergo
3408 4455 3678 4514 monebant

419 4549 690 4616 laborem,
723 4548 952 4614 resedit,
987 4554 1043 4603 et
1071 4548 1241 4602 dixit:
1275 4549 1443 4617 Deus,
1485 4554 1550 4604 tu
1584 4551 1710 4617 scis,
1744 4550 1875 4622 quia
1904 4567 2020 4606 am-
2101 4560 2262 4599 senes
2289 4544 2521 4600 fratrem
2535 4546 2716 4614 illum,
2749 4553 2806 4603 et
2832 4549 2919 4603 vix
2947 4555 3266 4620 potuerunt
3289 4550 3344 4604 ei
3375 4544 3678 4622 persuadere

418 4639 564 4709 plius
594 4655 709 4694 non
739 4639 895 4693 valeo
925 4637 1236 4692 ambulare.
1288 4637 1358 4691 Et
1385 4654 1515 4692 mox
1543 4638 1802 4694 inventus
1833 4644 1920 4694 est
1947 4640 2020 4696 ad
2101 4639 2166 4687 ut
2193 4633 2409 4689 veniret
2433 4634 2504 4688 ad
2525 4651 2673 4705 eam,
2689 4642 2966 4707 quatenus
2983 4655 3084 4710 per
3103 4639 3550 4694 admonitionem
3576 4634 3680 4704 eius

416 4728 672 4798 ﬂuvium,
741 4727 894 4782 unde
961 4726 1144 4781 adhuc
1197 4725 1392 4781 multis
1449 4725 1646 4782 aberat
1711 4727 2018 4784 intervallis

411 4816 620 4886 (Joan.,
655 4818 822 4871 libell.
853 4829 915 4882 II,
942 4831 999 4872 η.
1028 4814 1107 4885 6).

485 4902 612 4958 214.
643 4903 831 4958 Abbas
858 4906 1099 4958 Ammon
1135 4903 1364 4958 veniens
1400 4904 1460 4958 in
1481 4905 1702 4960 deserto
1723 4905 1794 4962 ad
1825 4923 2016 4978 quem-

416 4990 547 5046 dam
573 4992 758 5046 locum
800 4993 1028 5048 haurire
1053 5009 1280 5064 aquam,
1315 4991 1454 5048 vidit
1472 4991 1824 5071 basiliscum;
1851 5002 1908 5051 et
1928 4998 2014 5068 ja-

427 5082 588 5134 ctans
615 5097 674 5134 se
705 5081 765 5135 in
799 5080 998 5135 faciem
1027 5098 1206 5147 suam,
1239 5081 1417 5136 dixit:
1451 5082 1706 5150 Domine,
1758 5089 1858 5140 aut
1910 5103 2014 5157 ego

419 5167 732 5222 moriturus
755 5185 902 5235 sum,
935 5175 1035 5224 aut
1052 5169 1162 5224 ista
1190 5168 1390 5226 bestia.
1434 5171 1560 5226 Mox
1591 5170 1883 5228 basiliscus
1912 5190 2015 5246 per

415 5254 684 5312 virtutem
711 5256 816 5312 Dei
847 5256 1150 5328 dissipatus
1175 5263 1278 5313 est.

481 5343 850 5404 ‘215.Abbatis
868 5345 1182 5401 Besarionis
1200 5345 1525 5419 discipulus,
1565 5348 1793 5404 nomine
1814 5351 2005 5419 Dulas,

419 5486 740 5613 Etli’elagq
775 5489 943 5543 libell.
987 5499 1089 5554 xu,
1123 5503 1180 5542 η.
1219 5487 1272 5543 9.
1301 5488 1486 5561 Atque
1515 5490 1638 5562 ejus
1662 5492 1808 5563 stylo
1836 5493 1927 5551 hic
1953 5495 2012 5551 in

503 5575 522 5612 ι
572 5575 617 5613 s.

503 5575 617 5613 ius.

2100 4727 2288 4793 posset
2310 4728 2600 4794 peccatum
2622 4725 2769 4796 quod
2797 4742 2898 4796 per
2918 4743 3041 4781 eam
3064 4727 3246 4782 ﬁebat
3269 4728 3535 4784 evincere.
3557 4723 3679 4777 Cum

2098 4816 2288 4866 autem
2307 4811 2523 4866 veniret
2538 4813 2609 4867 ad
2625 4813 3066 4886 locum,quidam
3087 4833 3159 4871 ex
3179 4818 3338 4872 notis
3353 4833 3480 4871 eum
3493 4813 3678 4875 videns,

2096 4899 2411 4970 praecessit,
2471 4907 2528 4956 et
2576 4902 2856 4958 nuntiavit
2899 4903 3002 4972 illi,
3052 4905 3290 4960 dicens:
3345 4906 3482 4960 Ecce
3531 4903 3682 4956 frater

2095 4993 2226 5042 tuus
2251 4989 2402 5044 venit
2432 4989 2502 5044 ad
2531 4995 2586 5045 te
2615 4991 2684 5046 de
2715 5009 2924 5048 eremo.
2955 4993 3058 5048 Illa
3077 5000 3284 5050 autem
3310 4994 3428 5050 haec
3451 4989 3678 5052 audiens,

2096 5093 2210 5148 prae
2234 5077 2440 5148 gaudio
2461 5079 2671 5134 relictis
2694 5081 3040 5137 amatoribus
3052 5082 3176 5138 suis
3199 5083 3408 5154 quibus
3431 5079 3683 5136 ministra-

2093 5163 2209 5228 bat,
2234 5165 2416 5236 capite
2437 5167 2786 5240 discooperto
2807 5169 2878 5224 ad
2899 5170 3290 5226 occurendum
3302 5170 3466 5226 fratri
3485 5179 3684 5239 egressa

2096 5258 2199 5307 est.
2251 5255 2319 5308 Et
2353 5253 2490 5309 dum
2533 5257 2760 5312 vidisset
2805 5275 2957 5326 eum,
2989 5264 3364 5332 tentaretque
3395 5275 3521 5314 eum
3548 5269 3680 5310 com-

2093 5340 2280 5412 plecti,
2323 5341 2463 5399 dixit
2497 5344 2548 5399 ei
2587 5346 2712 5402 ille:
2748 5349 2919 5404 Soror
2965 5365 3091 5404 mea
3136 5349 3504 5412 charissima,
3540 5355 3682 5417 parce

2163 5481 2599 5553 ’l’elag..lz'bell.
2630 5502 2714 5554 III,
2749 5505 2806 5547 η.
2831 5488 2919 5546 20.
2954 5491 3140 5562 Atque
3176 5493 3306 5562 ejus
3345 5491 3492 5563 stylo
3519 5487 3602 5542 hic
3632 5481 3683 5536 in

2094 5569 2290 5626 Editis.
2319 5571 2489 5628 Posui
2517 5591 2584 5630 ex
2611 5576 2715 5632 Ms.
