3966 6184
245 279 357 337 809

1546 280 1787 338 VERBA
1824 282 2216 342 SENIORUM.

3414 287 3529 350 810

243 407 455 479 animae
475 403 880 477 tuae,quoniam
909 402 1075 459 multi
1095 408 1324 477 propter
1342 409 1400 460 te
1431 412 1689 477 pereunt.
1714 408 1855 465 Con-
1871 411 2046 472 Atius
2074 408 2257 466 laetari
2283 407 2434 465 illius
2446 408 2993 482 possessione,un
3007 409 3187 467 sancti
3205 415 3264 467 et
3283 412 3525 485 apostoli

244 496 439 551 sidera
467 500 678 568 quanta
703 493 912 548 habeas
938 498 1224 550 tormenta
1249 500 1581 567 praeparata,
1603 496 1711 552 nisi
1743 498 1851 555 cito

245 586 528 657 paenitere
545 583 915 640 festinaveris.
936 584 1042 638 Illa
1055 588 1244 638 autem
1256 585 1692 642 contremiscens
1714 588 1856 643 dixit

247 675 324 728 ad
355 690 506 729 eum:
528 674 597 728 Et
608 672 933 739 scis,frater,
954 671 1087 743 quia
1100 677 1187 726 est
1198 672 1337 727 mihi
1358 675 1511 730 salus
1529 676 1617 730 vel
1634 677 1802 732 modo
1831 677 1856 731 ?

250 763 361 819 Cui
386 763 482 817 ille
509 762 676 817 dixit:
712 761 772 816 Si
808 761 1070 827 volueris,
1105 767 1193 816 est
1220 761 1323 817 tibi
1347 764 1530 819 adhuc
1550 765 1721 820 salus.
1754 765 1857 820 Illa

250 858 447 907 autem
464 853 686 922 jactans
714 867 774 905 se
791 850 861 904 ad
877 850 1046 922 pedes
1060 850 1250 906 fratris
1269 852 1377 919 sui,
1401 853 1628 923 petebat
1647 858 1712 909 ut
1730 871 1855 909 eam

250 958 449 996 secum
472 940 704 995 duceret
722 939 779 993 in
803 939 1117 1017 desertum.
1153 940 1256 995 Cui
1276 940 1451 995 frater
1470 942 1611 996 dixit
1642 962 1653 997 :
1680 943 1851 1005 Vade.

252 1030 484 1102 cooperi
512 1034 683 1100 caput
705 1033 889 1093 tuum,
914 1033 971 1082 et
993 1045 1227 1100 sequere
1246 1031 1467 1085 me.Cui
1480 1031 1595 1097 illa,
1626 1032 1852 1098 Eamus,

253 1119 357 1186 ait,
386 1119 687 1187 velociter;
713 1121 934 1189 oportet
952 1117 1103 1172 enim
1124 1134 1216 1173 me
1257 1119 1594 1188 deformare,
1628 1125 1685 1175 et
1710 1122 1860 1177 inter

252 1208 517 1263 homines
549 1206 701 1261 nudo
724 1206 905 1277 capite
935 1206 1245 1274 ambulare,
1279 1224 1449 1279 quam
1487 1208 1547 1263 in
1576 1208 1858 1265 ofﬁcinam

253 1297 476 1370 peccati
494 1296 605 1350 mei
626 1296 831 1350 iterum
854 1295 1093 1365 ingredi.
1133 1297 1277 1351 Dum
1309 1302 1499 1352 autem
1518 1299 1731 1369 pariter
1742 1316 1860 1354 am-

254 1386 544 1451 bularent,
579 1383 845 1439 monebat
870 1400 995 1438 eam
1023 1384 1198 1439 frater
1224 1386 1295 1439 ad
1324 1387 1731 1457 paenitentiam.
1762 1389 1857 1443 Vi-

253 1474 399 1529 dens
428 1478 620 1527 autem
642 1473 736 1526 ille
758 1472 889 1543 quia
919 1472 1150 1543 quidam
1179 1472 1382 1529 fratres
1412 1474 1702 1531 obviarent
1729 1475 1852 1543 sibi,

254 1563 406 1617 dixit
432 1563 504 1616 ad
532 1578 655 1616 eam
680 1580 690 1614 :
717 1560 994 1625 Quoniam
1014 1562 1252 1617 necdum
1283 1580 1475 1619 omnes
1496 1564 1681 1619 sciunt
1707 1566 1857 1636 quod

254 1668 422 1707 soror
452 1667 579 1705 mea
606 1650 891 1715 es,secede
904 1667 1103 1721 parum
1123 1652 1192 1705 de
1224 1652 1329 1719 via,
1346 1653 1522 1708 donec
1545 1660 1856 1709 transeant.

1935 505 2283 555 meruerunt.
2332 498 2531 554 Melius
2582 498 2734 554 enim
2784 500 2964 556 multo
2998 504 3086 556 est
3107 500 3310 572 spiritu
3339 502 3529 559 videre

1937 606 2106 660 quam
2125 605 2293 644 carne
2326 607 2340 657 ;
2380 593 2439 643 et
2458 588 2583 643 illos
2607 588 2794 643 oculos
2812 588 3117 661 possidere,
3159 591 3220 646 in
3250 607 3389 663 quos
3404 607 3531 665 pec-

1937 678 2047 733 cati
2060 676 2275 733 festuca
2292 692 2405 732 non
2434 675 2613 748 possit
2637 676 2904 745 incidere,
2937 694 3107 749 quam
3138 678 3263 734 illos
3284 679 3381 752 qui
3408 680 3528 736 solo

1935 767 2057 822 visu
2077 784 2180 838 per
2194 765 2701 837 concupiscentiam
2732 771 2966 838 possunt
2992 766 3279 824 hominem
3301 769 3362 824 in
3388 769 3532 826 inte-

1937 855 2111 910 ritum
2136 855 2408 926 gehennae
2434 854 2676 909 mittere.

2008 943 2132 1000 219.
2157 942 2400 1008 Quidam
2429 942 2604 997 frater
2648 939 2764 1014 ('26)
2797 958 2862 996 ex
2896 942 3081 997 Nitria
3107 944 3325 1015 parcior
3352 945 3534 1019 magis

1941 1049 2108 1105 quam
2139 1032 2378 1099 avarior,
2412 1036 2470 1086 et
2495 1031 2752 1086 nesciens
2778 1030 3014 1102 triginta
3040 1033 3321 1103 argenteis
3346 1034 3535 1092 Domi-

1940 1138 2078 1176 num
2105 1122 2134 1176 J
2139 1137 2298 1176 esum
2315 1119 2856 1187 venditum,centum
2891 1120 3118 1187 solidos,
3142 1138 3281 1192 quos
3301 1121 3419 1178 lina
3436 1129 3527 1179 te-

1941 1210 2121 1265 xendo
2176 1210 2495 1281 collegerat,
2548 1209 2796 1264 moriens
2825 1208 3127 1281 dereliquit
3153 1210 3261 1279 (Ea:
3303 1212 3531 1267 Hieron.

1941 1303 2093 1369 epist.
2124 1297 2216 1365 ‘22,
2238 1299 2311 1352 ad
2336 1298 2607 1366 Eustoch.,
2636 1300 2700 1352 de
2719 1299 3185 1365 custodmirgind.
3219 1299 3431 1355 Initum
3451 1306 3539 1356 est

1937 1394 2129 1443 autem
2151 1387 2447 1442 consilium
2465 1386 2615 1440 inter
2631 1386 2936 1441 monachos
2954 1393 3106 1451 (nam
3123 1387 3320 1443 eodem
3338 1389 3398 1443 in
3416 1388 3539 1445 loco

1939 1476 2165 1532 circiter
2181 1476 2429 1548 quinque
2448 1474 2624 1529 millia
2639 1474 2830 1529 divisis
2840 1475 3055 1530 cellulis
3064 1474 3391 1532 habitabant
3399 1474 3542 1550 [27])

1941 1566 2075 1637 quid
2105 1565 2249 1619 facto
2271 1580 2411 1636 opus
2439 1569 2605 1618 esset.
2629 1563 2740 1617 Alii
2763 1563 3104 1634 pauperibus
3121 1564 3540 1620 distribuendos

1943 1671 2065 1709 esse
2084 1653 2507 1719 censebant,alii
2538 1653 2756 1706 dandos
2782 1652 3311 1719 ecclesiaemonnulli
3336 1670 3539 1726 paren-

259 1739 424 1804 Quod
456 1754 583 1793 cum
604 1738 846 1806 fecisset,
880 1743 1180 1810 postquam
1204 1742 1554 1797 transierunt
1577 1744 1681 1808 illi,
1708 1760 1867 1797 voca-
1896 1734 2093 1799 Btibus
2122 1744 2245 1814 ejus
2267 1742 2655 1798 remittendos.
2676 1741 2953 1796 Macarius
2972 1758 3122 1809 vero,
3157 1748 3213 1797 et
3227 1742 3458 1810 Pambo,
3483 1747 3541 1798 et

258 1829 340 1883 vit
369 1845 497 1882 eam
528 1827 703 1882 frater
731 1827 1109 1890 suus,dicens:
1128 1828 1473 1897 Veni,soror,
1498 1848 1692 1887 eamus
1719 1832 1865 1886 viam

260 1924 541 1973 nostram.
575 1917 678 1972 Illa
707 1922 899 1970 autem
929 1932 1041 1971 non
1071 1918 1362 1988 respondit
1408 1920 1480 1974 ei.
1528 1921 1868 1992 Perquirens

261 2024 398 2078 ergo
422 2006 518 2061 ille
537 2005 837 2077 diligenter
853 2023 1101 2061 sororem
1127 2023 1308 2075 suam,
1341 2009 1555 2065 invenit
1575 2026 1699 2064 eam
1712 2026 1865 2064 mor-

267 2104 428 2152 tuam
477 2102 535 2150 et
562 2094 799 2165 vestigia
817 2095 1024 2166 pedum
1061 2097 1183 2166 ejus
1212 2097 1380 2168 plena
1409 2098 1715 2169 sanguine;
1747 2102 1870 2153 erat

266 2186 425 2241 enim
453 2185 806 2239 discalceata.
825 2184 981 2239 Tunc
1010 2185 1103 2240 ille
1132 2186 1272 2241 ﬂens
1293 2191 1349 2241 et
1363 2188 1581 2258 ejulans
1592 2187 1871 2242 nuntiavit

267 2272 585 2329 senioribus
605 2273 796 2328 omnia
815 2290 938 2344 quae
960 2274 1108 2329 facta
1128 2274 1355 2330 fuerant
1384 2294 1396 2329 :
1445 2281 1506 2331 at
1533 2277 1613 2330 illi
1637 2282 1869 2331 conten-

273 2362 485 2417 debant
494 2362 644 2417 inter
663 2379 723 2417 se
744 2362 813 2417 de
832 2363 1139 2417 salvatione
1156 2364 1868 2435 ejusliisnifestavitautem

269 2453 423 2508 Deus
453 2451 552 2507 uni
587 2450 707 2506 seni
735 2451 803 2506 de
833 2452 973 2523 ipsa,
1000 2452 1131 2523 quia
1151 2453 1299 2524 quod
1319 2454 1475 2509 nulla
1503 2454 1585 2509 illi
1615 2471 1751 2509 cura
1765 2454 1871 2509 fuit

265 2542 337 2596 de
382 2540 555 2596 rebus
581 2540 980 2612 corporalibus,
1007 2542 1107 2595 sed
1141 2548 1206 2597 ut
1228 2544 1427 2598 vulnus
1448 2544 1739 2615 proprium
1780 2559 1874 2597 sa—

274 2630 712 2701 naret,neglexit
723 2630 913 2684 omnia
922 2646 1041 2696 sua,
1050 2635 1108 2685 et
1122 2647 1183 2685 su
1190 2632 1421 2703 spiravit
1431 2638 1620 2699 533
1630 2631 1877 2703 graviter

273 2725 330 2774 et
361 2720 521 2774 ﬂevit
547 2724 777 2789 propter
812 2724 1040 2790 peccata
1057 2736 1177 2786 sua,
1213 2726 1513 2792 prapterea
1540 2720 1877 2792 suscepisset

272 2807 426 2862 Deus
448 2807 839 2879 paenitentiam
859 2807 999 2878 ejus.

336 2895 467 2954 218.
491 2895 744 2960 Quodam
758 2902 1011 2968 tempore
1043 2896 1154 2966 (24)
1185 2914 1310 2952 cum
1330 2896 1528 2953 beatus
1542 2898 1820 2954 Antonius
1844 2915 1879 2953 a

276 2989 472 3041 sancto
501 2986 810 3039 Athanasio
840 2985 1189 3040 Alexandria:
1221 2986 1478 3058 episcopo
1491 2994 1724 3059 propter
1750 3004 1931 3074 con-C

274 3075 614 3129 futationem
630 3073 1021 3129 haereticorum
1034 3075 1092 3129 in
1110 3074 1307 3129 urbem
1327 3082 1479 3130 esset
1492 3076 1766 3132 adductus
1783 3078 1883 3147 (Ea:

266 3165 524 3228 Hieron.,
547 3165 700 3232 epist.
730 3162 815 3229 33,
843 3165 917 3217 ad
939 3165 1341 3233 Castratium),
1366 3165 1616 3236 perrexit
1639 3166 1709 3220 ad
1737 3183 1867 3221 eum

271 3252 551 3324 Didymus
582 3251 665 3305 vir
684 3250 1118 3311 eruditissimus.
1165 3258 1363 3324 captus
1393 3254 1589 3309 oculis.
1623 3255 1877 3326 Cumque

271 3342 459 3396 multa
477 3340 548 3395 de
573 3340 875 3413 Scripturis
904 3342 1111 3396 sanctis
1141 3342 1526 3413 loquerentur,
1546 3344 1696 3397 inter
1713 3351 1878 3398 caete-

273 3447 369 3485 ras
394 3430 895 3487 sermocinationes
918 3447 1056 3501 quas
1082 3432 1151 3484 de.
1168 3417 1771 3486 sanbtisVoluminibus
1783 3433 1880 3486 ha-

272 3518 505 3586 bebant,
537 3536 666 3574 cum
691 3519 969 3574 Antonius
996 3520 1300 3575 miraretur
1322 3521 1611 3591 ingenium
1650 3522 1790 3592 ejus,
1824 3526 1881 3576 et

278 3624 519 3663 acumen
551 3608 724 3661 animi
752 3608 1113 3673 collaudaret,
1149 3608 1457 3675 sciscitans,
1498 3610 1579 3664 ait
1609 3610 1679 3664 ad
1724 3626 1872 3664 eum:

279 3698 409 3753 Non
438 3696 619 3752 tristis
646 3713 705 3751 es
732 3697 879 3767 quod
923 3696 1098 3751 oculis
1126 3698 1345 3754 carneis
1370 3699 1598 3754 careas?
1651 3699 1720 3753 Et
1750 3716 1879 3753 cum

279 3786 376 3841 ille
392 3802 508 3858 pra:
524 3786 734 3856 pudore
751 3785 1030 3853 reticeret,
1062 3787 1306 3842 secundo
1336 3788 1615 3860 tertioque
1636 3804 1764 3842 eum
1791 3787 1882 3843 in-

276 3881 581 3948 terrogans
620 3874 917 3944 Antonius,
965 3875 1194 3931 tandem
1237 3876 1429 3932 elicuit
1471 3882 1538 3932 ut
1581 3893 1883 3933 maerorem

281 3964 461 4020 animi
492 3963 820 4036 simpliciter
836 3964 1126 4021 fateretur.
1146 3965 1250 4021 Cui
1272 3966 1552 4021 Antonius
1564 3967 1679 4021 ait:
1714 3966 1887 4022 Miror

282 4054 625 4126 prudentem
654 4053 836 4108 virum
857 4055 980 4126 ejus
1003 4054 1084 4110 rei
1097 4054 1285 4110 dolere
1300 4055 1767 4128 damnum,quam
1780 4055 1887 4110 for-

283 4144 467 4210 micae,
490 4149 548 4198 et
575 4160 797 4213 muscre,
830 4149 886 4198 et
923 4145 1126 4199 culices
1160 4144 1372 4199 habent
1399 4144 1545 4217 (‘25);
1578 4150 1634 4200 et
1654 4162 1766 4201 non
1793 4161 1887 4217 po-

1950 1833 2217 1898 Isidorus,
2249 1837 2307 1886 et
2332 1831 2518 1886 caeteri
2538 1830 2785 1885 seniores
2804 1831 3019 1897 Patres,
3047 1837 3240 1886 sancto
3264 1831 3324 1886 in
3353 1832 3435 1887 eis
3463 1833 3544 1887 lo-

1951 1927 2156 1992 quente
2188 1920 2419 1992 Spiritu,
2458 1920 2825 1974 decreverunt
2873 1918 3224 1975 infodiendos
3255 1937 3376 1976 esse
3412 1937 3543 1976 cum

1950 2010 2178 2064 domino
2203 2009 2609 2073 suo,dicentes:
2645 2008 2889 2063 Pecunia
2900 2013 3000 2063 tua
3024 2012 3212 2063 tecum
3231 2009 3303 2064 sit
3342 2010 3400 2064 in
3420 2025 3545 2081 per-

1950 2099 2223 2153 ditionem
2245 2099 2380 2170 (Act.
2412 2102 2545 2163 vm).
2582 2096 2695 2152 Sed
2711 2114 2783 2152 ne
2801 2097 2907 2151 hoc
2919 2098 3224 2153 crudeliter
3245 2098 3544 2170 quisquam

1950 2192 2111 2259 putet
2157 2187 2386 2252 factum,
2427 2191 2622 2241 tantus
2678 2192 2864 2241 terror
2915 2191 2974 2241 et
3022 2203 3194 2258 pavor
3233 2204 3334 2260 per
3364 2193 3545 2244 totam

1951 2277 2262 2349 Egyptum
2291 2281 2520 2331 cunctos
2550 2275 2855 2331 monachos
2880 2276 3103 2343 invasit,
3122 2283 3187 2332 ut
3212 2293 3391 2332 unum
3417 2277 3548 2334 soli-

1951 2364 2086 2420 dum
2118 2364 2421 2431 dimisisse,
2451 2363 2685 2435 grandis
2712 2363 2862 2434 apud
2889 2379 2984 2418 eos
3008 2364 3084 2418 sit
3100 2364 3374 2420 criminis.

2022 2452 2149 2510 2‘20.
2200 2454 2333 2508 Erat
2362 2453 2590 2525 quidam
2617 2452 2939 2507 adolescens
2963 2452 3192 2508 Graecus
3214 2453 3275 2509 in
3301 2453 3549 2527 Egypto

1954 2537 2291 2593 constitutus
2318 2536 2378 2590 in
2401 2534 2650 2590 coenobio
2665 2534 2810 2606 ‘,qui
2828 2535 2985 2591 nulla
3003 2536 3369 2605 continentia,
3392 2536 3553 2593 nulla

1955 2629 2139 2700 operis
2160 2627 2551 2699 magnitudine
2581 2627 2842 2681 ﬂammas
2886 2630 3106 2698 poterat
3140 2625 3323 2682 carnis
3347 2628 3552 2684 exstin-

1954 2735 2148 2789 guere.
2182 2718 2436 2788 Cumque
2463 2716 2535 2770 ad
2566 2716 2791 2770 Patrem
2812 2714 3139 2771 monasterii
3158 2715 3276 2772 haec
3291 2718 3553 2788 ejusten-

1956 2807 2095 2862 tatio
2113 2807 2312 2861 fuisset
2338 2806 2574 2877 perlata,
2597 2805 2701 2860 hac
2727 2804 2821 2860 ille
2850 2821 2980 2861 eum
3008 2810 3130 2861 arte
3158 2805 3410 2862 salvavit.
3436 2806 3555 2862 Im-

1958 2895 2175 2967 peravit
2201 2895 2421 2950 cuidam
2443 2894 2562 2948 viro
2588 2893 2745 2965 gravi
2765 2899 2822 2949 et
2839 2910 3057 2967 aspero,
3081 2900 3146 2950 ut
3153 2895 3356 2966 jurgiis
3384 2898 3555 2967 atque

1959 2984 2224 3039 conviciis
2244 2984 2619 3038 insectaretur
2643 2983 3075 3051 adolescentem,
3109 2988 3164 3039 et
3193 2989 3321 3057 post
3344 2984 3556 3056 irroga-

1962 3080 2079 3129 tam
2111 3073 2376 3144 injuriam
2388 3073 2603 3145 primus
2622 3073 2841 3127 veniret
2851 3072 2922 3127 ad
2944 3071 3556 3144 querimoniam.Cum-

1964 3180 2071 3235 que
2104 3162 2383 3234 imperata
2420 3160 2525 3215 sibi
2563 3162 2875 3232 perficeret,
2908 3161 3141 3233 insuper
3174 3162 3355 3217 vocati
3382 3167 3556 3218 testes

1960 3269 2062 3324 pro
2092 3268 2158 3306 eo
2182 3249 2681 3322 loquebantur,qui
2701 3250 3099 3305 contumeliam
3110 3250 3453 3307 adolescenti
3472 3252 3555 3307 fe-

1961 3348 2136 3396 cerat.
2175 3341 2249 3394 At
2278 3341 2373 3394 ille
2395 3340 2561 3411 coepit
2591 3341 2724 3394 ﬂere
2740 3344 2936 3394 contra
2964 3339 3348 3395 mendacium:
3372 3340 3558 3412 quoti-

1961 3431 2052 3486 die
2080 3429 2343 3500 gemitus.
2361 3427 2608 3500 quotidie
2628 3429 2888 3499 lacrymae
2911 3428 3187 3498 ﬂuebant;
3219 3428 3558 3485 sedebatso-

1962 3520 2070 3586 lus,
2093 3519 2226 3590 quia
2245 3517 2620 3571 amaritudine
2640 3517 2889 3588 repletus
2927 3523 3067 3583 erat,
3123 3518 3388 3590 omnique
3407 3517 3561 3574 auxi-

1962 3609 2037 3662 lio
2060 3607 2364 3661 destitutus
2385 3606 2455 3660 ad
2485 3607 2513 3659 J
2518 3622 2615 3659 esu
2646 3605 2813 3676 pedes
2837 3604 3233 3675 jacebat.Quid
3255 3607 3459 3662 multa?
3478 3607 3561 3663 ita

1961 3702 2115 3750 totus
2143 3712 2325 3748 annus
2342 3694 2611 3748 deductus
2623 3698 2742 3746 est:
2776 3710 2885 3764 quo
2914 3694 3151 3763 expleto,
3181 3694 3561 3765 interrogatus

1964 3784 2289 3840 adolescens
2309 3799 2480 3854 super
2492 3779 2922 3852 cogitationibus
2934 3781 3286 3853 pristinis,an
3314 3782 3358 3839 si
3372 3783 3563 3839 adhuc

1965 3873 2234 3929 molestia;
2253 3870 2463 3943 aliquid
2484 3870 2804 3938 sustineret,
2826 3864 3173 3943 respondens
3188 3871 3346 3927 dixit:
3370 3873 3560 3941 Pater,

1966 3964 2149 4018 vivere
2162 3960 2301 4016 mihi
2316 3976 2428 4014 non
2447 3958 2596 4027 licet,
2616 3959 3093 4031 quemadmodum
3110 3960 3374 4017 fornicari
3401 3962 3565 4019 libet?

1967 4053 2052 4108 Ita
2086 4067 2218 4121 ergo
2245 4048 2483 4121 spiritali
2512 4049 2677 4103 Patre
2696 4055 3032 4120 procurante
3061 4050 3383 4108 adolescens
3402 4068 3565 4124 supe-

1968 4147 2093 4197 rata
2120 4138 2351 4194 libidine
2377 4137 2622 4193 salvatus
2646 4142 2748 4193 est.

356 4259 376 4292 ¹
410 4257 497 4312 Ad
525 4256 756 4313 verbum
780 4272 923 4329 pene
951 4274 1017 4312 ex
1038 4256 1103 4313 D.
1138 4257 1393 4329 Hieron.,
1425 4260 1587 4332 epist.
1622 4260 1674 4314 4.
1708 4260 1777 4314 ad
1807 4255 2119 4313 Rusticum.

1545 4375 1929 4432 ROSWEYDI
1966 4369 2304 4430 NOTATIO.

312 4543 323 4554 .
357 4460 735 4554 (pitu/7139.]
761 4471 901 4527 Vide
933 4472 1371 4545 prolegomenon
1402 4473 1434 4530 5
1463 4474 1745 4545 generale,
1788 4472 1895 4528 ini-
1915 4477 1964 4535 D
2045 4488 2073 4523 α
2093 4471 2218 4525 Non
2249 4461 3061 4554 egospernassimplifcitatem
3078 4465 3434 4554 et'impolitos
3446 4485 3561 4554 ser-

281 4542 594 4598 tio'horum
619 4542 910 4599 librorum.

359 4614 437 4684 (Ξ)
468 4616 592 4669 Vere
612 4617 888 4669 mundum
903 4619 1029 4684 quis
1048 4618 1255 4671 dubitet
1274 4620 1488 4671 meritis
1503 4623 1649 4671 stare
1665 4615 1889 4673 Sancto-

284 4685 469 4755 rum]
501 4685 603 4739 Vel
630 4685 759 4739 hinc
783 4686 970 4759 aliquo
988 4688 1156 4741 modo
1171 4688 1357 4759 colligi
1372 4686 1709 4759 potest,libri
1721 4688 1888 4759 hujus

282 4760 579 4830 auctorem
612 4757 1088 4830 esseRufﬁnum,
1123 4765 1187 4813 ut
1215 4757 1609 4830 prolegomene
1641 4760 1672 4813 5
1700 4757 1884 4830 tetigi.

282 4827 516 4901 Repetit
535 4826 685 4901 enim
711 4827 801 4901 hic
825 4827 1080 4884 Ruffinus
1112 4826 1233 4901 qua?
1257 4826 1474 4884 dixerat
1502 4830 1733 4901 prologo
1758 4826 1887 4883 libri

281 4898 491 4973 prioris
515 4917 531 4951 :
571 4899 655 4951 vel
684 4899 870 4973 potius
888 4898 1145 4973 ejusdem
1176 4900 1301 4973 libri
1329 4898 1559 4973 prologo
1579 4898 1887 4973 epiphone-

282 4968 494 5040 matice
515 4968 835 5040 respondet.
871 4968 1011 5025 ()um
1038 4973 1186 5026 enim
1214 4968 1575 5027 illic'dixisset
1592 4968 1754 5025 :‘(ut
1780 4971 1887 5024 du-

282 5039 455 5094 bitari
481 5056 596 5094 non
611 5039 827 5095 debeat
853 5058 1045 5095 eorum
1087 5043 1303 5097 meritis
1344 5044 1527 5097 adhuc
1550 5048 1700 5097 stare
1720 5057 1885 5095 mun-

280 5111 442 5185 dum,
480 5129 508 5164 υ
565 5128 721 5185 nunc
739 5112 911 5166 infert
938 5114 1435 5185 epiphonematice,
1477 5114 1547 5167 ad
1572 5113 1726 5185 prius
1746 5112 1896 5167 dicta

1970 4558 2181 4614 mones.
2220 4559 2244 4591 ι
2286 4537 2569 4594 Palladius
2622 4537 2785 4592 initio
2813 4538 3097 4614 Lausiacaa
3124 4537 3294 4614 Hisi_.,
3327 4541 3565 4614 epistola

1969 4614 2041 4739 3d
2060 4613 2307 4667 Lausum
2342 4628 2354 4664 :
2391 4629 2418 4662 ι(
2434 4625 2618 4682 neque
2662 4625 2895 4681 respuas
2937 4610 3139 4668 rudem
3165 4617 3223 4666 et
3243 4610 3564 4670 inornatam

2010 4684 2292 4738 ictionem.
2327 4699 2354 4734 ι)

2010 4684 2292 4738 ictionem.
2327 4699 2354 4734 ι)

2042 4760 2229 4821 534
2254 4771 2280 4806 ι
2311 4752 2425 4807 Nec
2447 4748 2598 4823 enim
2618 4750 2731 4823 mei
2752 4751 2939 4823 operis
2960 4758 3048 4807 est
3069 4752 3269 4809 divinae
3294 4754 3564 4812 doctrinm

1970 4819 2369 4950 scripturaeqaue
2398 4819 2699 4903 sophistice
2728 4819 2809 4876 et_
2831 4822 3159 4948 elolquenter
3186 4825 3411 4908 signare
3439 4843 3560 4883 ser-

1970 4912 2182 4950 mones.
2205 4915 2230 4949 »
2312 4892 2551 4949 alladius
2578 4890 2817 4947 ibidem:
2869 4912 2892 4945 ι
2962 4911 3035 4949 οη
3055 4900 3143 4949 est
3170 4912 3320 4950 enim
3361 4898 3560 4950 divine

1968 4890 2182 4951 mones.
2205 4915 2230 4949 ι)
2266 4890 2551 4950 Palladius
2578 4890 2817 4947 ibidem:
2869 4890 3035 4949 «Non
3055 4900 3143 4949 est
3170 4890 3320 4952 enim
3361 4898 3563 4955 divine

1967 4967 2253 5038 doctrinae,
2278 4969 2477 5038 ornata
2495 4966 2553 5016 et
2570 4963 2641 5017 ad
2653 4963 3056 5019 ostendendam
3067 4966 3401 5038 sapientiam
3413 4986 3563 5026 com-

1966 5039 2151 5111 posita
2172 5037 2255 5093 uti
2283 5035 2556 5111 oratione.
2589 5051 2616 5087 ›)

2050 5129 2079 5163 ‹‹
2111 5111 2222 5184 Sed
2247 5107 2731 5184 suadere_li_i_en_t_es
2759 5106 3050 5184 hominum
3080 5106 3142 5184 in
3162 5108 3271 5184 fide
3300 5116 3358 5184 et
3371 5112 3558 5184 operi-

280 5181 546 5236 alludens
580 5199 591 5235 :
627 5203 653 5257 r
674 5183 819 5238 Vere
839 5177 1111 5239 mundum
1129 5186 1254 5256 quis
1265 5185 1486 5240 dubitet
1497 5177 1713 5239 meritis
1740 5189 1893 5238 stare
1975 5180 2078 5236 bus
2095 5179 2374 5257 _veritatis_.
2400 5177 2743 5257 »__Palladius
2767 5177 2972 5233 ibidem
3006 5199 3018 5234 :
3058 5199 3081 5231 ι
3107 5180 3218 5237 Sed
3246 5177 3561 5257 verbisper-

282 5258 613 5307 sanctorum
632 5254 658 5307 7
692 5274 714 5305 ι
1144 5254 1165 5256 “
1542 5296 1549 5297 κ

355 5325 434 5405 lit
466 5340 645 5405 porro
694 5325 895 5405 prioris
915 5327 1048 5405 .lib_ri
1081 5327 1432 5405 prologusin
1459 5326 1891 5405 quibusdamad

281 5395 527 5449 Palladii
548 5396 882 5467 prooemium
910 5398 969 5452 in
990 5395 1317 5454 Lausiacam
1350 5395 1654 5453 Historiam
1668 5399 1885 5463 alludit,

281 5467 495 5541 ita_hic
521 5467 1121 5541 apertiuscommunia
1151 5470 1405 5541 quaedam
1429 5470 1597 5525 habet
1612 5487 1740 5526 cum
1771 5469 1890 5541 epi-

282 5538 434 5622 stola
462 5538 700 5622 Palladii
731 5539 801 5591 ad
834 5539 1098 5622 Lausum,
1117 5538 1392 5622 quac-post
1417 5543 1751 5622 prooemium
1783 5538 1890 5595 ibi-

281 5607 419 5665 dem
453 5608 700 5683 ponitur,
735 5623 859 5681 quae
886 5607 1211 5681 singulatim
1239 5607 1358 5683 jam
1397 5607 1694 5685 subjungo.

661 5709 929 5775 PATROL.
960 5708 1235 5795 LXXlll,‘

1974 5253 2212 5309 suadere
2240 5248 2511 5304 veritatis.
2540 5267 2562 5299 ι

2045 5343 2072 5376 α
2093 5324 2325 5377 Patrum
2374 5319 2617 5394 denique
2664 5323 2982 5394 sanctorum
3028 5324 3479 5394 patriarcharum
3502 5331 3563 5383 et

1971 5395 2373 5468 prophetarum
2404 5388 2709 5468 Abraham,
2732 5391 2906 5468 Isaac,
2942 5397 3001 5447 et
3018 5388 3205 5468 jacob,
3240 5396 3467 5468 Moysis,
3501 5403 3560 5468 et

1974 5462 2127 5532 Elite,
2157 5462 2454 5519 etJoannis
2474 5462 2599 5516 ideo
2616 5462 2895 5533 descripta
2936 5471 3023 5520 est
3044 5467 3199 5533 fides,
3236 5487 3262 5521 ι)
3287 5462 3393 5521 etc.
3436 5462 3560 5521 Pal-

1974 5534 2414 5608 ladius,ibidem:
2452 5533 2641 5608 (Nam
2674 5532 2713 5586 ii
2742 5532 2982 5608 queque,
3017 5537 3112 5608 qui
3142 5532 3373 5608 Patrum
3402 5538 3562 5592 Vitas

1975 5606 2443 5678 conscripserunt,
2467 5604 2724 5671 Abrahae,
2752 5611 2809 5659 et
2840 5604 3000 5660 ISaac
3028 5604 3086 5661 et
3105 5607 3297 5674 Jacob,
3328 5614 3387 5664 et
3407 5610 3560 5683 Moy-

3168 5704 3249 5770 26
