3966 6184
481 247 588 301 815
675 301 688 314 ,

1589 239 1681 292 DE
1718 237 1906 293 VITIS
1945 237 2242 294 PATRUM
2279 240 2492 298 LIBER
2530 241 2624 297 IV.

3636 249 3726 308 816

481 385 669 426 eremo
689 367 869 420 vivere
899 361 1232 418 Christianis
1259 363 1407 429 licet,
1432 363 1769 435 quantisque
1787 364 1962 435 signis
1989 380 2054 418 ac
2080 365 2377 422 virtutibus
2392 368 2451 423 in
2478 367 2652 422 servis
2674 367 2791 422 suis
2811 367 3067 423 Christus
3082 375 3364 440 operetur,
3387 377 3724 444 quemadmo-

478 461 611 513 dum
641 455 809 510 etiam
840 451 976 506 mihi
1006 468 1274 522 prospera
1301 452 1581 522 navigatio
1610 453 1797 515 fuerit,
1826 453 1922 523 qui
1955 455 2037 507 vel
2068 472 2176 526 quo
2199 473 2287 510 me
2307 456 2415 511 iter
2433 462 2721 511 terrenum
2744 457 3088 528 perduxerit.
3110 459 3327 517 Vestris
3355 480 3492 534 ergo
3521 465 3722 534 adjutus

475 544 816 602 orationibus
830 541 1030 595 faciam
1055 546 1116 594 ut
1138 541 1457 595 desiderare
1476 559 1570 596 vos
1588 543 1764 607 video,
1789 546 1845 596 et
1860 559 2044 613 quaeso
2064 549 2127 598 ut
2142 543 2509 600 libentissime
2525 547 2595 599 ad
2614 563 2680 599 ea
2701 563 2823 617 qua)
2846 563 3014 602 narro
3037 566 3229 604 aurem
3247 554 3669 609 accommodetis
3687 555 3718 608 ¹.

543 673 560 705 ¹
592 670 776 744 Sever.
827 665 1057 744 Salpia,
1111 664 1389 744 dia_logo__l
1420 682 1539 737 cap.
1571 667 1624 734 1,
1657 667 1914 736 quaedam
1950 667 2119 739 hujus
2160 669 2384 740 Prologi
2437 669 2602 724 verba
2641 669 2828 724 habet.
2875 672 3251 744 Intelligenda
3299 676 3492 730 omnia
3517 679 3720 734 nomine

469 738 879 804 Posthumiani,
913 738 1008 808 qui
1039 737 1460 808 interloquitur.

1579 897 3716 925 _.___._____________________

974 998 1207 1056 CAPUT
1235 1000 1540 1055 PRIMUM.

462 1092 530 1147 Dc
560 1091 826 1146 monacho
845 1092 1098 1144 solitario
1132 1092 1231 1159 qui
1259 1092 1322 1144 in
1349 1090 1554 1156 ﬁnibus
1595 1091 1941 1156 Cyrenarum
1987 1092 2052 1144 in

819 1195 992 1248 parvo
1024 1181 1250 1246 tugurio
1279 1180 1671 1232 commanebat.

527 1271 674 1324 Ante
705 1269 809 1322 hoc
836 1266 1284 1338 triennium,quo
1303 1273 1556 1338 tempore
1577 1267 1705 1321 hinc
1720 1267 1830 1321 abii
1851 1268 2046 1337 (Sever.

454 1364 664 1432 Salpia.
688 1363 904 1430 dialogo
935 1361 987 1429 1,
1021 1378 1064 1414 ο.
1097 1359 1170 1430 2),
1204 1360 1300 1414 ubi
1327 1376 1358 1414 a
1383 1359 1648 1414 Narbona
1668 1361 1853 1414 navim
1880 1361 2048 1414 solvi-

456 1468 600 1518 mus,
633 1451 828 1522 quinto
858 1451 948 1504 die
996 1455 1220 1520 portum
1269 1449 1467 1504 Africae
1515 1450 1866 1515 intravimus,
1903 1449 2043 1504 adeo

453 1557 721 1611 prospera
744 1539 847 1593 Dei
871 1545 1012 1593 nutu
1041 1538 1322 1608 navigatio
1339 1537 1659 1593 fuit.Libuit
1679 1538 1867 1593 animo
1887 1539 2044 1593 adire

450 1629 996 1701 Carthaginem,loca
1010 1627 1236 1682 visitare
1256 1632 1661 1693 sanctorum,et
1680 1628 1957 1699 praecipue
1974 1629 2044 1682 ad

449 1717 1037 1790 sepulcrumCypriani
1055 1716 1320 1789 martyris
1331 1716 1801 1780 adorare.Quinto
1823 1716 2043 1771 decimo

448 1808 624 1878 igitur
642 1808 733 1861 die
761 1807 832 1860 ad
863 1813 1088 1877 portum
1117 1807 1376 1876 regressi,
1410 1806 1755 1877 profectique
1776 1806 1834 1860 in
1863 1807 2040 1861 altum

447 1896 839 1951 Alexandriam
869 1901 1144 1966 petentes,
1177 1895 1489 1949 reluctante
1537 1897 1763 1961 Austro,
1801 1913 1944 1967 pene
1983 1896 2041 1950 in

447 1985 657 2057 Syrtim
695 1985 837 2038 illati
864 2001 1057 2038 sumus
1091 2002 1101 2037 :
1132 1983 1279 2055 quod
1305 1983 1521 2055 providi
1549 1992 1734 2039 nautze
1763 1990 2040 2052 caventes,

440 2076 612 2145 jactis
631 2074 890 2128 anchoris
904 2073 1093 2128 navim
1117 2072 1470 2128 sistunt.Sub
1491 2074 1664 2128 oculis
1681 2080 1870 2128 autem
1890 2080 2044 2129 terra

2067 1003 2114 1063 A
2138 1007 2351 1057 terram
2369 1001 2563 1058 ferinis
2587 1004 2845 1076 pellibus,
2862 1005 2997 1061 facit
3014 1023 3116 1060 nos
3144 1006 3532 1080 discumbere;
3563 1027 3716 1082 appo-

2133 1090 2218 1144 nit
2229 1091 2530 1161 prandium
2549 1109 2683 1148 sane
2695 1093 3521 1166 locupletissimum,dimidium
3533 1115 3717 1169 panem

2132 1176 2529 1236 hordeaceum.
2563 1182 2799 1238 Eramus
2824 1188 3015 1238 autem
3046 1201 3146 1238 nos
3177 1192 3439 1256 quatuor,
3467 1188 3588 1257 ipse
3610 1197 3717 1243 erat

2133 1267 2381 1336 quintus.
2403 1269 2752 1325 Fasciculum
2787 1273 2973 1327 herbae
3005 1274 3175 1327 etiam
3204 1274 3413 1340 intulit,
3442 1278 3604 1346 cujus
3627 1295 3717 1333 no-

2132 1371 2263 1409 men
2287 1357 2426 1411 mihi
2448 1359 2671 1426 excidit,
2713 1378 2835 1431 quae
2866 1362 3110 1416 menthae
3140 1363 3338 1418 similis
3369 1369 3473 1430 est,
3523 1365 3715 1422 exube-

2132 1461 2374 1516 ransque
2386 1446 2532 1500 foliis
2552 1464 2811 1519 saporem
2830 1450 3016 1504 mellis
3035 1450 3366 1522 praestabat:
3381 1453 3569 1524 Hujus
3588 1473 3713 1526 prae-

2127 1533 2274 1588 dulci
2305 1535 2606 1590 admodum
2639 1539 2912 1592 suavitate
2935 1544 2998 1597 .et
3015 1539 3272 1594 delectati
3302 1558 3517 1608 sumus,
3553 1551 3609 1598 et
3640 1561 3715 1599 sa-

2126 1623 2270 1676 tiati.
2296 1623 2523 1695 Septem
2535 1626 2687 1680 enim
2712 1627 2908 1682 diebus
2929 1629 3079 1699 apud
3093 1629 3247 1683 illum
3264 1630 3720 1689 fuimus.Postera

2127 1710 2301 1781 igitur
2345 1713 2456 1780 die,
2503 1731 2630 1769 cum
2675 1716 2848 1786 aliqui
2891 1733 2956 1771 ex
2989 1717 3184 1771 incolis
3214 1719 3284 1772 ad
3315 1736 3417 1774 nos
3446 1722 3720 1778 conﬂuere

2127 1801 2441 1871 coepissent,
2492 1805 2877 1874 cognoscimus
2933 1807 3094 1860 illum
3147 1807 3424 1879 hospitem
3468 1816 3717 1866 nostrum

2127 1905 2248 1943 esse
2269 1889 2681 1963 presbyterum,
2719 1894 2867 1964 quod
2896 1911 3120 1949 summa
3147 1912 3249 1950 nos
3279 1897 3721 1956 dissimulatione

2125 1977 2220 2032 ille
2248 1980 2763 2036 celaverat.Deinde
2789 1999 2916 2036 cum
2944 1983 3065 2055 ipso
3094 1985 3165 2038 ad
3191 1986 3485 2042 ecclesiam
3507 2006 3718 2060 proces-

2125 2066 2451 2140 simus,qu:.e
2474 2069 2588 2124 fere
2620 2069 2840 2126 duobus
2863 2072 3113 2127 millibus
3134 2090 3169 2127 a
3188 2080 3492 2146 conspectu
3512 2085 3718 2146 nostro,

442 2163 732 2218 continens
754 2168 893 2229 erat,
927 2163 985 2216 in
1016 2179 1186 2234 quam
1211 2161 1432 2234 scaphis
1463 2162 1690 2233 egressi,
1714 2180 1842 2218 cum
1867 2180 2040 2218 vacua
2121 2153 2420 2227 interjectu
2450 2158 2673 2226 montis,
2695 2160 2918 2214 exclusa
2941 2159 3155 2215 aberat.
3173 2162 3512 2218 Eratautem
3523 2165 3718 2221 vilibus

441 2253 631 2307 omnia
655 2251 725 2306 ab
753 2253 1000 2306 humano
1029 2252 1183 2306 cultu
1199 2267 1576 2317 cerneremus,
1603 2269 1705 2322 ego
1727 2251 2034 2307 studiosius

2123 2250 2273 2299 texta
2305 2246 2577 2317 virgultis,
2610 2265 2722 2302 non
2754 2249 2932 2304 multo
2953 2249 3322 2318 ambitiosior,
3347 2269 3518 2323 quam
3547 2256 3718 2310 nostri

439 2341 1381 2413 cxplorandorumlocorumgratia,
1404 2340 1626 2410 longius
1647 2341 2036 2411 processi.Tri-
2054 2314 2102 2378 B
2118 2334 2355 2406 hospitis
2378 2335 2804 2392 tabernaculum
2836 2356 2847 2390 :
2874 2338 2930 2392 in
2958 2356 3067 2410 quo
3095 2341 3184 2394 vix
3205 2341 3352 2411 quis,
3369 2342 3477 2396 nisi
3496 2359 3714 2412 curvus,

437 2430 541 2485 bus
578 2431 693 2485 fere
718 2448 752 2484 a
778 2430 966 2485 littore
1000 2428 1248 2497 millibus
1278 2446 1513 2500 parvum
1555 2429 1848 2500 tugurium
1886 2430 2035 2485 inter
2114 2429 2337 2493 poterat
2363 2425 2688 2484 consistere.
2721 2426 2864 2481 Cum
2898 2427 3191 2483 hominum
3223 2447 3408 2485 mores
3437 2449 3714 2503 quaerere-

433 2536 634 2574 arenas
663 2519 960 2590 conspicio,
989 2520 1149 2589 cujus
1177 2524 1408 2584 tectum,
1443 2518 1600 2588 quasi
1632 2518 1822 2572 carina
1852 2520 2028 2587 navis,
2114 2531 2258 2580 muS,
2279 2515 2417 2569 illud
2445 2517 2773 2586 praeclarum
2804 2517 3327 2585 animadvertimus,
3346 2520 3491 2574 nihil
3514 2538 3611 2576 eos
3629 2539 3714 2578 ne-

436 2615 560 2662 erat
583 2610 908 2679 contiguum
931 2613 1116 2672 terrm,
1151 2607 1288 2661 satis
1319 2607 1496 2660 ﬁrmis
1535 2606 1742 2661 tabulis
1780 2614 2031 2663 constru-
2114 2619 2221 2675 que
2243 2604 2500 2671 vendere,
2523 2622 2703 2676 neque
2733 2622 2938 2660 emere.
2960 2606 3106 2671 Quid
3137 2607 3209 2662 sit
3239 2608 3392 2663 fraus
3405 2616 3581 2682 atque
3601 2612 3714 2666 fur-

431 2699 736 2765 ctum.Non
749 2697 895 2770 quod
915 2696 990 2750 ibi
1013 2696 1277 2750 imbrium
1294 2697 1410 2750 ulla
1428 2697 1508 2751 vis
1533 2696 1801 2751 timeatur
1820 2717 1832 2766 ;
1856 2698 2029 2754 fuisse
2111 2695 2234 2746 tum
2253 2693 2534 2747 neSCiuntI
2562 2710 2765 2748 aurum
2782 2700 2948 2766 atque
2961 2703 3265 2766 argentum
3283 2713 3465 2768 neque
3483 2699 3710 2766 habent,
3765 2731 3771 2734 ·

429 2794 620 2842 autem
649 2787 761 2840 illic
784 2787 1027 2858 pluviam
1059 2802 1161 2839 nec
1186 2785 1486 2856 aliquando
1517 2786 1740 2857 quidem
1772 2787 2028 2843 auditum
2109 2797 2292 2852 neque
2315 2781 2523 2836 habere
2542 2783 2793 2854 cupiunt.
2813 2785 2956 2838 Nam
2985 2801 3110 2839 cum
3140 2802 3242 2856 ego
3272 2781 3608 2859 presbytero
3637 2791 3715 2844 illi

429 2883 550 2945 est;
582 2877 680 2930 sed
710 2875 858 2948 quod
896 2881 1186 2931 ventorum
1220 2881 1379 2930 tanta
1407 2876 1488 2930 vis
1511 2882 1616 2945 est,
1635 2881 1698 2929 ut
1726 2877 1772 2930 si
1803 2878 2026 2948 quando
2108 2869 2300 2924 decem
2324 2887 2523 2926 aureos
2555 2872 2901 2938 obtulissem,
2938 2873 3218 2928 refutavit.
3273 2876 3342 2929 Et
3374 2893 3503 2931 cum
3535 2879 3714 2933 nollet

431 2967 512 3020 vel
530 2965 891 3020 clementiore
901 2964 1037 3019 coelo
1059 2965 1409 3036 aliquantum
1428 2965 1642 3035 spirare
1663 2966 1828 3019 ﬂatus
1847 2983 2023 3037 ccepe-

426 3055 519 3122 rit,
553 3056 735 3124 majus
773 3053 830 3108 in
852 3054 963 3107 illis
993 3054 1176 3120 terris,
1211 3070 1380 3124 quam
1403 3055 1458 3107 in
1477 3055 1591 3107 ullo
1617 3055 1760 3106 mari
1793 3055 2022 3109 naufra-

423 3143 581 3216 gium
604 3147 788 3210 ειη
813 3143 905 3197 sit.
925 3143 1092 3198 Nulla
1104 3142 1178 3196 ibi
1201 3143 1479 3211 germina,
1508 3148 1628 3196 sata
1642 3143 1797 3197 nulla
1825 3161 2021 3214 prove-

422 3233 588 3288 niunt
617 3248 632 3289 :
665 3233 870 3305 quippe
891 3233 950 3286 in
981 3232 1225 3288 instabili
1254 3233 1375 3286 loco
1405 3231 1693 3286 arentibus
1725 3233 1930 3298 arenis,
1949 3234 2019 3288 ad

422 3337 646 3377 omnem
669 3339 890 3377 morum
915 3328 1207 3377 ventorum
1223 3321 1568 3377 cedentibus.
1585 3322 1794 3376 Verum
1807 3321 1900 3376 ubi
1917 3323 2019 3377 ad-

419 3429 581 3468 versa
601 3412 856 3484 quaedam
884 3429 918 3466 a
945 3413 1088 3466 mari
1109 3412 1492 3483 promontoria
1517 3411 1696 3466 ventis
1726 3411 2012 3479 resistunt,

422 3506 575 3556 terra
590 3501 1002 3572 aliquantulum
1024 3501 1254 3554 solidior
1269 3500 1500 3554 herbam
1529 3517 1718 3553 raram
1745 3505 1915 3571 atque
1933 3501 2015 3555 hi-

2108 2976 2202 3013 eos
2233 2959 2503 3032 accipere,
2531 2960 2944 3032 aliquantulum
2968 2963 3428 3020 vestimentorum
3447 2967 3498 3020 ei
3530 2967 3716 3022 indul-

2104 3047 2300 3102 simus.
2327 3049 2486 3113 Quod
2517 3066 2640 3104 cum
2673 3050 2767 3104 ille
2791 3050 3027 3121 benigne
3049 3053 3375 3124 accepisset,
3404 3059 3715 3111 revocanti-

2103 3136 2209 3191 bus
2239 3154 2340 3192 nos
2369 3138 2440 3191 ad
2462 3154 2616 3193 mare
2645 3139 2850 3206 nautis,
2876 3141 3234 3196 discessimus
3265 3143 3334 3197 ab
3357 3161 3443 3198 eo.

2747 3229 2981 3284 CAPUT
3008 3230 3082 3287 ΙΙ.

2316 3317 2388 3370 De
2415 3317 2576 3370 dictis
2609 3317 2878 3386 Origenis,
2901 3321 3046 3387 quod
3075 3320 3330 3375 heretica
3359 3325 3495 3378 sint.

2118 3461 2121 3464 ,
2172 3403 2445 3478 Prospero
2466 3405 2640 3476 igitur
2671 3423 2842 3461 cursu
2871 3407 3120 3477 (Severus
3159 3410 3339 3480 δαίμ,
3372 3413 3617 3481 dialogo.
3657 3415 3705 3482 l,

2098 3509 2142 3547 c.
2205 3492 2276 3558 3),
2327 3495 2566 3565 septimo
2614 3496 2705 3550 die
2748 3495 3146 3552 Alexandriam
3178 3501 3562 3569 pervenimus,
3602 3502 3701 3558 ubi

419 3590 638 3662 spidam
669 3590 869 3661 gignit,
894 3606 960 3643 ea
984 3588 1177 3643 ovibus
1201 3593 1287 3642 est
1315 3588 1582 3659 pabulum
1605 3589 1741 3643 satis
1763 3590 2016 3647 utile.In-
2095 3581 2242 3636 ﬁndit
2276 3582 2425 3636 inter
2452 3585 2740 3656 episcopos
2760 3591 2929 3656 atque
2950 3587 3252 3641 monachos
3273 3591 3591 3645 certamina
3614 3610 3710 3663 ge-

418 3679 552 3734 colae
573 3679 675 3733 loci
700 3679 852 3732 illius
875 3677 1017 3732 lacte
1037 3677 1246 3731 vivunt.
1281 3676 1389 3740 Qui
1418 3677 1736 3730 solertiores
1758 3684 1905 3744 sunt,
1934 3679 2016 3732 vel
2035 3669 2080 3730 C
2101 3669 2386 3736 rebantur.
2416 3690 2480 3726 ex
2493 3690 2558 3727 ea
2579 3675 2865 3728 occasione
2897 3675 2981 3728 vel
3003 3677 3344 3748 causa,quod
3360 3683 3698 3752 congregati

425 3769 507 3830 (ut
533 3767 612 3819 ita
640 3767 893 3837 dixerim)
925 3763 1497 3830 ditiores,hordeaceo
1519 3781 1661 3835 pane
1684 3767 2016 3822 utuntur.Et
2097 3760 2154 3814 in
2186 3777 2360 3815 unum
2392 3763 2594 3832 εωρὶιιε
2624 3762 3363 3836 sacerdoteS.frequentibus
3385 3767 3708 3827 decrevisse

418 3853 498 3909 ibi
520 3854 638 3908 sola
665 3855 864 3908 messis
893 3859 1130 3924 est,qu2e
1148 3853 1435 3906 celeritate
1457 3858 1775 3924 proventus,
1792 3870 1892 3925 per
1911 3871 2011 3910 na-
2095 3851 2324 3921 synodis
2355 3851 2703 3917 videbantur,
2721 3869 2791 3906 ne
2810 3853 2935 3923 quis
2957 3853 3213 3925 Origenis
3249 3857 3320 3925 (4)
3346 3856 3519 3912 libros
3555 3860 3710 3932 lege-

417 3950 606 4000 turam
637 3943 770 3999 solis
789 3934 909 3998 sive
920 3943 1086 4010 aeris,
1109 3947 1403 3997 ventorum
1418 3958 1579 3997 casus
1594 3942 1827 3998 evadere
1847 3945 2007 4000 solet.
2093 3952 2181 3994 ret
2209 3945 2308 3995 aut
2337 3939 2590 4008 haberet,
2628 3941 2724 4012 qui
2739 3947 3013 3997 tractator
3031 3949 3352 3999 sanctarum
3379 3947 3710 4020 Scriptura-

418 4035 634 4107 Quippe
661 4033 839 4089 fertur
861 4032 1001 4088 adie
1015 4032 1153 4103 jacti
1184 4031 1433 4097 seminis,
1453 4031 1743 4103 trigesimo
1765 4032 1856 4087 die
1887 4049 2011 4087 ma-
2092 4044 2221 4084 rum
2256 4029 2630 4101 peritissimus
2669 4029 3002 4102 habebatur,
3036 4033 3136 4088 sed
3161 4033 3404 4107 episcopi
3437 4039 3710 4109 quaedam

413 4131 716 4182 turescere.
738 4123 1054 4179 Consistere
1071 4127 1258 4176 autem
1278 4120 1354 4175 ibi
1373 4121 1628 4176 homines
1649 4139 1761 4177 non
1783 4123 1893 4176 alia
1917 4139 2007 4177 ra-
2089 4117 2150 4172 in
2195 4117 2354 4173 libris
2403 4118 2554 4174 illius
2592 4118 2844 4174 insanius
2874 4120 3081 4192 scripta
3111 4123 3522 4179 memorabant.
3563 4127 3704 4191 Quae

413 4215 492 4271 tio
521 4214 670 4281 facit,
697 4229 866 4284 quam
891 4211 1039 4283 quod
1063 4227 1258 4266 omnes
1284 4209 1496 4264 tributo
1525 4210 1688 4264 liberi
1717 4216 1869 4265 sunt.
1905 4211 2006 4265 Ex-
2088 4212 2397 4261 assertores
2424 4208 2682 4278 Origenis
2711 4224 2824 4262 non
2851 4210 2974 4263 ausi
2997 4209 3391 4278 defendere,ab
3411 4213 3708 4271 haereticis

411 4301 882 4375 tremasiquidem
906 4301 1256 4371 Cyrenorum
1269 4315 1369 4354 ora
1395 4299 1711 4353 estdeserto
1728 4298 1808 4353 illi
1831 4299 2005 4353 conti-
2087 4295 2272 4366 potius
2313 4295 2700 4351 fraudulenter
2735 4297 2951 4352 inserta
2985 4298 3274 4369 dicebant;
3317 4307 3376 4355 et
3418 4302 3551 4357 ideo
3584 4321 3705 4360 non

406 4407 539 4465 gua,
573 4391 722 4463 quod
749 4390 1212 4462 interEgyptum
1226 4393 1283 4442 et
1304 4387 1549 4442 Africam
1570 4388 1881 4458 interjacet;
1904 4404 2005 4459 per
2085 4391 2314 4456 propter
2334 4385 2432 4440 illa
2445 4402 2567 4456 quze
2594 4386 2652 4440 in
2681 4387 3174 4458 reprehensionem
3203 4391 3408 4445 merito
3425 4409 3702 4448 vocaren-

412 4480 560 4554 quod
595 4479 727 4534 olim
757 4480 894 4534 Cato
916 4479 1193 4533 Caesarem
1222 4477 1442 4547 fugiens
1477 4478 1636 4533 duxit
1670 4477 1995 4533 exercitum.
2083 4479 2180 4527 tur
2197 4474 2365 4528 etiam
2379 4475 2594 4546 reliqua
2609 4492 2730 4530 esse
2745 4476 3066 4531 damnanda
3076 4494 3204 4532 cum
3223 4477 3536 4550 legentium
3551 4483 3699 4538 fides

481 4571 626 4641 Ergo
646 4573 711 4624 ut
725 4568 795 4623 ad
820 4567 1440 4639 tuguriumillud,quod
1458 4567 1678 4622 eminus
1695 4584 1997 4639 conspexe-
2081 4562 2241 4617 facile
2270 4569 2459 4634 posset
2488 4565 2693 4619 habere
2719 4565 3039 4632 discrimen,
3055 4583 3126 4621 ne
3146 4567 3286 4621 falsa
3316 4578 3683 4639 sequeretur,

407 4672 550 4728 ram,
574 4657 853 4731 pertendi,
884 4657 1104 4712 invenio
1135 4655 1211 4709 ibi
1238 4671 1428 4709 senem
1475 4656 1533 4708 in
1565 4663 1714 4710 veste
1741 4657 1993 4728 pellicea,
2081 4656 2138 4707 et
2151 4657 2342 4706 tamen
2369 4653 2639 4708 catholice
2670 4653 2953 4726 disputata
2984 4655 3271 4710 retineret.
3296 4657 3426 4711 Non
3448 4675 3580 4714 esse
3600 4677 3700 4715 ευ·

406 4749 614 4804 molam
645 4764 816 4802 manu
845 4750 1174 4801 vertentem.
1208 4745 1620 4810 Consalutatus,
1655 4746 1867 4817 accepit
1894 4763 1996 4800 nos
2078 4745 2194 4796 tem
2209 4741 2436 4808 mirum,
2458 4742 2505 4796 si
2531 4741 2758 4796 inlibris
2780 4743 3079 4797 neotericis
3098 4750 3155 4798 et
3176 4751 3435 4801 recenter
3450 4749 3688 4821 scriptis

406 4832 1053 4907 benignissime.Ejectos
1070 4851 1170 4889 nos
1199 4834 1258 4888 in
1283 4834 1420 4888 illud
1450 4833 1611 4888 littus
1640 4834 1989 4905 exponimus;
2076 4830 2229 4884 fraus
2275 4831 2534 4886 haeretica
2571 4831 2768 4886 fuisset
2799 4837 3048 4903 Operata,
3084 4850 3208 4904 quae
3248 4835 3307 4888 in
3338 4835 3696 4906 quibusdam

405 4929 463 4979 et
488 4940 558 4980 ne
579 4926 766 4980 statim
785 4930 1042 4996 repetere
1069 4940 1294 4979 cursum
1312 4923 1800 4995 possemus,maris
1816 4923 1994 4978 molli—
2075 4920 2209 4974 locis
2239 4937 2350 4974 non
2365 4920 2645 4975 timuisset
2663 4921 2933 4992 impetere
2949 4922 3339 4992 Evangelicam
3359 4926 3696 4982 veritatem.

403 5013 483 5068 tie
507 5014 764 5068 detineri.
788 5015 1054 5084 Egressos
1082 5015 1142 5068 in
1161 5019 1392 5080 terram,
1417 5018 1480 5067 ut
1500 5018 1585 5067 est
1614 5029 1735 5067 mos
1757 5013 1991 5068 humani
2019 5009 2383 5087 DAdversum
2415 5010 2520 5064 hoc
2564 5010 2808 5082 episc0pi
2837 5009 3173 5066 obstinatius
3205 5013 3550 5082 renitentes,
3591 5034 3700 5088 pro

401 5103 632 5174 ingenii,
667 5109 928 5157 naturam
956 5105 1228 5169 locorum,
1259 5101 1584 5174 cultumque
1611 5101 1990 5157 habitantium
2072 5104 2347 5170 potestate
2376 5098 2649 5170 cogebant
2665 5105 2820 5154 recta
2847 5099 3018 5154 etiam
3043 5101 3306 5155 universa
3328 5117 3459 5157 cum
3478 5107 3697 5175 pravis,

403 5192 641 5248 voluisse
670 5209 1002 5263 cognoscere
1027 5211 1040 5260 ;
1074 5192 1420 5248 Christianos
1452 5209 1554 5246 nos
1583 5209 1722 5254 esse,
1755 5192 1810 5245 id
1846 5209 1989 5264 prze-
2073 5193 2130 5242 et
2155 5206 2282 5243 cum
2312 5190 2434 5260 ipso
2456 5195 2682 5244 auctore
2710 5189 3000 5254 damnare,
3045 5189 3178 5260 quia
3207 5190 3349 5244 satis
3391 5208 3575 5264 super
3605 5194 3700 5249 his

397 5283 560 5356 cipue
578 5297 847 5354 quaerere,
868 5297 939 5336 an
961 5287 1146 5336 essent
1165 5281 1335 5352 aliqui
1350 5282 1496 5335 inter
1516 5282 1639 5334 illas
1661 5282 1989 5336 solitudines
2071 5278 2550 5346 sufficerentlibri,
2570 5295 2708 5350 quos
2732 5279 2803 5333 ad
2836 5296 2895 5333 se
2919 5280 3041 5350 jam
3063 5279 3370 5350 recepisset
3406 5281 3692 5350 Ecclesia;

398 5371 725 5430 Christiani.
739 5371 893 5425 Tunc
910 5387 1040 5424 vero
1057 5371 1150 5424 ille
1172 5371 1310 5425 ﬂens
1331 5388 1443 5442 pra:
1461 5370 1686 5441 gaudio,
1714 5371 1781 5423 ad
1802 5387 1989 5440 genua
2070 5368 2553 5439 respuendamque
2575 5385 2694 5422 esse
2723 5368 2948 5439 penitus
2977 5368 3277 5426 lectionem
3308 5385 3436 5440 quae
3451 5371 3586 5442 plus
3604 5387 3697 5424 es-

398 5471 591 5522 nostra
634 5459 998 5536 provolvitur,
1031 5459 1348 5530 iterumque
1390 5476 1454 5514 ac
1487 5460 1688 5530 saepius
1730 5477 1832 5514 nos
1859 5461 1987 5515 deo-
2068 5462 2155 5511 set
2172 5455 2428 5512 nocitura
2461 5457 2856 5530 insipientibus
2871 5475 3041 5528 quam
3070 5457 3370 5529 profutura
3398 5459 3690 5532 sapienti-

393 5557 638 5625 sculans,
666 5554 868 5610 invitat
906 5551 976 5607 ad
1006 5549 1335 5607 orationem.
1387 5549 1599 5604 Deinde
1630 5550 1895 5622 expositis
1925 5553 1985 5606 in
2066 5547 2189 5602 bus.
2218 5546 2356 5601 Mihi
2398 5552 2588 5603 autem
2617 5564 2682 5602 ex
2730 5547 2841 5602 illis
2894 5547 3054 5602 libris
3081 5547 3341 5619 quaedam
3394 5547 3684 5604 curiosius
