3892 6182
287 259 402 320 817

1065 263 1444 321 EXCERPTA
1481 267 1576 322 EX
1612 262 1890 324 SEVERO
1930 257 2260 316 SULPICIO
2299 258 2387 314 ET
2424 258 2800 316 CASSIANO.

3459 259 3566 321 818

283 389 604 462 indaganti,
631 393 936 448 admodum
966 393 1144 449 multa
1171 394 1504 465 placuerunt
1529 410 1538 445 :
1567 391 1664 447 sed
1694 385 2107 462 aliquaAmihi
2132 385 2353 441 videtur
2376 386 2434 440 in
2467 386 2745 457 aliquibus
2775 389 3058 459 opusculis
3090 388 3225 444 vitia
3248 389 3554 445 multorum

278 481 646 552 reprehendi,
679 482 738 537 in
768 483 971 554 quibus
995 482 1153 538 illum
1173 498 1344 555 prava
1376 481 1617 536 sensisse
1641 498 1756 536 non
1785 481 1886 534 du-

282 568 446 624 bium
473 576 578 637 est,
614 588 736 642 quae
763 572 1084 628 defensores
1118 575 1239 643 ejus
1266 572 1468 626 falsata
1514 571 1876 626 contendunt.

280 658 406 728 Ego
435 660 612 716 miror
629 678 808 717 unum
835 662 1206 733 eumdemque
1234 661 1522 716 hominem
1550 666 1667 716 tam
1699 659 1882 715 diver-

280 764 412 802 sum
438 766 470 803 a
498 766 559 804 se
579 767 699 805 esse
729 751 977 821 potuisse
1009 756 1071 805 ut
1100 750 1158 807 in
1187 767 1253 804 ea
1283 755 1444 821 parte
1474 766 1586 821 qua
1613 748 1883 821 probatur

281 838 573 892 neminem
595 846 721 910 post
737 840 1020 911 apostolos
1039 839 1246 894 habeat
1263 839 1533 910 aequalem
1558 858 1571 907 ;
1594 839 1653 893 in
1668 855 1734 893 ea
1750 854 1879 893 vero

281 941 398 996 qua
420 928 551 996 jure
580 929 1028 999 reprehenditur,
1065 945 1230 984 nemo
1269 927 1575 983 deformius
1613 929 1882 982 doceatur

278 1030 522 1070 errasse.
555 1017 698 1071 Nam
731 1034 857 1072 cum
885 1017 955 1072 ab
985 1018 1259 1090 episcopis
1302 1023 1568 1089 excerpta
1616 1033 1683 1072 ex
1722 1017 1879 1073 libris

278 1104 434 1159 illius
450 1107 630 1160 multa
653 1107 992 1176 legerentur,
1017 1125 1138 1179 quae
1159 1112 1354 1161 contra
1369 1106 1698 1161 catholicam
1713 1108 1881 1163 ﬁdem

278 1193 496 1265 scripta
519 1200 859 1260 constarent,
891 1197 1044 1250 locus
1073 1197 1166 1250 ille
1201 1197 1285 1251 vel
1315 1195 1616 1252 maximam
1646 1195 1881 1266 parabat

279 1281 576 1348 invidiam,
611 1284 670 1338 in
699 1301 808 1356 quo
839 1284 1054 1340 editum
1074 1285 1364 1356 legebatur
1391 1303 1401 1338 :
1433 1285 1579 1349 Quia
1605 1285 1880 1339 Dominus

277 1376 477 1425 noster
489 1373 518 1426 J
523 1388 651 1426 esus
672 1373 928 1428 Christus
948 1374 1092 1428 sicut
1110 1390 1213 1445 pro
1231 1374 1615 1445 redemptione
1635 1373 1878 1429 hominis

275 1459 338 1514 in
361 1476 592 1516 carnem
613 1462 874 1530 venisset,
904 1477 1126 1517 crucem
1150 1480 1250 1535 pro
1281 1463 1526 1517 hominis
1547 1463 1728 1518 salute
1753 1480 1878 1534 per-

269 1565 493 1620 pessus,
529 1558 772 1605 mortem
801 1568 902 1622 pro
928 1552 1173 1606 hominis
1203 1552 1515 1607 aeternitate
1550 1557 1872 1624 gustasset;

1969 476 2163 547 (II-ian,
2195 479 2346 544 epist.
2370 474 2439 532 2‘2
2469 478 2544 529 ad
2564 476 3014 543 Eustochium,de
3041 481 3246 533 custod.
3285 480 3553 548 Virgin.);

1965 565 2078 619 imo
2113 565 2261 636 quod
2297 564 2438 618 nihil
2467 565 2689 635 penitus
2719 566 2924 632 omisit,
2963 569 3110 639 quod
3139 584 3252 623 non
3277 573 3550 642 carperet,

1963 654 2252 722 laceraret,
2268 659 2595 725 exponeret;
2620 655 2896 726 praecipue
2914 657 3225 723 avaritiam,
3251 674 3352 718 nec
3369 657 3552 712 minus

1963 745 2267 799 vanitatem
2303 744 2607 798 insectatus
2643 749 2748 798 est.
2807 746 2978 800 Multa
3017 747 3086 800 de
3119 747 3416 818 superbia,.
3443 763 3557 802 non

1959 848 2138 905 pauca
2148 834 2218 887 de
2236 834 2632 904 superstitione
2653 834 3221 890 disseruit.Czeterum
3237 837 3306 891 de
3321 837 3557 891 familia-

1957 921 2220 977 ritatibus
2245 923 2522 993 virginum
2544 929 2600 976 et
2618 924 3042 993 monachorum,
3056 931 3225 996 atque
3245 925 3414 980 etiam
3447 927 3557 980 cle-

1958 1010 2221 1071 ricorum.
2245 1028 2416 1083 quam
2439 1028 2587 1078 vera,
2613 1029 2781 1083 quam
2801 1013 2966 1067 fortia
2985 1013 3328 1085 disputavit?
3348 1015 3498 1070 unde
3519 1032 3552 1069 a

1963 1099 2296 1170 quibusdam
2309 1101 2514 1155 dicitur
2527 1117 2638 1155 non
2658 1101 2856 1157 amari.
2877 1101 3131 1157 Oderunt
3147 1118 3275 1157 eum
3286 1104 3553 1172 haeretici,

1963 1189 2097 1260 quia
2114 1205 2208 1244 eos
2237 1191 2571 1261 impugnare
2593 1206 2704 1245 non
2743 1191 2969 1245 desinit.
3009 1191 3265 1246 Oderunt
3293 1208 3420 1247 eum
3450 1194 3557 1247 cle-

1960 1276 2082 1343 rici,
2111 1277 2256 1348 ‘quia
2293 1277 2431 1332 vitia
2465 1295 2661 1332 eorum
2709 1277 3018 1333 insectatur
3065 1284 3124 1333 et
3162 1279 3416 1334 crimina.
3450 1281 3558 1335 Sed

1959 1366 2125 1437 plane
2145 1383 2272 1420 eum
2286 1366 2416 1420 boni
2429 1367 2682 1421 homines
2698 1367 3051 1422 admirantur
3063 1373 3122 1422 et
3137 1368 3396 1440 diligunt.
3413 1370 3559 1423 Nam

1960 1455 2056 1526 qui
2077 1472 2206 1509 eum
2221 1456 2543 1511 haereticum
2559 1473 2680 1510 esse
2701 1456 3067 1525 arbitrantur,
3087 1458 3395 1514 insaniunt.
3416 1458 3560 1513 Vere

1959 1544 2213 1610 dixerim,
2246 1545 2518 1599 catholica
2551 1545 2793 1600 hominis
2824 1547 3079 1613 scientia,
3137 1563 3276 1601 sana
3306 1547 3562 1602 doctrina

268 1637 352 1692 ita
367 1646 517 1693 esset
547 1640 742 1694 eodem
772 1641 966 1694 ordine
988 1641 1262 1712 passionis
1283 1641 1455 1696 etiam
1482 1641 1768 1696 diabolum
1791 1658 1940 1728 re-B
1955 1637 2046 1728 ist
2077 1651 2088 1686 ε
2121 1639 2273 1728 _t_0tus
2314 1651 2536 1705 semper
2568 1635 2627 1689 in
2662 1635 2921 1728 lectione,
2957 1642 3116 1728 totus
3149 1635 3402 1728 inlibris
3449 1643 3553 1691 est.

266 1726 624 1798 dempturus,
664 1729 797 1800 quia
825 1729 929 1783 hoc
949 1729 1186 1784 bonitati
1208 1730 1357 1784 illius
1386 1730 1693 1802 pietatique
1731 1747 1859 1786 con-

264 1824 503 1885 grueret
520 1823 728 1884 533,
751 1823 814 1872 ut
839 1819 934 1890 qui
956 1819 1238 1890 perditum
1261 1819 1549 1875 hominem
1577 1820 1871 1875 reformas-

263 1911 370 1972 set,
395 1907 724 1978 prolapsum
744 1925 965 1980 quoque
992 1910 1255 1980 angelum
1282 1909 1563 1965 liberaret.
1588 1911 1730 1965 Cum
1748 1911 1867 1966 haec

264 2000 442 2066 atque
479 1997 593 2050 alia
623 1997 949 2068 hujusmodi
978 1998 1048 2054 ab
1077 1999 1349 2070 episcopis
1379 2001 1767 2071 proderentur,
1800 2017 1866 2057 ex

264 2084 472 2139 studiis
508 2086 757 2158 partium
787 2093 912 2142 orta
950 2092 1039 2142 est
1065 2105 1270 2159 magna
1316 2089 1537 2144 seditio.
1572 2090 1705 2154 Qua:
1738 2106 1868 2144 cum

263 2173 503 2245 reprimi
540 2175 894 2230 sacerdotum
933 2178 1267 2233 auctoritate
1318 2195 1431 2233 non
1468 2184 1675 2249 posset,
1723 2195 1865 2234 saevo

264 2263 524 2334 exemplo
540 2264 612 2318 ad
621 2265 926 2335 regendam
944 2267 1199 2322 Ecclesiae
1210 2267 1562 2339 disciplinam
1575 2267 1866 2340 praefectus

263 2352 583 2406 assumitur
615 2372 627 2407 :
671 2355 829 2424 cujus
871 2359 1086 2410 terrore
1125 2357 1364 2428 dispersi
1401 2357 1622 2425 fratres,
1672 2374 1736 2412 ac
1767 2375 1867 2429 per

262 2440 523 2496 diversas
544 2459 671 2497 oras
699 2445 956 2501 monachi
989 2451 1122 2501 sunt
1144 2446 1339 2517 fugati,
1362 2447 1442 2501 ita
1461 2452 1542 2514 ut,
1567 2448 1867 2520 propositis

263 2529 486 2596 edictis,
519 2531 579 2585 in
615 2532 771 2586 nulla
790 2538 1045 2588 constare
1073 2534 1205 2589 sede
1233 2535 1571 2590 sinerentur.
1604 2536 1749 2591 Illud
1772 2553 1867 2590 au-

263 2625 384 2673 tem
413 2635 506 2674 me
545 2620 851 2675 admodum
893 2623 1270 2694 permovebat,
1305 2625 1454 2696 quod
1489 2625 1866 2697 Hieronymus

261 2707 352 2761 vir
373 2709 616 2764 maxime
645 2711 968 2779 catholicus,
1003 2717 1060 2766 et
1087 2729 1257 2767 sacrae
1287 2714 1426 2784 legis
1464 2714 1860 2785 peritissimus,

262 2797 572 2868 Origenem
600 2804 825 2854 secutus
847 2801 1029 2872 primo
1055 2806 1308 2873 tempore
1329 2801 1664 2874 putabatur:
1697 2820 1864 2876 quem

259 2901 416 2942 nunc
434 2886 586 2941 idem
607 2888 724 2960 ipse
745 2888 1115 2962 Hieronymus
1131 2892 1408 2963 praecipue
1429 2897 1488 2946 et
1505 2893 1695 2947 omnia
1712 2893 1864 2949 illius

255 2975 474 3047 scripta
494 2977 812 3032 damnaret.
839 2980 954 3035 Nec
977 2996 1105 3035 vero
1130 2997 1299 3036 ausus
1327 2997 1454 3036 sum
1481 2982 1550 3036 de
1581 2998 1865 3054 quoquam

1954 1722 2081 1777 Non
2105 1723 2214 1791 die,
2248 1740 2361 1778 non
2389 1729 2552 1778 nocte
2584 1724 2851 1796 quiescit;
2888 1731 2986 1780 aut
3013 1725 3149 1796 legit
3174 1725 3385 1797 aliquid
3411 1743 3554 1780 sem-

1951 1829 2070 1885 per,
2087 1817 2185 1867 aut
2205 1812 2592 1877 scribit.Quod
2620 1813 2729 1868 nisi
2749 1813 2888 1869 mihi
2913 1813 3114 1869 fuisset
3137 1815 3308 1869 ﬁxum
3335 1815 3544 1882 animo,

1951 1907 2008 1956 et
2033 1901 2392 1973 promissum,
2425 1903 2539 1956 Deo
2560 1906 2720 1967 teste,
2737 1908 2869 1957 ante
2894 1903 3262 1975 prOpositum,
3299 1920 3552 1959 eremum

1948 1993 2122 2058 adire,
2162 1993 2248 2047 vel
2277 1993 2540 2062 exiguum
2575 1993 2843 2063 temporis
2875 1999 3147 2065 punctum
3181 2011 3215 2049 a
3244 1999 3404 2049 tanto
3435 1995 3554 2050 viro

1951 2081 2238 2136 discedere
2259 2082 2583 2136 noluissem.
2613 2082 2758 2136 Huic
2787 2099 2920 2153 ergo
2949 2083 3174 2138 traditis
3201 2089 3372 2157 atque
3403 2101 3550 2139 com-

1949 2171 2135 2227 missis
2170 2171 2426 2226 omnibus
2468 2171 2629 2238 meis,
2673 2171 2939 2244 omnique
2985 2173 3216 2239 familia,
3250 2191 3418 2246 quem
3458 2191 3547 2229 me

1949 2265 2145 2316 contra
2168 2261 2512 2315 voluntatem
2543 2259 2717 2315 animi
2748 2261 2860 2316 mei
2890 2267 3082 2316 secuta
3104 2261 3334 2317 tenebat
3361 2263 3550 2334 impli-

1948 2351 2143 2417 citum,
2163 2354 2495 2405 exoneratus
2525 2350 2937 2421 quodammodo
2964 2352 3122 2422 gravi
3149 2352 3295 2406 fasce
3327 2353 3550 2424 penitus

1951 2456 2014 2495 ac
2034 2439 2195 2507 liber,
2227 2457 2487 2511 egressus
2511 2457 2636 2495 sum
2665 2441 2734 2495 ad
2762 2441 3180 2496 Alexandriam.
3201 2443 3454 2498 Visitatis
3472 2443 3549 2498 ibi

1947 2529 2233 2598 fratribus,
2265 2529 2335 2583 ad
2352 2529 2698 2601 superiorem
2729 2529 2859 2584 inde
2885 2530 3246 2598 Thebaidam,
3277 2531 3334 2586 id
3357 2537 3442 2586 est
3475 2532 3547 2587 ad

1947 2617 2173 2690 Egypti
2198 2623 2450 2673 extrema
2479 2619 2763 2673 contendi.
2806 2618 2890 2674 Ibi
2931 2620 3079 2674 enim
3108 2625 3277 2675 vasta:
3307 2621 3553 2692 patentis

1947 2708 2121 2762 eremi
2149 2708 2468 2765 solitudinis
2495 2708 2802 2780 plurimum
2836 2709 3162 2764 ferebantur
3186 2709 3393 2766 habere
3432 2727 3548 2765 mo-

1946 2803 2273 2857 nachorum.
2306 2803 2563 2874 Longum
2603 2807 2707 2869 est,
2760 2803 2807 2857 si
2849 2805 3040 2858 omnia
3076 2803 3302 2876 cupiam
3340 2806 3548 2860 referre

1901 2888 1904 2890 ’
1948 2908 2070 2963 quae
2098 2891 2250 2946 vidi:
2286 2907 2466 2963 pauca
2497 2908 2743 2963 namque
2791 2894 3188 2965 perstringam.

2564 2981 2799 3036 CAPUT
2825 2981 2919 3038 IV.

375 3031 394 3047 Δ
611 3031 658 3032 ”
705 3031 710 3032 ’
746 3031 788 3032 "
839 3031 949 3035 ""
990 3031 1096 3035 ""
1131 3031 1296 3036 """“
1327 3031 1454 3036 “‘"'
1486 3031 1547 3036 "'
1587 3031 1865 3054 ι””ι’“”-“-
2574 3031 2789 3036 ν“““““
2825 3031 2919 3038 “”

256 3070 479 3120 temere
504 3067 757 3136 judicare
785 3087 796 3121 :
830 3070 1278 3140 praestantissimi
1306 3075 1497 3125 tamen
1526 3071 1632 3125 viri
1660 3071 1861 3126 doctis-
1881 3031 1926 3093 Ο
1943 3071 2094 3138 Quod
2117 3071 2331 3125 abbatcs
2357 3071 2634 3139 fratribus
2654 3073 2768 3125 suis
2789 3087 2980 3125 eorum
3014 3073 3240 3126 licentia
3269 3075 3334 3128 in
3365 3090 3544 3129 eremo

254 3153 508 3225 simique
536 3155 860 3212 ferebantur
883 3158 941 3212 in
968 3159 1074 3213 hoc
1101 3159 1405 3214 certamine
1429 3159 1718 3215 dissidere.
1751 3161 1861 3216 Sed

254 3249 456 3298 tamen
488 3244 601 3299 sive
641 3245 777 3300 illud
807 3263 966 3303 error
995 3252 1099 3315 est,
1133 3253 1197 3303 ut
1226 3266 1328 3320 ego
1357 3249 1567 3315 sentio;
1599 3249 1714 3303 sive
1743 3250 1858 3305 haz-

255 3334 422 3400 resis,
442 3339 508 3388 ut
518 3340 765 3406 putatur,
791 3353 902 3391 non
923 3338 1105 3392 solum
1128 3339 1356 3409 reprimi
1378 3355 1490 3393 non
1514 3338 1698 3410 potuit
1717 3339 1859 3393 mul-

252 3423 332 3477 tis
358 3423 934 3480 animadversionibus
962 3427 1334 3493 sacerdotum,
1364 3428 1463 3482 sed
1499 3443 1858 3500 nequaquam

251 3516 376 3566 tam
395 3513 511 3567 late
528 3530 589 3567 se
608 3515 881 3584 potuisset
903 3517 1208 3583 eﬁ'undere,
1232 3517 1340 3571 nisi
1363 3517 1720 3572 contentione
1741 3535 1855 3572 cre-

249 3601 776 3658 visset.Istiusmodi
793 3621 928 3675 ergo
941 3605 1316 3660 turbationem
1332 3623 1459 3661 cum
1470 3607 1592 3661 veni
1597 3607 1854 3677 ,Alexan-

249 3690 379 3746 dria
408 3692 734 3747 ﬁuctuabat.
759 3693 847 3748 Me
869 3695 1095 3765 quidem
1129 3696 1422 3766 episcopus
1443 3696 1594 3750 illius
1613 3696 1854 3751 civitatis

247 3779 497 3851 benigne
525 3781 846 3849 admodum,
874 3789 930 3837 et
959 3784 1159 3838 melius
1199 3801 1367 3855 quam
1397 3785 1668 3856 opinabar
1698 3803 1852 3841 exce-

245 3869 356 3941 pit,
379 3887 684 3942 secumque
713 3877 905 3926 tenere
933 3873 1205 3928 tentabat.
1233 3875 1342 3929 Sed
1361 3891 1474 3930 non
1492 3875 1600 3930 fuit
1627 3875 1848 3930 animus

243 3957 329 4014 ibi
355 3959 679 4028 consistere,
708 3959 804 4016 ubi
842 3977 1037 4017 recens
1077 3963 1337 4018 fraterne
1384 3964 1558 4019 cladis
1602 3964 1848 4020 fervebat

243 4047 486 4104 invidia.

858 4138 1102 4196 CAPUT
1139 4141 1240 4197 III.

357 4229 431 4281 De
468 4229 875 4282 conversatione
907 4231 1236 4299 Hieronymi
1261 4233 1739 4300 Jerosolymﬂani.

315 4315 503 4386 Igitur
524 4316 654 4371 inde
674 4333 931 4387 egressus
955 4318 1150 4387 (Sevcr.
1173 4319 1355 4390 Sulp.,
1371 4322 1596 4388 Dialogo
1623 4319 1670 4388 1,
1695 4337 1739 4375 c.
1771 4322 1843 4389 4),

239 4404 536 4460 Bethleem
565 4406 832 4477 oppidum
871 4407 1027 4478 petii,
1063 4409 1212 4479 quod
1256 4409 1325 4463 ab
1358 4410 1722 4482 Jerosolymis
1752 4396 1913 4465 sexD

237 4493 494 4549 millibus
511 4495 906 4566 separabatur:
933 4496 1002 4550 ab
1032 4498 1372 4553 Alexandria
1393 4505 1584 4554 autem
1605 4500 1847 4554 sedecim

238 4583 632 4638 mansionibus
662 4585 819 4639 abest
847 4586 1079 4640 ecclesia
1108 4587 1215 4641 loci
1253 4587 1423 4656 illius,
1457 4605 1626 4659 quam
1657 4589 1847 4644 Hiero-

234 4689 450 4744 nymus
464 4672 758 4745 presbyter
767 4674 1015 4746 regebat.
1032 4676 1178 4729 Nam
1193 4676 1460 4747 parochia
1475 4682 1561 4732 est
1576 4678 1837 4750 episcopi,

233 4761 338 4834 qui
370 4762 775 4834 Jerosolymam
812 4769 986 4820 tenet.
1029 4765 1166 4820 Mihi
1200 4766 1541 4837 jampridem
1572 4767 1844 4840 Hierony-

229 4867 386 4917 mus,
410 4852 697 4923 superiore
732 4852 829 4907 illa
857 4869 982 4907 mea
1011 4854 1464 4925 peregrinatione
1497 4863 1838 4928 compertus,

229 4939 398 4994 facile
427 4940 750 4994 obtinuerat
778 4947 840 4995 ut
860 4942 1078 4996 nullum
1099 4948 1304 5014 praeter
1330 4944 1489 5000 illum
1521 4946 1658 5000 mihi
1681 4963 1842 5018 expe-

232 5029 471 5084 tendum
492 5030 700 5084 rectius
720 5029 1044 5087 arbitrarer.
1062 5031 1162 5085 Vir
1181 5032 1332 5087 enim
1355 5040 1558 5105 praeter
1581 5036 1709 5089 ﬁdei
1727 5053 1838 5090 me-

231 5118 430 5184 ritum,
449 5118 752 5189 dotemque
773 5119 1064 5187 virtutum,
1088 5137 1202 5174 non
1235 5121 1416 5175 solum
1438 5123 1650 5177 Latinis
1667 5130 1836 5194 atque

234 5207 464 5275 Graecis,
488 5207 587 5261 sed
613 5212 671 5260 et
695 5206 983 5263 Hebraicis
1013 5209 1186 5263 etiam
1212 5209 1417 5264 litteris
1447 5212 1700 5266 eruditus
1732 5218 1834 5281 est,

231 5303 296 5351 ut
329 5313 391 5352 se
421 5297 503 5350 illi
531 5297 590 5350 in
616 5297 769 5350 omni
795 5296 1029 5352 scientia
1060 5315 1225 5352 nemo
1257 5299 1464 5355 audeat
1491 5317 1835 5372 comparare.

231 5387 380 5442 Nam
410 5403 506 5441 sex
535 5402 757 5440 menses
790 5387 940 5458 apud
979 5387 1164 5458 ipsum
1204 5387 1284 5442 fui
1326 5396 1705 5444 conversatus.
1739 5392 1840 5445 Cui

223 5476 383 5547 jugis
411 5476 712 5530 adversum
740 5477 918 5530 malos
949 5494 1156 5549 pugna,
1193 5484 1640 5550 perpetuumque
1668 5487 1844 5535 certa-

229 5581 362 5622 men
383 5565 628 5622 concivit
650 5565 779 5635 odia
807 5565 1178 5641 perditorum.
1211 5568 1350 5624 Vere
1371 5567 1568 5640 fotcor,
1599 5570 1844 5644 pinxisse

2225 3163 2534 3215 constitutis
2571 3162 2782 3214 vict-um
2820 3161 3252 3216 administrant.

2012 3249 2174 3304 Haud
2194 3249 2359 3320 longe
2378 3249 2449 3303 ab
2471 3265 2659 3305 eremo
2670 3249 2934 3319 contigua
2956 3250 3082 3305 Nilo
3106 3249 3338 3318 (Seven,
3355 3251 3537 3321 Sulp.,

1939 3339 2143 3405 dialog.
2168 3339 2217 3406 1,
2250 3355 2293 3393 c.
2322 3339 2395 3407 5),
2420 3339 2599 3393 multa
2623 3344 2756 3392 sunt
2779 3339 3123 3394 monasteria
3149 3357 3161 3392 :
3191 3339 3448 3396 habitant
3477 3341 3536 3397 in

1939 3441 2052 3482 uno
2084 3427 2203 3482 loco
2247 3428 2577 3500 plerumque
2605 3428 2846 3496 centeni,
2881 3428 3084 3500 quibus
3127 3446 3414 3484 summum
3438 3432 3534 3502 jus

1938 3521 2023 3570 est
2064 3516 2168 3571 sub
2200 3516 2418 3572 abbatis
2445 3516 2680 3588 imperio
2719 3517 2919 3583 vivere,
2967 3517 3107 3572 nihil
3142 3517 3373 3573 arbitrio
3427 3537 3529 3575 suo

1935 3619 2120 3675 agere,
2153 3623 2254 3677 per
2299 3605 2490 3660 omnia
2531 3605 2600 3659 ad
2638 3611 2841 3660 nutum
2890 3604 3041 3659 illius
3084 3612 3530 3679 potestatemque

1934 3695 2194 3765 pendere.
2213 3696 2289 3749 Ex
2309 3695 2396 3749 his
2424 3710 2555 3765 ergo
2575 3695 2622 3749 si
2645 3695 2740 3766 qui
2761 3683 3032 3766 majorem
3057 3695 3322 3750 virtutem
3343 3702 3531 3753 mente

1932 3785 2307 3856 conceperint,
2340 3790 2404 3839 ut
2430 3784 2609 3839 acturi
2642 3784 2952 3839 solitariam
2992 3784 3163 3839 vitam
3208 3802 3267 3839 se
3309 3785 3379 3840 ad
3411 3803 3527 3841 ere-

1931 3889 2088 3928 mum
2115 3874 2422 3940 confcrant,
2455 3890 2568 3928 non
2602 3873 2709 3928 nisi
2735 3874 3095 3945 permittente
3123 3873 3324 3929 abbate
3355 3875 3530 3932 disce-

1929 3962 2089 4016 dunt.
2122 3964 2252 4017 Hinc
2297 3964 2524 4018 illorum
2555 3963 2737 4035 prima
2773 3963 2950 4018 virtus
2982 3969 3084 4030 est,
3118 3980 3316 4036 parere
3345 3965 3528 4020 alieno

1933 4050 2189 4122 imperio.
2213 4051 2598 4123 Transgressis
2621 4069 2756 4122 ergo
2778 4053 2849 4106 ad
2864 4069 3117 4107 eremum
3138 4052 3354 4108 abbatis
3376 4054 3527 4109 illius

1933 4139 2304 4208 ordinatione,
2353 4141 2513 4213 panis
2568 4146 2624 4196 et
2679 4141 2914 4214 quilibet
2959 4141 3105 4197 alius
3153 4142 3308 4200 cibus
3361 4143 3524 4199 mini-

1932 4233 2164 4284 stratur.

2074 4408 2224 4476 Quod
2249 4409 2430 4478 frater
2449 4413 2512 4464 in
2537 4425 2714 4464 eremo
2734 4413 2987 4479 pascitur
3007 4425 3154 4478 pane
3177 4413 3374 4466 cazlz'co.

2001 4499 2148 4556 Casu
2167 4515 2269 4570 per
2286 4499 2409 4554 illos
2437 4499 2554 4553 dies
2589 4499 2791 4570 quibus
2819 4499 2949 4553 illuc
2985 4499 3320 4554 adveneram
3353 4498 3519 4570 (Seve-

1929 4605 2026 4642 rus
2055 4590 2234 4659 Sulp.,
2266 4590 2469 4658 dialog.
2510 4588 2561 4658 1,
2586 4605 2631 4642 ο.
2666 4587 2741 4659 5),
2766 4589 2988 4644 cuidam
3020 4588 3271 4643 solitario
3301 4590 3397 4660 qui
3417 4606 3518 4645 nu-

1924 4695 2026 4750 per
2053 4679 2124 4733 ad
2154 4695 2407 4733 eremum
2433 4685 2756 4744 secesserat,
2789 4695 2970 4750 neque
3009 4678 3249 4748 amplius
3295 4678 3365 4732 ab
3409 4679 3517 4734 hoc

1925 4767 2263 4822 monasterio
2293 4783 2462 4838 quam
2509 4781 2605 4821 sex
2651 4766 2898 4821 millibus
2941 4766 3365 4822 tabernaculum
3406 4767 3514 4823 sibi

1923 4857 2308 4923 constituerat,
2332 4873 2535 4928 panem
2556 4855 2724 4910 abbas
2743 4873 2843 4926 per
2871 4856 3010 4910 duos
3039 4872 3242 4927 pueros
3260 4857 3509 4913 miserat.

1923 4945 2171 5009 Quorum
2194 4947 2373 5016 major
2388 4944 2629 4999 habebat
2649 4945 2830 4999 aetatis
2847 4961 3024 4999 annos
3046 4945 3383 5016 quindecim,
3400 4946 3512 5001 mi-

1920 5051 2025 5089 nor
2047 5034 2422 5089 duodecennis
2451 5038 2591 5087 erat.
2640 5033 2731 5087 His
2777 5049 2908 5103 ergo
2956 5033 3085 5088 inde
3125 5034 3509 5103 redeuntibus,

1918 5123 2066 5196 aspis
2095 5124 2249 5178 mirae
2280 5121 2682 5193 magnitudinis
2719 5121 2874 5176 venit
2903 5121 3122 5176 obviam
3162 5139 3172 5174 :
3227 5126 3388 5195 cujus
3425 5142 3512 5180 oc-

1919 5229 2085 5268 cursu
2113 5213 2250 5268 nihil
2273 5210 2715 5284 perterritis,ubi
2739 5215 2870 5265 ante
2900 5212 3069 5282 pedes
3096 5216 3288 5278 539
3311 5231 3508 5269 eorum

1921 5303 2089 5368 venit,
2115 5303 2273 5373 quasi
2293 5302 2580 5356 incantata
2606 5300 2966 5369 carminibus,
2994 5302 3232 5357 caerulea
3259 5303 3400 5357 colla
3420 5303 3512 5357 de-

1923 5391 2135 5463 posuit;
2165 5391 2347 5445 minor
2366 5408 2431 5445 ex
2451 5390 2640 5462 pueris
2661 5407 2832 5444 manu
2852 5407 2976 5444 eam
3007 5391 3413 5463 apprehensam
3445 5408 3510 5444 ac

1924 5481 2091 5552 pallio
2120 5480 2445 5546 involutam,
2471 5479 2616 5533 ferre
2645 5479 2850 5550 coepit;
2879 5479 3080 5535 deinde
3108 5481 3510 5535 monasterium

1931 5570 2090 5648 quasi
2120 5569 2293 5625 victor
2321 5569 2626 5644 ingressus,
2658 5568 2716 5626 in
2747 5585 3038 5628 occursum
3071 5569 3308 5628 fratrum
3337 5568 3514 5643 capti-
