3966 6184
387 221 497 280 819
1508 223 1602 278 DE
1636 224 1827 282 VITIS
1863 226 1953 282 PA

2105 224 2160 280 M
2198 223 2413 280 LIBER
2448 221 2543 290 1v,
2618 235 2622 238 ·
3552 217 3667 305 830

387 365 514 405 vam
533 348 790 416 bestiam,
819 348 1066 404 resoluto
1091 347 1280 418 pallio,
1306 363 1419 402 non
1443 347 1563 402 sine
1588 350 1874 419 jactantiae
1894 355 1980 406 tu-
1997 353 2044 412 Α
2062 355 2154 405 tus
2174 353 2232 404 et
2259 348 2375 403 illic
2403 350 2526 401 erat
2547 344 2742 400 multis
2761 343 3005 399 oleribus
3034 342 3310 414 copiosus.
3335 341 3400 400 Id
3428 342 3666 413 quidem

387 455 546 495 more
573 439 848 510 deposuit.
872 437 980 492 Sed
1009 452 1136 491 cum
1163 436 1465 492 infantium
1481 437 1650 492 ﬁdem
1679 445 1848 510 atque
1873 440 1981 494 vir-
2062 444 2256 493 contra
2283 441 2546 492 naturam
2584 433 2776 499 eremi,
2808 432 2904 488 ubi
2944 431 3136 486 omnia
3170 431 3409 498 arentia,
3455 440 3662 486 exusta

386 533 569 584 tutem
599 527 786 582 czeteri
811 525 1197 598 praedicarent,
1227 525 1398 581 abbas
1415 527 1508 581 ille
1524 527 1709 582 altiori
1725 529 1976 596 consilio,
2062 528 2195 582 solis
2215 525 2526 591 ardoribus,
2543 523 2753 578 nullius
2776 537 3027 593 unquam
3045 521 3274 576 seminis
3294 520 3381 574 vel
3400 521 3666 590 exiguam

388 633 460 672 ne
478 616 756 672 inﬁrmior
773 620 908 669 aetas
922 614 1300 682 insolesceret,
1320 621 1620 688 utrumque
1639 617 1810 687 virgis
1835 634 1982 672 com-
2063 617 2307 671 radicem
2327 615 2534 669 ferunt.
2557 613 2770 666 Verum
2800 611 2907 665 hoc
2931 615 3124 664 sancto
3144 609 3225 662 illi
3245 608 3406 662 labor
3424 625 3554 662 cum
3573 625 3667 679 pe-

387 705 620 777 pescuit,
653 704 897 759 multum
931 703 1261 774 objurgatos
1296 721 1398 758 cur
1427 704 1535 776 ipsi
1570 706 1719 776 quod
1749 723 1851 777 per
1885 723 1980 761 eos
2061 707 2201 762 cude
2216 703 2548 770 communis,
2572 708 2629 757 et
2653 701 2881 773 propria
2910 697 3212 771 praestabat
3229 697 3665 766 industria;fre—

383 798 649 866 operatus
693 793 873 848 fuerat
910 792 1181 847 Dominus
1213 793 1622 864 prodidissent;
1664 812 1806 866 opus
1841 796 1978 850 illud
2061 811 2238 866 quens
2259 795 2408 848 enim
2430 791 2683 862 irrigatio
2703 807 2862 861 aquae
2881 793 3099 843 tantam
3120 788 3529 859 pinguedinem
3545 803 3664 841 are-

384 898 499 938 non
527 899 643 938 sum
671 881 822 948 fidei,
855 881 953 936 sed
980 881 1178 937 divinae
1215 881 1387 936 fuisse
1415 883 1668 951 virtutis;
1699 885 1981 939 discerent
2059 883 2148 939 nis
2167 883 2354 949 dabat,
2379 888 2444 936 ut
2469 881 2677 935 mirum
2707 880 2768 934 in
2796 878 3026 933 modum
3051 877 3231 932 virere
3260 881 3432 948 atque
3459 876 3662 931 fructi.

384 970 571 1042 potius
597 971 714 1026 Deo
743 969 804 1025 in
839 970 1156 1025 humilitate
1191 971 1418 1038 servire,
1452 988 1566 1027 non
1600 973 1660 1027 in
1699 973 1878 1043 signis
1921 979 1980 1029 et
2059 973 2227 1028 ﬁcare
2257 971 2468 1026 hortuli
2487 970 2636 1024 illius
2653 969 2807 1024 olera
2830 968 3165 1022 videremus.
3188 967 3267 1020 Ex
3281 966 3370 1020 his
3389 982 3527 1035 ergo
3551 981 3666 1019 una

381 1058 685 1114 virtutibus
726 1059 979 1130 gloriari,
1015 1059 1149 1130 quia
1198 1060 1398 1114 melior
1445 1067 1594 1116 esset
1630 1061 1976 1116 inﬁrmitatis
2059 1079 2185 1117 cum
2205 1060 2434 1116 domino
2449 1076 2550 1114 suo
2571 1058 2670 1112 bos
2689 1058 2782 1112 ille
2802 1056 3050 1124 vivebat;
3069 1055 3230 1110 nobis
3253 1071 3477 1126 quoque
3507 1071 3580 1108 ex
3602 1071 3670 1109 ea

383 1147 727 1202 conscientia
743 1149 1012 1202 virtutum
1033 1149 1300 1203 vanitate.
1325 1150 1442 1204 Hoc
1462 1149 1556 1204 ubi
1573 1151 1666 1204 ille
1693 1149 1868 1205 frater
1883 1166 1978 1204 au-
2059 1151 2220 1222 capia
2247 1166 2464 1204 coenam
2483 1153 2709 1202 sanctus
2729 1147 2823 1201 ille
2843 1145 3017 1200 dedit.
3042 1146 3176 1200 Post
3200 1161 3423 1199 ccenam
3452 1148 3665 1208 autem,
3717 1181 3722 1184 -

383 1235 522 1291 divit
550 1236 856 1303 solitarius,
900 1242 958 1292 et
993 1237 1336 1308 periclitatos
1362 1238 1668 1293 infantulos
1707 1239 1984 1310 serpentis
2061 1241 2181 1311 jam
2206 1238 2512 1294 inclinante
2531 1252 2782 1307 vespera,
2806 1234 3008 1288 invitat
3035 1250 3138 1287 nos
3157 1233 3230 1286 ad
3259 1233 3521 1287 arborem
3552 1232 3672 1303 pal-

384 1341 638 1392 occursu,
689 1331 746 1380 et
771 1325 922 1397 ipsos
948 1326 1180 1398 insuper
1225 1327 1406 1381 multa
1440 1327 1673 1382 verbera
1699 1328 1840 1383 victo
1871 1345 1984 1381 ser-
2068 1346 2193 1394 mai,
2233 1329 2395 1398 cujus
2437 1325 2723 1380 interdum
2770 1324 2952 1395 pomis
2992 1323 3077 1377 uti
3119 1322 3354 1390 solebat,
3387 1339 3510 1393 quae
3552 1321 3672 1375 fere

384 1419 552 1485 pente
578 1415 869 1482 meruisse,
893 1414 1153 1470 abbatem
1183 1415 1454 1484 obsecrat,
1478 1433 1549 1471 ne
1579 1416 1683 1471 sibi
1709 1422 1838 1488 post
1863 1417 1981 1470 haec
2063 1416 2280 1472 duobus
2308 1415 2556 1470 millibus
2583 1413 2796 1468 aberat.
2826 1413 2972 1466 Nam
3009 1411 3095 1465 ha:
3133 1416 3361 1465 tantum
3384 1411 3444 1464 in
3475 1425 3670 1464 eremo

383 1503 534 1559 ullus
563 1504 726 1575 panis
749 1509 849 1559 aut
874 1504 1029 1559 cibus
1048 1505 1251 1576 aliquis
1277 1505 1618 1560 mitteretur.
1641 1507 1879 1577 Jamque
1893 1522 1980 1560 oc-
2063 1506 2310 1570 arbores,
2344 1505 2475 1558 licet
2514 1519 2674 1567 rarae,
2709 1500 2989 1555 habentur
3015 1505 3208 1554 tamen
3242 1519 3254 1554 :
3293 1499 3443 1570 quod
3472 1504 3672 1553 utrum

382 1597 544 1647 tavus
559 1593 678 1648 dies
704 1593 888 1649 fuerat
915 1610 1176 1649 emensus
1201 1611 1310 1665 quo
1332 1611 1391 1649 se
1415 1595 1583 1649 homo
1605 1595 1811 1650 Christi
1835 1594 1982 1648 infra
1997 1633 2045 1692 B
2061 1596 2238 1650 solers
2259 1593 2565 1664 antiquitas
2581 1590 2981 1663 procuraverit,
2994 1605 3067 1643 an
3082 1589 3216 1643 solis
3231 1593 3436 1643 natura
3450 1588 3667 1658 gignat,

381 1680 692 1752 periculum
713 1682 879 1738 famis
903 1683 1022 1754 ipse
1047 1684 1415 1738 concluserat.
1449 1683 1699 1738 Arebant
1724 1683 1979 1738 membra
1997 1677 2288 1755 "ignoro;
2315 1682 2421 1736 nisi
2451 1682 2600 1736 Deus
2640 1679 2904 1750 praescius
2945 1679 3268 1732 futurorum
3303 1677 3674 1731 habitandam

375 1770 616 1840 jejunio,
639 1771 738 1826 sed
766 1772 1002 1826 deficere
1022 1789 1180 1827 mens
1195 1773 1334 1827 coelo
1353 1773 1569 1828 intenta
1595 1789 1707 1828 non
1734 1777 1973 1844 poterat.
2060 1772 2394 1845 quandoque
2422 1769 2629 1836 sanctis
2658 1785 2929 1834 eremum,
2954 1768 3072 1821 haec
3104 1767 3278 1821 servis
3315 1766 3434 1820 suis
3456 1781 3675 1837 praepa-

379 1857 598 1931 Corpus
619 1859 810 1915 inedia
837 1861 1144 1928 fatiscebat,
1179 1862 1317 1915 ﬁdes
1343 1863 1508 1916 ﬁrma
1534 1861 1775 1916 durabat
1805 1880 1817 1915 :
1850 1879 1979 1916 cum
2059 1862 2284 1917 raverit.
2302 1861 2380 1914 Ex
2406 1860 2621 1929 majore
2649 1858 2800 1913 enim
2827 1862 3006 1928 parte,
3039 1873 3162 1928 quae
3190 1856 3338 1910 inter
3369 1855 3466 1908 illa
3486 1855 3677 1909 consi-

375 1946 608 2003 interim
635 1948 955 2004 admonitus
975 1951 1148 2005 abbas
1181 1951 1274 2005 ille
1302 1968 1403 2022 per
1431 1951 1703 2022 Spiritum
1726 1956 1790 2005 ut
1818 1950 1979 2006 disci-
2060 1955 2218 2006 stunt
2235 1954 2470 2016 secreta,
2487 1964 2617 2002 cum
2631 1946 3008 2017 aliagermina
3023 1946 3180 2000 nulla
3199 1945 3514 2004 succedant,
3540 1945 3676 1997 ista-

380 2036 579 2108 pulum
598 2037 869 2105 visitaret,
891 2039 986 2110 pia
1013 2040 1384 2095 sollicitudine
1404 2056 1739 2111 cognoscere
1750 2039 1981 2111 cupiens
2061 2057 2188 2096 rum
2206 2038 2471 2094 arborum
2494 2036 2674 2108 pomis
2704 2035 2782 2090 ibi
2811 2035 3060 2090 aluntur.
3079 2035 3225 2106 Ergo
3259 2033 3356 2088 ubi
3385 2033 3458 2087 ad
3488 2033 3676 2098 illam,

382 2142 496 2197 qua
523 2125 648 2181 vitae
699 2126 1014 2182 substantia
1042 2130 1128 2183 vir
1164 2129 1344 2184 ﬁdelis
1375 2129 1642 2195 aleretur,
1676 2129 1772 2202 qui
1810 2127 1980 2183 mini-
2062 2129 2134 2184 ad
2164 2144 2334 2201 quam
2366 2143 2468 2182 nos
2502 2127 2705 2198 hospes
2734 2129 2926 2180 noster
2953 2123 3210 2192 ducebat,
3238 2123 3518 2188 arborem,
3555 2139 3682 2193 per-

379 2215 546 2269 strari
573 2215 680 2270 sibi
708 2232 911 2287 panem
932 2217 1002 2271 ab
1029 2218 1258 2272 homine
1287 2219 1579 2284 noluisset,
1599 2218 1672 2272 ad
1692 2217 1981 2289 requiren-
2061 2217 2334 2285 venimus,
2365 2217 2587 2272 leonem
2629 2215 2709 2269 ibi
2739 2213 3094 2269 offendimus.
3145 2212 3266 2277 Quo
3297 2213 3439 2277 viso,
3474 2227 3583 2281 ego
3624 2216 3681 2264 et

382 2303 518 2359 dum
549 2321 679 2360 eum
714 2306 834 2377 ipse
861 2305 1033 2361 abbas
1061 2306 1451 2378 proﬁciscitur.
1480 2309 1551 2362 At
1578 2307 1691 2372 ille,
1719 2307 1814 2361 ubi
1840 2305 1982 2360 emi-
2063 2307 2157 2362 ille
2171 2307 2284 2362 dux
2301 2323 2459 2361 meus
2478 2303 3148 2372 intremuimus;sanctus
3169 2301 3262 2356 ille
3277 2300 3679 2355 incunctanter

381 2410 490 2449 nus
528 2409 722 2450 senem
781 2395 969 2450 venire
1005 2397 1309 2468 conspexit,
1343 2397 1587 2452 occurrit
1637 2395 1689 2450 ei
1733 2395 1976 2461 obviam,
2063 2395 2450 2462 accessit;nos
2469 2395 2602 2449 licet
2628 2393 2855 2465 trepidi,
2883 2392 3061 2447 secuti
3081 2391 3478 2456 sumus.Fera,
3504 2389 3576 2443 ab
3609 2405 3674 2443 eo

384 2483 503 2554 agit
519 2485 753 2554 gratias,
777 2485 931 2540 ducit
949 2486 1020 2540 ad
1037 2486 1316 2543 cellulam.
1343 2487 1486 2541 Cum
1504 2485 1744 2556 ingressi
1770 2485 1982 2556 pariter
2062 2475 2370 2558 imperata,
2383 2483 2642 2538 modesta
2661 2480 2918 2537 discessit
2934 2485 2991 2536 et
3009 2478 3279 2545 constitit,
3302 2479 3438 2534 dum
3469 2479 3565 2532 ille
3586 2483 3674 2532 at-

383 2571 568 2638 ambo,
599 2574 952 2645 conspiciunt
975 2575 1294 2646 palmiciam
1323 2579 1593 2646 sportam,
1633 2575 1813 2628 calido
1837 2590 1982 2646 pane
2063 2575 2222 2646 tigna
2239 2573 2411 2628 ramis
2431 2571 2822 2628 humilioribus
2851 2586 3020 2642 poma
3041 2570 3385 2640 decerperet.
3410 2569 3674 2638 Cumque

384 2666 730 2730 congestam,
772 2662 982 2717 foribus
1015 2663 1240 2718 afﬁxam
1278 2664 1347 2718 de
1373 2670 1532 2735 poste
1583 2664 1825 2736 pendere
1852 2682 1865 2730 ;
1920 2680 1984 2718 ac
2065 2663 2269 2736 palmis
2283 2663 2508 2734 plenam
2530 2677 2764 2716 manum
2780 2660 3092 2726 obtulisset,
3107 2659 3350 2714 occurrit
3367 2657 3570 2722 bestia,
3591 2673 3677 2710 ac-

385 2749 631 2821 primum
661 2751 822 2821 panis
850 2751 1064 2806 calidus
1094 2753 1334 2807 sentitur
1359 2753 1548 2819 odore,
1578 2759 1732 2808 tactu
1763 2769 1891 2808 vero
1919 2769 1985 2807 ac
2065 2755 2449 2825 cepitquetam
2462 2750 2636 2806 libere
2650 2767 2819 2823 quam
2831 2746 3674 2804 nullumanimaldomesticum.

388 2839 437 2892 si
480 2843 612 2893 ante
655 2840 947 2910 paululum
994 2841 1116 2896 foco
1153 2847 1302 2896 esset
1349 2848 1596 2913 ereptus,
1645 2842 1982 2908 ostenditur,
2066 2844 2137 2898 Et
2175 2859 2304 2897 cum
2335 2841 2689 2907 comedisset,
2726 2839 3028 2906 abscessit;
3070 2854 3173 2892 nos
3218 2837 3336 2892 haec
3368 2835 3675 2900 intuentes,

390 2927 638 3000 Egyptii
664 2933 855 2985 tamen
886 2931 1049 3001 panis
1068 2931 1250 2986 forma
1275 2919 1389 2986 non
1411 2932 1682 2987 cernitur.
1707 2931 1986 3004 Obstupe-
2016 2996 2050 3004 __
2071 2933 2322 2987 etadhuc
2333 2935 2658 2999 trementes,
2673 2930 2834 2984 facile
2849 2929 3449 3000 potuimusagnoscere
3467 2930 3683 2996 quanta

387 2996 519 3070 facti
535 2996 722 3082 ambo,
747 2996 954 3074 munus
974 3019 1196 3074 caeleste
1226 3026 1586 3090 cognoscunt,
1605 3037 1734 3074 cum
1765 3020 1860 3074 ille
1885 2996 1990 3073 hoc
2009 2996 2052 3056 Ο
2071 3021 2133 3077 in
2149 3021 2246 3076 illo
2260 3020 2438 3076 virtus
2458 3020 2609 3089 ﬁdei,
2623 2996 2681 3075 et
2697 2996 2979 3091 quantain
2997 3016 3158 3073 nobis
3182 2996 3329 3071 esset
3349 3014 3680 3070 inﬁrmitas.

388 3104 605 3200 abbatis
634 3105 878 3200 adventu
906 3109 1220 3200 praestitum
1240 3109 1533 3200 fateretur,
1567 3108 1738 3200 abbas
1767 3124 1898 3200 vero
1927 3108 1991 3162 il-
2679 3145 2912 3200 CAPUT
2937 3144 3040 3200 v11

386 3195 496 3250 lius
524 3194 655 3250 ﬁdei
686 3212 751 3252 ac
780 3197 975 3252 virtuti
1003 3197 1336 3266 ascriberet;
1369 3199 1450 3253 ita
1497 3197 1666 3253 ambo
1705 3198 1992 3253 ccelestem
2681 3184 2799 3200 ”‘“
2825 3184 2860 3200 ν
2878 3184 2903 3200 ⁵
2958 3184 2970 3197 “
2988 3184 3062 3200 ⁸⁵·

389 3301 594 3358 panem
607 3302 734 3341 cum
754 3303 961 3359 magna
975 3289 1344 3344 exsultatione
1357 3289 1664 3361 fregerunt,
1688 3289 1850 3354 Quod
1864 3305 1992 3344 cum
2076 3272 2228 3343 Quod
2245 3274 2376 3342 lupa
2395 3288 2429 3326 a
2449 3287 2569 3326 sene
2585 3274 2856 3342 pascitur,
2874 3271 3023 3339 furti
3038 3285 3131 3324 rea
3150 3272 3375 3327 ocm‘am
3394 3273 3680 3337 precatur.

391 3371 564 3430 abbas
593 3375 664 3430 ad
683 3377 1088 3433 monasterium
1104 3383 1526 3450 postregressus
1545 3378 1816 3433 fratribus
1845 3382 1996 3434 retu-
2147 3384 2339 3446 540
2350 3377 2539 3434 Alium
2558 3383 2729 3452 atque
2747 3378 3091 3449 singularem
3109 3377 3296 3432 virum
3325 3375 3588 3440 vidimus,
3623 3374 3680 3427 in

392 3463 570 3532 lisset,
593 3470 786 3520 tantus
805 3483 1000 3522 omnes
1028 3467 1355 3523 incenderat
1383 3469 1551 3523 ardor
1579 3468 1996 3536 animarum,ut
2075 3485 2246 3542 parvo
2271 3468 2514 3540 tugurio,
2534 3468 2592 3523 in
2610 3484 2720 3540 quo
2735 3484 2849 3523 non
2867 3467 2976 3522 nisi
2997 3484 3141 3522 unus
3161 3465 3333 3538 recipi
3350 3469 3561 3537 posset,
3577 3464 3682 3517 ha-

393 3553 653 3609 certatim
675 3555 747 3610 ad
761 3572 1015 3612 eremum
1034 3562 1092 3612 et
1118 3573 1306 3613 sacras
1336 3557 1667 3613 solitudines
1698 3557 1780 3614 ire
1800 3574 1998 3630 prope-
2076 3558 2352 3614 bitantem
2368 3557 2620 3629 (Severus
2648 3557 2830 3628 Sulp.,
2854 3559 3069 3626 dialogo
3098 3557 3150 3623 1,
3191 3573 3237 3610 c.
3270 3553 3342 3624 8).
3373 3554 3519 3609 Huic
3548 3554 3687 3624 lupa

398 3648 611 3699 rarent.
2084 3647 2249 3703 solita
2275 3652 2398 3702 erat
2425 3653 2612 3702 astare
2636 3646 2896 3712 coenanti,
2926 3663 3029 3701 nec
3044 3645 3204 3700 facile
3227 3660 3480 3715 unquam
3505 3642 3687 3696 bestia

470 3732 537 3788 In
567 3732 674 3787 hoc
703 3734 1042 3789 monasterio
1084 3733 1224 3790 duos
1273 3736 1532 3807 ego‘jam
1579 3751 1740 3790 senes
1777 3736 1858 3806 (5)
1890 3736 2003 3792 vidi
2085 3737 2400 3803 fallebatur,
2430 3737 2566 3807 quin
2593 3736 2676 3791 illi
2707 3736 2778 3790 ad
2802 3736 3112 3806 legitimam
3133 3735 3330 3789 horam
3364 3732 3686 3787 refectionis

403 3821 592 3888 (Ibid,
625 3838 671 3874 c.
706 3821 780 3887 6),
810 3823 905 3893 qui
933 3840 1033 3896 per
1058 3824 1432 3896 quadraginta
1460 3841 1637 3880 annos
1666 3823 1744 3880 ibi
1775 3826 2001 3896 degere,
2086 3831 2431 3894 occurreret;
2463 3831 2520 3880 et
2545 3830 2664 3880 tam
2692 3825 2788 3879 diu
2818 3841 2917 3896 pro
2948 3824 3161 3879 foribus
3187 3827 3556 3895 exspectaret,
3580 3821 3686 3875 do-

401 3909 485 3964 ita
502 3912 568 3964 ut
585 3925 876 3981 nunquam
894 3911 1023 3967 inde
1053 3913 1430 3980 discesserint,
1449 3912 1792 3969 ferebantur.
1815 3915 2004 3987 Siqui-
2087 3933 2191 3972 nec
2215 3916 2308 3970 ille
2337 3932 2560 3988 panem,
2586 3914 2680 3986 qui
2705 3914 2766 3969 in
2802 3930 2962 3969 coena
2990 3919 3282 3986 supererat
3310 3913 3558 3978 offerret,
3591 3909 3690 3964 illa

405 3996 538 4052 dem
567 3997 627 4052 id
647 3998 716 4054 de
739 4001 1262 4070 eorumvirtutibus,
1295 4008 1352 4058 et
1377 4001 1594 4059 abbatis
1634 4003 1813 4076 ipsius
1844 4005 2007 4060 testi-
2089 4021 2321 4060 manum
2349 4005 2472 4075 ejus
2493 4002 2739 4058 lambere
2764 4003 2945 4070 solita,
2965 4008 3135 4074 atque
3157 4003 3239 4056 ita
3269 4000 3430 4072 quasi
3448 4000 3686 4071 impleto

405 4087 618 4154 monio,
649 4092 706 4143 et
743 4090 995 4147 omnium
1023 4091 1261 4147 fratrum
1289 4092 1565 4148 audierim
1595 4109 1853 4149 sermone
1881 4110 2008 4149 con-
2091 4095 2272 4150 ofﬁcio
2297 4098 2355 4148 et
2368 4093 2620 4164 praestita
2637 4092 3017 4147 consolatione
3046 4090 3383 4146 discedebat.
3410 4089 3522 4144 Sed
3547 4089 3688 4142 forte

405 4191 546 4232 sono
574 4175 863 4246 celebrari,
891 4181 1040 4252 quod
1066 4197 1245 4236 unum
1269 4197 1468 4237 eorum
1494 4182 1578 4236 sol
1599 4198 1891 4254 nunquam
1925 4183 2010 4239 vi-
2092 4183 2292 4240 accidit
2318 4187 2383 4238 ut
2408 4187 2634 4236 sanctus
2663 4182 2777 4249 ille,
2805 4183 2941 4237 dum
2966 4182 3199 4236 fratrem
3221 4180 3317 4253 qui
3347 4179 3422 4234 ad
3443 4195 3578 4234 eum
3609 4195 3692 4232 ve-

408 4265 582 4321 disset
600 4267 943 4339 epulantem,
957 4270 1199 4326 alterum
1219 4288 1511 4344 nunquam
1529 4271 1760 4327 vidisset
1774 4272 2004 4328 iratum.
2091 4277 2256 4330 nerat
2278 4271 2503 4326 deducit
2529 4270 2847 4339 abeuntem,
2877 4271 3088 4326 diutius
3109 4271 3346 4337 abesset,
3373 4274 3429 4324 et
3447 4285 3564 4323 non
3585 4267 3691 4322 nisi

413 4355 524 4411 Sed
544 4357 677 4428 quia
705 4358 874 4414 unius
896 4360 1145 4416 eremitm
1173 4360 1510 4432 cognovistis
1538 4361 1830 4431 virtutem,
1864 4362 2010 4418 refe-
2031 4363 2198 4460 Dsub
2214 4367 2375 4418 nocte
2398 4366 2695 4429 remearet,
2718 4361 2945 4416 interim
2965 4360 3146 4416 bestia
3165 4361 3237 4416 ad
3256 4364 3594 4415 consuetum
3625 4357 3689 4411 il-

412 4460 537 4502 ram
570 4443 724 4503 vobis
744 4447 928 4504 adhuc
955 4465 1136 4522 pauca
1151 4451 1221 4505 de
1240 4450 1514 4523 pluribus.
2033 4443 2192 4508 "Iud
2219 4457 2442 4523 tempus
2469 4467 2638 4506 coenae
2677 4457 3018 4519 occurreret;
3053 4467 3285 4506 vacuam
3313 4452 3536 4517 cellam,
3563 4464 3690 4504 cum

1037 4573 1273 4632 CAPUT
1296 4573 1394 4631 VL
2094 4542 2432 4597 familiarem
2461 4539 2982 4632 patronumabesse
3011 4541 3688 4632 sentiret,_ingressaqest,

2096 4631 2369 4688 curiosius
2398 4631 2691 4703 explorans
2733 4629 2966 4685 ubinam
3012 4636 3161 4685 esset
3198 4629 3505 4684 habitator.
3547 4630 3692 4684 Casu

490 4697 643 4767 θαοά
665 4701 835 4756 leam“
855 4705 1127 4772 umquam
1150 4703 1373 4804 αηίτπαξ
1391 4703 1747 4755 mansuetum
1768 4717 1803 4756 α
1823 4717 1944 4757 “ne
2097 4722 2361 4794 contigua
2379 4697 2505 4776 cum
2523 4719 2763 4793 panibus
2785 4721 3031 4792 quinque
3048 4719 3311 4792 palmicia
3329 4721 3546 4775 ﬁscella
3565 4737 3694 4792 pen-

1020 4806 1196 4845 εδοίυη
1237 4796 1396 4861 cepi“
2097 4812 2292 4880 debat;
2317 4828 2381 4866 ex
2403 4811 2492 4865 his
2520 4827 2698 4866 unum
2716 4811 2907 4877 sumit,
2938 4815 2994 4864 et
3019 4810 3478 4879 devorat,deinde
3503 4827 3698 4883 perpe-

489 4899 604 4970 Ego
620 4898 716 4955 ubi
734 4897 976 4970 primam
999 4902 1219 4970 partem
1246 4899 1421 4954 eremi
1445 4899 1735 4972 ingressus
1757 4917 1882 4958 sum
1911 4899 2018 4971 (Se-
2097 4907 2246 4957 trato
2259 4901 2466 4956 scelere
2485 4899 2760 4954 discessit.
2780 4899 3086 4971 Regressus
3098 4899 3356 4966 eremita,
3381 4899 3526 4954 vidit
3541 4916 3702 4972 spor--

420 5002 534 5044 ver.
564 4986 748 5057 Sulp.,
787 4989 924 5042 dial.
963 4987 1017 5054 'i,
1051 5004 1168 5057 cap.
1207 4987 1277 5056 7),
1325 4988 1621 5045 duodecim
1667 4990 1783 5046 fere
1811 5008 1846 5045 a
1890 4990 2016 5046 Nilo
2097 4991 2275 5046 tulam
2302 4990 2652 5055 dissolutam,
2695 5005 2806 5043 non
2835 4993 3125 5044 constante
3163 5005 3376 5060 panum
3429 5005 3699 5045 numero.

420 5075 668 5130 millibus
684 5075 978 5146 (habebam
1009 5081 1199 5132 autem
1227 5094 1405 5133 unum
1422 5096 1487 5134 ex
1518 5079 1786 5136 fratribus
1817 5080 2017 5136 ducem
2098 5082 2378 5136 Damnum
2389 5080 2470 5134 rei
2489 5078 2780 5133 familiaris
2791 5078 3074 5150 intelligit,
3089 5095 3154 5132 ac
3167 5095 3338 5150 prope
3350 5078 3526 5133 limen
3540 5079 3704 5150 panis

420 5165 674 5220 locorum
706 5165 977 5237 peritum)
1008 5166 1361 5237 pervenimus
1392 5169 1464 5224 ad
1495 5171 1795 5242 quemdam
1825 5187 2017 5225 senem
2101 5172 2374 5242 assumpti
2396 5169 2710 5240 fragmenta
2739 5168 3043 5240 cognoscit.
3067 5168 3177 5224 Sed
3206 5184 3319 5223 non
3336 5173 3462 5222 erat
3483 5168 3704 5224 incerta

421 5254 780 5320 monachum,
829 5253 932 5309 sub
978 5255 1165 5310 radice
1214 5257 1422 5313 montis
1476 5259 1825 5315 habitantem
1866 5277 1880 5317 :
1917 5260 2012 5329 ibi,
2101 5260 2358 5332 suspicio,
2394 5277 2515 5330 quae
2555 5259 2770 5314 furtum
2819 5274 3061 5330 persona
3105 5256 3343 5313 fecisset.
3376 5258 3526 5328 Ergo
3577 5275 3702 5313 cum

420 5344 573 5417 quod
620 5344 680 5398 in
725 5342 835 5397 illis
881 5343 1016 5398 locis
1063 5345 1415 5402 rarissimum
1463 5354 1566 5417 est,
1617 5357 1820 5421 puteus
1870 5355 2011 5405 erat.
2098 5350 2458 5422 sequentibus
2480 5348 2674 5404 diebus
2694 5349 2998 5403 secundum
3027 5347 3492 5403 consuetudinem
3521 5347 3702 5402 bestia

421 5435 627 5490 Bovem
655 5449 832 5489 unum
873 5432 1130 5500 habebat,
1173 5437 1332 5506 cujus
1369 5437 1460 5493 hic
1487 5445 1610 5494 erat
1643 5445 1793 5496 totus
1833 5439 2010 5507 labor,
2097 5457 2208 5495 non
2239 5440 2472 5506 veniret,
2506 5439 2773 5494 nimirum
2804 5438 3037 5494 audacis
3066 5438 3195 5493 facti
3215 5437 3442 5492 conscia
3465 5438 3543 5492 ad
3573 5454 3698 5492 eum

419 5523 839 5598 impulsarotali
859 5523 1122 5578 machina
1138 5541 1345 5596 aquam
1368 5528 1692 5598 producere,
1707 5546 1839 5585 nam
1860 5530 2014 5585 mille
2095 5528 2282 5582 venire
2315 5527 2698 5596 dissimulans,
2733 5527 2824 5582 cui
2853 5527 3076 5583 fecisset
3103 5527 3393 5599 injuriam,
3428 5543 3579 5598 aegre
3600 5543 3696 5599 pa-

418 5618 520 5672 aut
534 5614 774 5690 amplius
792 5613 997 5689 pedum
1019 5612 1358 5688 profundum
1375 5617 1530 5690 putei
1548 5617 1846 5677 ferebatur.
1867 5620 2010 5676 Hor-
2095 5617 2341 5678 tiebatur
2367 5618 2604 5677 cremita
2622 5636 2682 5677 se
2710 5619 2951 5677 alumnae
2983 5617 3183 5676 solatio
3205 5616 3571 5676 destitutum:
3593 5633 3695 5690 po-
