3966 6184
263 247 369 304 821

1042 247 1418 304 EXCERPTA
1454 249 1551 304 EX
1589 248 1868 306 SEVERO
1909 247 2242 306 SULPICIO
2277 247 2368 304 ET
2403 246 2774 303 CASSIANO.

3434 244 3542 312 832

258 378 477 428 stremo
498 373 647 430 illius
666 374 920 429 oratione
937 379 1211 442 revocata,
1241 374 1544 446 septimum
1567 381 1695 447 post
1712 375 1863 432 diem
1873 378 1923 438 Α
1942 375 2200 430 mercede
2225 374 2298 430 ad
2316 371 2721 428 monasterium
2760 371 3070 439 redierunt,
3093 376 3152 426 et
3171 371 3337 426 ﬁdem
3358 373 3542 428 sancti

258 462 445 529 affuit,
472 468 537 518 ut
560 463 796 530 solebat,
826 469 958 519 ante
986 463 1132 519 fore
1170 465 1432 519 caananti.
1472 465 1582 520 Sed
1609 471 1674 519 ut
1701 465 1864 522 facile

257 567 526 606 cerneres
551 552 941 608 verecundiam
969 553 1310 625 pcenitentis,
1347 571 1456 609 non
1478 571 1617 609 ausa
1635 555 1864 627 propius

258 641 548 708 accedere,
572 641 806 713 dejectis
833 642 1110 713 profundo
1141 643 1352 714 pudore
1379 643 1438 698 in
1464 648 1677 699 terram
1700 644 1865 700 lumi-

259 729 452 796 nibus,
469 731 618 802 quod
629 731 817 802 palam
831 731 1035 786 licebat
1048 731 1307 803 intelligi,
1323 732 1626 803 quamdam
1643 735 1863 789 veniam

257 818 620 889 precabatur.
640 820 820 884 Quam
841 819 993 874 illius
1013 819 1397 876 confusionem
1417 821 1718 877 miseratus
1745 837 1863 879 ere-

257 907 423 974 mita,
452 907 618 979 jubet
649 924 775 963 eam
799 909 1029 981 propius
1057 909 1339 977 accedere,
1365 925 1431 965 ac
1458 927 1632 965 manu
1657 910 1863 967 blanda

256 1003 432 1068 caput
458 997 621 1052 triste
641 998 986 1069 permulcet;
1011 998 1214 1055 deinde
1234 1014 1378 1071 pane
1397 1000 1682 1071 duplicato
1704 1017 1858 1056 ream

258 1103 425 1141 suam
463 1087 692 1142 refecit:
745 1087 832 1142 ita
873 1087 1284 1158 indulgentiam
1327 1094 1645 1157 consecuta,
1691 1089 1862 1146 ofﬁcii

256 1175 723 1230 consuetudinem
740 1176 994 1248 deposito
1011 1194 1251 1233 moerere
1274 1179 1574 1250 reparavit.
1592 1180 1861 1235 Intuemi-

255 1261 336 1327 ni,
373 1279 584 1334 quaeso,
617 1262 826 1318 Christi
847 1263 1017 1318 etiam
1043 1263 1104 1318 in
1128 1263 1232 1319 hac
1262 1269 1423 1335 parte
1456 1264 1741 1333 virtutem,
1771 1265 1861 1321 cui

255 1349 409 1422 sapit
423 1367 590 1406 omne
609 1352 758 1422 quod
777 1351 1006 1407 brutum
1026 1357 1130 1419 est,
1155 1353 1246 1408 cui
1268 1353 1405 1408 mite
1425 1358 1510 1408 est
1531 1370 1696 1409 omne
1710 1355 1860 1426 quod

257 1441 454 1494 saevit:
488 1440 619 1513 lupa
658 1441 904 1496 ofﬁcium
942 1446 1194 1513 praestat,
1243 1441 1423 1496 bestia
1467 1442 1603 1497 furti
1644 1445 1858 1499 crimen

255 1529 533 1598 agnoscit,
569 1529 701 1601 lupa
729 1530 950 1584 conscio
979 1531 1192 1602 pudore
1220 1530 1582 1586 confunditur
1609 1550 1620 1585 :
1663 1538 1860 1589 vocata

255 1618 439 1684 adest,
476 1623 643 1690 caput
669 1618 916 1690 praebet;
950 1624 1007 1674 et
1048 1619 1219 1675 habet
1241 1636 1471 1675 sensum
1499 1621 1730 1676 indultae
1750 1622 1858 1678 sibi

1943 463 2296 536 gloriamque
2313 462 2523 519 Christi
2537 478 2708 533 quam
2721 461 2827 533 ipsi
2850 462 3104 516 viderant
3113 468 3536 517 enarraverunt.

2565 551 2798 608 CAPUT
2824 552 2921 606 IX.

1945 644 2139 698 Frater
2159 642 2390 712 quidam
2421 643 2578 696 ibicis
2615 644 2854 709 exemplo
2878 642 3074 695 didicit
3102 642 3238 710 quid
3268 642 3331 695 de
3358 639 3537 695 herbis

2271 729 2444 795 edere,
2477 731 2672 799 quidve
2702 744 2954 798 respuere
2978 729 3204 783 deberet.

2013 817 2146 873 Fuit
2169 823 2227 872 et
2250 818 2394 873 alius
2414 818 2474 873 in
2501 818 2612 872 illis
2642 816 2964 888 regionibus
2983 817 3339 883 anachoreta,
3363 815 3459 888 qui
3479 814 3539 870 in

1944 922 2012 962 ea
2036 912 2216 978 parte,
2248 924 2370 979 quae
2402 913 2488 962 est
2516 908 2746 978 Syenes,
2778 905 3067 960 habitabat
3087 907 3333 973 (Severus
3353 904 3532 975 Sulp.,

1944 997 2161 1065 dialogo
2188 997 2244 1062 1,
2271 1014 2315 1050 c.
2356 995 2460 1065 10).
2495 996 2598 1051 Hic
2626 1013 2754 1051 cum
2783 998 3031 1067 primum
3057 1013 3117 1050 se
3164 995 3235 1049 ad
3284 1011 3536 1050 eremum

1944 1089 2134 1150 544
2163 1086 2509 1151 contulisset,
2553 1085 2741 1140 herbis
2773 1084 3194 1155 herbarumque
3235 1083 3532 1150 radicibus,

1943 1191 2083 1246 quas
2109 1175 2403 1246 praedulcis
2433 1175 2718 1230 interdum
2744 1181 2802 1229 et
2822 1174 3039 1246 saporis
3061 1174 3253 1229 eximii
3280 1174 3389 1228 fert
3418 1190 3538 1228 are-

1942 1279 2032 1327 na,
2069 1263 2336 1330 victurus,
2371 1264 2604 1334 ignarus
2627 1263 2898 1334 germinis
2925 1263 3188 1335 eligendi,
3213 1263 3409 1318 nociva
3425 1263 3538 1334 ple~

1940 1368 2179 1423 rumque
2195 1359 2485 1424 carpebat;
2509 1370 2612 1407 nec
2633 1357 2756 1408 erat
2768 1353 2928 1408 facile
2939 1353 3050 1406 vim
3066 1353 3320 1407 radicum
3340 1369 3538 1423 sapore

1941 1440 2273 1507 discernere,
2314 1442 2447 1512 quia
2485 1442 2672 1496 omnia
2717 1459 2874 1512 aeque
2904 1442 3106 1508 dulcia,
3145 1441 3243 1510 sed
3271 1441 3538 1513 pleraque

1940 1527 2240 1583 occultiore
2260 1535 2464 1583 natura
2481 1547 2630 1583 vrrus
2648 1530 2853 1584 lethale
2873 1529 3225 1584 cohibebant.
3245 1531 3386 1584 Cum
3403 1546 3538 1601 ergo

1940 1615 2198 1671 edentem
2227 1617 2308 1672 vis
2339 1618 2564 1672 interna
2600 1623 2890 1690 torqueret
2924 1625 2981 1673 et
3010 1618 3301 1673 immensis
3336 1619 3538 1673 dolori-

254 1707 453 1773 veniae,
496 1706 639 1761 sicut
666 1707 936 1779 pudorem
965 1709 1142 1780 gessit
1162 1709 1355 1766 errati,
1377 1710 1499 1765 Tua
1516 1711 1635 1766 haec
1657 1711 1854 1780 virtus,
1873 1694 1922 1756 B
1943 1704 2047 1760 bus
2066 1705 2257 1760 vitalia
2279 1707 2539 1762 universa
2569 1713 2953 1779 quaterentur,
2987 1723 3050 1761 ac
3070 1707 3331 1780 frequens
3363 1707 3539 1762 vomi-

255 1795 520 1863 Christe;
569 1801 666 1850 tua
695 1797 813 1851 haec
841 1803 990 1863 sunt,
1024 1797 1263 1865 Christe,
1299 1797 1589 1854 miracula.
1634 1799 1856 1856 Etenim

255 1901 382 1956 quae
402 1884 462 1939 in
491 1889 590 1940 tuo
609 1886 836 1941 nomine
856 1891 1162 1959 cperantur
1181 1887 1326 1942 servi
1349 1887 1455 1952 tui,
1484 1893 1589 1944 tua
1608 1893 1741 1944 sunt
1756 1890 1858 1945 mi-

253 1972 494 2041 rabilia;
527 1979 585 2029 et
611 1974 669 2028 in
697 1974 802 2029 hoc
828 1974 1270 2047 ingemiscimus,
1314 1977 1463 2049 quod
1501 1979 1857 2050 majestatem

254 2068 416 2118 tuam
436 2062 568 2120 fera:
596 2063 866 2132 sentiunt,
895 2065 1152 2120 homines
1182 2082 1296 2121 non
1322 2071 1604 2122 verentur.
1637 2068 1723 2123 Ne
1767 2069 1858 2125 cui

255 2158 448 2207 autem
477 2153 582 2208 hoc
613 2153 941 2209 incredibile
969 2155 1245 2222 videatur,
1278 2157 1496 2227 majora
1523 2157 1706 2212 adhuc
1735 2174 1856 2213 me-

253 2241 510 2298 morabo.
551 2242 715 2299 Fides
758 2243 967 2298 Christi
1013 2244 1174 2299 adest
1197 2261 1286 2300 me
1323 2244 1464 2300 nihil
1493 2246 1724 2316 ﬁngere,
1757 2247 1854 2304 sed

256 2348 380 2405 qua
410 2331 554 2387 mihi
572 2331 714 2390 bene
737 2338 1025 2407 comperta
1046 2337 1180 2388 sunt
1207 2333 1514 2406 explicabo.

854 2422 1089 2479 CAPUT
1111 2423 1265 2479 VIII.

255 2513 409 2582 Quod
439 2515 684 2585 quinque
716 2513 893 2568 catuli
921 2515 1142 2567 leonum
1184 2515 1308 2568 caci
1329 2530 1433 2584 per
1462 2514 1854 2570 anachoretam

815 2604 1136 2662 illuminati
1153 2607 1304 2658 sunt.

323 2689 674 2746 Habitabant
699 2689 954 2763 plerique
978 2690 1037 2746 in
1067 2707 1255 2746 eremo
1284 2691 1406 2747 sine
1432 2691 1563 2747 ullis
1597 2691 1856 2749 taberna-

247 2779 412 2848 culis,
447 2796 587 2852 quos
613 2780 979 2835 anachoretas
1008 2786 1210 2836 vocant
1239 2781 1498 2846 (Severus
1527 2782 1707 2854 Sulp.,
1736 2785 1856 2838 dia-

250 2873 369 2939 logo
413 2868 461 2936 l,
487 2885 609 2939 cap.
648 2869 724 2939 9).
760 2869 968 2924 Vivunt
1008 2869 1311 2926 herbarum
1350 2870 1650 2940 radicibus,
1697 2872 1852 2928 nullo

247 2974 502 3030 unquam
535 2963 685 3013 certo
706 2959 826 3013 loco
852 2959 1185 3027 consistunt,
1218 2976 1289 3014 ne
1319 2959 1389 3014 ab
1419 2960 1741 3017 horninibus
1768 2961 1850 3015 vi-

1941 1798 2033 1848 tus
2069 1793 2409 1850 cruciatibus
2446 1812 2559 1850 non
2590 1795 2832 1850 ferendis
2870 1793 3056 1868 ipsarri
3095 1795 3295 1850 anima
3323 1796 3534 1862 sedem,

1940 1883 2233 1938 stomacho
2259 1884 2380 1955 jam
2394 1884 2706 1954 fatiscente,
2729 1885 3074 1950 dissolveret,
3094 1886 3330 1940 eremita
3348 1885 3540 1940 omnia

1939 1971 2167 2042 penitus
2197 1990 2319 2044 quae
2347 1979 2536 2029 essent
2565 1974 2781 2029 edenda
2804 1974 3130 2042 formidans,
3162 1975 3302 2028 nihil
3319 1976 3437 2045 jam
3458 1980 3540 2029 at-

1939 2066 2183 2118 trectare
2207 2069 2308 2119 aut
2332 2069 2562 2136 gustare
2588 2065 2848 2120 audebat.
2879 2065 3192 2136 Septimum
3213 2081 3435 2136 quoque
3460 2066 3540 2135 je~

1933 2150 2109 2222 junus
2139 2152 2306 2219 diem,
2341 2153 2547 2226 spiritu
2571 2155 2691 2226 jam
2707 2155 3022 2221 deﬁciente,
3041 2153 3296 2222 ducebat,
3320 2169 3449 2208 cum
3465 2155 3539 2209 ad

1939 2255 2070 2294 eum
2095 2240 2234 2310 fera,
2251 2243 2509 2298 cuiibicis
2525 2250 2610 2299 est
2629 2259 2853 2310 nomen,
2869 2243 3126 2298 accessit:
3148 2243 3278 2298 huic
3307 2243 3538 2316 propius

1937 2330 2166 2398 astanti,
2192 2330 2516 2388 fasciculum
2540 2333 2862 2400 herbarum,
2897 2350 3064 2404 quem
3095 2333 3390 2388 collectum
3418 2332 3538 2404 pri-

1937 2417 2029 2472 die
2058 2419 2336 2492 attingere
2360 2423 2596 2477 eremita
2617 2439 2727 2477 non
2751 2422 3011 2489 audebat,
3042 2421 3266 2493 objecit.
3287 2421 3398 2477 Sed
3419 2421 3538 2476 fera

1939 2523 2064 2578 quae
2091 2507 2374 2566 virulenta
2399 2517 2562 2566 erant
2592 2528 2688 2566 ore
2717 2511 3040 2578 discutiens,
3057 2527 3180 2583 quae
3200 2510 3426 2566 innoxia
3441 2527 3537 2565 no-

1936 2601 2094 2651 verat
2131 2598 2392 2670 eligebat.
2435 2601 2523 2656 Ita
2566 2601 2653 2656 vir
2687 2606 2914 2656 sanctus
2952 2601 3076 2672 ejus
3118 2600 3372 2672 exemplo
3401 2599 3536 2670 quid

1938 2685 2125 2754 edere,
2163 2688 2297 2758 quid
2326 2706 2591 2761 respuere
2615 2689 2848 2745 deberet
2865 2689 3113 2756 edoctus,
3141 2695 3199 2745 et
3224 2689 3535 2762 periculum

1937 2774 2100 2830 famis
2121 2767 2315 2846 evasit,
2350 2784 2408 2834 et
2433 2779 2737 2835 herbarum
2768 2796 2985 2835 venena
3006 2779 3219 2836 vitavit.

2568 2870 2801 2924 CAPUT
2829 2870 2897 2924 X.

2568 2870 2705 2924 CAP
2829 2870 2897 2924 X.

1933 2961 2367 3032 Fraterquidam
2383 2869 2977 3030 quinquagirItJtrcIr‘annis
2990 2962 3054 3014 in
3066 2965 3248 3014 monte
3260 2961 3399 3015 Sina
3411 2975 3534 3015 con-

245 3049 514 3104 sitentur.
565 3048 652 3102 Ad
694 3048 995 3120 quemdam
1029 3049 1201 3120 igitur
1237 3049 1343 3104 hoc
1385 3048 1500 3104 ritu
1525 3054 1696 3122 atque
1741 3050 1910 3115 haec
1992 3053 2238 3118 stitutus,
2272 3065 2385 3104 non
2408 3050 2632 3118 patitur
2650 3050 2898 3102 aliorum
2918 3049 3170 3116 fratrum
3190 3064 3448 3103 accessus.

245 3138 372 3209 lege
453 3136 747 3204 viventem,
814 3137 925 3192 duo
989 3155 1054 3192 ex
1111 3137 1297 3193 Nitria
1357 3139 1654 3206 monachi,
1718 3140 1851 3196 licet

244 3227 414 3299 longe
445 3226 666 3280 diversa
689 3227 935 3298 regione,
959 3231 1150 3280 tamen
1175 3227 1306 3298 quia
1327 3227 1462 3282 olim
1482 3228 1622 3300 ipsis
1651 3229 1710 3284 in
1731 3247 1847 3286 mo-

244 3316 485 3372 nasterii
522 3315 942 3370 conversatione
987 3317 1189 3370 charus
1218 3321 1276 3370 et
1300 3316 1594 3372 familiaris
1626 3318 1840 3387 fuisset,

243 3405 459 3460 auditis
482 3405 610 3476 ejus
634 3404 932 3459 virtutibus
959 3405 1340 3462 tetenderunt.
1367 3407 1545 3470 Quem
1573 3407 1670 3462 diu
1698 3410 1846 3464 mul-

243 3501 484 3566 tumque
513 3494 829 3566 quaesitum,
869 3494 1099 3549 tandem
1127 3511 1320 3550 mense
1351 3496 1590 3568 septimo
1618 3514 1845 3570 repere-

243 3590 381 3640 runt
407 3584 467 3638 in
497 3589 747 3638 extremo
771 3583 866 3638 illo
897 3583 1117 3638 deserto
1142 3585 1290 3655 quod
1321 3590 1406 3640 est
1424 3585 1700 3658 Memphis
1718 3605 1848 3644 con-

238 3675 465 3746 tignum
497 3674 904 3736 demorantem,
939 3690 1077 3744 quas
1095 3674 1189 3728 ille
1217 3673 1550 3730 solitudines
1582 3677 1703 3746 jam
1744 3695 1844 3750 per

242 3776 425 3814 annos
437 3758 728 3814 duodecim
742 3758 1032 3813 dicebatur
1043 3758 1316 3813 habitare.
1331 3760 1437 3824 Qui
1447 3761 1579 3816 licet
1591 3763 1842 3819 omnium

241 3849 541 3904 hominum
558 3848 762 3902 vitaret
781 3864 1092 3914 occursum,
1121 3854 1314 3902 tamen
1339 3850 1546 3920 agnitis
1573 3851 1840 3907 fratribus

2005 3138 2114 3194 Sed
2142 3140 2373 3210 longum
2401 3141 2488 3192 est
2506 3137 2574 3191 de
2595 3135 2854 3191 omnibus
2887 3136 2983 3208 qui
3005 3152 3258 3190 eremum
3275 3136 3530 3192 incolunt

1928 3232 2216 3300 comperta
2242 3227 2402 3282 nobis
2431 3242 2746 3280 memorare
2779 3226 2978 3294 (Sever.
3003 3225 3185 3294 Sulp.,
3224 3227 3440 3294 dialogo
3477 3225 3524 3287 l.

1929 3333 1974 3372 ο.
2002 3315 2342 3386 ’11),Αηιιιιω
2360 3317 2645 3385 integrum
2673 3320 2730 3370 et
2749 3319 2964 3386 septem
2981 3313 3097 3368 fere
3127 3330 3352 3368 menses
3376 3315 3529 3369 intra

1928 3406 2294 3462 solitudinem
2324 3404 2662 3460 constitutus
2710 3403 2886 3475 exegi,
2925 3403 3128 3474 saepius
3162 3408 3355 3457 tamen
3395 3420 3523 3457 cum

1927 3495 2023 3550 illo
2052 3511 2185 3552 sene
2210 3495 2306 3567 qui
2327 3498 2560 3566 puteum
2587 3499 2644 3548 et
2670 3493 2867 3548 bovem
2895 3491 3093 3547 habuit
3111 3491 3376 3546 habitavi.
3399 3493 3522 3548 Duo

1925 3583 2074 3640 beati
2098 3585 2330 3640 Antonii
2347 3579 2703 3638 'monasteria
2723 3582 2856 3648 adii,
2876 3599 2998 3653 quae
3013 3581 3290 3652 hodieque
3306 3581 3376 3636 ab
3398 3584 3522 3653 ejus

1926 3673 2214 3747 discipulis
2245 3675 2586 3730 incoluntur.
2619 3672 2705 3727 Ad
2736 3689 2866 3726 eum
2895 3671 3062 3726 etiam
3099 3672 3282 3725 locum
3311 3671 3370 3725 in
3409 3687 3520 3742 quo

1923 3762 2278 3820 beatissimus
2304 3765 2513 3820 Paulus
2551 3763 2768 3834 primus
2799 3761 3032 3816 eremita
3062 3766 3147 3815 est
3183 3760 3514 3827 diversatus,

1922 3854 2131 3908 accessi
2167 3871 2178 3907 :
2201 3855 2404 3925 jugum
2445 3853 2581 3907 Sina
2617 3851 2825 3906 montis
2852 3851 2984 3918 vidi,
3029 3851 3188 3921 cujus
3225 3866 3513 3916 cacumen,

240 3955 356 3994 non
387 3937 614 4008 refugit,
644 3953 815 4008 seque
842 3936 1184 3991 charissimis
1212 3954 1314 4008 per
1340 3939 1590 3994 triduum
1615 3957 1726 3995 non
1746 3957 1840 3996 ne-
1919 3943 2059 3998 coelo
2073 3959 2215 4015 pene
2228 3943 2574 4013 contiguum,
2597 3956 2954 4012 nequaquam
2979 3939 3121 3994 adiri
3142 3943 3345 4010 potest.
3362 3939 3518 3994 Inter

240 4027 415 4100 gavit.
442 4027 653 4092 Quarto
679 4025 769 4080 die
781 4025 1192 4097 aliquantulum
1204 4043 1550 4098 progressus,
1567 4045 1696 4083 cum
1713 4047 1838 4101 pro-
1922 4032 2093 4104 hujus
2119 4032 2327 4087 montis
2351 4048 2602 4086 secessus
2628 4031 2967 4084 anachoreta
2995 4047 3116 4085 esse
3145 4030 3348 4100 aliquis
3368 4029 3515 4085 fcre-

236 4121 574 4189 sequeretur
597 4114 886 4181 abeuntes,
907 4115 1142 4170 leaenam
1163 4116 1318 4171 mirae
1340 4117 1743 4187 magnitudinis
1761 4121 1834 4175 ad
1919 4120 2102 4189 batur,
2133 4138 2300 4193 quem
2323 4121 2419 4176 diu
2448 4120 2802 4190 multumque
2833 4119 3131 4189 quaesitum
3171 4119 3360 4172 videre
3396 4135 3511 4174 non

234 4223 297 4262 se
334 4205 527 4261 venire
544 4204 912 4276 conspiciunt.
955 4204 1161 4272 Bestia,
1193 4204 1324 4260 licet
1363 4205 1542 4260 tribus
1570 4209 1828 4279 repertis,
1912 4211 2089 4283 potui.
2121 4211 2229 4275 Qui
2257 4210 2374 4264 fere
2397 4211 2516 4280 jam
2543 4215 2673 4263 ante
2705 4207 3116 4279 quinquaginta
3133 4223 3360 4261 annosa
3383 4223 3510 4261 con-

232 4312 349 4350 non
393 4295 607 4349 incerta
656 4310 826 4365 quem
880 4297 1130 4365 peteret,
1188 4295 1537 4351 anachoretae
1592 4297 1827 4368 pedibus
1909 4300 2223 4355 versatione
2243 4300 2492 4354 humana
2509 4302 2778 4363 remotus,
2799 4296 3018 4351 nullum
3036 4296 3203 4350 vestis
3223 4312 3387 4350 usum
3411 4295 3510 4350 ha-

230 4382 566 4450 advolvitur,
603 4399 667 4437 ac
690 4382 891 4437 deinde
918 4383 1322 4454 praecedentem
1339 4389 1670 4455 sequuntur.
1684 4387 1830 4442 Nam
1850 4375 1900 4448 D
1919 4388 2105 4457 bebat,
2129 4389 2227 4444 sed
2256 4388 2392 4443 setis
2412 4386 2658 4458 corporis
2678 4385 2765 4440 sui
2793 4390 2976 4440 tectus
3002 4390 3144 4442 erat.
3184 4384 3289 4439 llic
3315 4383 3507 4455 itaque

229 4473 331 4527 illa
357 4471 597 4544 pmiens
617 4478 672 4526 et
686 4471 925 4527 subinde
941 4477 1176 4538 restans,
1206 4472 1266 4527 in
1286 4490 1381 4538 eos
1399 4473 1748 4543 intendebat,
1769 4482 1834 4532 ut

229 4561 401 4616 facile
431 4566 619 4633 posset
640 4561 880 4631 intelligi
900 4561 956 4616 id
976 4578 1102 4616 eam
1130 4562 1292 4629 velle,
1323 4567 1388 4618 ut
1416 4580 1525 4634 quo
1545 4564 1643 4619 illa
1660 4565 1830 4620 duce-

229 4649 349 4718 bat,
369 4649 712 4705 anachoreta
737 4655 1088 4721 sequeretur.
1107 4651 1254 4715 Quid
1279 4652 1499 4707 multis?
1519 4653 1590 4708 ad
1609 4656 1834 4725 spelun-

228 4756 359 4795 cam
391 4739 583 4794 bestiae
603 4739 942 4811 pervenitur,
972 4739 1068 4794 ubi
1087 4739 1186 4794 illa
1200 4741 1422 4796 adultos
1444 4743 1564 4813 jam
1585 4743 1833 4816 quinque

227 4829 451 4885 catulos
477 4828 741 4884 malefeta
766 4827 1070 4884 nutriebat.
1095 4829 1202 4894 Qui
1221 4835 1286 4884 ut
1307 4830 1510 4886 clausis
1524 4831 1832 4889 luminibus

228 4935 300 4974 ex
336 4919 462 4973 alvo
497 4917 696 4973 matris
739 4918 1009 4985 exierant,
1060 4919 1309 4975 caecitate
1352 4927 1624 4993 perpetua
1672 4928 1829 4978 tene-

231 5008 464 5063 bantur.
497 5008 650 5072 Quos
685 5007 936 5079 singulos
963 5008 1033 5064 de
1060 5025 1202 5081 rupe
1232 5010 1498 5081 prolatos,
1540 5017 1671 5068 ante
1699 5028 1832 5069 ana-

228 5097 480 5154 choreta
496 5097 668 5168 pedes
686 5102 868 5153 mater
885 5098 1160 5169 exposuit.
1181 5100 1337 5154 Tunc
1355 5100 1583 5156 demum
1603 5109 1830 5158 sanctus

228 5187 479 5242 advertit
507 5186 641 5258 quid
671 5185 850 5242 bestia
875 5188 1214 5258 postularet;
1239 5189 1604 5262 invocatoque
1623 5192 1833 5248 Christi

230 5275 856 5343 nomine,contrectavit
867 5293 1040 5332 manu
1054 5279 1248 5334 clausa
1261 5279 1477 5334 lumina
1491 5280 1826 5350 catulorum;

229 5382 301 5421 ac
327 5366 523 5421 statim
551 5367 800 5422 caecitate
822 5367 1076 5439 depulsa,
1099 5368 1310 5440 apertis
1330 5369 1502 5424 oculis
1523 5368 1832 5426 bestiarum

231 5455 332 5511 diu
374 5460 582 5527 negata
613 5456 707 5511 lux
742 5456 944 5528 patuit.
982 5458 1069 5512 Ita
1107 5457 1308 5512 fratres
1337 5457 1432 5512 illo
1469 5459 1826 5525 anachoreta,

232 5561 406 5619 quem
435 5545 913 5617 desideraverant,
941 5546 1182 5617 visitato,
1216 5547 1499 5606 fructuosa
1517 5547 1725 5606 laboris
1741 5550 1829 5608 sui

1914 4479 2133 4551 quoties
2161 4495 2291 4534 eum
2314 4476 2561 4548 religiosi
2588 4475 2692 4529 viri
2718 4475 2874 4530 adire
2898 4475 3212 4541 voluerunt,
3231 4490 3397 4529 cursu
3412 4489 3506 4527 ra-

1913 4559 2044 4640 pid.)
2069 4567 2194 4624 avia
2213 4573 2429 4639 petens,
2461 4580 2754 4620 occursum
2780 4563 3035 4635 fugiebat
3051 4564 3382 4619 humanum.
3396 4562 3506 4620 Uni

1913 4657 2306 4712 tantummodo
2325 4655 2610 4711 ferebatur
2635 4671 2696 4708 se
2724 4659 2855 4709 ante
2881 4653 3329 4725 quinquennium
3357 4668 3503 4724 prae-

1914 4743 2101 4802 buisse
2129 4745 2431 4800 videndum
2451 4743 2567 4815 qui,
2595 4743 2778 4810 credo,
2810 4742 3027 4814 potenti
3047 4743 3158 4798 ﬁde
3178 4742 3234 4796 id
3252 4741 3505 4807 obtinere

1912 4835 2242 4907 promeruit.
2258 4835 2360 4891 Cui
2381 4834 2531 4889 inter
2557 4832 2736 4887 multa
2753 4832 3029 4904 colloquia
3041 4832 3392 4903 percontanti
3408 4848 3509 4887 cur

1912 4923 2169 4981 homines
2196 4930 2491 4996 tantopere
2518 4923 2754 4993 fugeret,
2777 4921 3130 4993 respondisse
3149 4922 3230 4976 illi
3249 4920 3506 4993 perhibe-

1910 5017 2032 5068 tur:
2068 5013 2174 5078 Qui
2198 5013 2268 5068 ab
2297 5011 2617 5068 hominibus
2643 5011 3054 5082 frequentatur,
3082 5027 3195 5066 non
3223 5016 3408 5082 potest
3434 5009 3504 5065 ab

1912 5103 2128 5174 angelis
2155 5101 2553 5160 visitari.Unde
2576 5116 2687 5156 non
2708 5099 2991 5154 immerito
3003 5105 3228 5171 recepta
3241 5100 3506 5172 opinione

1914 5195 2241 5259 multorum,
2259 5193 2411 5247 fama
2427 5191 2770 5260 vulgaverat,
2787 5196 3043 5246 sanctum
3067 5190 3225 5245 illum
3247 5189 3316 5245 ab
3341 5207 3507 5262 ange-

1911 5282 1983 5337 lis
2013 5282 2244 5337 visitar'i.

1987 5373 2102 5442 Ego
2132 5377 2322 5427 autem
2346 5390 2382 5427 a
2411 5371 2547 5427 Sina
2564 5375 2754 5425 monte
2777 5371 3063 5442 digressus
3085 5373 3292 5440 (Ibid),
3325 5371 3395 5425 ad
3410 5370 3506 5424 Ni-

1913 5462 2029 5516 lum
2057 5462 2266 5517 ﬁumen
2295 5477 2584 5533 regressus
2612 5477 2757 5527 sum,
2786 5462 2942 5531 cujus
2954 5461 3106 5533 ripas
3121 5458 3504 5532 frequentibus

1911 5551 2269 5609 monasteriis
2316 5556 2622 5618 consertus,
2677 5555 2914 5625 utraque
2955 5569 3022 5607 ex
3070 5556 3228 5626 parte
3267 5548 3503 5616 lustravi
