3966 6184
491 249 600 312 823
1621 252 1717 308 DE
1740 251 1930 310 VITIS
1966 249 2264 310 PATRUM
2299 249 2514 306 LIBER
2549 251 2644 306 IV.
3615 259 3697 319 824

492 383 550 434 et
559 381 891 452 plerumque
902 379 1031 446 vidi,
1050 385 1114 434 ut
1127 378 1339 434 dudum
1357 379 1628 446 dixeram,
1646 395 1760 434 uno
1775 379 1832 434 in
1852 381 1969 435 loco
1982 380 2082 434 ha-
2100 379 2153 439 Α
2173 376 2358 448 operis
2377 392 2504 447 spes
2516 393 2636 432 esse
2667 394 2780 432 non
2809 381 3051 450 poterat,
3074 381 3261 431 tamen
3288 377 3587 436 obedientiaa
3609 384 3698 438 vir-

493 467 675 525 bitare
697 474 979 536 centenos,
996 469 1093 523 sed
1123 474 1181 523 et
1209 467 1342 522 bina
1360 473 1418 522 et
1435 473 1599 523 terna
1617 469 1793 523 millia
1813 469 1872 523 in
1887 469 2086 524 iisdem
2167 470 2258 520 tus
2285 465 2344 520 in
2373 465 2562 520 labore
2591 466 2849 522 durabat.
2875 467 3126 537 Sequens
3149 483 3365 538 quoque
3385 483 3564 536 annus,
3587 489 3699 528 vano

494 558 689 614 viculis
718 575 886 629 agere
902 557 1210 613 constabat.
1235 557 1352 613 Nec
1375 574 1509 612 sane
1533 557 1612 612 ibi
1635 558 1908 614 minorem
1929 564 2088 630 pute-
2167 554 2356 609 labore
2374 560 2595 610 tantum
2619 557 2875 611 effectum
2895 555 3088 610 fratris
3110 556 3302 610 eludit.
3325 558 3500 612 Tertio
3515 560 3702 616 demum

488 646 561 701 tis
588 646 994 701 diversantium
1028 647 1086 701 in
1122 646 1484 700 multitudine
1521 647 1924 701 monachorum
1964 664 2086 702 esse
2167 660 2333 710 anno,
2368 645 2788 700 succedentium
2832 653 3150 716 temporum
3189 644 3410 700 labente
3452 649 3699 717 curriculo,

487 735 773 803 virtutem,
824 753 995 807 quam
1042 752 1236 790 eorum
1267 752 1388 790 esse
1413 736 1767 806 cognovistis,
1801 737 1898 807 qui
1925 753 1984 790 se
2015 737 2084 790 ab
2167 749 2294 787 cum
2324 750 2504 804 neque
2534 740 2695 789 nocte
2724 751 2905 806 neque
2933 734 3024 788 die
3053 735 3316 805 aquarius
3357 735 3446 790 ille
3482 747 3699 805 cessaret,

488 824 749 880 humanis
777 824 1011 880 coetibus
1037 824 1738 897 removerunt.Praecipua,
1771 831 1834 880 ut
1857 827 1976 896 jam
2005 825 2086 880 di-
2165 823 2323 892 virga
2364 822 2571 876 ﬂoruit.
2625 825 2738 894 Ego
2775 825 2896 895 ipse
2935 839 2999 877 ex
3043 823 3140 876 illa
3165 824 3381 894 virgula
3401 824 3703 882 arbusculam

486 913 560 980 xi,
596 919 653 968 et
685 915 870 985 prima
896 914 974 969 ibi
1002 915 1199 979 virtus,
1229 913 1568 969 obedientia.
1603 915 1798 986 Neque
1827 915 1979 969 enim
2007 915 2085 969 ibi
2165 911 2296 979 vidi,
2315 929 2438 983 quae
2459 912 2736 984 hodieque
2757 913 2909 967 intra
2927 912 3134 967 atrium
3147 914 3461 967 monasterii
3481 917 3631 970 ramis
3646 918 3703 970 vi-

488 1002 654 1057 aliter
679 1003 804 1074 quis
830 1003 1155 1070 adveniens,
1196 1020 1230 1058 a
1258 1004 1584 1058 monasterii
1615 1003 1815 1058 abbate
1845 1004 2082 1075 suscipi-
2165 1001 2418 1055 rentibus
2431 1002 2592 1072 quasi
2605 1002 3062 1056 intestimonium
3075 1008 3586 1073 manens,quantum
3599 1005 3702 1059 obe-

490 1096 603 1160 tur,
630 1108 799 1164 quam
827 1093 924 1164 qui
955 1098 1207 1157 tentatus
1245 1093 1415 1148 fuerit
1456 1098 1511 1148 et
1544 1093 1832 1165 probatus,
1865 1094 2080 1148 nullum
2164 1091 2377 1145 dientia
2400 1091 2627 1158 meruit,
2655 1096 2712 1146 et
2739 1096 3012 1162 quantum
3037 1091 3175 1146 ﬁdes
3203 1096 3404 1162 posset,
3436 1094 3662 1148 ostendit.

482 1197 734 1252 unquam
763 1187 1142 1249 recusaturus,
1175 1183 1308 1238 licet
1342 1182 1580 1238 arduum
1619 1184 1676 1238 et
1702 1183 1959 1250 'difficile,
1993 1183 2080 1238 in-

487 1270 835 1344 dignumque
855 1271 1073 1328 abbatis
1099 1273 1419 1345 imperium.

1109 1380 1344 1436 CAPUT
1373 1381 1469 1436 XI.

661 1487 983 1541 Obedienliae
1019 1489 1364 1542 incredibilis
1384 1504 1590 1555 magna
1614 1492 1912 1545 miracula.

2751 1200 2984 1255 CAPUT
3011 1200 3164 1255 XIII.

2165 1307 2445 1361 Dmmonia
2474 1309 2696 1375 eiiciens
2725 1309 3194 1362 eliamadazmone
3214 1309 3525 1377 possidetur,
3539 1312 3628 1377 ﬁne
3643 1315 3706 1364 la-

2595 1411 2721 1449 men
2749 1397 2967 1450 salubri
2991 1398 3329 1450 restituitur.

1702 1503 1912 1580 racula.
2239 1504 2475 1568 Quidam
2493 1520 2559 1558 ex
2573 1503 2780 1558 sanctis
2801 1503 3063 1558 Patribus
3083 1503 3451 1574 fugandorum
3472 1504 3535 1558 de
3552 1520 3704 1576 corpo-

562 1592 820 1648 Referam
845 1592 1000 1648 vobis
1019 1594 1483 1649 duoincredibilis
1507 1574 1838 1652 obedientiae
1880 1614 2087 1669 magna
2168 1592 2320 1647 ribus
2365 1593 2607 1647 obsessis
2646 1594 2964 1647 daemonum
3007 1593 3320 1646 incredibili
3356 1593 3596 1664 praeditus
3626 1574 3704 1665 po-

489 1681 761 1738 miracula
791 1683 984 1752 (Sever.
1009 1683 1188 1752 Sulp.,
1219 1685 1436 1752 dialogo
1461 1685 1510 1750 l,
1542 1703 1586 1739 ε.
1611 1685 1716 1753 l2).
1751 1687 1932 1756 Igitur
1957 1704 2080 1742 cum
2101 1687 2388 1756 “testate,
2424 1683 2601 1736 multa
2630 1682 2791 1752 signa
2828 1681 3065 1736 faciebat
3097 1681 3235 1750 (Ser.
3270 1683 3442 1751 Sulp.,
3469 1684 3640 1750 dialog.
3667 1683 3703 1745 l,

489 1771 718 1843 quidam
742 1770 917 1826 frater
936 1772 1656 1838 sazculiactibusabdicatis,
1680 1735 2284 1840 monasteriuchap.
2318 1771 2427 1841 14).
2460 1772 2587 1825 Νοη
2634 1772 2818 1825 solum
2861 1771 3010 1825 enim
3053 1787 3320 1842 praesens,
3363 1788 3531 1842 neque
3572 1770 3706 1825 verbo

412 1843 420 1850 ’
487 1877 707 1932 magna;
738 1860 1118 1932 dispositionis
1144 1861 1451 1932 ingressus,
1475 1863 1679 1935 suscipi
1693 1881 1752 1918 se
1774 1871 1999 1936 rogaret
2026 1866 2084 1918 in
2168 1865 2407 1927 tantum,
2437 1861 2534 1914 sed
2564 1865 2622 1914 et
2646 1859 2847 1915 absens
2877 1877 3117 1932 quoque,
3150 1859 3449 1926 interdum,
3481 1859 3624 1913 cilicii
3640 1860 3703 1913 sui

487 1950 1003 2022 congregationem,
1033 1949 1203 2004 abbas
1230 1953 1398 2023 coepit
1426 1951 1477 2006 ei
1510 1953 1688 2007 multa
1718 1969 1818 2024 pro
1825 1970 2033 2026 ponere
2069 1973 2078 2007 :
2167 1950 2405 2004 ﬁmbriis
2427 1954 2526 2004 aut
2545 1949 2796 2021 epistolis
2811 1949 2998 2004 missis
3015 1949 3244 2003 obsessa
3259 1966 3482 2020 corpora
3498 1948 3702 2003 curabat.

488 2055 687 2111 graves
715 2055 836 2094 esse
864 2039 1014 2094 illius
1046 2039 1351 2110 disciplinae
1381 2040 1619 2110 labores,
1652 2059 1754 2097 sua
1783 2059 1913 2098 vero
1943 2044 2086 2098 dura

491 2128 750 2200 imperia,
780 2145 906 2199 qua:
924 2128 1137 2183 nullius
1156 2129 1317 2184 facile
1338 2136 1526 2201 posset
1544 2131 1778 2203 implere
1790 2133 2082 2204 patientia:

491 2216 644 2272 aliud
668 2217 856 2288 potius
866 2217 1290 2285 monasterium,
1309 2218 1404 2273 ubi
1415 2219 1757 2297 facilioribus
1786 2222 2002 2293 legibus
2014 2222 2088 2276 vi-

491 2311 734 2372 veretur,
762 2311 1064 2378 expeteret,
1090 2313 1147 2362 et
1162 2324 1275 2362 non
1299 2313 1540 2364 tentaret
1554 2311 1784 2381 aggredi
1806 2312 1953 2382 quod
1975 2328 2085 2366 non

491 2399 683 2467 posset
708 2395 1035 2467 adimplere.
1061 2397 1159 2451 Ille
1185 2414 1316 2452 vero
1336 2398 1424 2452 his
1443 2399 1755 2454 terroribus
1794 2399 1933 2454 nihil
1964 2417 2088 2471 per-

491 2485 725 2553 moveri,
754 2485 852 2540 sed
877 2486 1057 2556 magis
1076 2503 1300 2541 omnem
1330 2486 1707 2543 obedientiam
1737 2489 1817 2544 ita
1840 2489 2085 2560 polliceri

492 2573 681 2646 ccepit,
713 2579 778 2629 ut
800 2575 847 2629 si
867 2591 996 2630 eum
1015 2574 1190 2630 abbas
1211 2576 1269 2630 in
1293 2575 1481 2646 ignem
1506 2577 1587 2631 ire
1610 2578 1956 2649 prmeiperet,
1973 2596 2086 2633 non

492 2669 782 2719 recusaret
808 2663 1040 2723 intrare.
1073 2665 1253 2729 Quam
1276 2665 1426 2720 illius
1445 2667 1845 2736 professionem
1869 2666 1962 2722 ubi
1994 2666 2086 2720 ab-

2169 2039 2270 2093 Hic
2291 2056 2423 2110 ergo
2451 2040 2658 2093 mirum
2675 2039 2733 2093 in
2747 2039 2973 2094 modum
2990 2038 3448 2109 frequentabatur
3462 2055 3492 2092 a
3509 2039 3701 2110 papulis,

2169 2145 2239 2182 ex
2265 2128 2460 2183 multis
2481 2128 2617 2183 locis
2637 2129 2708 2183 ad
2735 2145 2865 2183 eum
2885 2128 3239 2183 venientibus
3263 2146 3274 2182 ε
3310 2133 3460 2182 taceo
3480 2129 3540 2182 de
3569 2128 3707 2180 mino-

2170 2216 2354 2284 ribus;
2388 2217 2654 2289 praefecti,
2689 2219 2940 2284 comites,
2975 2224 3145 2289 atque
3172 2219 3511 2273 diversarum
3535 2216 3706 2287 judices

2168 2310 2532 2378 potestatum,
2566 2323 2680 2378 prae
2716 2306 2929 2362 foribus
2957 2307 3110 2362 illius
3139 2324 3290 2380 saepe
3314 2309 3603 2379 jacuerunt.
3631 2305 3706 2358 Hic

2168 2396 2320 2450 enim
2347 2396 2501 2450 omni
2530 2403 2665 2468 potu
2693 2397 2752 2451 in
2772 2402 3108 2470 perpetuum
3137 2397 3365 2468 penitus
3392 2395 3706 2463 abstinuit,ac

2167 2485 2398 2556 projcibo
2412 2491 2627 2557 septem
2643 2491 2866 2541 tantum
2885 2487 3081 2541 caricis
3096 2485 3706 2542 sustentabatur.lnterea

2167 2580 2358 2628 sancto
2381 2575 2518 2642 viro,
2545 2581 2610 2629 ut
2639 2591 2703 2630 ex
2741 2576 2947 2630 virtute
2977 2576 3177 2642 honor,
3213 2576 3294 2630 ita
3322 2592 3385 2630 ex
3422 2575 3607 2629 honore
3632 2590 3704 2625 va-

2167 2662 2314 2718 nitas
2333 2663 2499 2734 coepit
2521 2663 2839 2736 subrepere.
2870 2665 3029 2729 Quod
3050 2665 3267 2719 malum
3288 2664 3383 2720 ubi
3401 2664 3488 2718 ille
3507 2664 3703 2735 primum

493 2751 595 2808 bas
630 2754 861 2825 accepit,
903 2770 1015 2808 non
1058 2759 1352 2808 cunctatus
1391 2754 1646 2826 probare,
1675 2755 1838 2826 jubet
1875 2773 2002 2810 eum
2031 2757 2090 2810 in
2173 2753 2358 2824 potuit
2385 2753 2444 2806 in
2474 2771 2533 2807 se
2561 2754 2768 2807 sentire
2788 2753 3053 2824 grassari,
3080 2755 3178 2809 diu
3207 2755 3542 2824 multumque
3560 2752 3705 2805 discu-

495 2842 1234 2914 c1ibanum,quicoquendis
1255 2843 1494 2915 panibus
1517 2845 1840 2916 parabatur,
1856 2845 2088 2900 intrare.
2174 2848 2293 2896 tere
2322 2849 2554 2897 conatus
2595 2849 2700 2910 est,
2739 2843 2836 2898 sed
2868 2844 3138 2915 repellere
3169 2845 3394 2916 penitus
3418 2859 3518 2897 non
3546 2841 3705 2913 potuit.

495 2933 572 2988 At
599 2931 694 2986 ille
721 2947 834 2987 non
861 2931 1080 2987 distulit
1099 2949 1296 3004 parere
1317 2941 1612 3005 praecepto,
1640 2935 1736 2989 sed
1757 2935 1949 2989 statim
1980 2952 2093 2989 me-
2174 2931 2390 3002 Ubique
2415 2949 2622 2987 nomen
2648 2935 2770 3004 ejus
2792 2934 3074 2988 daemones
3097 2933 3434 2988 fatebantur.
3455 2931 3708 2985 Excludere

495 3020 619 3076 dias
643 3021 899 3076 ﬂammas
910 3021 1048 3076 nihil
1070 3022 1664 3092 cunctatusingressus
1684 3029 1786 3077 est.
1814 3024 1946 3088 Quae
1966 3041 2092 3078 mox
2113 3059 2157 3121 ὓ
2175 3037 2207 3075 a
2228 3038 2287 3076 se
2312 3023 2688 3076 conﬂuentem
2714 3023 2983 3094 populum
3012 3039 3123 3077 non
3154 3023 3407 3077 valebat:
3437 3021 3572 3076 virus
3595 3021 3707 3073 inte-

496 3115 618 3165 tam
647 3110 845 3165 audaci
863 3110 974 3164 ﬁde
1001 3111 1175 3177 victae,
1210 3111 1361 3166 velut
1388 3112 1500 3165 illis
1530 3112 1811 3182 quondam
1840 3113 2090 3168 chrzeis
2117 3109 2280 3164 “rim
2307 3111 2487 3166 latens
2515 3111 2774 3183 serpebat
2791 3113 2849 3166 in
2869 3117 3112 3184 pectore,
3134 3118 3193 3167 et
3213 3114 3371 3185 cujus
3389 3117 3519 3166 nutu
3537 3128 3592 3164 ex
3608 3109 3710 3162 alio-

497 3199 705 3272 pueris,
739 3205 1047 3267 cesserunt,
1081 3205 1138 3255 et
1164 3201 1457 3255 confestim
1483 3201 1628 3272 fugit
1655 3201 1997 3256 incendium.
2025 3203 2093 3257 Et

495 3290 618 3362 ipse
656 3289 753 3361 qui
796 3290 1082 3361 ingressus
1111 3295 1214 3357 est,
1247 3296 1305 3344 et
1333 3290 1637 3362 putabatur
1661 3308 1910 3359 arsurus,
1942 3291 2094 3346 velut

473 3379 698 3451 ,frigido
727 3395 854 3434 rore
879 3379 1165 3451 perfusum
1195 3397 1254 3434 se
1276 3396 1396 3434 esse
1413 3380 1651 3435 miratus
1680 3386 1786 3435 est.
1822 3381 1931 3436 Sed
1961 3381 2094 3452 quid

496 3468 786 3535 mirum,si
800 3474 983 3535 tuum,
1009 3469 1248 3536 Christe,
1273 3470 1514 3524 tironem
1542 3471 1688 3542 ignis
1713 3470 1807 3526 ille
1828 3487 1938 3525 non
1961 3472 2094 3525 teti-

494 3558 599 3630 git,
644 3563 711 3612 ut
759 3573 860 3612 nec
907 3557 1168 3613 abbatem
1198 3560 1416 3630 pigeret
1459 3560 1602 3614 dura
1635 3560 1951 3626 mandasse,
1993 3577 2095 3614 nec

498 3646 835 3718 discipulum
877 3647 1174 3718 paeniteret
1213 3647 1588 3703 obedientiam
1631 3649 1897 3720 explesse.
1953 3649 2095 3703 Hinc

437 3765 459 3783 ο
501 3753 637 3807 ergo
655 3735 1083 3806 intelligendum
1113 3741 1199 3791 est
1217 3743 1492 3808 quantum
1507 3738 1824 3792 obedientia
1844 3737 2094 3793 obtinere

500 3825 653 3896 apud
682 3825 862 3879 Deum
884 3841 1221 3892 mereamur,
1234 3826 1368 3880 dum
1389 3827 1482 3880 ille
1504 3827 1599 3898 qui
1631 3843 1696 3881 eo
1717 3844 1826 3898 quo
1853 3828 2094 3882 advene-

500 3917 594 3970 rat
615 3913 706 3967 die
733 3913 1274 3982 tentaturinﬂrmus,
1293 3932 1393 3986 per
1422 3916 1736 3986 agilitatem
1767 3916 2095 3972 obedientize

495 4002 777 4077 perfectus
787 4002 1045 4058 inventus
1055 4010 1159 4059 est.
1183 4005 1383 4060 Merito
1405 4005 1551 4073 felix,
1565 4006 1765 4062 merito
1792 4005 2091 4078 gloriosus,

499 4092 771 4168 probatus
798 4093 1136 4158 obedientia.
1162 4096 1509 4168 glorificatus
1535 4103 1617 4153 est
1647 4097 1928 4170 passione.

1106 4204 1340 4260 CAPUT
1363 4206 1486 4261 XII.

908 4311 1082 4368 Aliud
1105 4315 1449 4369 miraculum
1469 4314 1800 4374 obcdienliw.

567 4400 810 4468 Quidam
824 4400 1020 4457 itidem
1031 4401 1277 4458 fraterin
1289 4404 1484 4459 eodem
1496 4406 1838 4462 monasterio
1851 4407 1922 4462 ad
1937 4424 2090 4463 eum-

494 4491 627 4548 dem
653 4490 914 4547 abbatem
942 4491 1294 4564 recipiendus
1329 4499 1519 4560 542
1556 4495 1860 4564 advenerat
1885 4498 2085 4566 (Sever.

493 4583 676 4652 Sulp.,
710 4583 915 4650 dialog.
944 4579 1175 4653 4,0.13).
1207 4582 1349 4637 Cum
1379 4583 1562 4654 prima
1581 4585 1632 4638 ei
1651 4585 1744 4640 lex
1759 4585 2088 4644 obedientia:

491 4671 923 4740 proponeretur,
948 4681 1012 4721 ac
1027 4671 1315 4738 perpetem
1335 4667 1695 4739 polliceretur
1708 4670 1778 4724 ad
1800 4672 1990 4726 omnia
2002 4674 2087 4728 vel

493 4761 749 4812 extrema
771 4755 1122 4828 patientiam,
1149 4773 1280 4812 casu
1305 4756 1477 4812 abbas
1506 4759 1844 4814 storacinam
1873 4761 2087 4832 virgam

494 4845 710 4900 aridam
744 4861 917 4900 manu
954 4843 1221 4916 gerebat:
1256 4845 1402 4900 hanc
1431 4847 1551 4901 fixit
1575 4847 1634 4902 in
1660 4851 1892 4916 terram,
1918 4855 2086 4923 atque

492 4932 576 4987 illi
603 4933 827 4990 advena
863 4934 919 4988 id
956 4934 1140 5006 operis
1167 4935 1431 5006 injunxit,
1476 4942 1540 4991 ut
1578 4941 1694 4992 tam
1724 4938 1820 4994 diu
1857 4939 2084 5012 virgulae

492 5036 700 5092 aquam
721 5021 996 5094 irriguarn
1014 5024 1379 5094 ministraret,
1395 5027 1572 5081 donec
1590 5027 1756 5099 (quod
1773 5033 1963 5084 contra
1982 5047 2082 5085 na-

490 5115 680 5165 turam
714 5111 852 5178 erat)
882 5111 1040 5182 virga
1067 5113 1226 5169 arida
1255 5115 1312 5169 in
1343 5115 1460 5170 solo
1492 5115 1685 5171 are'nte
1712 5117 2010 5174 viresceret
2039 5121 2080 5174 ί.

491 5198 787 5271 Subjectus
814 5200 908 5255 ille
936 5200 1110 5256 frater
1129 5203 1282 5258 durae
1302 5205 1440 5276 legis
1462 5205 1715 5277 imperio,
1743 5225 1945 5279 aquam
1961 5226 2083 5281 pro-

487 5289 626 5362 priis
653 5288 904 5344 humeris
941 5291 1188 5362 quotidie
1213 5294 1572 5363 convehebat,
1603 5313 1726 5368 quae
1755 5316 1789 5352 a
1819 5299 1942 5353 Nilo
1973 5301 2080 5354 ﬂu-

486 5379 640 5435 mine
668 5395 768 5452 per
796 5379 907 5434 duo
928 5379 1040 5435 fere
1064 5381 1241 5436 millia
1266 5385 1577 5455 petebatur.
1597 5388 1833 5460 Jamque
1853 5406 2079 5445 emenso

488 5471 622 5527 anni
644 5470 844 5544 spatio,
868 5470 1027 5526 labor
1051 5488 1164 5527 non
1189 5474 1441 5530 cessabat
1470 5477 1776 5548 operantis,
1799 5479 1868 5533 de
1896 5479 2081 5535 fructu

557 5588 574 5625 ¹
608 5587 802 5648 Simile
832 5588 983 5662 apud
1010 5588 1222 5664 Pelag,
1249 5589 1418 5648 libell.
1448 5607 1522 5663 ιν,
1554 5609 1710 5651 num.
1744 5593 1802 5655 3.

2173 3217 2300 3254 rum
2328 3201 2654 3272 corporibus
2683 3202 2962 3257 daemones
2998 3201 3358 3273 fugabantur,
3392 3202 3611 3273 seipsum
3645 3214 3707 3250 oc-

2174 3289 2339 3344 cultis
2367 3291 2802 3361 cogitationibus
2831 3291 3094 3346 vanitatis
3118 3309 3363 3364 purgare
3390 3308 3494 3345 non
3514 3291 3706 3362 poterat.

2175 3379 2328 3434 Totis
2348 3379 2523 3449 igitur
2540 3381 2797 3452 precibus
2815 3398 3114 3436 conversus
3134 3382 3208 3436 ad
3228 3382 3532 3446 Dominum,
3553 3376 3708 3440 oravit.

2177 3473 2258 3537 ut,
2280 3469 2557 3540 permissa
2580 3469 2636 3523 in
2659 3487 2718 3524 se
2738 3470 2945 3525 diaboli
2977 3477 3278 3542 potestate,
3309 3470 3495 3525 similis
3521 3469 3614 3522 illis
3639 3468 3710 3520 ﬁe-

2176 3563 2264 3613 ret
2291 3575 2430 3629 quos
2443 3560 2560 3630 ipse
2571 3567 2879 3615 curaverat.
2901 3561 3043 3624 Quid
3060 3561 3288 3615 multis?
3308 3561 3398 3615 ille
3426 3564 3707 3630 praepotens,

2175 3648 2269 3702 ille
2289 3648 2464 3719 signis
2487 3653 2656 3720 atque
2676 3649 2975 3705 virtutibus
2995 3655 3113 3705 toto
3136 3651 3366 3706 Oriente
3381 3649 3624 3719 vulgatus,
3639 3645 3709 3697 ille

2176 3737 2247 3792 ad
2278 3739 2438 3808 cujus
2466 3738 2660 3792 limina
2685 3740 2876 3811 populi
2901 3745 3031 3794 ante
3056 3742 3452 3804 conﬂuxerant,
3473 3740 3710 3806 correptus

2179 3844 2213 3882 a
2241 3828 2492 3882 dmmone
2528 3833 2640 3895 est;
2688 3846 2751 3883 ac
2789 3833 3041 3884 retentus
3069 3830 3129 3883 in
3163 3829 3416 3896 vinculis,
3448 3825 3612 3882 omnia
3637 3823 3710 3876 illa

2179 3933 2301 3988 qua-2
2330 3922 2710 3988 energumeno'
2739 3920 2920 3973 solent
2938 3919 3061 3974 ﬁeri
3083 3935 3398 3991 perpessus,
3439 3916 3608 3988 quinto
3634 3913 3708 3964 de-

2176 4023 2334 4061 mum
2363 4024 2556 4062 mense
2584 4013 2855 4080 purgatus
2886 4015 3108 4064 estnon
3131 4014 3355 4064 tantum
3378 4007 3616 4068 daemone,
3636 4000 3710 4054 sed

2177 4096 2325 4169 quod
2356 4097 2437 4152 illi
2463 4103 2585 4153 erat
2613 4098 2807 4154 utilius
2826 4104 2994 4170 atque
3017 4099 3286 4170 optatius,
3308 4097 3473 4152 etiam
3490 4093 3706 4149 vanitate.

2771 4205 3004 4261 CAPUT
3023 4206 3169 4260 XIV.

2203 4293 2451 4348 Eremila
2480 4296 2554 4348 ad
2569 4298 2829 4351 arculum
2858 4296 3073 4350 rediens
3095 4297 3360 4365 quomodo
3380 4295 3592 4364 punilus
3612 4293 3686 4343 est.

2104 4422 2156 4484 Β
2244 4401 2581 4457 Adolescens
2612 4402 2840 4474 quidam
2869 4403 3140 4473 prazdives
3167 4403 3366 4474 opibus
3396 4402 3522 4470 (Seu.
3559 4398 3702 4464 51:111.,

2169 4491 2373 4559 dialog.
2406 4491 2459 4558 1,
2492 4508 2608 4560 cap.
2641 4491 2964 4561 15),genere
2994 4493 3196 4559 clarus,
3219 4491 3427 4546 habens
3440 4502 3639 4544 uxorem
3664 4487 3707 4536 et

2170 4579 2348 4634 ﬁlium
2377 4581 2692 4651 parvulum,
2723 4598 2852 4636 cum
2877 4582 2934 4636 in
2965 4583 3206 4655 Egypto
3236 4582 3488 4636 tribunus
3513 4581 3637 4633 esset
3663 4578 3706 4626 et

2167 4669 2552 4742 frequentibus
2586 4671 2883 4726 adversum
2927 4673 3185 4727 Blembos
3235 4672 3429 4745 [βου-ιε,
3471 4659 3703 4735 Blemyes]

2169 4759 2617 4831 expeditionibus
2628 4761 2883 4832 quaedam
2895 4762 3069 4816 eremi
3081 4762 3422 4832 contigisset,
3436 4762 3704 4812 sanctorum

2169 4849 2338 4904 etiam
2356 4849 2719 4904 tabernacula
2733 4852 3021 4922 complura
3042 4851 3285 4921 vidisset,
3315 4868 3348 4904 a
3367 4849 3518 4902 beato
3532 4846 3704 4899 Joanne

2168 4940 2402 4993 eremita
2430 4939 2658 4994 verbum
2691 4941 2886 4995 salutis
2914 4940 3144 5012 accepit.
3179 4942 3294 4995 Nec
3319 4942 3550 4993 moratus
3565 4929 3701 4988 inuti-

2166 5028 2277 5082 lem
2305 5029 2567 5083 militiam
2598 5045 2726 5084 cum
2751 5046 2892 5084 vano
2914 5031 3124 5084 honore
3139 5030 3234 5084 illo
3249 5034 3598 5086 contemnere,
3611 5035 3702 5073 ere-

2167 5135 2321 5173 mum
2347 5123 2669 5173 constanter
2689 5119 2993 5191 ingressus,
3023 5118 3176 5174 brevi
3217 5125 3461 5190 tempore
3495 5115 3545 5168 in
3577 5107 3698 5165 omni

2163 5225 2368 5279 genere
2382 5208 2649 5264 virtutum
2664 5209 2942 5280 perfectus
2959 5209 3188 5263 emicuit
3206 5208 3246 5263 ’.
3279 5208 3476 5262 Potens
3489 5198 3694 5274 jejuniis.

2163 5299 2484 5353 humilitate
2511 5299 2863 5370 conspicuus,
2887 5299 2995 5352 fide
3017 5301 3231 5364 ﬁrmus,
3251 5296 3407 5351 facile
3425 5311 3480 5349 se
3493 5285 3694 5358 antiquis

2163 5389 2449 5443 monachis
2463 5388 2649 5442 studio
2660 5389 2882 5443 virtutis
2897 5394 3229 5459 aequaverat.
3238 5388 3374 5442 Cum
3385 5382 3587 5439 interim
3599 5374 3695 5431 sub-

2163 5477 2231 5532 iit
2261 5495 2391 5533 eum
2417 5478 2682 5549 cogitatio
2704 5477 2910 5549 injecta
2929 5495 3030 5550 per
3055 5477 3352 5544 diabolum,
3377 5473 3512 5547 quod
3529 5466 3692 5525 rectius

2233 5594 2256 5629 ³
2281 5595 2361 5654 De
2391 5595 2760 5669 eqRuﬂinus,
2793 5595 2886 5651 lib.
2921 5609 2983 5664 ιι,
3018 5611 3066 5650 c.
3102 5595 3150 5649 1.
