3966 6184
308 233 422 293 825

1084 238 1462 298 EXCERPTA
1500 241 1596 299 EX
1633 241 1913 302 SEVERO
1953 243 2284 303 SULPICIO
2445 244 2819 302 CASSIANO.

3482 246 3590 307 826

304 363 457 414 esset
474 364 540 414 ut
557 359 768 415 rediret
787 360 859 415 ad
882 361 1444 437 patriam,ﬁliumque
1468 365 1697 421 unicum
1726 383 1791 422 ac
1810 367 1969 431 do-A
1987 369 2177 425 Nave:
2209 369 2371 424 Solve
2396 367 2697 439 corrigiam
2725 371 3090 427 calceamenti
3109 372 3214 438 tui,
3248 372 3402 428 locus
3432 374 3583 430 enim

299 464 461 502 mum
487 453 668 503 totam
688 465 816 503 cum
845 466 1018 505 uxore
1038 452 1313 508 salvaret:
1341 455 1491 527 quod
1509 455 1707 527 utique
1732 461 1790 511 et
1816 473 1906 511 ac-

296 537 517 609 ceptius
540 538 656 593 Deo
682 538 844 603 foret,
862 556 1032 612 quam
1055 542 1103 596 si
1123 544 1308 598 solum
1329 558 1391 598 se
1418 545 1619 599 saeculo
1641 546 1900 617 eriperet,

297 632 356 681 et
383 627 626 683 salutem
648 644 881 683 suorum
899 631 1227 702 negligeret.
1247 633 1571 688 Istiusmodi
1601 651 1733 706 ergo
1750 635 1903 690 talsaa

289 715 530 787 justitize
560 716 744 770 colore
763 723 1079 788 superatus,
1102 726 1228 792 post
1242 721 1674 792 quadriennium
1700 724 1902 778 cellam

294 821 461 859 suam
482 810 654 876 atque
666 807 1018 878 pr0positum
1042 810 1280 864 eremita
1299 811 1565 867 deseruit.
1594 812 1704 867 Sed
1730 812 1825 867 ubi
1840 812 1913 867 ad

294 892 617 964 proximum
641 896 1066 963 monasterium,
1090 899 1240 969 quod
1264 916 1299 952 a
1319 900 1512 954 multis
1529 900 1793 957 fratribus
1816 902 1916 956 ha-

295 982 591 1038 bitabatur
620 985 872 1052 accessit,
892 1003 1120 1040 causam
1148 988 1502 1043 discessionis
1530 995 1700 1062 atque
1719 990 1903 1046 consi-

299 1071 445 1126 lium
475 1073 856 1143 quaerentibus
892 1077 1210 1131 conﬁtetur.
1244 1078 1635 1134 Renitentibus
1668 1080 1899 1148 cunctis,

297 1166 358 1215 et
371 1161 652 1233 praecipue
673 1162 777 1216 loci
798 1163 947 1219 illius
962 1164 1183 1234 abbate,
1202 1168 1348 1222 male
1363 1169 1552 1223 animo
1564 1170 1675 1223 ﬁxa
1685 1173 1907 1224 senten-

297 1251 385 1304 tia
415 1267 531 1306 non
568 1252 751 1323 potuit
780 1253 957 1308 evelli.
991 1255 1172 1325 Igitur
1199 1255 1405 1311 infelici
1443 1274 1502 1312 se
1529 1257 1906 1313 obstinatione

298 1339 641 1411 proripiens,
665 1357 794 1395 cum
814 1343 1004 1398 dolore
1033 1345 1284 1400 omnium
1314 1346 1603 1417 digressus
1632 1353 1718 1402 est
1736 1363 1771 1401 a
1796 1347 1905 1401 fra—

298 1427 503 1483 tribus.
547 1429 617 1484 Et
635 1429 722 1484 vix
750 1447 785 1484 a
814 1440 1115 1505 conspectu
1155 1451 1350 1490 eorum
1381 1434 1743 1503 abscesserat,
1775 1453 1905 1492 mox

298 1518 573 1590 impletur
600 1519 871 1589 daemone,
894 1528 1268 1595 cruentasque
1293 1541 1522 1596 spumas
1556 1541 1652 1579 ore
1681 1526 1904 1596 provol-

298 1623 458 1674 vens,
490 1609 608 1664 suis
645 1610 907 1665 dentibus
946 1612 1193 1684 seipsum
1232 1614 1530 1669 lacerabat.
1572 1615 1786 1669 Deinde
1831 1615 1902 1669 ad

298 1695 453 1749 idem
466 1699 873 1754 monasterium
895 1700 1133 1756 fratrum
1153 1703 1403 1757 humeris
1418 1708 1757 1774 reportatus,
1772 1720 1901 1758 cum

299 1784 549 1838 coerceri
577 1785 634 1840 in
668 1803 732 1840 eo
759 1787 1087 1845 immundus
1132 1791 1363 1862 spiritus
1399 1809 1512 1847 non
1541 1794 1767 1860 valeret,
1800 1809 1901 1847 ne-

298 1873 562 1928 cessitate
579 1882 813 1947 cogente
830 1878 1025 1934 ferreis
1042 1880 1274 1935 nexibus
1289 1882 1571 1953 alligatus,
1590 1882 1760 1954 pedes
1774 1898 1903 1937 cum

297 1962 565 2017 manibus
601 1965 946 2025 vinciuntur.
985 1970 1110 2024 Non
1143 1970 1429 2025 immerita
1455 1987 1622 2042 poena
1648 1971 1900 2042 fugitivo.

298 2052 440 2107 Post
461 2051 749 2110 biennium
768 2073 894 2112 vero
917 2059 1169 2114 oratione
1183 2065 1506 2141 sanctorum
1526 2060 1597 2115 ab
1608 2060 1902 2116 immundo

299 2141 506 2212 spiritu
524 2142 812 2213 liberatus,
837 2147 909 2202 ad
930 2164 1200 2216 eremum,
1224 2150 1373 2205 unde
1399 2150 1749 2217 discesserat,
1774 2167 1902 2206 mox

300 2247 612 2302 regressus,
647 2239 703 2289 et
731 2235 848 2307 ipse
872 2244 1153 2293 correctus
1180 2244 1283 2305 est,
1310 2243 1367 2294 et
1394 2239 1521 2295 aliis
1547 2240 1776 2295 futurus
1797 2256 1900 2312 pro

302 2322 579 2392 exemplo,
599 2339 671 2378 ne
690 2318 863 2396 quem
877 2333 976 2382 aut
1003 2327 1157 2382 falsae
1182 2328 1418 2399 justitiaz
1447 2328 1667 2397 umbra,
1694 2334 1794 2383 aut
1818 2328 1903 2384 in-

299 2413 458 2463 certa
475 2410 757 2469 mobilitas
770 2415 955 2471 inutili
973 2417 1196 2474 levitate
1212 2419 1511 2491 compellat
1532 2418 1705 2476 semel
1720 2423 1901 2491 empta

304 2497 584 2555 deserere.

911 2631 1144 2689 CAPUT
1182 2634 1300 2688 XV.

306 2754 381 2808 Dc
407 2754 601 2809 habitu
624 2758 704 2810 vel
725 2759 1038 2811 vestimento
1065 2761 1448 2828 Egyptz'orum
1480 2761 1899 2815 monachorum.

375 2866 567 2928 ωδ
579 2863 723 2917 Sunt
731 2870 1002 2935 praeterea
1019 2866 1274 2937 quaedam
1294 2867 1352 2922 in
1364 2867 1486 2938 ipso
1506 2866 1902 2939 Egyptiorum

306 2949 508 3007 habitu
534 2968 648 3007 non
675 2957 897 3009 tantum
929 2955 1001 3008 ad
1029 2972 1225 3010 curam
1248 2957 1496 3029 corporis
1526 2962 1801 3028 quantum
1831 2957 1903 3012 ad

303 3057 532 3097 morum
555 3041 859 3098 formulam
884 3045 1253 3116 congruentia
1268 3047 1561 3115 (Cassium,
1579 3049 1620 3102 ι.
1645 3061 1665 3101 I
1689 3049 1898 3113 Instat,

305 3148 353 3186 c.
383 3131 462 3202 4).
491 3132 737 3187 Cucullis
760 3150 1004 3206 namque
1020 3135 1312 3207 perparvis
1331 3135 1718 3191 indesinenter
1735 3141 1903 3192 utun-

303 3227 403 3276 tur
438 3220 634 3277 diebus
669 3239 733 3277 ac
775 3223 1048 3291 noctibus,
1084 3225 1294 3280 scilicet
1332 3230 1397 3281 ut
1422 3225 1808 3283 innocentiam
1847 3231 1905 3282 et

305 3311 725 3384 simplicitatem
771 3314 1130 3386 parvulorum
1164 3315 1381 3387 jugiter
1406 3317 1690 3373 custodire
1731 3316 1905 3373 etiam

306 3400 625 3458 imitatione
651 3403 828 3475 ipsius
863 3406 1154 3462 velaminis
1180 3412 1662 3464 commoueantur.

383 3491 630 3547 Colobiis
657 3510 878 3567 quoque
897 3496 1059 3551 lineis
1079 3497 1396 3553 induuntur
1422 3498 1580 3570 (Ibid.
1593 3536 1608 3565 ,
1622 3515 1665 3553 c.
1684 3498 1760 3567 5),
1782 3514 1906 3569 quae

307 3580 396 3635 vix
424 3581 497 3636 ad
524 3582 741 3639 cubitos
779 3601 956 3657 usque
985 3587 1333 3658 pertingunt,
1364 3587 1545 3642 nudas
1579 3586 1648 3643 de
1686 3587 1904 3659 reliquo

306 3669 713 3728 circumferunt
741 3691 960 3743 manus,
976 3681 1042 3731 ut
1059 3681 1378 3749 amputatos
1406 3694 1502 3732 eos
1528 3676 1734 3732 habere
1748 3680 1906 3731 actus

307 3766 366 3816 et
377 3777 549 3833 opera
569 3764 766 3818 mundi
786 3765 957 3836 hujus
976 3771 1244 3838 suggerat
1256 3766 1522 3822 abscissio
1531 3766 1901 3825 manicarum.

377 3851 517 3907 Post
534 3852 651 3908 haec
679 3861 922 3926 angusto
941 3856 1168 3928 palliolo
1188 3861 1308 3912 tam
1325 3856 1566 3912 amictus
1585 3855 1906 3912 humilitate

306 3958 482 4015 quam
511 3942 725 3999 vilitate
761 3945 947 4016 pretii,
994 3946 1138 4001 colla
1178 3945 1396 4019 pariter
1431 3949 1601 4018 atque
1638 3947 1905 4001 humeros

304 4037 527 4104 tegunt,
558 4033 708 4106 quod
753 4035 1019 4091 mafortes
1046 4040 1166 4091 tam
1212 4040 1406 4091 nostro
1444 4051 1615 4108 quam
1653 4035 1905 4108 ipsorum

306 4128 670 4194 nuncupatur
696 4124 916 4197 eloquio
946 4128 1127 4197 (Ibid.,
1152 4143 1198 4181 c.
1222 4126 1295 4197 7).

378 4211 655 4270 Ultimum
682 4218 769 4269 est
800 4213 1025 4271 habitus
1065 4232 1262 4272 eorum
1298 4215 1461 4289 pellis
1499 4216 1748 4288 caprina,
1782 4230 1905 4287 quae

1986 458 2047 514 in
2073 474 2184 530 quo
2221 462 2337 513 stas
2364 462 2518 512 terra
2546 463 2740 514 sancta
2766 465 2853 515 est
2883 461 3071 529 (Exod.
3104 476 3167 517 III
3194 481 3213 529 ;
3245 464 3406 518 Iosue
3434 465 3512 532 v).

2584 565 2817 621 CAPUT
2844 567 2989 622 XVI.

1984 672 2059 726 De
2075 673 2338 726 canonico
2359 674 2679 726 orationum
2699 675 2875 740 modo,
2899 680 2947 728 ct
2962 677 3201 744 perfecta
3220 677 3584 731 abrenuntia-

2601 764 2745 815 tionc
2773 767 2976 818 seculi.

2067 867 2262 939 Itaque
2290 884 2392 940 per
2418 868 2736 923 universam
2780 870 3084 943 JEgyptum
3114 878 3172 927 et
3216 873 3581 942 Thebaidam,

1994 956 2333 1029 ubicumque
2352 957 2631 1013 habentur
2657 961 3020 1028 monasteria,
3049 963 3362 1033 legitimum
3384 964 3588 1019 oratio-

1987 1063 2124 1100 num
2144 1047 2443 1102 modumin
2459 1049 2789 1120 vespertinis
2804 1051 3167 1106 conventibus
3187 1070 3287 1107 seu
3299 1054 3585 1108 nocturnis

1987 1135 2193 1206 vigiliis
2213 1140 2411 1191 tenent
2432 1137 2598 1204 (Cass.
2618 1142 2636 1193 l
2651 1183 2662 1195 .
2686 1153 2728 1193 II
2756 1143 2958 1205 Instit.,
2982 1157 3027 1194 c.
3051 1140 3265 1203 3.)Non
3296 1142 3446 1196 enim
3470 1143 3583 1197 illic

1989 1225 2285 1296 quisquam
2307 1227 2731 1298 congregationi
2758 1228 2998 1283 fratrum
3022 1230 3293 1285 interesse
3312 1230 3585 1302 permitti-

1988 1318 2100 1380 tur,
2132 1314 2239 1368 nisi
2264 1315 2421 1387 prius
2448 1317 2722 1372 universis
2764 1318 3121 1374 facultatibus
3170 1320 3287 1375 suis
3316 1320 3584 1375 reddatur

1986 1408 2302 1459 extraneus.
2319 1405 2388 1460 Et
2404 1407 2501 1477 qui
2513 1406 2797 1476 ingressus
2810 1408 2868 1462 in
2886 1408 3376 1481 congregationem
3393 1409 3585 1476 fuerit,

1984 1491 2065 1546 sic
2091 1491 2317 1548 obedire
2335 1494 2557 1565 cogitur
2569 1496 2800 1562 cunctis,
2816 1500 2877 1551 ut
2900 1496 3248 1552 redeundum
3269 1497 3376 1552 sibi
3392 1515 3585 1553 secun-

1983 1580 2118 1635 dum
2144 1583 2482 1637 sententiain
2509 1584 2735 1638 Domini
2764 1585 2832 1639 ad
2855 1584 3146 1639 infantiam
3162 1585 3461 1657 pristinam
3485 1604 3583 1642 no-

1982 1670 2289 1736 verit,nihil
2310 1672 2413 1725 sibi
2427 1673 2873 1728 consideratione
2887 1675 3067 1729 aztatis
3086 1676 3171 1729 vel
3184 1692 3461 1730 annorum
3481 1692 3584 1730 nu-

1918 1741 1964 1801 B
1984 1760 2308 1814 merositate
2324 1777 2687 1832 praesumens,
2705 1780 2875 1834 quam
2894 1763 2954 1818 in
2973 1765 3172 1819 saeculo
3187 1764 3431 1818 inaniter
3452 1781 3580 1819 con-

1984 1854 2269 1919 sumptam
2288 1866 2347 1904 se
2368 1856 2596 1922 reputat
2616 1852 2927 1924 perdidisse
2949 1873 2961 1917 ;
2984 1854 3082 1907 sed
3108 1870 3208 1924 pro
3239 1853 3582 1908 rudimento-

1986 1953 2113 1991 rum
2143 1941 2344 1994 merito
2373 1945 2431 1994 et
2458 1941 2702 1995 tirocinii
2731 1942 2998 2008 novitate,
3025 1960 3192 2013 quam
3218 1959 3277 1997 se
3305 1959 3501 2014 gerere
3520 1943 3581 1997 in

1987 2025 2194 2082 Christi
2213 2028 2416 2085 militia
2442 2031 2805 2102 recognoscit,
2830 2031 3067 2087 subdere
3086 2049 3146 2087 se
3161 2031 3328 2089 etiam
3346 2029 3583 2103 juniori-

1983 2113 2088 2171 bus
2118 2118 2492 2190 compellitur.

2054 2206 2236 2276 Igitur
2254 2224 2355 2279 per
2378 2209 2702 2265 universam
2729 2212 2814 2280 (ut
2836 2211 3099 2278 diximus)
3117 2211 3420 2283 [Egyptum
3446 2209 3577 2265 duo-

1980 2293 2244 2351 denarius
2272 2298 2619 2368 psalmorum
2654 2317 2922 2356 numerus
2948 2302 3136 2372 (Ibid.,
3164 2317 3211 2356 c.
3253 2300 3329 2370 4),
3374 2304 3494 2354 tam
3521 2299 3578 2354 in

1979 2385 2314 2455 vespertinis
2337 2404 2507 2459 quam
2528 2389 2585 2443 in
2607 2390 2896 2445 nocturnis
2918 2389 3368 2446 solemnitatibus
3388 2394 3579 2443 custo-

1981 2472 2153 2541 ditur,
2177 2474 2258 2528 ita
2272 2476 2562 2544 duntaxat,
2578 2484 2643 2534 ut
2664 2485 2791 2551 post
2815 2480 2968 2551 ipsos
2982 2480 3227 2551 psalmos
3245 2479 3369 2533 duae
3385 2477 3581 2533 lectio-

1989 2578 2109 2630 nes,
2123 2579 2239 2619 una
2253 2567 2473 2634 veteris,
2493 2567 2604 2622 alia
2622 2568 2749 2623 novi
2762 2569 3130 2635 Testamenti,
3145 2554 3578 2640 subsequantur.

1989 2651 2097 2716 Qui
2126 2654 2324 2709 modus
2352 2656 2664 2728 antiquitus
2704 2659 3062 2724 constitutus,
3108 2657 3314 2712 idcirco
3355 2673 3457 2728 per
3496 2660 3583 2711 tot

1986 2743 2189 2797 saecula
2240 2744 2608 2801 intemeratus
2652 2748 2967 2819 perdurat,
3000 2747 3132 2819 quia
3185 2763 3299 2801 non
3333 2745 3583 2800 humana

1984 2830 2377 2889 adinventione
2404 2842 2648 2890 statutus
2686 2854 2721 2891 ει
2760 2836 3074 2892 senioribus
3111 2834 3448 2902 afﬁrmatur,
3481 2834 3580 2888 sed

1984 2921 2201 2976 caelitus
2230 2925 2482 2994 angelico
2511 2925 2824 2980 ministerio
2849 2925 3111 2980 Patribus
3135 2924 3386 2996 antiquis
3409 2923 3581 2980 fuisse

1918 3033 1961 3094 ρ
1983 3009 2224 3065 delatus.

2553 3104 2787 3160 CAPUT
2831 3105 3007 3160 XVII.

1986 3209 2085 3263 [Ibi
2127 3213 2355 3277 angelus
2402 3213 2462 3264 in
2507 3215 2921 3281 congregatione
2969 3213 3254 3266 seniorum
3293 3210 3580 3265 duodecim

2340 3302 2581 3369 psalmos
2622 3303 2769 3355 visus
2806 3302 2920 3369 fuit
2948 3304 3212 3356 cantasse.

2052 3406 2199 3459 Nam
2227 3421 2376 3473 cum,
2409 3405 2468 3459 in
2495 3405 2818 3477 primordiis
2838 3407 2970 3462 ﬁdei
3004 3408 3194 3477 (Casa,
3224 3409 3262 3462 ι.
3294 3421 3337 3462 n
3368 3409 3580 3469 Instit.,

1987 3510 2032 3549 c.
2057 3494 2128 3565 5),
2157 3494 2321 3566 pauci
2342 3494 2587 3566 quidem,
2616 3496 2714 3550 sed
2738 3496 3121 3568 probatissimi
3143 3496 3263 3563 viri,
3283 3496 3582 3551 monacho-

1985 3600 2113 3638 rum
2126 3584 2353 3639 nomine
2368 3590 2748 3651 censerentur,
2775 3587 2982 3659 quique
2992 3586 3114 3657 jam
3130 3602 3388 3642 normam
3399 3586 3583 3641 viven-

1987 3674 2044 3728 di
2075 3690 2109 3727 a
2136 3674 2550 3729 successoribus
2587 3676 2969 3747 apostolorum
3011 3682 3390 3749 susceperant,
3424 3692 3579 3731 sece-
3604 3737 3618 3752 .

1986 3763 2182 3818 dentes
2192 3762 2251 3817 in
2266 3764 2569 3819 secretiora
2578 3765 2973 3821 suburbiorum
2989 3766 3130 3833 loca,
3145 3765 3393 3837 agebant
3409 3765 3579 3820 vitam

1985 3856 2144 3907 tanto
2168 3851 2519 3909 abstinentiae
2540 3854 2725 3926 rigore
2743 3855 3081 3921 districtam.
3105 3861 3171 3912 ut
3190 3855 3450 3911 omnibus
3467 3861 3582 3912 stu-

1987 3941 2110 4013 pori
2129 3948 2277 3998 esset
2292 3948 2413 3997 tam
2424 3944 2524 3998 ard
2531 3960 2603 3999 ua
2619 3945 3054 4002 conversationis
3071 3962 3266 4001 eorum
3284 3945 3574 4018 professio.

1985 4031 2060 4086 Hi
2087 4048 2220 4103 ergo
2246 4032 2591 4089 venerabiles
2629 4034 2845 4102 Patres,
2890 4035 3148 4107 pervigili
3177 4052 3314 4090 cura
3340 4035 3580 4107 posteris

1985 4121 2365 4192 consulentes,
2401 4122 2500 4194 qui
2526 4123 2727 4180 modus
2757 4123 3083 4195 quotidiano
3111 4124 3290 4179 cultui
3318 4140 3422 4197 per
3448 4124 3580 4179 uni-

1986 4227 2212 4271 versum
2229 4211 2600 4268 fraternitatis
2624 4228 2827 4285 corpus
2845 4213 3072 4269 decerni
3098 4213 3347 4281 deberet,
3374 4217 3579 4268 tracta-

306 4302 547 4358 melotes
575 4302 891 4375 appellatur
919 4304 1102 4375 (Ibid,
1133 4322 1178 4361 ο.
1217 4302 1296 4376 8).
1323 4305 1432 4371 Qui
1456 4308 1650 4360 tamen
1677 4302 1904 4359 habitus
1987 4301 2103 4356 turi
2124 4317 2318 4357 omnes
2344 4301 2406 4356 in
2424 4317 2603 4358 unum
2628 4302 2815 4357 locum
2838 4303 3194 4372 conveniunt,
3207 4306 3274 4358 ut
3289 4301 3582 4358 haeredita-

305 4392 472 4465 pellis
507 4393 748 4465 caprinis
784 4393 1066 4465 signiﬁcat
1103 4394 1441 4467 mortiﬁcata
1468 4393 1719 4450 membra
1748 4393 1901 4449 omni
1915 4392 1966 4455 D
1983 4395 2097 4447 tem
2114 4391 2340 4464 pietatis
2358 4408 2423 4447 ac
2440 4391 2593 4464 pacis
2613 4391 3025 4447 successoribus
3037 4391 3154 4448 suis
3174 4390 3490 4447 absolutam
3507 4389 3579 4446 ab

305 4483 623 4555 petulantia
648 4483 957 4539 carnalium
976 4485 1320 4556 passionum,
1347 4484 1551 4541 debere
1566 4501 1661 4541 eos
1675 4484 1736 4540 in
1754 4500 1902 4540 sum-
1984 4480 2140 4537 omni
2154 4480 2586 4553 dispensationis
2612 4482 2710 4537 lite
2727 4482 3197 4549 transmitterem,
3224 4484 3481 4536 verentes
3508 4496 3581 4535 ne

305 4588 404 4627 ma
426 4571 699 4629 virtutum
727 4574 1006 4644 gravitate
1034 4575 1359 4631 consistere.

381 4663 776 4719 Calceamenta
795 4680 1017 4737 quoque
1033 4665 1210 4736 (Ibid,
1234 4683 1280 4721 c.
1313 4662 1415 4736 10),
1437 4665 1591 4722 velut
1606 4663 1906 4721 interdicta

306 4753 639 4825 Evangelico
666 4760 944 4826 praecepto
985 4760 1309 4811 recusantes
1341 4755 1555 4824 (Matth.
1588 4760 1638 4810 et
1671 4756 1793 4810 Luc.
1824 4756 1898 4824 κ),

304 4860 438 4898 cum
464 4843 767 4899 inﬁrmitas
796 4845 1044 4917 corporis
1073 4846 1157 4901 vel
1184 4844 1496 4900 matutinus
1524 4844 1681 4916 rigor
1702 4844 1904 4900 hiemis

306 4933 483 5001 saevit,
516 4950 616 4989 seu
635 4934 934 4989 meridiani
953 4939 1122 4990 aestus
1148 4935 1333 4990 fervor
1357 4935 1622 5006 exegerit,
1651 4939 1904 4990 tantum-

305 5023 478 5079 modo
506 5024 773 5080 muniunt
798 5025 985 5097 pedes.
1020 5024 1234 5090 Quibus
1270 5030 1462 5081 tamen
1498 5024 1692 5095 caligis
1722 5041 1903 5096 quan-

308 5130 481 5185 quam
495 5113 646 5169 licito
667 5119 923 5181 utantur,
942 5120 1137 5188 utpote
1149 5115 1372 5170 Domini
1386 5114 1655 5170 mandato
1674 5131 1902 5170 conces-

306 5203 386 5259 sis
417 5203 557 5276 (Act.
588 5218 697 5271 xn;
726 5205 897 5260 Marc.
937 5211 1035 5275 vi),
1068 5221 1422 5278 nequaquam
1448 5210 1641 5261 tamen
1668 5204 1904 5277 pedibus

308 5293 695 5349 easinhaerere
705 5295 1059 5366 permittunt,
1084 5311 1210 5350 cum
1229 5295 1503 5350 accedunt
1526 5295 1597 5349 ad
1622 5294 1904 5350 celebran-

307 5383 384 5437 da
428 5398 529 5438 seu
568 5384 638 5438 ad
665 5384 1027 5457 percipienda
1055 5389 1408 5440 sacrosancta
1443 5385 1732 5457 mysteria,
1762 5386 1903 5441 illud

309 5473 483 5529 etiam
509 5473 891 5530 existimantes
914 5475 1220 5530 secundum
1249 5476 1495 5531 litteram
1522 5475 1792 5531 custodiri
1810 5476 1903 5531 de-

307 5561 462 5633 bere,
494 5565 643 5636 quod
679 5564 890 5621 dicitur
927 5566 1000 5622 ad
1032 5566 1258 5639 Moysen
1297 5571 1356 5623 et
1392 5566 1465 5623 ad
1500 5567 1693 5625 Jesum
1720 5566 1902 5625 ﬁlium

1986 4587 2100 4643 qua
2107 4570 2167 4626 in
2178 4571 2518 4644 quotidianis
2533 4571 2983 4629 solemnitatibus
3001 4571 3151 4627 inter
3162 4571 3307 4627 viros
3321 4569 3579 4643 ejusdem

1986 4662 2217 4717 culturae
2245 4661 2594 4718 dissonantia
2617 4663 2703 4718 vel
2731 4664 2969 4720 varietas
2997 4667 3209 4730 exorta,
3244 4660 3581 4734 quandoque

1982 4750 2043 4807 in
2061 4756 2349 4824 posterum
2367 4753 2574 4809 erroris
2592 4753 2743 4809 noxii
2753 4770 2986 4825 germen
3000 4753 3303 4809 emitteret.
3325 4752 3579 4823 Cumque

1986 4857 2087 4913 pro
2114 4857 2216 4896 suo
2244 4842 2632 4914 unusquisque
2657 4842 2892 4911 fervore,
2907 4842 3126 4897 diverso
3145 4841 3310 4897 modo
3330 4841 3578 4914 psalmo-

1985 4947 2111 4986 rum
2138 4947 2407 4988 numeros
2426 4932 2767 5000 institueret,
2800 4938 2859 4988 et
2883 4933 2980 4988 alii
3008 4932 3453 5005 quinquagenos,
3482 4931 3580 4988 alii

1984 5037 2290 5093 sexagenos
2318 5022 2593 5095 psalmos;
2625 5022 2883 5078 nonnulli
2911 5038 3041 5078 vero
3070 5039 3173 5078 nec
3215 5022 3322 5077 hoc
3350 5023 3580 5096 quidem

1983 5112 2232 5167 contenti
2259 5128 2493 5168 numero
2522 5111 2844 5167 transcendi
2873 5127 3004 5168 eum
3031 5112 3235 5168 debere
3261 5118 3574 5181 censerent,

1985 5207 2243 5275 essetque
2263 5203 2412 5257 inter
2430 5218 2524 5257 eos
2536 5218 2637 5274 pro
2657 5201 2948 5273 religionis
2965 5203 3144 5275 gloria
3158 5202 3253 5276 pia
3269 5203 3574 5270 contentio,

1986 5292 2066 5348 ita
2087 5298 2155 5349 ut
2180 5298 2404 5366 tempus
2435 5292 2764 5366 vespertinae
2791 5293 3161 5350 solemnitatis
3189 5293 3580 5350 sacratissima

1984 5383 2279 5456 quaestioni
2305 5384 2653 5452 succederet;
2669 5390 2900 5457 repente
2926 5401 3073 5440 unus
3096 5384 3157 5441 in
3175 5384 3361 5440 medio
3379 5398 3573 5439 eorum

1983 5476 2229 5548 psalmos
2247 5475 2485 5532 Domino
2495 5481 2823 5534 cantaturus
2842 5475 3108 5548 exsurgit.
3124 5470 3577 5547 Cumque,admi-

1985 5566 2239 5626 rentibus
2256 5566 2491 5637 cunctis,
2502 5567 2763 5627 undecim
2785 5568 3051 5642 psalmos,
3066 5566 3386 5624 orationum
3404 5563 3575 5621 inter-
