3966 6184
328 285 434 344 827

1442 290 1536 346 DE
1558 290 1762 348 ’VITIS
1779 289 2095 348 ‘PATRUM
2131 290 2345 347 LIBER
2381 291 2477 348 IV.

3491 286 3601 345 828

321 415 564 487 jectione
589 417 899 485 distinctos,
926 417 1202 489 contiguis
1220 416 1471 473 versibus
1491 418 1656 489 parili
1676 434 1917 490 pronun-
1931 414 2238 479 AAlleluia
2265 414 2451 469 nullus
2480 413 2702 468 dicatur
2715 412 2983 484 psalmus,
3017 410 3128 467 nisi
3147 411 3195 466 is
3216 410 3313 483 qui
3337 411 3397 465 in
3426 410 3600 466 titulo

325 504 562 561 tiatione
581 510 876 568 cantasset,
895 506 1290 562 duodecimum
1310 507 1413 561 sub
1429 507 1670 562 Alleluia
1689 525 1917 579 respon-

325 594 483 650 sione
507 611 920 662 consummans,
964 595 1036 650 ab
1064 597 1453 651 universorum
1484 598 1657 651 oculis
1688 603 1915 668 repente

327 683 667 750 subtractus,
708 684 1002 755 quaestioni
1053 687 1267 757 pariter
1294 691 1351 741 et
1383 686 1712 741 caerimoniis
1745 687 1914 742 ﬁnem

326 771 610 843 imposuit.

398 860 609 915 Exhinc
636 861 816 916 sancti
855 862 949 934 qui
977 862 1213 918 aderant
1239 866 1508 932 seniores,
1539 865 1918 936 intelligentes

325 949 576 1020 angelico
596 950 920 1021 magisterio
947 954 1472 1024 congregationibus
1487 955 1728 1012 fratrum
1755 972 1922 1026 gene-

324 1038 502 1092 ralem
514 1055 785 1094 canonem
801 1057 914 1094 non
926 1040 1047 1095 sine
1061 1042 1474 1114 dispensatione
1486 1046 1710 1100 Domini
1723 1045 1924 1100 consti-

323 1131 529 1194 tutum,
551 1127 917 1187 decreverunt
944 1133 1094 1188 hunc
1121 1148 1418 1188 numerum
1450 1134 1638 1190 tamin
1653 1135 1924 1208 vesperti-

325 1216 415 1271 nis
445 1235 614 1288 quam
645 1221 702 1274 in
729 1223 1018 1278 nocturnis
1037 1222 1238 1293 vigiliis
1257 1224 1538 1279 custodire
1565 1226 1756 1294 (Ibid.,
1773 1242 1820 1281 c.
1837 1223 1916 1286 6).

397 1313 587 1375 544
625 1311 740 1365 Has
768 1311 943 1382 igitur
972 1313 1264 1384 praedictas
1303 1314 1583 1368 orationes
1615 1314 1719 1369 hoc
1755 1315 1921 1369 modo

326 1393 602 1466 incipiunt
647 1404 816 1470 atque
845 1408 1236 1456 consummant
1268 1403 1456 1470 (0ass.,
1496 1404 1591 1458 lib.
1640 1417 1681 1456 II
1712 1406 1918 1470 1nstit.,

327 1500 376 1539 ο.
409 1481 485 1553 7),
516 1491 581 1540 ut
613 1487 770 1542 ﬁnito
815 1489 1052 1560 psalmo,
1087 1507 1254 1562 quem
1306 1491 1497 1546 Gloria
1539 1491 1918 1562 subsequitur,

326 1587 440 1626 non
464 1574 656 1629 statim
677 1576 747 1631 ad
761 1576 1201 1634 incurvationem
1227 1597 1474 1651 genuum
1507 1586 1789 1646 corruant,
1823 1581 1923 1635 scd

327 1665 629 1733 antequam
649 1681 835 1735 genua
856 1668 1102 1737 ﬂectant,
1123 1671 1406 1740 paulisper
1423 1676 1613 1737 orant;
1633 1676 1689 1725 et
1708 1675 1922 1724 stantes

1997 519 2098 558 suo
2119 503 2358 558 Alleluia
2379 503 2739 574 inscriptione
2764 505 3127 572 praenotatur.

2069 593 2297 647 Nullum
2321 591 2491 646 etiam
2511 596 2734 662 tempus
2763 591 2831 645 ab
2861 589 3044 662 operis
3077 589 3475 644 exercitatione
3504 604 3597 642 va-

1997 697 2164 736 cuum
2196 681 2440 736 transire
2468 680 2780 735 concedunt
2801 681 2958 751 (Ibid.
2965 721 2986 749 ,
3008 695 3052 733 c.
3080 677 3193 750 12,)
3216 677 3350 750 quia
3378 693 3490 731 non
3512 693 3601 730 so-

1996 770 2117 824 lum
2169 786 2237 824 ea
2282 786 2404 841 quae
2451 769 2563 824 diei
2602 769 2866 840 splendor
2895 768 3106 823 emittit
3134 767 3287 822 omni
3326 767 3602 821 instantia

1999 858 2257 913 manibus
2287 874 2544 913 exercere
2562 857 2911 912 contendunt
2934 875 2946 924 ;
2973 857 3070 911 sed
3099 856 3271 911 etiam
3287 855 3384 910 illa
3404 871 3604 927 opera-

2002 947 2221 1002 tionum
2247 964 2459 1018 genera
2485 947 2721 1001 sollicita
2763 951 2951 1001 mente
2980 945 3332 1017 perquirunt,
3366 961 3492 1016 qute
3531 960 3602 997 ne

2004 1036 2182 1108 ipsius
2223 1036 2449 1107 quidem
2495 1035 2674 1090 noctis
2716 1035 3063 1089 densissima:
3091 1033 3335 1088 tenebrae
3373 1033 3604 1086 valeant

2005 1125 2592 1196 impedire,credentes
2606 1141 2664 1179 se
2685 1129 2842 1178 tanto
2854 1121 3235 1178 sublimiorem
3258 1121 3602 1193 spiritalium

2001 1214 2537 1286 contemplationum
2560 1213 2863 1285 puritatem
2883 1213 3088 1267 mentis
3109 1212 3318 1266 intuitu
3340 1209 3605 1281 quazsitu-
3671 1253 3674 1258 .

2000 1319 2114 1370 ros,
2147 1307 2355 1374 quanto
2394 1302 2608 1356 diutius
2633 1301 2845 1356 fuerint
2879 1317 3014 1372 erga
3039 1301 3226 1372 operis
3265 1298 3516 1353 studium
3537 1314 3604 1352 ac

2001 1391 2208 1447 laboris
2229 1391 2449 1445 intenti.

2075 1481 2193 1534 Hoc
2213 1496 2436 1551 quoque
2459 1495 2623 1534 nosse
2643 1477 2910 1533 debemus
2929 1478 3118 1549 (Ibid.,
3143 1494 3189 1530 c.
3215 1473 3327 1545 18),
3359 1492 3394 1529 a
3413 1491 3606 1547 vespe-

2003 1585 2067 1622 ra
2105 1567 2352 1632 Sabbati,
2400 1584 2523 1638 quae
2561 1567 2792 1622 lucescit
2834 1567 2894 1620 in
2931 1566 3080 1620 diem
3123 1564 3499 1629 Dominicum,
3533 1564 3605 1618 ad

2003 1673 2293 1728 vesperam
2323 1660 2670 1727 sequentem,
2703 1655 2852 1726 apud
2875 1671 2971 1709 eos
2999 1671 3189 1724 genua
3217 1669 3331 1707 non
3361 1653 3602 1722 curvari,

325 1748 386 1803 in
415 1751 840 1823 supplicatione,
872 1739 1146 1828 majorem
1175 1739 1393 1828 partem
1413 1759 1678 1813 horarum
1718 1775 1923 1830 expen-

2012 1746 2102 1800 sed
2129 1762 2233 1800 nec
2261 1745 2396 1800 totis
2426 1744 2652 1815 quidem
2677 1743 3156 1815 quinquagesima;
3179 1741 3395 1798 diebus.

329 1837 488 1893 dunt.
509 1839 705 1913 Itaque
725 1850 853 1915 post
872 1845 988 1900 haec
1009 1853 1214 1917 puncto
1231 1847 1555 1903 brevissimo
1571 1848 1923 1919 procidentes

328 1926 400 1981 ad
411 1931 801 1997 terram,velut
810 1939 1036 1989 orantes
1051 1941 1272 1990 tantum
1285 1937 1531 1991 divinam
1547 1937 1919 2008 clementiam,

328 2030 459 2071 cum
478 2034 698 2074 summa
718 2038 914 2077 rursus
928 2024 1217 2080 velocitate
1238 2033 1610 2098 consurgunt;
1632 2043 1696 2080 ac
1715 2026 1924 2082 iterum

329 2107 589 2176 expansis
617 2111 896 2179 manibus,
930 2113 1125 2168 eodem
1164 2115 1328 2169 modo
1361 2132 1470 2186 quo
1516 2116 1672 2188 prius
1709 2122 1924 2173 stantes

330 2199 770 2265 oraverunt,suis
780 2201 1036 2272 precibus
1049 2203 1320 2258 intentius
1329 2204 1926 2263 immorantes.Dicunt

329 2285 482 2340 enim
496 2286 688 2358 ipsi,in
699 2294 852 2344 terra
865 2291 1076 2347 diutius
1091 2293 1552 2364 procumbentem
1565 2297 1919 2361 monachum,

334 2374 494 2446 quasi
513 2375 573 2431 in
589 2377 842 2434 oratione
864 2381 1080 2436 enixius
1101 2381 1468 2448 laborantem,
1493 2400 1604 2438 non
1634 2385 1817 2438 solum
1845 2385 1925 2439 di-

332 2463 508 2518 versis
535 2465 983 2538 cogitationibus,
1008 2470 1106 2524 sed
1133 2471 1304 2526 etiam
1334 2489 1530 2527 somno
1562 2473 1789 2544 gravius
1820 2473 1925 2528 im-

333 2553 596 2624 pugnari.
619 2555 1013 2628 Experimento
1033 2558 1330 2614 didicimus
1360 2561 1510 2631 quod
1529 2561 1782 2632 plerique
1811 2579 1924 2617 non

333 2644 452 2694 tam
500 2641 768 2698 orationis
803 2646 990 2716 gratia
1035 2664 1206 2718 quam
1242 2648 1561 2705 refectionis
1601 2650 1834 2706 obtentu
1866 2651 1926 2705 in

331 2732 544 2783 terram
575 2735 864 2803 prostrati,
893 2735 1107 2791 diutius
1151 2737 1410 2793 videntur
1444 2739 1754 2795 orationem
1792 2757 1924 2812 pro-

334 2818 580 2875 trahere.

901 2911 1134 2970 CAPUT
1153 2917 1353 2972 XVIII.

332 2998 553 3066 Quanta
565 3000 817 3055 discretio
832 3005 1234 3060 etobservantia
1251 3010 1312 3060 in
1324 3010 1571 3062 oratione
1588 3010 1821 3062 tenenda
1831 3013 1921 3064 sit.

405 3088 548 3142 Cum
586 3087 761 3160 igitur
784 3093 1082 3162 praedictas
1110 3094 1515 3163 solemnitates,
1549 3113 1686 3168 quas
1720 3097 1801 3151 illi
1830 3116 1924 3170 sy-

332 3192 540 3232 naxeos
559 3185 772 3248 vocant,
805 3181 1140 3238 celebraturi
1167 3185 1506 3240 conveniunt
1537 3186 1726 3253 (0ass.,
1760 3189 1855 3241 lib.
1881 3203 1924 3243 II

333 3267 538 3334 Instit.,
564 3284 609 3322 ο.
646 3267 752 3339 10),
774 3274 995 3325 tantum
1016 3271 1298 3343 praebetur
1322 3290 1357 3327 a
1375 3274 1588 3328 cunctis
1615 3274 1922 3343 silentium,

333 3360 399 3409 ut
421 3371 550 3410 cum
579 3357 640 3411 in
668 3374 845 3413 unum
875 3367 994 3415 tam
1025 3378 1327 3417 numerosa
1355 3363 1595 3418 fratrum
1626 3365 1925 3420 multitudo

334 3445 643 3514 conveniat,
675 3448 884 3504 nullius
916 3467 1039 3518 vox,
1078 3457 1306 3524 excepto
1334 3453 1607 3520 canentis,
1640 3459 1921 3525 personet.

333 3534 399 3589 In
420 3551 531 3606 qua
549 3537 800 3592 oratione
818 3555 931 3594 non
955 3545 1183 3612 sputum
1204 3542 1498 3609 emittitur,
1515 3559 1627 3598 non
1647 3545 1925 3599 excreatio

332 3622 622 3696 obstrepit,
642 3643 755 3682 non
783 3628 1038 3684 oscitatio
1057 3631 1410 3686 somnolenta
1439 3633 1681 3688 trahitur
1705 3653 1716 3701 ;
1740 3635 1922 3688 nulla-

335 3728 444 3784 que
497 3732 601 3768 vox
651 3716 860 3789 absque
914 3719 1218 3774 sacerdotis
1273 3737 1494 3790 precem
1547 3723 1926 3778 concludentis

334 3804 580 3858 auditur.
619 3806 762 3860 Cum
790 3811 980 3862 autem
1009 3808 1104 3863 ille
1124 3809 1219 3879 qui
1248 3809 1559 3864 orationem
1589 3811 1927 3867 collecturus

335 3897 420 3946 est
450 3909 480 3946 e
510 3897 664 3947 terra
704 3897 1026 3962 surrexerit,
1057 3897 1140 3951 ita
1175 3902 1240 3953 ut
1266 3899 1454 3953 nullus
1481 3916 1584 3954 nec
1624 3905 1928 3973 antequam

337 3979 639 4036 inclinetur
665 3983 778 4052 ille,
809 4000 960 4054 genu
989 3987 1233 4055 ﬂectere,
1264 4004 1366 4042 nec
1385 4005 1511 4043 cum
1538 4006 1603 4043 ex
1628 3995 1779 4045 terra
1809 4008 1928 4046 sur-

335 4071 498 4137 rexit,
539 4073 747 4127 morari
787 4080 1110 4145 praesumat.
1141 4077 1273 4131 Ideo
1326 4078 1476 4132 enim
1520 4079 1800 4135 orationes
1847 4081 1927 4135 illi

336 4160 503 4215 celeri
533 4161 644 4217 ﬁne
689 4164 1047 4233 concludunt,
1079 4181 1150 4221 ne
1177 4166 1321 4221 forte
1369 4168 1801 4225 immorantibus
1847 4170 1926 4226 eis

336 4249 568 4316 diutius,
596 4251 971 4310 redundantia
1004 4256 1438 4329 quedam‘sputi
1463 4275 1562 4314 seu
1590 4259 1927 4332 phlegmatis

335 4339 714 4415 interrumpat
749 4344 1018 4400 orationis
1072 4363 1397 4416 excessum;
1438 4352 1496 4403 et
1537 4349 1743 4404 idcirco
1790 4349 1926 4404 dum

2608 1833 2841 1887 CAPUT
2880 1832 2998 1886 XX.

2004 1924 2077 1978 De
2100 1939 2253 1992 opere
2281 1938 2579 1989 manuum,
2609 1926 2658 1975 et
2677 1937 2780 1976 cur
2802 1924 2986 1988 tertia,
3010 1925 3177 1988 serta,
3210 1925 3260 1973 et
3286 1935 3437 1974 nona
3461 1919 3612 1988 psal-

2113 1999 2126 2011 .
2717 2013 2889 2064 latur.

2076 2102 2162 2155 Ita
2192 2117 2433 2172 namque
2463 2099 2532 2153 ab
2566 2098 2647 2154 eis
2674 2098 3021 2154 incessanter
3049 2097 3300 2169 Operatio
3330 2111 3610 2150 manuum

2006 2189 2267 2260 privatim
2288 2205 2389 2260 per
2417 2189 2644 2243 cellulas
2672 2193 2960 2243 exercetur
2976 2186 3170 2258 (Cass.,
3194 2187 3289 2241 lib.
3314 2199 3379 2239 lu
3395 2187 3606 2252 Instit.,

2007 2295 2052 2333 c.
2081 2277 2156 2348 2),
2189 2283 2254 2333 ut
2280 2278 2626 2350 psalmorum
2647 2293 2868 2349 quoque
2895 2276 2982 2330 vel
3002 2280 3333 2331 caeterarum
3360 2273 3611 2345 Scriptu-

2006 2383 2197 2422 rarum
2212 2367 2459 2423 studium
2476 2383 2576 2438 per
2600 2371 2782 2421 totum
2797 2365 2907 2420 diei
2929 2365 3174 2437 spatium
3189 2363 3406 2435 jugiter
3427 2362 3610 2417 medi-

2003 2461 2208 2524 tantes,
2241 2457 2300 2512 in
2330 2457 2418 2511 his
2447 2457 2644 2511 ofﬁciis
2673 2473 2796 2527 quae
2823 2472 2926 2510 nos
2950 2458 3163 2509 statuto
3191 2457 3451 2525 tempore
3469 2451 3611 2507 cele-

2005 2545 2254 2612 bramus,
2273 2551 2456 2600 totum
2477 2546 2588 2600 diei
2609 2551 2833 2617 tempus
2854 2543 3175 2599 absumant.

2075 2635 2324 2690 Tertiam
2357 2651 2488 2689 vero
2527 2635 2744 2701 horam,
2786 2639 2844 2688 et
2889 2638 3129 2699 sextam,
3178 2636 3351 2702 atque
3375 2647 3607 2697 nonam,

2006 2724 2169 2779 trinis
2198 2723 2430 2795 psalmis
2450 2723 2699 2795 quotidie
2720 2722 2926 2777 ﬁniunt
2947 2723 3126 2792 ([bid.,
3145 2737 3193 2774 c.
3221 2719 3301 2791 3,).
3325 2720 3425 2774 His
3458 2719 3610 2774 enim

2004 2812 2186 2868 tribus
2207 2812 2552 2884 temporibus
2575 2813 2744 2867 etiam
2759 2811 3048 2867 Danielem
3069 2809 3403 2882 prophetam
3425 2808 3612 2880 quoti-

2010 2903 2102 2958 die
2139 2903 2398 2958 fenestris
2430 2903 2638 2974 apertis
2677 2902 2738 2956 in
2783 2899 3068 2955 caenaculo
3129 2915 3323 2970 preces
3367 2898 3610 2954 Domino

2007 2991 2215 3047 fudisse
2243 2993 2630 3062 cognoscimus
2649 2993 2882 3062 (Daniel.
2901 2988 2996 3060 vx).
3028 2989 3144 3043 Nec
3175 2988 3465 3042 immerito
3492 2988 3613 3042 haec

1945 3063 1989 3123 (ἶ
2007 3081 2305 3152 specialius
2326 3087 2582 3152 tempora
2605 3079 2881 3150 religiosis
2921 3083 3055 3133 sunt
3090 3077 3286 3132 officiis
3314 3077 3608 3149 deputata,

2006 3171 2066 3225 in
2090 3171 2178 3226 his
2206 3172 2482 3242 siquidem
2515 3170 2953 3243 promissionum
2983 3167 3270 3240 perfectio,
3302 3173 3360 3222 et
3386 3184 3614 3222 summa

2007 3264 2211 3314 nostrae
2239 3261 2437 3314 salutis
2476 3266 2561 3314 est
2597 3259 2923 3330 adimpleta.
2956 3259 3113 3312 Hora
3139 3271 3385 3328 namque
3412 3256 3606 3321 tertia,

2007 3351 2380 3420 repromissus
2433 3351 2564 3404 olim
2595 3365 2695 3420 per
2737 3348 3041 3420 prophetas
3079 3346 3323 3418 Spiritus
3353 3351 3605 3413 sanctus,

2006 3455 2176 3509 super
2186 3439 2467 3510 apostolos
2487 3436 3234 3507 descendit,linguarumque
3250 3435 3509 3489 omnium
3525 3435 3609 3489 eis

2005 3526 2298 3582 scientiam
2326 3527 2483 3582 dedit
2514 3527 2651 3600 (Act.
2673 3528 2754 3594 η).
2777 3526 2931 3580 Hora
2957 3530 3149 3580 autem
3189 3529 3363 3591 sexta,
3400 3525 3611 3578 imma-

2006 3617 2194 3672 culata
2211 3617 2397 3672 hostia
2415 3617 2688 3671 Dominus
2718 3620 2908 3671 noster
2930 3616 2958 3670 ,Ι
2964 3631 3093 3670 esus
3106 3613 3369 3669 Christus
3385 3613 3612 3668 oblatus

2007 3712 2095 3762 est
2124 3705 2300 3773 Patri,
2334 3723 2668 3778 crucemque
2696 3723 2798 3777 pro
2825 3705 2998 3760 totius
3029 3703 3224 3758 mundi
3263 3704 3448 3759 salute
3481 3719 3612 3758 con-

2006 3796 2298 3864 scendens,
2321 3795 2555 3850 humani
2569 3795 2792 3867 generis
2805 3793 3016 3850 delevit
3035 3798 3266 3865 peccata
3279 3793 3502 3862 (Coloss.
3520 3793 3582 3862 ιι)
3595 3834 3608 3846 .

2009 3884 2216 3941 Eadem
2235 3902 2458 3958 quoque
2475 3886 2617 3940 hora
2640 3887 2806 3940 Petro
2825 3885 2887 3938 in
2911 3899 3140 3938 excessu
3160 3882 3369 3938 mentis
3389 3883 3610 3936 vocatio

2006 3974 2282 4047 gentium,
2301 3991 2402 4046 per
2419 3973 2875 4030 summissionem
2895 3972 3045 4027 vasis
3062 3971 3368 4042 evangelici
3389 3971 3611 4026 caelitus

2009 4063 2198 4130 delati,
2224 4069 2282 4118 et
2297 4063 2613 4135 puriﬁcatio
2646 4062 2898 4118 omnium
2911 4070 3202 4134 ‘generum
3227 4060 3608 4116 animantium

2008 4153 2068 4207 in
2087 4153 2283 4208 eodem
2297 4170 2427 4207 vase
2447 4152 2894 4218 consistentium,
2915 4151 3190 4206 delataad
3215 4167 3349 4206 eum
3377 4166 3511 4205 voce
3527 4150 3612 4204 di-

2006 4242 2217 4296 vinitus
2245 4243 2544 4309 reveletur,
2563 4242 2782 4297 dicente
2802 4241 2885 4296 ei:
2911 4241 3109 4312 Surge,
3133 4240 3318 4307 Petre,
3339 4239 3529 4295 occide
3550 4245 3613 4295 et

2007 4331 2285 4386 manduca
2307 4333 2446 4401 (Act.
2478 4330 2553 4402 χ).
2587 4331 2747 4396 Quod
2775 4347 2872 4386 vas
2901 4335 3143 4402 quatuor
3162 4328 3341 4384 initiis
3370 4330 3442 4383 de
3469 4329 3611 4384 male

333 4430 516 4487 adhuc
567 4432 760 4501 fervet,
805 4435 958 4490 velut
1010 4436 1081 4490 de
1125 4435 1376 4493 faucibus
1419 4438 1631 4493 inimici
1664 4439 1923 4494 velociter

2012 4421 2396 4490 summissum,
2413 4437 2527 4477 non
2555 4421 2709 4476 aliud
2729 4437 2901 4493 quam
2929 4419 3292 4490 Evangelium
3308 4419 3613 4490 designare

337 4522 610 4593 rapienda
640 4528 742 4579 est.
788 4525 896 4589 Qui
924 4541 1054 4580 cum
1097 4526 1171 4581 sit
1195 4527 1356 4582 nobis
1403 4544 1625 4600 semper
1670 4527 1924 4597 infestus,

337 4614 473 4666 tunc
491 4613 733 4670 maxime
762 4613 974 4670 assistit
993 4614 1263 4684 infestior,
1283 4633 1410 4671 cum
1437 4623 1634 4672 contra
1652 4635 1711 4672 se
1731 4618 1929 4674 offerre

337 4714 442 4756 nos
467 4702 706 4760 Domino
729 4720 922 4776 preces
941 4703 1112 4764 videt.

410 4791 785 4856 Quamobrem
821 4794 1019 4850 utilius
1043 4799 1291 4864 censent,
1321 4794 1515 4851 breves
1554 4797 1780 4868 quidem
1802 4813 1930 4853 ora-

339 4880 540 4948 tiones,
559 4884 657 4938 sed
685 4883 1053 4940 creberrimas
1073 4885 1194 4941 ﬁeri
1212 4886 1392 4954 (Ibid.,
1418 4903 1464 4941 c.
1491 4884 1595 4956 11).
1619 4886 1930 4959 Meliusque

344 4985 467 5024 esse
493 4971 703 5038 dicunt,
723 4974 915 5031 decem
951 4975 1153 5048 psalmi
1196 4991 1390 5032 versus
1429 4991 1556 5031 cum
1595 4976 1931 5032 contritione

341 5059 524 5114 cordis
541 5067 600 5117 et
617 5078 744 5118 cum
764 5065 1083 5121 rationabili
1102 5065 1481 5138 assignatione
1501 5072 1745 5133 cantare,
1763 5083 1933 5138 quam

340 5150 574 5206 totidem
607 5153 851 5224 psalmos
877 5171 1005 5210 cum
1034 5155 1358 5211 confusione
1387 5157 1591 5211 mentis
1620 5156 1924 5212 effundere.

936 5236 1170 5292 CAPUT
1193 5235 1343 5292 XIX.

342 5322 494 5390 Quod
521 5326 585 5378 in
611 5326 955 5393 responsione
982 5327 1226 5381 Alleluia
1255 5342 1370 5382 non
1405 5328 1628 5382 dicatur
1657 5330 1924 5397 psalmus,

653 5415 767 5468 nisi
788 5418 886 5484 qui
917 5415 1014 5468 hoc
1051 5417 1212 5470 titulo
1235 5421 1599 5485 praenotatur.

413 5502 557 5558 Illud
587 5518 810 5575 quoque
837 5504 988 5575 apud
1015 5520 1110 5559 eos
1134 5505 1288 5560 omni
1309 5505 1663 5561 observantia
1692 5507 1932 5561 custodi-

341 5599 438 5652 tur
469 5595 664 5664 (0ass.,
707 5595 804 5650 lib.
838 5608 876 5652 ιι
913 5595 1122 5664 Instat,
1145 5612 1190 5650 c.
1224 5595 1330 5666 tl),
1372 5600 1437 5651 ut
1472 5595 1531 5650 in
1571 5597 1932 5672 responsione

2011 4512 2306 4567 manifeste
2329 4511 2702 4583 cognoscitur.
2731 4511 2885 4565 Hora
2902 4525 3029 4564 vero
3057 4525 3208 4564 nona
3236 4509 3498 4564 Christus
3519 4507 3612 4562 in-

2009 4601 2170 4656 ferna
2197 4606 2517 4672 penetrans,
2551 4599 2961 4655 inextricabiles
2986 4598 3190 4654 tartari
3216 4596 3488 4674 tenebras
3516 4613 3614 4652 co-

2009 4691 2328 4745 ruscatione
2354 4691 2442 4745 sui
2485 4689 2798 4762 splendoris
2830 4688 3100 4744 exstinxit
3147 4689 3365 4760 (Matth.
3411 4690 3612 4757 xxvii);

2010 4785 2314 4852 portasque
2366 4796 2541 4834 aereas
2595 4781 2717 4850 ejus
2761 4778 3081 4850 eﬂringens,
3122 4782 3180 4832 et
3207 4793 3364 4832 seras
3401 4776 3614 4831 ferreas

2011 4874 2326 4938 conterens,
2343 4869 2723 4941 captivitatem
2732 4874 2924 4935 545
2937 4872 3260 4922 sanctorum
3271 4882 3398 4938 quas
3419 4866 3614 4921 clausa

2012 4958 2328 5027 tenebatur,
2387 4975 2576 5014 secum
2623 4957 2934 5014 transvexit
2981 4957 3054 5012 ad
3090 4956 3280 5024 caelos,
3331 4955 3614 5028 igneaque

2013 5049 2339 5121 rhomphzea
2381 5048 2659 5116 submota,
2708 5047 3003 5118 antiquum
3058 5046 3303 5102 incolam
3345 5045 3614 5117 paradiso

2014 5139 2278 5195 restituit.
2299 5138 2508 5193 Eadem
2533 5152 2756 5209 quoque
2783 5135 2924 5192 hora
2953 5136 3247 5190 Cornelius
3275 5135 3536 5191 centurio
3556 5135 3614 5190 in

2009 5228 2268 5302 precibus
2294 5227 2598 5300 persistens
2623 5229 2758 5299 (Act.
2781 5229 2854 5295 κ),
2868 5224 3469 5279 commemorationem
3494 5240 3613 5280 ora-

2011 5321 2230 5375 tionum
2245 5323 2302 5374 et
2311 5318 2798 5389 eleemosynarum
2812 5330 3044 5371 suarum
3063 5318 3196 5368 ante
3211 5313 3396 5368 Deum
3410 5315 3609 5369 factam

2014 5409 2084 5466 ab
2101 5409 2301 5481 angelo
2312 5408 2419 5463 sibi
2437 5408 2702 5478 loquente
2720 5405 3023 5477 cognoscit.
3038 5402 3252 5468 Quibus
3276 5403 3610 5458 testimoniis

2014 5500 2224 5572 liquido
2245 5497 2642 5570 comprobatur
2656 5511 2768 5551 non
2783 5494 3065 5550 immerito
3085 5492 3297 5548 sanctis
3318 5497 3380 5547 et
3398 5495 3611 5564 aposto-

2013 5595 2137 5650 licis
2165 5591 2298 5650 viris
2317 5591 2419 5646 has
2446 5591 2615 5646 horas
2643 5586 2920 5660 religiosis
2948 5583 3229 5660 obsequiis
3258 5586 3608 5641 consecratas
