3966 6184
296 228 404 288 829

1061 229 1438 286 EXCERPTA
1475 231 1569 288 EX
1607 233 1886 290 SEVERO
1925 231 2262 289 SULPICIO
2295 231 2384 287 El‘
2422 228 2798 285 CASSIANO.

3464 221 3575 281 830

294 372 331 410 a
353 354 516 410 nobis
539 371 761 428 quoque
772 355 1054 410 observari
1064 355 1330 410 similiter
1347 362 1606 429 oportere
1631 377 1642 414 :
1672 359 1888 431 quinisi
1904 362 1958 421 Α
2039 358 2119 413 Ac
2146 357 2375 412 demum
2399 356 2630 410 docetur
2647 353 2910 425 primitus
2931 367 3062 407 suas
3073 349 3295 404 vincere
3315 349 3575 404 volunta-

297 445 452 499 velut
471 445 594 515 lege
615 445 857 516 quadam
880 445 1092 500 solvere
1115 446 1234 500 hac
1253 445 1478 517 pietatis
1489 447 1674 503 officia
1691 449 1894 504 saltem

294 533 525 587 statutis
555 533 900 605 temporibus
927 534 1242 605 adigamur,
1271 540 1454 590 totum
1499 537 1611 592 diei
1649 538 1896 608 spatium

296 621 576 676 oblivione
605 629 703 676 aut
734 623 951 677 desidia
977 624 1063 677 vel
1083 623 1239 677 vanis
1269 625 1726 696 occupationibus
1746 627 1898 681 invo-

297 711 424 778 luti,
455 711 666 782 absque
697 711 965 766 orationis
994 711 1446 783 interpellatione
1477 731 1891 770 consumamus.

897 801 1129 855 CAPUT
1160 802 1305 856 XXI.

297 889 438 943 Cum
451 894 665 958 quanta
681 891 1006 944 discretione
1020 895 1068 943 et
1081 893 1295 944 cautela
1311 892 1690 959 suscipiantur
1703 895 1767 948 in
1779 909 1896 946 mo-

615 983 857 1032 nasterio
889 980 1352 1033 abrenuntiantes
1378 983 1591 1034 saeculo.

371 1067 514 1120 Cum
542 1067 718 1137 igitur
744 1067 868 1137 quis
897 1067 1322 1122 renuntiaturus
1351 1069 1537 1123 saeculi
1563 1069 1822 1139 negotiis,
1837 1070 1897 1124 in

298 1155 708 1209 monasterium
730 1172 789 1209 se
809 1156 1017 1226 suscipi
1037 1156 1316 1226 rogaverit
1357 1159 1547 1224 (Cassa,
1563 1161 1600 1211 Ι.
1618 1171 1672 1211 ιν
1686 1161 1894 1225 Inst-it,

299 1260 347 1296 c.
381 1241 458 1311 3),
481 1261 592 1298 non
604 1250 733 1297 ante
755 1244 1076 1298 admittitur
1095 1262 1264 1315 quam
1281 1245 1479 1300 diebus
1504 1246 1696 1301 decem
1717 1248 1802 1301 vel
1831 1264 1896 1302 eo

300 1331 547 1402 amplius
591 1349 691 1402 pro
742 1332 954 1386 foribus
1009 1333 1335 1388 monasterii
1407 1334 1701 1400 excubans,
1755 1335 1897 1389 indi-

300 1420 450 1474 cium
475 1422 903 1491 perseverantia
934 1439 1067 1488 sua,
1105 1415 1316 1493 pariter
1343 1423 1679 1478 humilitatis
1713 1439 1778 1478 ac
1803 1441 1898 1495 pa-

299 1509 516 1563 tientia
564 1510 1047 1565 demonstraverit.
1102 1512 1355 1583 Cumque
1383 1513 1632 1566 omnium
1658 1512 1896 1567 fratrum

299 1599 761 1668 pratereuntium
791 1599 1027 1669 genibus
1056 1601 1399 1670 provolutus,
1438 1607 1494 1654 et
1521 1585 1598 1653 ab.
1622 1601 1899 1655 universis

297 1662 578 1741 refutatus
606 1693 775 1758 atque
792 1662 1099 1760 despectus
1124 1689 1215 1754 sit,
1253 1662 1412 1759 quasi
1453 1689 1549 1760 qui
1585 1707 1697 1743 non
1727 1662 1954 1744 causaB

294 1775 605 1845 religionis,
653 1777 748 1830 sed
797 1777 1146 1831 necessitatis
1201 1776 1433 1832 obtentu
1486 1779 1894 1833 monasterium

292 1870 453 1935 optet
481 1864 713 1931 intrare,
749 1865 972 1935 injuriis
999 1882 1219 1937 quoque
1240 1867 1432 1922 multis
1451 1867 1701 1933 allectus,
1727 1884 1893 1939 expe-

292 1951 604 2008 rimentum
621 1953 839 2008 dederit
858 1955 1183 2008 constantia
1205 1971 1318 2010 sua
1341 1975 1354 2022 ;
1388 1960 1446 2010 et
1464 1956 1645 2027 qualis
1671 1956 1895 2011 futurus

291 2041 363 2095 sit
391 2041 452 2096 in
480 2042 906 2109 tentationibus,
939 2042 1218 2114 approbrii
1248 2044 1550 2098 tolerantia
1581 2045 1889 2099 declarave-

292 2131 397 2198 rit;
429 2136 598 2202 atque
629 2132 711 2186 ita
728 2133 1086 2203 postmodum
1105 2138 1416 2204 susceptus,
1441 2133 1731 2203 diligentia
1746 2151 1894 2188 sum-

294 2236 390 2273 ma
417 2221 766 2292 perquiritur
793 2238 864 2276 ne
893 2221 961 2275 de
991 2221 1346 2276 facultatibus
1363 2206 1491 2277 vsuis
1517 2223 1807 2278 inhaserit
1841 2223 1894 2278 ei

294 2309 380 2362 vel
400 2310 570 2364 unius
591 2310 808 2366 nummi
827 2311 1102 2380 contagio.
1131 2310 1318 2366 Scient
1334 2312 1486 2366 enim
1501 2329 1630 2366 eum
1652 2311 1755 2366 sub
1771 2328 1893 2366 mo-

295 2398 532 2452 nasterii
547 2399 839 2470 disciplina
857 2400 1188 2454 diuturnum
1213 2416 1334 2454 esse
1366 2417 1478 2454 non
1491 2401 1782 2472 posse,sed
1793 2417 1895 2456 nec

298 2486 679 2542 humilitatem
699 2495 798 2542 aut
818 2488 1194 2543 obedientiam
1215 2489 1486 2556 obtinere,
1511 2490 1560 2544 si
1586 2489 1645 2544 in
1665 2507 1896 2562 conspe-

297 2582 393 2632 ctu
425 2577 548 2646 ejus
574 2578 1131 2648 quantulumcunque
1157 2578 1406 2649 pecunia
1429 2578 1752 2632 latitaverit.

371 2665 746 2730 Quamobrem
776 2666 857 2720 ita
886 2666 1133 2721 nudatur
1157 2667 1561 2738 unusquisque,
1594 2684 1722 2722 cum
1747 2684 1898 2723 rece-

297 2762 432 2827 ptus
462 2755 647 2820 fuerit,
693 2755 844 2809 omni
892 2755 1131 2826 pristina
1174 2756 1456 2821 facultate,
1494 2761 1558 2810 ut
1595 2773 1665 2810 ne
1712 2757 1895 2828 ipsum

301 2844 533 2915 quidem
555 2844 949 2898 vestimentum
971 2860 1080 2915 quo
1096 2844 1326 2898 indutus
1339 2849 1423 2898 est
1441 2844 1647 2900 habere
1666 2846 1898 2917 permit-

299 2938 458 2988 tatur
485 2933 722 2988 ulterius
747 2935 928 3003 (Ibid.,
955 2950 1000 2987 c.
1034 2937 1107 3000 v);
1139 2933 1239 2988 sed
1263 2933 1322 2987 in
1347 2938 1625 2988 conventu
1652 2934 1894 2990 fratrum

301 3022 611 3094 productus
639 3022 696 3075 in
726 3023 993 3088 medium,
1027 3022 1249 3076 exuitur
1269 3022 1510 3094 propriis
1529 3023 1892 3091 indumentis,

301 3128 368 3165 ac
389 3128 490 3182 per
517 3127 718 3165 manus
747 3110 964 3165 abbatis
984 3111 1240 3166 induitur
1253 3112 1581 3166 monasterii
1601 3113 1898 3167 vestimen-

301 3202 394 3268 tis,
431 3209 496 3255 ut
522 3201 748 3272 perhoc
772 3217 885 3254 non
925 3200 1105 3255 solum
1148 3217 1208 3255 se
1247 3201 1521 3256 universis
1567 3200 1738 3256 rebus
1782 3202 1898 3257 suis

303 3290 551 3361 antiquis
563 3290 779 3345 noverit
798 3289 1118 3361 spoliatum,
1143 3289 1242 3344 sed
1264 3289 1436 3344 etiam
1449 3289 1603 3344 omni
1623 3291 1898 3345 mundiali

301 3366 452 3434 fastu
470 3379 743 3450 deposito,
763 3379 834 3432 ad
849 3379 1056 3433 Christi
1075 3382 1467 3450 paupertatem
1486 3384 1543 3433 et
1561 3379 1810 3452 inopiam
1839 3397 1899 3434 se

305 3469 660 3523 descendisse
685 3472 1002 3538 cognoscat.

377 3558 483 3612 Illa
501 3574 631 3611 vero
653 3574 775 3628 quae
800 3556 990 3628 posuit
1011 3556 1345 3611 vestimenta
1375 3557 1556 3626 (Ibid.,
1591 3573 1638 3615 c.
1669 3555 1746 3628 6),
1778 3562 1902 3614 tan-

306 3647 401 3700 diu
436 3651 792 3701 reservantur
821 3646 880 3701 in
915 3645 1274 3713 monasterio,
1314 3646 1490 3700 donec
1522 3647 1802 3719 profectus
1850 3653 1907 3703 et

307 3736 746 3791 conversationis
772 3737 894 3806 ejus
922 3752 987 3790 ac
1005 3735 1317 3790 tolerantia
1335 3735 1601 3790 virtutem
1623 3737 1908 3792 evidenter

305 3829 636 3897 agnoscant.
673 3826 738 3880 Et
759 3825 805 3879 si
832 3841 995 3897 posse
1010 3841 1140 3880 eum
1169 3824 1246 3879 ibi
1269 3825 1576 3896 perdurare
1611 3842 1904 3897 perspexe-

304 3916 442 3982 rint,
458 3919 594 3970 tunc
610 3914 990 3986 indigentibus
1007 3914 1204 3969 eadem
1215 3913 1549 3969 vestimenta
1564 3914 1900 3986 largiuntur;

304 4005 394 4060 sin
413 4021 544 4059 vero
558 4003 618 4058 in
640 4004 883 4076 quadam
893 4004 1052 4058 illum
1066 4003 1515 4060 murmuratione
1543 4004 1624 4058 vel
1655 4004 1907 4076 qualibet

303 4092 672 4148 inobedienta
709 4093 1199 4165 deprehenderint,
1247 4097 1514 4148 exuentes
1555 4109 1686 4148 eum
1715 4110 1906 4149 mona-

305 4182 490 4250 sterii,
507 4181 708 4252 quibus
722 4182 951 4236 indutus
961 4187 1101 4249 erat,
1115 4182 1483 4249 vestimentis,
1509 4187 1565 4236 et
1580 4181 1906 4237 revestitum

1913 2981 1957 3042 C

1976 451 2080 514 tes,
2096 451 2154 502 et
2173 462 2239 500 ea
2253 445 2335 502 illi
2355 444 2558 516 sapius
2572 443 2851 513 imperare
2873 441 3120 507 student,
3140 455 3261 509 qua
3293 438 3576 493 senserint

1977 534 2167 589 animo
2197 536 2319 605 ejus
2347 550 2469 588 esse
2498 531 2779 587 contraria
2811 531 2993 597 (1ὺίίίἿ
3021 545 3066 582 c.
3091 527 3168 595 8).
3192 525 3574 581 Pronuntiant

1979 623 2128 678 enim
2146 625 2467 677 nullatenus
2495 637 2658 692 posse
2679 619 3011 674 monachum
3034 617 3333 688 pravalere
3347 615 3436 670 vel
3449 615 3566 682 ira,

1977 713 2066 767 vel
2101 711 2363 778 tristitia,
2390 711 2479 766 vel
2504 709 2728 781 spiritui
2747 706 3150 772 fornicationis,
3185 705 3294 760 nisi
3314 704 3469 775 prius
3491 703 3573 758 di-

1978 802 2178 857 dicerit
2210 801 2547 855 mortiﬁcare
2576 815 2677 869 per
2713 796 3088 851 obedientiam
3136 811 3266 848 suas
3313 794 3571 848 volunta-

1979 895 2064 947 tes
2087 910 2098 958 ;
2133 891 2230 945 sed
2251 907 2354 944 nec
2371 888 2748 944 humilitatem
2779 885 3006 956 quidem
3035 883 3216 937 cordis
3236 899 3442 947 veram,
3469 898 3572 936 nec

1978 997 2106 1036 cum
2132 979 2400 1034 fratribus
2425 977 2779 1032 concordiam
2830 975 3052 1028 firmam
3098 989 3260 1043 posse
3304 971 3568 1039 retinere,

1977 1087 2080 1125 nec
2107 1070 2180 1132 in,
2207 1066 2546 1122 monasterio
2592 1065 2804 1120 diutius
2843 1077 3173 1135 permanere
3201 1076 3330 1115 eum
3358 1060 3454 1131 qui
3477 1077 3567 1115 vo-

1978 1142 2224 1214 luntates
2253 1174 2384 1212 suas
2408 1172 2522 1210 non
2550 1153 2808 1208 didicerit
2839 1167 3125 1222 superare.

2553 1244 2784 1299 CAPUT
2814 1242 2996 1299 XXII.

1981 1338 2133 1406 Quod
2165 1339 2357 1391 nullus
2400 1338 2459 1388 in
2498 1334 2828 1387 monasterio
2860 1334 2978 1385 sine
3011 1330 3259 1398 jussione
3292 1327 3578 1381 seniorum

2405 1439 2564 1491 agere
2589 1422 2809 1490 aliquid
2823 1423 3142 1489 praesumat.

2051 1515 2186 1568 Post
2215 1513 2344 1568 hac
2371 1517 2531 1566 tanta
2559 1509 2910 1566 observantia
2939 1507 3088 1579 apud
3119 1522 3214 1560 eos
3242 1503 3570 1559 obedientia

1982 1605 2178 1675 regula
2203 1601 2516 1656 custoditur
2572 1600 2756 1669 (0ass.,
2793 1601 2830 1652 l.
2865 1613 2918 1651 1v
2947 1599 3152 1660 Instit.,
3185 1612 3230 1647 c.
3269 1591 3376 1661 10),
3407 1597 3472 1647 ut
3484 1593 3574 1661 ju-

1978 1693 2164 1747 niores
2183 1691 2392 1762 absque
2404 1688 2689 1760 prapositi
2704 1687 2790 1744 sui
2810 1685 3045 1740 scientia
3069 1685 3154 1737 vel
3171 1682 3448 1754 permissu
3469 1696 3574 1734 nec

1976 1783 2047 1836 ad
2059 1782 2209 1853 ipsas
2230 1780 2360 1852 quid
2368 1796 2456 1833 em
2475 1777 2761 1832 naturales
2781 1775 3142 1830 necessitates
3157 1771 3418 1844 progredi
3434 1786 3570 1841 pra-

1977 1875 2205 1939 sumant
2227 1889 2239 1936 ;
2272 1874 2329 1924 et
2347 1869 2427 1922 sic
2442 1866 2704 1921 universa
2719 1869 3013 1936 praecepta,
3035 1879 3156 1933 qua
3179 1862 3260 1915 eis
3281 1859 3350 1914 ab
3369 1858 3572 1912 abbate

1975 1959 2493 2029 fuerintimperata,
2513 1955 2792 2025 complere
2813 1952 3101 2018 festinant,
3129 1956 3400 2020 tanquam
3429 1947 3477 2002 si
3505 1963 3572 2001 ex

1977 2050 2092 2104 Deo
2119 2048 2232 2103 sint
2255 2046 2471 2101 caelitus
2504 2044 2673 2110 edita,
2692 2047 2756 2096 ut
2784 2041 3084 2112 aliquando
3115 2040 3284 2093 etiam
3308 2036 3568 2108 impossi-

1974 2137 2112 2192 bilia
2139 2137 2364 2192 sibimet
2405 2135 2700 2205 imperata,
2734 2148 2801 2186 ea
2827 2131 2937 2185 ﬁde
2965 2147 3030 2184 ac
3057 2129 3350 2183 devotione
3390 2125 3569 2180 susci-

1974 2228 2152 2299 piant,
2187 2231 2250 2280 ut
2275 2229 2396 2280 tota
2437 2223 2642 2278 virtute
2682 2221 2951 2294 perﬁcere
2982 2236 3051 2274 ea
3089 2223 3146 2273 et
3179 2229 3570 2272 consummare

1975 2317 2250 2371 nitantur.

2047 2407 2243 2476 Itaque
2271 2401 2624 2459 considentes
2650 2401 2802 2454 intra
2825 2398 3030 2453 cubilia
3071 2414 3190 2462 sua,
3225 2401 3282 2451 et
3313 2395 3469 2466 Operi
3505 2410 3572 2450 ac

1978 2491 2333 2548 meditationi
2375 2491 2625 2546 studium
2671 2488 2883 2561 pariter
2926 2487 3314 2558 impendentes
3353 2484 3568 2552 (Ibid.,

1978 2601 2024 2637 c.
2062 2581 2170 2652 12),
2198 2597 2327 2636 cum
2355 2580 2580 2650 signum
2611 2578 2839 2648 aliquod
2859 2576 3145 2632 audierint
3170 2575 3240 2630 ad
3261 2573 3573 2628 orationem

1980 2688 2076 2726 eos
2103 2687 2203 2726 seu
2232 2671 2305 2724 ad
2323 2686 2462 2740 opus
2482 2667 2708 2739 aliquod
2720 2667 2983 2733 invitans,
3012 2665 3269 2720 certatim
3290 2664 3360 2717 de
3379 2661 3573 2716 cubili-

1979 2760 2083 2815 bus
2111 2760 2226 2814 suis
2256 2758 2643 2830 unusquisque
2671 2754 3005 2828 prorumpit,
3031 2754 3112 2808 ita
3130 2757 3195 2806 ut
3209 2753 3302 2806 ille
3323 2749 3419 2822 qui
3439 2748 3572 2804 scri-

1978 2855 2173 2921 pturas
2201 2853 2438 2912 exercet,
2472 2863 2596 2900 cum
2625 2850 2881 2915 repertus
2911 2843 3079 2900 fuerit
3104 2841 3397 2896 inchoasse
3423 2839 3571 2894 litte-

1978 2955 2120 3005 ram,
2167 2937 2328 2992 finire
2371 2953 2484 2990 non
2513 2934 2741 3001 audeat;
2776 2933 2875 2987 sed
2913 2933 2972 2986 in
3001 2932 3198 2986 eodem
3227 2935 3434 3001 puncto
3461 2945 3573 2999 quo

1979 3028 2051 3082 ad
2079 3031 2272 3092 546
2289 3041 2454 3080 aures
2479 3025 2602 3094 ejus
2622 3022 2838 3076 sonitus
2858 3020 3135 3092 pulsantis
3163 3019 3308 3090 signi
3339 3017 3574 3072 advene-

1979 3116 2074 3184 rit,
2106 3131 2330 3170 summa
2350 3113 2643 3168 velocitate
2673 3110 2986 3182 prosiliens,
3009 3125 3079 3163 ne
3099 3112 3322 3162 tantum
3344 3105 3574 3176 quidem

1980 3222 2150 3260 mora
2181 3205 2232 3258 ei
2261 3204 2600 3274 interponat,
2633 3205 2907 3272 quantum
2929 3199 3096 3270 capti
3115 3196 3290 3268 apicis
3319 3210 3574 3250 consum-

1981 3299 2099 3348 met
2126 3292 2388 3363 effigiem.

2052 3383 2212 3438 Illam
2234 3397 2369 3435 sane
2390 3380 2656 3435 virtutem
2677 3379 2825 3433 inter
2844 3381 3072 3433 cateras
3093 3373 3474 3431 institutiones
3487 3387 3578 3425 eo-

1981 3488 2108 3526 rum
2131 3487 2394 3542 magnam
2421 3486 2542 3525 esse
2559 3467 2920 3540 cognovimus
2960 3469 3154 3533 (Cass.,
3179 3466 3273 3520 lib.
3299 3479 3371 3529 Iv,
3391 3479 3436 3516 c.
3466 3459 3570 3528 13),

1987 3561 2134 3632 quod
2155 3559 2293 3615 nulli
2318 3560 2605 3626 fiscellam,
2627 3559 2768 3612 nulli
2796 3557 3136 3629 peculiarem
3175 3557 3444 3625 sportam,
3475 3565 3578 3603 nec

1986 3649 2200 3720 aliquid
2217 3649 2371 3703 aliud
2386 3648 2546 3719 quasi
2570 3648 2857 3720 proprium
2877 3645 3164 3718 possidere
3173 3640 3461 3700 liceat,sed
3477 3656 3580 3694 nec

1987 3738 2153 3794 verbo
2183 3739 2411 3811 quidem
2439 3739 2646 3793 audeat
2673 3737 2797 3808 quis
2817 3737 3002 3792 dicere
3024 3733 3235 3806 aliquid
3255 3747 3375 3787 esse
3391 3745 3574 3786 suum.

2550 3827 2784 3882 CAPUT
2808 3827 3009 3881 XXIII.

2046 3922 2119 3975 De
2149 3920 2326 3973 tribus
2352 3919 2546 3986 granis
2575 3919 2848 3971 lenticula
2877 3917 3215 3984 negligenter
3239 3912 3504 3966 dimissis.

2057 4007 2237 4078 Igitur
2263 4007 2322 4060 in
2361 4006 2678 4076 septimana
2703 4004 2999 4074 cujusdam
3028 4001 3240 4071 fratris,
3272 3999 3369 4070 qui
3397 3997 3581 4054 ofﬁcio

1988 4095 2238 4168 coquina
2285 4094 2634 4149 deserviebat
2671 4094 2862 4161 (Casa,
2915 4093 3010 4146 lib.
3045 4106 3098 4146 1v
3146 4092 3354 4156 Instit,
3387 4105 3432 4142 c.
3468 4087 3579 4153 ‘20),

1988 4203 2116 4242 eum
2138 4184 2468 4257 prateriens
2492 4181 2828 4255 prapositus
2857 4177 3203 4244 monasterii,
3247 4177 3360 4231 tria
3403 4190 3584 4246 grana

304 4270 583 4342 antiqujs’
607 4288 728 4344 quae
748 4276 970 4327 servam
995 4269 1236 4340 fuerant,
1264 4271 1554 4344 depellunt
1582 4270 1651 4326 de
1679 4287 1908 4342 congre-
1925 4339 1964 4344 _
1988 4273 2266 4328 lenticula
2282 4273 2470 4343 jacere
2497 4271 2726 4325 vidisset
2763 4270 2822 4324 in
2849 4273 3021 4335 terra,
3068 4283 3191 4339 qua
3225 4263 3384 4319 fratri
3428 4261 3583 4316 festi-

306 4361 566 4434 gatione.

383 4452 533 4507 Cum
551 4449 727 4522 igitur
747 4450 872 4522 quis
896 4455 1206 4523 susceptus,
1251 4454 1308 4505 et
1348 4450 1453 4506 hac
1494 4449 1912 4524 perseverantia

310 4543 452 4613 (qua
480 4540 741 4608 diximus)
768 4541 938 4596 fuerit
958 4540 1370 4614 comprobatus,
1397 4557 1463 4595 ac
1491 4539 1760 4613 depositis
1787 4555 1912 4611 pro.

307 4631 455 4702 priis
482 4630 848 4699 indumentis,
883 4629 1079 4686 habitu
1104 4629 1487 4685 monasteriali
1517 4630 1689 4685 fuerit
1726 4628 1911 4685 accin-

307 4728 442 4775 ctus
472 4720 656 4789 (Ibid.,
688 4737 733 4773 c.
764 4718 837 4792 7),
871 4737 984 4775 non
1009 4720 1200 4776 statim
1228 4719 1648 4791 congregationi
1673 4719 1913 4776 fratrum

305 4809 664 4865 commisceri
681 4809 1048 4882 permitittur;
1063 4809 1161 4866 sed
1177 4810 1482 4882 deputatur
1499 4809 1665 4866 alicui
1684 4809 1909 4878 seniori,

312 4898 416 4972 qui
445 4915 700 4954 seorsum
726 4916 841 4955 non
870 4900 1034 4970 longe
1061 4916 1096 4954 a
1122 4899 1393 4956 vestibulo
1423 4900 1748 4956 monasterii
1769 4916 1916 4955 com-

310 5005 574 5056 manens,
597 4987 766 5043 habet
781 5005 972 5044 curam
992 4989 1417 5062 peregrinorum
1431 4995 1599 5062 atque
1618 4989 1915 5046 advenien-

307 5078 460 5133 tium
483 5077 831 5149 deputatam,
865 5078 1056 5150 eisque
1081 5095 1306 5134 omnem
1335 5079 1688 5151 diligentiam
1731 5095 1916 5135 susce-

311 5167 526 5239 ptionis
538 5172 595 5222 et
607 5168 976 5224 humanitatis
992 5168 1284 5242 impendit.
1298 5169 1548 5242 Cumque
1559 5169 1766 5224 ibidem
1787 5185 1916 5225 cum

311 5256 440 5328 ipso
471 5257 692 5328 integro
718 5275 865 5313 anno
908 5259 1244 5328 deserviens,
1281 5259 1492 5332 absque
1539 5260 1657 5315 ulla
1688 5259 1918 5331 querela

317 5363 490 5402 suum
518 5347 666 5402 circa
684 5349 1014 5421 peregrinos
1029 5349 1340 5405 exhibuerit
1354 5350 1708 5418 famulatum,
1722 5351 1920 5406 doctus

317 5453 422 5508 per
440 5437 560 5492 hac
587 5437 772 5510 prima
797 5438 1152 5495 institutione
1192 5439 1545 5509 humilitatis,
1576 5440 1919 5499 admiscetur

322 5528 571 5598 posthac
599 5529 1020 5602 congregationi
1047 5529 1306 5588 fratrum.

1925 4339 2150 4420 Dnanti
2200 4339 2615 4416 ad'coctionem
2656 4357 3103 4430 praeparandam,
3153 4356 3302 4410 inter
3357 4367 3581 4418 manus,

1993 4451 2216 4525 quando
2247 4467 2395 4524 aqua
2428 4448 2740 4517 lavabatur,
2789 4449 2980 4520 elapsa
3017 4447 3259 4512 fuerant,
3291 4441 3584 4498 confestim

1993 4559 2163 4615 super
2184 4542 2291 4596 hoc
2308 4539 2568 4595 abbatem
2595 4537 2890 4594 consuluit.
2913 4537 3071 4592 Tunc
3095 4535 3269 4589 frater
3296 4532 3410 4598 ille,
3432 4530 3587 4585 velut

1994 4633 2331 4688 interversor
2357 4635 2414 4686 et
2452 4629 2741 4700 neglector
2775 4626 2918 4683 sacri
2954 4624 3158 4697 peculii
3174 4622 3481 4694 judicatus,
3515 4618 3585 4673 ab

1995 4723 2248 4779 oratione
2278 4735 2581 4792 suspensus
2594 4723 2679 4773 est
2695 4736 2706 4772 :
2724 4717 2885 4788 cujus
2894 4713 3249 4786 negligentia
3267 4715 3458 4766 reatus
3471 4725 3586 4764 non

1995 4813 2160 4868 aliter
2192 4811 2245 4867 ei
2289 4810 2557 4866 remissus
2586 4813 2690 4876 est,
2721 4805 2831 4862 nisi
2855 4821 2985 4860 cum
3010 4803 3234 4876 publica
3258 4798 3590 4875 poenitentia

1994 4903 2268 4959 diluisset.

2537 4986 2769 5043 CAPUT
2782 4983 3036 5042 XXXIV.

1995 5082 2069 5138 De
2098 5081 2306 5136 duobus
2335 5078 2639 5144 monachis,
2674 5079 2738 5131 in
2768 5090 3008 5146 quorum
3035 5074 3347 5143 septimana
3367 5072 3586 5140 lignum

2682 5167 2894 5234 defecit.

2067 5259 2208 5316 Novi
2248 5257 2386 5313 alios
2433 5255 2835 5328 fratres(0ass.,
2862 5257 2955 5310 lib.
3010 5268 3063 5310 ιν
3116 5254 3323 5320 Instit.,
3371 5249 3482 5319 21),
3529 5247 3588 5302 in

2002 5365 2242 5424 quorum
2287 5347 2602 5420 septimana
2623 5361 2754 5402 cum
2797 5344 3090 5402 accidisset
3118 5347 3276 5398 tanta
3305 5341 3588 5411 lignorum

2000 5439 2253 5511 penuria,
2275 5442 2339 5494 ut
2351 5453 2460 5493 non
2481 5441 2631 5493 esset
2643 5435 2866 5510 penitus
2876 5435 3028 5492 unde
3039 5433 3190 5490 soliti
3208 5430 3314 5487 cibi
3325 5424 3591 5483 fratribus

2003 5532 2354 5601 pararentur,
2406 5533 2465 5584 et
2509 5527 2687 5586 donec
2729 5529 2958 5600 possent
2984 5525 3239 5594 coempta
3277 5515 3500 5583 deferri,
3527 5517 3592 5570 ut
