3966 6184
441 290 539 348 831

1540 296 1634 351 DE
1670 297 1859 353 VITIS
1897 299 2194 355 PATRUM
2231 301 2444 356 LIBER
2481 301 2577 356 IV.

3568 305 3654 362 83‘2

432 419 774 491 xerophagia
789 421 1034 477 contenti
1049 426 1234 477 essent
1247 420 1466 476 abbatis
1478 422 1678 477 fuisset
1690 425 2027 479 auctoritate
2044 427 2095 486 Α
2113 442 2280 481 senex
2309 427 2549 481 latenter
2575 425 2771 480 diebus
2795 424 3032 496 singulis
3051 424 3405 496 explorasset,
3419 426 3657 483 etvideret

432 514 802 580 praeceptum;
849 515 1107 583 essetque
1148 512 1250 566 hoc
1283 513 1557 567 universis
1593 513 1881 584 placitum,
1928 533 2029 571 nec

433 597 729 668 quisquam
742 605 929 669 posset
943 601 1120 656 ullum
1135 601 1400 656 coctionis
1412 619 1640 673 sperare
1654 605 2026 674 pulmentum;

430 684 576 751 illos,
599 687 749 740 velut
763 686 857 757 qui
872 686 1058 744 fructu
1087 706 1152 743 ac
1179 691 1434 744 mercede
1455 691 1542 744 sui
1567 690 1773 746 laboris
1801 698 1857 747 et
1871 693 2029 747 obse-

434 773 550 843 quii
561 775 1032 844 fraudarentur,si
1046 779 1104 833 in
1117 779 1312 832 ordine
1323 779 1456 832 vicis
1473 797 1585 834 suae
1597 779 1748 834 cibos
1764 781 2028 837 fratribus

434 878 547 916 non
579 867 886 922 secundum
923 868 1383 922 consuetudinem
1424 869 1786 939 paravissent,
1809 875 2031 925 tantum

433 950 538 1004 sibi
559 957 852 1023 spontanei
890 956 1097 1010 laboris
1127 973 1192 1010 ac
1232 957 1624 1011 sollicitudinis
1652 959 1937 1026 indixisse,
1967 965 2032 1016 ut

433 1039 494 1093 in
513 1040 626 1096 illis
641 1043 815 1098 aridis
839 1061 902 1098 ac
921 1044 1204 1100 sterilibus
1217 1046 1371 1111 locis,
1394 1045 1449 1099 in
1463 1046 1664 1116 quibus
1675 1047 1827 1116 ligna
1837 1050 1945 1102 nisi
1961 1050 2030 1104 de

431 1127 734 1186 fructiferis
763 1131 1058 1187 arboribus
1088 1133 1432 1200 excidantur,
1467 1135 1803 1190 omnimodis
1826 1154 2032 1208 neque-

433 1221 537 1272 unt
553 1219 810 1288 inveniri,
831 1238 1011 1292 neque
1025 1222 1172 1276 enim
1186 1223 1245 1276 in
1267 1223 1376 1276 illis
1392 1223 1527 1278 locis
1542 1225 1657 1278 ulla
1673 1226 2032 1296 reperiuntur

432 1305 642 1362 fruteta
655 1309 1136 1382 silvestria.Igitur
1148 1328 1246 1382 per
1262 1316 1492 1366 extensa
1511 1314 1633 1367 avia
1649 1314 2029 1371 discurrentes

433 1393 637 1451 fratres
656 1397 766 1465 illi,’
777 1399 902 1454 etin
924 1415 1196 1465 eremum,
1221 1417 1342 1471 quae
1355 1418 1546 1455 versus
1566 1419 1721 1457 mare
1743 1405 2028 1459 Mortuum

433 1485 708 1552 tenditur,
733 1487 1024 1555 abeuntes,
1038 1488 1279 1544 festucas
1300 1496 1496 1545 tenues
1518 1509 1581 1546 ac
1601 1492 1867 1562 spinulas,
1891 1512 2030 1565 quas

433 1577 632 1628 ventus
647 1574 756 1630 huc
769 1576 1015 1648 illucque
1035 1578 1394 1649 disperserat,
1408 1580 1748 1651 colligentes,
1771 1590 2029 1637 cunctam

2112 531 2239 568 eum
2268 515 2510 586 simplici
2534 515 2716 569 cordis
2753 514 2955 569 affectu
2984 513 3308 568 mandatum
3339 530 3509 579 suum,
3533 516 3660 570 velut

2113 603 2380 658 divinitus
2425 603 2784 674 imperatum,
2837 619 3078 668 servare,
3147 602 3418 656 miserans
3468 604 3658 657 tandem

2111 698 2228 746 tam
2250 694 2401 764 longi
2422 692 2628 747 laboris
2651 693 2699 763 ej
2711 709 2773 746 us
2795 691 3288 763 perseverantiam,
3327 691 3572 746 accedens
3604 693 3661 747 ad

2110 782 2332 836 aridum
2377 782 2702 852 virgultum,
2756 781 2926 834 dixit:
2964 781 3009 836 Ο
3060 781 3139 834 fili
3177 781 3430 845 Joannes,
3472 781 3661 835 misitne

2114 871 2327 926 radices
2356 872 2475 926 haec
2503 871 2687 936 arbor,
2718 887 2789 924 an
2820 869 2973 924 non?
3005 870 3258 940 Cumque
3282 870 3372 923 ille
3400 870 3591 925 nescire
3615 887 3663 924 se

2113 960 2362 1026 dixisset,
2387 977 2574 1024 senex,
2607 960 2759 1014 velut
2778 965 3005 1013 tcntans
3035 959 3082 1013 si
3105 960 3224 1030 jam
3266 959 3380 1012 suis
3421 958 3664 1012 radicibus

2111 1048 2627 1113 teneretur,evulsit
2647 1065 2836 1102 coram
2857 1049 2977 1118 ipso
2992 1047 3314 1117 virgultum;
3339 1052 3393 1100 et
3407 1047 3665 1118 projiciens

2110 1138 2334 1209 longius
2362 1139 2518 1206 illud,
2553 1138 2817 1210 praecepit
2842 1137 3114 1208 discipulo
3145 1143 3209 1191 ut
3237 1136 3487 1208 deinceps
3507 1136 3664 1208 rigare

2112 1233 2374 1282 cessaret.

2653 1314 2887 1371 CAPUT
2914 1314 3139 1369 XXVII.

2110 1407 2183 1460 De
2219 1408 2463 1460 immani
2504 1422 2656 1471 samo,
2706 1406 2850 1474 quod
2889 1406 3034 1457 idem
3061 1405 3300 1458 Joannes
3335 1419 3430 1472 per
3457 1404 3668 1456 obedien-

2711 1495 2850 1546 tiam
2878 1494 3114 1545 advexit.

2181 1587 2367 1647 541
2401 1584 2597 1654 Itaque
2617 1599 2745 1636 cum
2765 1583 2884 1652 jam
2914 1580 3065 1634 fama
3087 1579 3414 1634 obedientia:
3442 1581 3552 1651 ejus
3591 1596 3671 1651 per

432 1661 2030 1744 solemnitatemciborumspontaneisobsequiispraepara-
2111 1672 2455 1725 monasteria
2493 1671 2754 1725 universa
2791 1671 3068 1740 fragraret
3120 1669 3312 1736 (Cass.,
3358 1671 3449 1722 lib.
3497 1683 3544 1722 Iv
3593 1671 3670 1723 ln-

431 1758 649 1806 verunt.
672 1753 853 1810 Tanta
868 1773 1112 1829 namque
1124 1758 1234 1812 fide
1258 1759 1373 1813 haec
1391 1776 1494 1813 sua
1510 1777 1744 1814 munera
1763 1761 2028 1816 fratribus
2055 1745 2097 1804 Β
2111 1763 2223 1813 stit.
2235 1759 2654 1831 ,c.25),quidam
2673 1760 2873 1813 fratres
2895 1758 3382 1830 probationis,imo
3395 1758 3673 1812 aediﬁcatio-

433 1839 825 1910 exhibuerunt,
857 1851 922 1898 ut
949 1846 1120 1900 etiam
1149 1863 1275 1900 cum
1297 1848 1422 1902 illos
1456 1848 1688 1903 honeste
1726 1856 1917 1921 posset
1947 1852 2030 1905 vel
2113 1849 2201 1904 nis
2224 1851 2345 1920 ejus
2367 1849 2904 1904 causaveneruntad
2920 1864 3131 1902 senem.
3154 1847 3315 1901 Tunc
3332 1861 3491 1899 senex
3504 1861 3673 1900 vocans

437 1927 724 2000 lignorum
753 1949 1017 1988 excusare
1067 1937 1320 2006 penuria,
1351 1937 1434 1990 vel
1465 1936 1682 1992 abbatis
1710 1939 2029 2009 imperium,
2115 1937 2452 2009 discipulum
2482 1955 2666 2003 suum,
2701 1938 2780 1992 ait
2805 1937 2875 1991 ad
2905 1953 3036 1990 eum
3066 1953 3076 1989 :
3110 1935 3310 2002 Curre,
3353 1935 3593 2000 Joannes,
3630 1939 3675 1988 et

432 2033 536 2089 pro
555 2035 656 2074 suo
670 2019 854 2077 fructu
872 2028 1040 2096 atque
1053 2026 1310 2079 mercede
1324 2026 1770 2082 noluerintabuti
1785 2028 2026 2084 licentia.
2113 2039 2309 2078 saxum
2328 2024 2467 2078 illud
2499 2024 2606 2077 huc
2635 2023 2863 2077 advolve
2893 2022 3250 2093 quantocius.
3277 2019 3382 2083 Qui
3419 2019 3672 2096 confestim

1021 2114 1253 2169 CAPUT
1277 2115 1445 2171 XXX.
2113 2129 2308 2167 saxum
2357 2114 2622 2179 immane,
2673 2111 2936 2184 applicita
2983 2127 3134 2164 nunc
3162 2109 3394 2175 cervice,
3418 2125 3554 2163 nunc
3579 2114 3673 2162 toto

434 2197 508 2252 De
528 2197 676 2254 beato
693 2201 926 2267 Joanne,
949 2205 1050 2270 qui
1067 2204 1348 2258 habitabat
1367 2209 1536 2274 juxta
1573 2207 1708 2274 Lyco
1747 2209 2026 2276 oppidum.
2114 2208 2518 2275 pectore,tanto
2532 2201 2657 2256 nisu
2677 2207 2846 2272 atque
2866 2205 3070 2254 conatu
3085 2199 3409 2270 provolvere
3418 2196 3674 2251 contende-

504 2285 894 2345 Necessarium
920 2307 1048 2346 reor
1086 2292 1216 2347 huic
1244 2295 1399 2364 operi
1439 2296 2032 2351 commemorationem
2114 2289 2228 2356 bat,
2248 2297 2312 2345 ut
2332 2291 2533 2346 sudore
2558 2289 2936 2345 membrorum
2975 2304 3232 2354 suorum,
3261 2303 3372 2341 non
3407 2287 3572 2340 solum
3603 2292 3673 2339 to-

430 2374 615 2430 facere
659 2376 810 2433 beati
851 2380 1082 2436 Joannis
1131 2383 1318 2453 (Cass.,
1373 2385 1467 2437 lib.
1511 2398 1563 2437 Iv
1595 2387 1802 2452 Instit,
1838 2403 1882 2440 c.
1915 2385 1982 2441 ‘23
2018 2405 2030 2452 ;

2117 2385 2237 2434 tum
2254 2379 2573 2434 infunderet
2589 2379 3004 2443 vestimentum,
3022 2377 3119 2432 sed
3132 2377 3308 2432 etiam
3323 2392 3512 2430 saxum
3524 2375 3673 2446 ipsum

432 2466 601 2533 ΗυῙῘο,
652 2468 746 2521 lib.
799 2483 862 2534 ιι,
914 2485 1030 2540 cap.
1076 2472 1145 2537 ί),
1194 2471 1290 2542 qui
1330 2479 1709 2528 commoratus
1752 2481 1842 2528 est
1873 2475 2036 2544 juxta
2118 2469 2232 2524 suis
2261 2469 2565 2524 cervicibus
2602 2469 2971 2522 humectaret.
3015 2469 3079 2522 In
3117 2467 3228 2521 hoc
3264 2482 3479 2537 quoque
3509 2481 3674 2537 parum

432 2553 600 2626 Lyco,
633 2557 780 2626 quod
803 2564 887 2612 est
917 2559 1187 2630 oppidum
1215 2560 1530 2626 Thebaides,
1574 2563 1781 2634 quique
1808 2569 2038 2635 propter
2117 2558 2356 2612 metiens
2376 2557 2887 2629 impossibilitatem
2917 2556 3184 2628 praecepti
3217 2555 3304 2610 vel
3326 2555 3470 2621 facti,
3498 2570 3585 2626 pro
3609 2569 3675 2606 re-

437 2641 770 2699 obedientize
792 2645 1058 2700 virtutem
1076 2664 1255 2719 usque
1277 2649 1348 2702 ad
1362 2649 1668 2720 prOphetiae
1682 2651 1924 2720 gratiam
1948 2669 2040 2706 su-
2116 2647 2368 2702 verentia
2396 2647 2546 2701 senis
2573 2653 2629 2701 et
2660 2646 2912 2718 obsequii
2945 2645 3311 2717 simplicitate
3339 2644 3561 2709 sincera,
3587 2659 3677 2712 qua

435 2730 724 2788 blimatus.
747 2734 838 2788 Sic
857 2735 1006 2789 enim
1025 2753 1126 2806 per
1151 2742 1336 2792 totum
1355 2738 1557 2792 claruit
1581 2739 1873 2807 mundum,
1897 2746 1962 2795 ut
1980 2747 2037 2795 et
2118 2737 2380 2791 credebat
2408 2741 2526 2790 tota
2557 2737 2685 2801 fide,
2721 2753 2912 2789 senem
2944 2735 3084 2788 nihil
3116 2751 3284 2805 posse
3327 2734 3586 2787 incassum
3626 2747 3677 2784 ac

434 2821 664 2892 regibus
685 2823 882 2877 mundi
904 2825 1073 2896 hujus
1094 2825 1296 2880 merito
1318 2828 1762 2882 suoredderetur
1779 2829 2032 2886 illustris.
2117 2825 2237 2879 sine
2277 2825 2494 2880 ratione
2533 2824 2850 2895 praecipere.
2889 2825 3190 2894 Hucusque
3235 2821 3452 2876 abbatis
3486 2819 3677 2876 Joannis

433 2911 580 2966 Nam
608 2927 735 2966 cum
764 2913 824 2967 in
855 2915 1138 2981 extremis,
1174 2921 1237 2970 ut
1264 2916 1394 2981 dixi,
1441 2917 1738 2972 Thebaides
1782 2919 2035 2990 partibus

431 3006 831 3068 commaneret,
860 3018 972 3058 non
994 3009 1125 3058 ante
1146 3004 1520 3075 praasumebat
1559 3007 1902 3061 Theodosius
1927 3007 2034 3062 im-

433 3095 661 3161 perator
689 3091 758 3144 ad
791 3094 1224 3164 przepotentium
1255 3099 1626 3164 tyrannorum
1661 3095 1808 3151 bella
1838 3113 2032 3168 proee-
2055 3107 2098 3167 ο

433 3181 587 3247 dere,
611 3197 779 3252 quam
809 3181 961 3236 illius
983 3183 1334 3238 animaretur
1357 3185 1596 3238 oraculis
1617 3189 1784 3256 atque
1807 3202 2034 3256 respon-

431 3267 530 3323 sis.
577 3268 789 3332 Quibus
837 3270 1140 3337 confidens,
1191 3272 1346 3326 velut
1386 3272 1604 3326 cmlitus
1654 3273 1758 3326 sibi
1811 3274 2027 3341 delatis,

431 3359 685 3431 trOphaea
713 3359 784 3415 de
809 3359 1118 3432 desperatis
1139 3361 1302 3416 bellis
1328 3367 1499 3434 atque
1527 3363 1782 3419 hostibus
1813 3380 2034 3436 semper

434 3449 762 3519 reportavit.

1009 3539 1246 3596 CAPUT
1265 3541 1461 3596 XXVI.

748 3629 822 3683 De
847 3630 1152 3684 obedientia
1181 3632 1424 3699 ejusdem
1453 3633 1707 3686 Joannis.

505 3717 609 3772 Hic
645 3717 837 3787 itaque
886 3715 1084 3771 beatus
1121 3719 1366 3772 Joannes
1414 3717 1482 3771 ab
1527 3719 1902 3774 adolescentia
1933 3736 2034 3774 sua

430 3820 609 3876 usque
638 3806 708 3860 ad
734 3805 1036 3876 perfectam
1075 3823 1139 3860 ac
1175 3805 1391 3859 virilem
1420 3812 1643 3861 aztatem
1687 3809 1911 3862 cuidam
1943 3827 2031 3864 se-

431 3893 579 3948 niori
617 3893 939 3947 deserviens
981 3895 1164 3962 (Casa,
1199 3897 1294 3948 lib.
1330 3909 1387 3948 ιγ
1415 3897 1623 3963 lnstit.,
1648 3914 1692 3950 c.
1717 3896 1826 3968 34),
1860 3898 2035 3953 donec

431 3982 526 4036 ille
571 3982 631 4038 in
676 3982 846 4053 hujus
891 3981 1016 4036 vitae
1063 3983 1486 4039 conversatione
1525 3985 1766 4053 duravit,
1798 3991 1957 4040 tanta
1982 3988 2032 4042 ei

433 4071 750 4126 humilitate
787 4070 1032 4138 inhaesit,
1086 4078 1151 4127 ut
1199 4072 1306 4144 ipsi
1336 4090 1563 4146 quoque
1601 4075 1721 4129 seni
1749 4081 2036 4148 stuporem

2117 2931 2295 2986 pauca
2314 2915 2382 2968 de
2411 2914 2605 2968 multis
2627 2914 2830 2968 dixisse
2853 2912 3125 2979 sufficiat;
3151 2928 3308 2966 nunc
3328 2910 3531 2965 abbatis
3546 2909 3678 2964 Matii

2119 3003 2324 3058 factum
2355 3003 2588 3074 dignum
2616 3002 2889 3057 memoria
2919 3001 3412 3072 comprehendam.

2660 3092 2895 3146 CAPUT
2923 3091 3174 3146 XXVIII.

2353 3183 2426 3236 De
2458 3184 2713 3236 mirabili
2735 3183 3012 3251 patientia
3039 3182 3257 3234 abbatis
3289 3181 3468 3234 Matii.

2187 3271 2289 3325 Hic
2301 3287 2542 3342 namque
2560 3269 2732 3324 abbas
2746 3270 2972 3335 Mutius,
2983 3269 3389 3324 abrenuntiare
3399 3267 3681 3322 desiderans

2115 3361 2242 3415 huic
2263 3361 2904 3421 mundo,monasterium
2927 3359 3091 3430 petiit
3110 3360 3306 3425 (Cass.,
3333 3361 3426 3412 tib.
3451 3359 3476 3412 4
3502 3359 3678 3419 Instit.,

2114 3467 2162 3504 c.
2195 3449 2312 3520 27).
2339 3450 2447 3514 Qui
2468 3455 2584 3504 tam
2604 3450 2700 3504 diu
2724 3464 2824 3521 pro
2847 3448 3058 3504 foribus
3080 3447 3413 3502 monasterii
3438 3464 3553 3501 cum
3573 3460 3680 3518 par-

2117 3539 2245 3594 vulo
2291 3539 2406 3593 filio
2458 3545 2581 3594 octo
2631 3539 2850 3593 circiter
2896 3553 3174 3592 annorum
3205 3537 3510 3600 excubavit,
3532 3535 3680 3588 donec

2117 3629 2324 3700 suscipi
2345 3634 2674 3682 mereretur.
2701 3629 2955 3698 Cumque
2976 3626 3205 3681 tandem
3232 3626 3438 3698 recepti
3457 3625 3674 3687 fuissent,

2117 3718 2410 3772 confestim
2433 3717 2502 3770 ab
2532 3717 2768 3771 invicem
2800 3716 3045 3788 separati
3071 3722 3226 3782 sunt,
3259 3733 3331 3770 ne
3363 3715 3562 3770 scilicet
3578 3711 3679 3783 jugi

2113 3807 2324 3862 visione
2341 3807 2576 3879 parvuli,
2597 3806 3057 3861 reminisceretur
3075 3810 3240 3877 pater
3261 3822 3428 3876 quam
3441 3803 3683 3874 abjecerat

2117 3897 2441 3952 facultatem
2466 3916 2478 3964 ;
2505 3903 2561 3951 et
2588 3895 3065 3968 quemadmodum
3083 3895 3318 3950 divitem
3362 3912 3420 3949 se
3457 3895 3565 3965 jam
3593 3907 3682 3944 non

2119 4003 2239 4042 esse
2259 3985 2575 4052 sciebat,ita
2612 3991 2672 4039 et
2711 3991 2932 4056 patrem
2956 4000 3017 4038 se
3039 4000 3160 4038 esse
3179 3984 3443 4039 nesciret.
3467 3981 3606 4047 Quod
3631 3984 3682 4032 ut

2118 4075 2337 4148 plenius
2358 4074 2710 4146 probaretur,
2734 4079 2925 4128 utrum
2948 4072 3064 4144 ipse
3091 4073 3222 4144 plus
3247 4074 3453 4127 faceret
3476 4069 3681 4125 affectio-

430 4176 715 4216 summum
733 4159 1054 4216 obedientia
1069 4161 1222 4217 illius
1246 4161 1542 4218 incuteret.
1565 4165 1738 4236 Cujus
1759 4165 1904 4221 hanc
1927 4167 2032 4220 vir-
2117 4182 2188 4221 ne
2218 4163 2507 4236 sanguinis
2537 4180 2609 4218 an
2639 4162 2988 4229 obedientia,
3015 4162 3412 4234 negligebatur
3431 4158 3677 4234 parvulus,

428 4253 631 4319 tutem,
662 4255 855 4306 utrum
883 4251 953 4305 de
984 4267 1114 4305 vera
1143 4251 1252 4306 ﬁde
1284 4269 1349 4306 ac
1377 4252 1656 4325 profunda
1685 4255 1870 4309 cordis
1899 4256 2030 4310 sim-
2113 4253 2315 4326 pannis
2343 4253 2530 4324 potius
2558 4269 2726 4324 quam
2756 4251 3106 4306 vestimentis
3135 4249 3392 4306 indutus.
3419 4249 3519 4304 Sed
3543 4252 3591 4300 et
3611 4261 3680 4298 co-

426 4339 676 4412 plicitate
725 4340 1107 4408 descenderet,
1139 4341 1328 4396 volens
1358 4359 1528 4398 senex
1558 4343 1912 4398 manifestius
1941 4361 2031 4398 ex-
2110 4343 2292 4415 laphis
2318 4349 2488 4413 atque
2517 4342 2693 4413 alapis
2723 4342 3006 4413 expositus
3036 4340 3412 4406 diversorum,
3437 4353 3563 4410 quos
3579 4334 3679 4407 ple-

427 4429 667 4502 plorare,
701 4429 753 4483 ei
800 4430 982 4502 plura,
1032 4429 1202 4485 etiam
1230 4433 1520 4502 superflua
1559 4438 1617 4486 et
1643 4433 2026 4505 impossibilia,
2043 4423 2094 4484 D
2113 4449 2352 4504 rumque
2367 4430 2469 4486 sub
2481 4432 2656 4486 oculis
2677 4433 2793 4486 suis
2814 4437 2974 4503 pater
2988 4430 3278 4485 innocenti
3295 4428 3516 4501 parvulo
3534 4424 3674 4479 etiam

426 4519 775 4591 frequentius
823 4519 1174 4590 injungebat,
1229 4536 1294 4574 ex
1325 4521 1526 4591 quibus
1553 4522 2025 4593 paucanarrabo.

429 4609 682 4681 Sumpsit
708 4625 954 4680 namque
985 4609 1054 4663 de
1083 4608 1321 4680 lignario
1353 4626 1455 4664 suo
1494 4610 1800 4681 virgultum
1840 4629 2025 4679 senex,

428 4695 577 4766 quod
605 4694 737 4750 olim
771 4695 1016 4751 excisum
1047 4694 1242 4750 usibus
1270 4695 1377 4750 foci
1407 4695 1591 4750 fuerat
1630 4704 2026 4769 praeparatum,

427 4800 556 4840 cum
582 4784 688 4838 hoc
717 4801 905 4839 coram
930 4785 1051 4856 ipso
1082 4784 1356 4840 infixisset
1401 4785 1458 4840 in
1500 4790 1731 4852 terram,
1768 4789 2030 4859 praecepit

431 4873 482 4927 ei
529 4879 610 4938 ut,
661 4873 892 4929 advecta
941 4891 1106 4946 aqua,
1157 4873 1408 4946 quotidie
1453 4875 1591 4929 illud
1632 4875 1716 4929 bis
1745 4875 2026 4946 irrigaret.

429 4960 590 5025 Quod
616 4968 954 5034 praeceptum
997 4963 1361 5019 veneratione
1409 4963 1575 5019 solita
1618 4965 1737 5019 sine
1779 4965 1896 5020 ulla
1923 4966 2030 5021 im-

435 5048 820 5122 possibilitatis
865 5053 1312 5108 consideratione
1340 5053 1664 5108 adolescens
1701 5055 2029 5126 suscipiens,

425 5139 508 5193 ita
537 5139 879 5211 quotidianis
917 5141 1116 5196 diebus
1146 5143 1403 5214 explevit,
1439 5149 1503 5197 ut
1543 5160 1748 5215 aquam
1781 5161 1883 5216 per
1920 5145 2031 5200 duo

427 5227 695 5282 milliaria
721 5228 1103 5286 indesinenter
1122 5237 1446 5303 apportans,
1474 5233 1794 5288 nullatenus
1816 5235 2031 5305 lignum

424 5322 671 5373 cessaret
703 5317 884 5388 rigare
907 5338 918 5386 ;
945 5325 1114 5390 atque
1139 5338 1238 5392 per
1267 5326 1450 5377 totum
1473 5323 1606 5377 anni
1627 5325 1892 5395 spatium,
1917 5341 2030 5379 non

427 5407 731 5464 inﬁrmitas
752 5409 1018 5480 corporis,
1044 5426 1155 5464 non
1175 5412 1464 5483 occupatio
1487 5413 1836 5468 necessitatis
1861 5414 2030 5468 ullius

429 5497 800 5564 intercedens,
835 5497 905 5551 ab
936 5497 1291 5554 observantia
1336 5503 1597 5573 praecepti
1638 5502 1806 5573 hujus
1846 5503 2028 5574 potuit

429 5602 561 5643 eum
599 5587 892 5660 impedire.
946 5589 1202 5660 Cumque
1243 5589 1390 5646 hanc
1436 5591 1795 5648 sedulitatem
1822 5593 2028 5649 tacitus

2109 4522 2287 4594 gratis
2314 4519 2582 4576 cernebat
2602 4521 2818 4587 inferri,
2852 4521 2935 4574 ita
2969 4525 3034 4574 ut
3070 4535 3365 4591 nunquam
3385 4532 3546 4588 genas
3579 4514 3678 4584 ejus

2112 4612 2221 4666 nisi
2242 4613 2618 4683 lacrymarum
2657 4609 3015 4665 sordentibus
3042 4608 3294 4680 vestigiis
3332 4609 3536 4664 videret
3567 4602 3677 4657 infe-

2111 4706 2249 4754 ctas.
2274 4700 2528 4770 Cumque
2553 4698 2744 4753 taliter
2771 4698 2955 4752 infans
2981 4695 3085 4752 sub
3110 4696 3287 4750 oculis
3317 4697 3366 4766 ej
3377 4713 3439 4750 us
3470 4709 3560 4765 per
3577 4689 3673 4743 sin-

2114 4790 2275 4860 gulos
2295 4788 2413 4842 dies
2425 4792 2692 4858 ageretur
2709 4788 2802 4841 ille
2825 4804 2924 4858 pro
2946 4802 3138 4841 amore
3159 4785 3370 4840 Christi
3385 4789 3440 4839 et
3459 4780 3678 4836 obedien-

2112 4879 2459 4944 tia-virtute,
2489 4877 2670 4948 rigido
2698 4894 2922 4949 semper
2951 4881 3008 4930 et
3033 4874 3312 4930 immobili
3337 4874 3536 4928 viscere
3569 4883 3676 4941 pcr-

2115 4967 2486 5023 duravit.Non
2506 4967 2656 5021 enim
2677 4968 2960 5038 reputavit
2974 4967 3093 5036 jam
3116 4981 3284 5019 suum
3315 4964 3507 5028 ﬁlium,
3539 4973 3676 5030 quem

2115 5073 2304 5112 secum
2332 5056 2545 5128 pariter
2568 5055 2850 5110 obtulerat
2875 5055 3228 5120 Christo,nec
3249 5051 3478 5107 curabat
3497 5049 3679 5119 deprae-

2114 5146 2365 5201 sentibus
2395 5147 2516 5216 ejus
2545 5145 2787 5216 injuriis.
2822 5144 2931 5200 Sed
2949 5144 3128 5215 magis
3149 5142 3437 5198 exultabat
3454 5138 3586 5212 quod
3601 5135 3677 5190 ille

2113 5252 2476 5306 nequaquam
2507 5234 2914 5288 districtionem
2929 5233 3133 5287 mentis
3161 5233 3314 5286 illius
3330 5237 3493 5302 atque
3513 5228 3678 5280 immo-

2113 5324 2281 5380 bilem
2309 5325 2552 5396 rigorem
2584 5324 2879 5378 emolliret.
2899 5323 3057 5388 Quod
3097 5322 3288 5376 videns
3320 5322 3484 5375 Pater
3511 5329 3675 5370 mona-

2113 5415 2292 5482 sterii,
2324 5415 2394 5468 ad
2425 5412 2895 5484 comprobandam
2936 5413 3118 5482 magis
3148 5412 3269 5482 ejus
3317 5405 3673 5464 constantiam,

2111 5519 2237 5557 cum
2268 5503 2494 5557 vidisset
2518 5503 2766 5573 quadam
2781 5502 2871 5556 die
2896 5501 3164 5556 infantem
3179 5501 3423 5570 plorare,
3439 5492 3675 5549 simulans

2111 5610 2170 5649 se
2201 5592 2430 5662 iratum,
2460 5592 2724 5665 praecepit
2742 5591 2889 5664 patri
2911 5593 3034 5663 ejus
3055 5596 3120 5646 ut
3134 5589 3336 5646 tollens
3363 5601 3504 5650 eum,
3529 5583 3674 5654 jacta-
