3966 6184
307 272 417 333 833
1082 277 1460 336 EXCERPTA
1501 278 1595 334 EX
1634 273 1912 333 SEVERO
1952 271 2282 329 SULPICIO
2322 272 2411 329 ET
2449 271 2824 330 CASSIANO.
3405 231 3416 240 ί
3484 276 3589 333 834

306 402 395 453 ret
423 397 482 452 in
513 414 740 470 aquam.
769 399 925 454 Tunc
964 399 1057 455 ille
1107 382 1257 458 velut
1298 421 1334 460 a
1373 405 1614 460 Domino
1663 403 1767 457 hoc
1808 400 1981 461 sibiA
2000 417 2122 472 quae
2142 401 2212 454 ad
2229 401 2378 456 horti
2394 401 2746 472 diligentiam
2764 398 3138 474 pertinebant,
3159 401 3256 458 sed
3275 402 3446 459 etiam
3466 403 3591 459 uni-

305 493 457 542 esset
487 494 845 560 praeceptum,
879 490 1172 546 confestim
1197 493 1364 547 celeri
1395 510 1569 548 cursu
1599 493 1824 563 rapiens
1855 493 1916 545 ﬁ-
1999 506 2156 544 versa
2183 490 2382 556 ofﬁcia,
2419 508 2541 562 quae
2561 497 2725 546 erant
2751 491 2966 546 cunctis
2980 491 3248 547 fratribus
3277 509 3476 564 aspera
3503 494 3590 548 vel

307 576 469 643 lium,
504 577 574 630 ad
618 578 798 649 ripam
832 578 1080 632 ﬂuminis
1107 581 1424 650 jactaturus
1464 582 1701 637 advexit.
1754 581 1914 646 Quod
1996 578 2246 649 indigna,
2267 585 2386 634 tota
2406 582 2658 651 quotidie
2678 582 3314 654 sedulitatecompleret:
3345 583 3594 654 complu-

307 667 558 737 profecto
587 666 776 722 furore
809 667 939 722 ﬁdei
966 674 1026 722 et
1045 667 1374 726 obedientia;
1395 673 1518 742 ejus
1535 672 1912 742 fuissetopere

304 762 781 822 consummatum,
800 756 908 811 nisi
930 760 1216 828 procurati
1239 759 1478 815 fuissent
1489 760 1558 814 ab
1581 760 1783 815 abbate
1798 759 1910 814 fra-

303 850 425 899 tres
453 845 548 916 qui
577 845 814 901 sollicite
843 845 1024 917 ripam
1049 848 1296 903 fluminis
1316 850 1666 920 possiderent
1693 851 1764 904 ad
1781 865 1910 921 par-

304 935 504 989 vulum
535 935 867 1002 eruendum,
897 935 1322 1008 projectumque
1347 939 1468 1009 jam
1501 939 1910 1010 quodammodo

305 1023 377 1077 de
409 1023 660 1079 fluminis
688 1025 843 1079 alveo
875 1026 1168 1096 parvulum
1191 1027 1483 1082 confestim
1517 1033 1828 1100 rapuerunt
1856 1033 1914 1082 et

305 1129 439 1167 cum
459 1129 683 1168 summa
701 1113 994 1168 devotione
1013 1121 1293 1186 praecepto
1316 1117 1494 1188 patris
1523 1118 1818 1189 completo,
1841 1117 1912 1171 ab

307 1201 514 1257 effectu
541 1202 726 1273 operis
759 1210 1177 1258 revocaverunt.

383 1291 559 1362 Cujus
587 1291 726 1346 ﬁdes
749 1298 920 1364 atque
945 1291 1264 1348 obedientia
1291 1299 1347 1348 et
1360 1294 1578 1349 devotio
1603 1294 1660 1348 in
1691 1299 1912 1349 tantum

307 1379 418 1434 fuit
441 1381 556 1434 Deo
580 1387 807 1452 accepta
825 1383 1006 1450 (Ibid.,
1044 1399 1088 1436 ο.
1113 1381 1225 1451 28),
1251 1389 1315 1436 ut
1346 1383 1536 1438 statim
1557 1383 1742 1438 divino
1757 1384 1912 1438 testi-

308 1469 502 1523 monio
537 1469 899 1541 comprobata
926 1471 1018 1525 sit.
1061 1471 1389 1526 Revelatum
1406 1489 1650 1544 namque
1679 1477 1765 1527 est
1785 1489 1912 1528 con-

307 1559 471 1612 tinuo
487 1559 695 1613 seniori
719 1559 822 1613 hac
840 1575 968 1613 eum
990 1559 1308 1614 obedientia
1326 1560 1564 1616 Abrahae
1581 1562 1910 1633 patriarchae

308 1665 451 1719 opus
473 1648 756 1719 implesse.
783 1649 1056 1719 Cumque,
1077 1648 1230 1722 brevi
1260 1655 1513 1721 tempore
1535 1657 1744 1716 exacto,
1761 1651 1908 1705 idem

1995 684 2060 720 ra
2077 685 2206 722 vero
2251 669 2419 723 etiam
2468 676 2630 724 nocte
2667 686 3024 740 consurgens,
3077 672 3158 726 ita
3199 672 3394 726 furtim
3434 671 3589 727 nullo

1993 762 2137 811 teste
2176 763 2458 829 operatur,
2499 763 2564 812 ut
2593 759 2815 828 penitus
2854 766 3140 814 auctorem
3188 762 3372 833 operis
3420 776 3589 816 nemo

1993 845 2457 917 deprehenderet.
2485 848 2738 918 Cumque
2753 847 2959 903 ibidem
2974 849 3216 904 triennio
3233 850 3586 917 delitescens,

1994 952 2094 1006 per
2121 935 2438 990 universam
2464 937 2768 1008 Egyptum
2795 937 3062 1008 dispersis
3091 938 3294 1010 ubique
3325 939 3592 995 fratribus

1994 1030 2357 1094 quaereretur,
2386 1042 2420 1079 a
2457 1026 2700 1096 quodam
2729 1027 2958 1080 tandem
2984 1027 3136 1082 visus
3163 1027 3354 1095 fratre,
3388 1030 3484 1100 qui
3519 1029 3591 1084 de

1994 1113 2219 1184 IEgypti
2234 1114 2488 1185 partibus
2508 1115 2830 1183 advenerat,
2849 1116 2939 1170 vix
2954 1117 3137 1188 potuit
3154 1134 3253 1188 pro
3272 1118 3590 1173 humilitate

1994 1201 2218 1257 habitus
2243 1204 2330 1258 sui
2351 1220 2416 1258 ac
2445 1205 2658 1259 vilitate
2675 1205 2862 1273 ofﬁcii,
2881 1205 3029 1276 quod
3057 1205 3307 1277 gerebat,
3325 1207 3588 1278 agnosci;

1994 1307 2125 1346 nam
2144 1293 2363 1347 sarculo
2390 1294 2650 1349 deorsum
2669 1294 2952 1362 incurvus,
2974 1294 3328 1366 praeparabat
3347 1294 3592 1351 oleribus

1994 1384 2236 1448 terram;
2269 1382 2471 1436 deinde
2499 1389 2713 1438 stercus
2743 1384 2994 1438 humeris
3018 1385 3134 1439 suis
3147 1390 3470 1456 apportans,
3504 1401 3596 1440 eo-

1995 1486 2119 1524 rum
2139 1469 2416 1525 radicibus
2437 1472 2746 1541 ingerebat.
2763 1473 3144 1543 Cumquehzec
3160 1474 3385 1529 intuens
3395 1474 3589 1542 frater,

1994 1575 2164 1628 super
2190 1559 2475 1629 agnitione
2504 1562 2626 1630 ejus
2650 1561 2968 1616 diutissima
3008 1562 3358 1618 haesitatione
3394 1564 3594 1618 fuisset

1992 1648 2271 1714 detentus,
2307 1649 2534 1720 propius
2554 1651 2779 1704 tandem
2800 1651 3090 1714 accedens,
3125 1668 3238 1706 non
3265 1653 3448 1707 solum
3468 1653 3594 1708 vul-

305 1737 481 1791 abbas
510 1736 780 1807 migraret
800 1737 868 1791 de
897 1738 1116 1803 saeculo,
1138 1720 1294 1793 hunc
1320 1719 1536 1810 patrem
1558 1741 1797 1794 Mutium
1812 1757 1912 1811 pro
1928 1719 1975 1779 Β
1996 1742 2139 1804 tum,
2159 1738 2254 1792 sed
2267 1719 2438 1792 etiam
2449 1755 2649 1794 sonum
2667 1740 2811 1794 vocis
2830 1741 2951 1810 ejus
2964 1740 3590 1813 diligenterexplorans,

308 1825 633 1880 obedientia
655 1826 869 1880 cunctis
895 1826 1160 1881 fratribus
1178 1844 1512 1898 proponens,
1538 1845 1916 1884 successorem

308 1915 396 1969 sui
424 1920 597 1986 atque
621 1914 879 1970 abbatem
911 1916 1254 1970 monasterio
1283 1917 1530 1988 reliquit.

885 2005 1118 2060 CAPUT
1143 2006 1339 2061 XXIX.

309 2096 384 2149 De
418 2095 683 2149 monacho
712 2095 1005 2164 cujusdam
1041 2098 1256 2148 comitis
1282 2097 1417 2163 ﬁlio,
1456 2098 1556 2165 qui
1577 2102 1788 2166 sportas
1817 2113 1915 2166 per

660 2187 868 2252 plateas
886 2185 1078 2252 jussus
1109 2185 1296 2251 fuerat
1319 2192 1563 2253 portare.

381 2273 655 2328 Novimus
675 2273 977 2344 quemdam
999 2272 1251 2338 fratrem,
1279 2273 1584 2328 secundum
1603 2273 1790 2328 szeculi
1813 2273 1915 2328 hu-

304 2363 399 2433 jus
425 2363 701 2429 ordinem,
743 2379 977 2417 summae
1003 2362 1247 2429 familiae,
1279 2380 1410 2417 nam
1440 2369 1600 2434 patre
1630 2365 1832 2418 comite
1858 2367 1915 2418 et

310 2451 590 2506 ditissimo
618 2450 889 2506 oriundus
916 2451 1021 2506 fuit
1046 2452 1243 2523 (Cass.,
1279 2455 1374 2507 lib.
1409 2467 1463 2506 1v
1494 2455 1702 2513 Inst-it.,
1726 2469 1771 2506 c.
1796 2450 1909 2523 29).

309 2540 420 2605 Qui
440 2540 648 2595 relictis
676 2540 1001 2612 parentibus
1027 2558 1154 2595 cum
1180 2541 1250 2595 ad
1277 2541 1684 2596 monasterium
1716 2557 1912 2612 pervo-
1931 2545 1954 2565 '

313 2629 506 2696 lasset,
539 2629 612 2684 ad
641 2629 1114 2700 comprobandam
1149 2630 1271 2700 ejus
1293 2629 1686 2695 humilitatem,
1721 2630 1913 2684 statim

312 2719 363 2772 ei
385 2734 419 2772 a
438 2718 659 2773 seniore
688 2723 1026 2790 praeceptum
1039 2723 1125 2772 est
1136 2718 1402 2773 utdecem
1416 2723 1634 2790 sportas
1645 2719 1908 2789 grandes,

315 2823 457 2878 quas
480 2823 705 2862 necesse
733 2823 845 2862 non
872 2812 992 2862 erat
1018 2813 1152 2861 tunc
1178 2807 1439 2872 vendere,
1471 2807 1776 2862 cervicibus
1797 2807 1912 2862 suis

311 2896 626 2968 impositas,
676 2895 1068 2950 distrahendas
1102 2913 1204 2968 per
1231 2897 1445 2968 plateas
1490 2895 1907 2963 circumferret;

312 2985 533 3054 adjecta
561 2985 898 3049 conditione,
919 3001 1030 3056 quo
1056 2985 1266 3040 diutius
1290 2986 1347 3039 in
1371 2985 1474 3040 hoc
1492 2983 1672 3039 ofﬁcio
1687 2985 1804 3056 ipse
1820 2985 1913 3038 de-

1999 1827 2066 1880 ad
2093 1827 2263 1897 pedes
2293 1829 2416 1897 ejus
2437 1828 2691 1881 cominus
2720 1845 2778 1882 se
2799 1829 3054 1899 projecit.
3082 1831 3238 1884 Tunc
3258 1830 3459 1886 fratres
3478 1835 3594 1886 stu-

1994 1932 2129 1986 pere
2159 1923 2465 1986 cceperunt,
2501 1922 2557 1971 et
2593 1916 2878 1988 inquirere
2907 1935 3007 1972 cur
3031 1919 3134 1973 hoc
3153 1919 3374 1974 fecisset
3402 1920 3452 1974 ei
3473 1921 3589 1991 qui,

1995 2004 2145 2074 apud
2185 2005 2334 2076 ipsos
2358 2006 2506 2060 velut
2526 2021 2707 2076 nuper
2734 2006 2803 2061 de
2833 2008 3034 2062 saeculo
3055 2024 3332 2078 egressus,
3354 2008 3596 2064 habeba-

1994 2097 2090 2146 tur
2116 2098 2420 2149 extremus.
2450 2095 2703 2165 Cumque
2729 2095 2810 2149 eis
2838 2094 3012 2149 frater
3031 2095 3123 2150 ille
3153 2096 3236 2150 rei
3261 2096 3516 2152 ordinem
3537 2100 3597 2152 et

1994 2197 2202 2236 nomen
2232 2182 2408 2252 ipsius
2440 2182 2659 2236 abbatis
2700 2183 3020 2250 indicasset,
3066 2185 3270 2255 majori
3320 2185 3594 2241 miraculo

1995 2276 2130 2324 sunt
2144 2271 2678 2342 perculsi,quoniam
2690 2277 2747 2326 et
2757 2273 2906 2344 apud
2926 2273 3077 2344 ipsos
3099 2289 3306 2344 magna
3325 2274 3592 2346 opinione

1997 2358 2179 2413 fuerat
2207 2365 2544 2430 compertus.
2580 2361 2735 2415 Tunc
2763 2361 3094 2431 ignorantiae
3121 2379 3236 2418 suae
3272 2363 3493 2418 veniam
3522 2362 3595 2418 ab

1997 2464 2063 2502 eo
2091 2449 2473 2520 postulabant,
2504 2449 2652 2520 quod
2672 2465 2802 2504 eum
2831 2455 2990 2505 tanto
3019 2457 3273 2523 tempore
3318 2453 3467 2508 inter
3498 2454 3596 2524 ju-

1996 2537 2184 2592 niores
2200 2554 2265 2592 ac
2285 2537 2545 2608 parvulos
2558 2538 2940 2610 deputassent.
2963 2541 3036 2594 At
3051 2539 3145 2594 ille
3161 2540 3332 2596 ﬁebat
3349 2542 3596 2598 multum

1996 2631 2053 2680 et
2080 2625 2324 2696 lugebat,
2359 2626 2506 2697 quod
2537 2627 2749 2683 scilicet
2777 2627 2987 2682 invidia
3013 2628 3223 2684 diaboli
3253 2629 3452 2685 fuisset
3471 2646 3598 2702 pro-

1995 2715 2164 2778 ditus,
2188 2731 2291 2769 nec
2311 2715 2620 2770 licuissetei
2647 2717 2859 2772 diutius
2877 2717 2936 2772 in
2954 2717 3056 2772 tali
3085 2717 3404 2774 humilitate
3424 2725 3596 2790 atque

1995 2803 2306 2874 abjectione
2334 2805 2661 2876 perdurare.
2695 2807 2850 2861 Tunc
2880 2822 3010 2861 eum
3035 2807 3238 2862 fratres
3274 2808 3510 2864 invitum
3531 2824 3598 2863 ac

1995 2893 2224 2947 flentem
2253 2894 2324 2947 ad
2354 2894 2640 2965 proprium
2671 2897 3076 2951 monasterium
3100 2898 3465 2966 reduxerunt,
3496 2914 3596 2954 cu-

1993 2981 2300 3036 stodientes
2320 2999 2447 3037 cum
2469 3000 2690 3038 summa
2719 2985 3031 3056 diligentia,
3064 3002 3135 3040 ne
3163 2986 3425 3041 similiter
3453 3002 3597 3058 quo-

311 3073 609 3140 tineretur,
641 3079 708 3129 ut
733 3074 780 3128 si
805 3073 947 3129 forte
964 3091 1111 3130 unus
1143 3091 1237 3129 eas
1268 3091 1453 3129 emere
1485 3075 1697 3146 pariter
1713 3074 1914 3129 voluis-
1934 3074 1975 3136 C
1997 3088 2105 3142 que
2133 3071 2393 3143 delapsus
2424 3073 2736 3144 aufugeret.

312 3168 419 3227 set,
473 3179 586 3217 non
631 3165 872 3225 cederet,
923 3164 1020 3218 sed
1077 3164 1362 3234 sigillatim
1395 3180 1488 3217 eas
1538 3163 1915 3234 quaerentibus

312 3252 600 3306 venderet.
622 3253 780 3317 Quod
801 3253 894 3308 ille
916 3258 1035 3307 tota
1051 3253 1343 3307 devotione
1360 3253 1657 3324 complevit
1679 3273 1690 3320 ;
1717 3258 1773 3308 et
1791 3270 1917 3307 om-

317 3342 376 3396 ni
408 3342 744 3397 verecundia
773 3359 873 3413 pro
903 3342 1112 3396 Christi
1133 3342 1410 3396 desiderio
1433 3343 1662 3408 calcata,
1695 3349 1916 3414 sportas

315 3431 572 3486 humeris
601 3430 716 3486 suis
736 3431 1048 3502 imponens,
1085 3435 1141 3484 et
1171 3449 1269 3502 per
1297 3432 1511 3502 plateas
1531 3435 1781 3502 portans,
1807 3436 1918 3486 sta-

314 3525 443 3574 tuto
471 3520 653 3591 pretio
683 3519 960 3587 distraxit,
996 3525 1052 3574 et
1088 3520 1382 3591 pecuniam
1405 3521 1472 3574 ad
1512 3520 1915 3574 monasterium

312 3609 641 3681 reportavit.

897 3698 1130 3754 CAPUT
1159 3697 1328 3754 XXX.

311 3786 387 3843 De
417 3787 608 3842 abbate
634 3784 930 3857 Pinuphio,
962 3791 1063 3858 qui
1087 3804 1190 3857 pro
1226 3788 1546 3844 humilitate
1580 3789 1820 3859 fugiens,
1851 3789 1915 3846 de

683 3880 1022 3932 monasterio
1061 3880 1282 3946 longius
1311 3881 1539 3935 secessit.

384 3963 640 4020 Vidimus
651 3968 709 4020 et
718 3963 978 4020 abbatem
986 3965 1330 4037 Pinuphium
1346 3966 1514 4034 (Cass.
1524 4003 1538 4032 ,
1547 3967 1887 4022 lib.ivInstit.
1896 4003 1913 4035 ,

313 4070 360 4110 ο.
397 4052 512 4124 30),
543 4053 641 4127 qui
661 4071 788 4110 cum
807 4060 957 4110 esset
969 4055 1234 4110 immanis
1253 4055 1582 4110 monasterii
1601 4054 1914 4128 presbyter,

309 4143 459 4216 quod
482 4149 568 4199 est
578 4144 634 4199 in
648 4143 907 4217 Egypto,
925 4162 1035 4200 non
1047 4145 1213 4217 longe
1229 4163 1259 4200 a
1271 4145 1589 4218 Panephysi
1606 4145 1846 4211 civitate,
1863 4149 1918 4200 et

2068 3160 2173 3216 Ubi
2197 3177 2325 3215 cum
2354 3161 2555 3217 fuisset
2577 3163 2793 3217 modico
2809 3167 3060 3234 tempore
3085 3163 3408 3218 demoratus
3440 3164 3593 3231 (Cas-

1996 3253 2167 3318 sian.,
2202 3253 2240 3306 ι.
2264 3265 2318 3304 1v
2347 3253 2553 3316 Instit.,
2586 3268 2632 3305 c.
2657 3250 2764 3317 31),
2799 3251 2997 3305 eodem
3034 3268 3230 3306 rursus
3257 3252 3595 3308 humilitatis

1999 3339 2275 3393 desiderio
2295 3355 2580 3404 accensus,
2611 3344 2842 3410 captans
2856 3345 3135 3394 nocturna
3148 3341 3392 3403 silentia,
3411 3341 3493 3396 ita
3504 3341 3601 3398 de-

1999 3428 2161 3498 fugit,
2182 3433 2244 3482 ut
2259 3429 2376 3498 jam
2399 3444 2512 3482 non
2526 3428 2762 3482 vicinam
2785 3429 3146 3500 provinciam,
3164 3429 3262 3484 sed
3284 3430 3600 3502 incognitas

1999 3517 2255 3588 regiones
2285 3521 2586 3588 expeteret.
2614 3518 2754 3571 Nam
2771 3517 3149 3573 conscendens
3172 3519 3376 3587 navim,
3407 3520 3469 3574 in
3488 3519 3600 3574 Pa-

1998 3607 2230 3660 laestina:
2252 3610 2439 3676 partes
2459 3621 2772 3662 commeare
2787 3607 3018 3676 curavit,
3052 3606 3284 3664 credens
3315 3624 3375 3664 se
3417 3609 3598 3665 tutius

1997 3695 2312 3763 latiturum,
2349 3694 2399 3750 si
2415 3696 2486 3750 ad
2500 3696 2598 3750 illa
2617 3697 2980 3770 semetipsum
3003 3702 3348 3770 asportasset
3373 3699 3517 3766 loca,
3538 3700 3600 3754 in

1998 3784 2200 3856 quibus
2229 3801 2333 3840 nec
2359 3802 2566 3841 nomen
2595 3787 2824 3858 quidem
2873 3803 3040 3842 suum
3078 3787 3278 3843 fuisset
3320 3787 3598 3844 auditum.

1997 3874 2119 3940 Quo
2138 3891 2266 3931 cum
2283 3875 2618 3943 advenisset,
2639 3882 2895 3932 nostrum
2915 3876 3322 3934 monasterium
3341 3877 3600 3950 protinus

1998 3964 2281 4036 expetivit,
2313 3965 2462 4036 quod
2493 3981 2604 4020 non
2633 3965 2799 4037 longe
2828 3971 2951 4021 erat
2973 3982 3008 4021 a
3031 3967 3235 4039 spelaeo
3252 3967 3312 4023 in
3341 3984 3451 4040 quo
3481 3967 3596 4023 Do-

1999 4052 2187 4108 minus
2214 4057 2408 4107 noster
2435 4069 2502 4108 ex
2531 4052 2762 4124 Virgine
2792 4054 2945 4109 nasci
2975 4055 3238 4125 dignatus
3267 4061 3372 4111 est.
3404 4057 3470 4111 In
3488 4069 3601 4128 quo

2001 4141 2340 4197 monasterio
2361 4141 2581 4196 modico
2593 4147 2845 4213 tempore
2866 4145 3223 4214 supradictus
3247 4142 3419 4200 abbas
3432 4144 3602 4200 Pinud

306 4250 413 4305 pro
442 4233 568 4306 ipsa
583 4233 901 4289 reverentia
921 4233 1004 4289 vel
1024 4234 1149 4290 vitae
1167 4251 1282 4289 suae
1303 4235 1389 4288 vel
1413 4235 1594 4288 aetatis
1613 4234 1699 4288 vel
1731 4250 1919 4288 sacer-
2002 4232 2166 4303 phius
2177 4232 2528 4296 delitescens,
2545 4232 2850 4285 secundum
2867 4233 3203 4286 sententiam
3217 4233 3459 4299 Domini,
3476 4239 3602 4288 tan-

308 4322 470 4390 dotii,
499 4322 713 4378 cunctis
734 4321 1076 4378 honorabilis
1092 4323 1357 4378 existeret
1379 4340 1394 4389 ;
1416 4323 1610 4379 videns
1621 4340 1681 4378 se
1697 4338 1798 4394 pro
1813 4323 1920 4378 hoc
2003 4336 2172 4390 quam
2192 4319 2383 4372 civitas
2399 4335 2570 4389 supra
2590 4323 2838 4372 montem
2852 4319 3052 4390 posita,
3088 4319 3298 4374 diutius
3332 4321 3599 4376 abscondi
3699 4361 3716 4380 .

311 4412 437 4484 ipso
450 4413 825 4468 humilitatem
845 4417 1038 4468 tenere
1052 4429 1165 4468 non
1180 4429 1360 4484 posse,
1386 4413 1599 4468 occulte
1613 4412 1832 4484 fugiens
1847 4413 1917 4467 de
1931 4399 1980 4458 D
2000 4425 2111 4464 non
2129 4408 2313 4480 potuit
2335 4408 2545 4476 (Matth.
2566 4406 2642 4476 v).
2658 4408 2800 4461 Nam
2812 4408 3074 4462 continuo
3091 4409 3317 4480 quidam
3333 4409 3598 4479 fratrum,

313 4502 592 4568 cmnobio,
623 4501 855 4557 secessit
879 4502 1031 4556 solus
1058 4502 1116 4556 in
1135 4501 1435 4556 Thebaidis
1451 4501 1680 4556 ultimas
1700 4506 1915 4572 partes;

313 4590 510 4661 ibique
539 4590 791 4660 deposito
814 4590 1144 4644 indumento
1174 4595 1360 4655 548
1393 4591 1814 4653 monachorum,
1835 4607 1920 4644 as-

312 4686 546 4750 sumpta
573 4680 824 4734 saeculari
869 4686 1042 4744 veste,
1075 4680 1480 4734 monasterium
1511 4679 1922 4734 Tabennensio-

315 4774 508 4823 tarum
541 4768 823 4839 expetivit,
877 4769 1027 4838 quod
1065 4768 1278 4822 sciebat
1313 4769 1526 4822 cunctis
1564 4769 1923 4823 monasteriis

313 4873 439 4912 esse
468 4856 794 4924 districtius,
818 4863 875 4912 et
894 4857 952 4912 in
981 4873 1091 4928 quo
1108 4874 1167 4911 se
1190 4874 1289 4928 pro
1311 4858 1661 4927 longitudine
1677 4857 1922 4927 regionis

315 4946 564 5000 credidit
580 4946 974 5016 ignorandum.
1001 4946 1105 5001 Ubi
1117 4947 1252 5000 dum
1267 4946 1583 5001 diutissime
1595 4965 1694 5018 pro
1712 4946 1920 5001 foribus

318 5041 1041 5107 perseverans,cunctorum
1052 5035 1288 5089 fratrum
1302 5035 1558 5106 genubus
1572 5037 1916 5107 provolutus,

319 5131 384 5180 ut
414 5124 796 5196 susciperetur
830 5125 1064 5180 summis
1097 5123 1353 5195 precibus
1385 5124 1632 5178 ambivit.
1667 5126 1920 5195 Cumque

320 5215 503 5268 multo
521 5213 783 5284 despectu
799 5213 1088 5286 probatus,
1105 5220 1162 5267 et
1174 5213 1397 5268 tandem
1410 5213 1608 5267 fuisset
1621 5213 1688 5266 ad
1697 5215 1918 5278 missus,

319 5302 590 5356 continuo
619 5308 682 5356 ut
706 5303 846 5369 seni,
876 5303 1128 5374 nullique
1154 5303 1310 5374 operi
1339 5302 1562 5373 penitus
1591 5306 1740 5372 apto,
1776 5301 1925 5356 horti

322 5408 462 5447 cura
492 5391 896 5464 diligentiaque
917 5393 1234 5448 mandatur.
1260 5392 1440 5456 Quam
1462 5391 1555 5444 ille
1576 5406 1802 5462 operam
1824 5390 1926 5445 sub

325 5481 435 5535 alio
462 5479 639 5535 fratre
665 5482 911 5551 juniore,
937 5481 1033 5553 qui
1062 5498 1188 5536 eum
1211 5480 1315 5536 sibi
1332 5479 1606 5535 creditum
1628 5478 1923 5546 retinebat,

2001 4493 2097 4564 qui
2127 4493 2196 4547 ad
2222 4493 2343 4547 loca
2361 4496 2555 4546 sancta
2569 4492 2637 4545 de
2654 4492 2879 4564 Egypti
2899 4492 3152 4564 partibus
3169 4493 3440 4548 orationis
3461 4509 3600 4550 cau-

2001 4599 2065 4638 sa
2096 4588 2384 4640 venerant.
2417 4583 2673 4651 agnitum
2699 4598 2829 4636 eum
2855 4598 2982 4636 cum
3010 4583 3190 4638 multa
3217 4599 3380 4654 prece
3405 4588 3464 4637 et
3484 4600 3603 4639 ma-

2003 4673 2149 4726 xime
2179 4673 2434 4739 invitum,
2459 4671 2530 4726 ad
2561 4687 2726 4726 suum
2757 4671 2963 4727 iterum
2981 4671 3296 4728 cmnobium
3316 4687 3604 4728 revocave-

2003 4768 2154 4816 runt.

2566 4848 2800 4906 CAPUT
2836 4848 3032 4906 XXXI.

2125 4941 2445 4996 Exhortatio
2475 4944 2685 5010 optima
2709 4942 2783 4994 ad
2809 4943 3087 4996 nouitium
3115 4942 3472 4998 monachum.

2075 5032 2235 5085 Hunc
2254 5031 2428 5100 igitur
2447 5046 2662 5100 senem,
2687 5045 2787 5100 pro
2810 5029 2906 5082 illa
2926 5045 3049 5100 quae
3068 5029 3228 5085 nobis
3248 5031 3433 5087 fuerat
3451 5033 3604 5108 apud

2003 5120 2186 5191 ipsum
2207 5119 2263 5173 in
2283 5124 2475 5174 nostro
2497 5117 2838 5174 monasterio
2858 5118 3152 5174 familiaris
3173 5120 3441 5190 amicitia,
3472 5139 3604 5179 cum

2005 5214 2133 5280 post
2152 5209 2270 5264 haec
2292 5209 2349 5263 in
2375 5209 2617 5280 {Egypto
2633 5207 3080 5278 requisissemus,
3108 5209 3344 5281 contigit
3358 5216 3425 5265 ut
3441 5211 3605 5267 nobis

2007 5298 2122 5352 illic
2143 5297 2630 5363 commorantibus,
2657 5297 2890 5352 fratrem
2915 5299 3214 5369 quemdam
3242 5299 3300 5354 in
3320 5306 3607 5356 monaste-

2007 5387 2092 5440 rio
2123 5403 2224 5440 suo
2252 5385 2524 5456 reciperet
2550 5385 2747 5458 (0ass.,
2782 5387 2878 5440 lib.
2934 5400 2989 5440 Iv
3018 5389 3225 5454 Instit.,
3262 5404 3307 5442 c.
3341 5387 3448 5458 32).
3499 5389 3605 5444 Cui

2011 5476 2212 5530 miram
2244 5475 2688 5530 exhortationem
2719 5475 2823 5530 sub
2842 5480 3035 5530 nostra
3057 5476 3353 5548 praesentia
3379 5476 3604 5543 indidit,

330 5586 616 5635 exercens,
649 5571 728 5626 sic
755 5571 938 5627 eidem
985 5570 1345 5638 subdebatur,
1377 5575 1443 5624 ut
1489 5585 1600 5624 non
1650 5570 1832 5625 solum
1865 5585 1932 5623 ea
2013 5582 2182 5638 quam
2213 5564 2351 5619 mihi
2385 5565 2607 5621 animus
2635 5564 2744 5620 fuit
2770 5564 2902 5620 huic
2926 5565 3191 5636 opusculo
3220 5565 3491 5622 intexere.
3513 5565 3610 5624 Ait
