3966 6184
453 301 562 360 335
1142 263 1145 266 ’
1553 297 1647 354 DE
1682 297 1873 354 vms
1911 297 2209 355 PATRUM
2245 297 2458 354 LIBER
2494 297 2588 352 Iv.
3577 301 3663 362 836

453 447 588 503 ergo
617 432 688 486 ad
717 447 845 486 eum
867 449 878 483 :
913 426 1093 490 Nosti,
1121 425 1223 491 fili,
1257 430 1393 496 quot
1438 424 1635 480 diebus
1681 442 1784 497 pro
1830 425 2043 480 foribus
2061 427 2111 486 Α
2131 431 2289 481 tuam
2308 441 2421 480 non
2449 425 2520 479 ad
2541 423 2816 495 requiem,
2839 438 2951 476 non
2971 421 3044 476 ad
3063 421 3304 488 delicias,
3323 423 3413 478 sed
3439 425 3502 479 ad
3519 431 3664 482 tenta-

453 520 750 584 excubans,
798 517 963 572 hodie
1013 515 1090 568 sis
1140 519 1417 586 receptus.
1478 516 1652 585 Cujus
1703 514 2048 569 difficultatis
2130 516 2312 570 tiones
2337 521 2391 569 et
2422 513 2712 584 angustias
2739 514 2906 579 (Eccl.
2955 517 3046 577 n);
3079 528 3179 582 per
3207 512 3404 566 multas
3430 515 3560 569 enim
3580 520 3662 570 tri-

454 627 679 664 causam
725 607 986 679 primitus
1042 604 1210 658 debes
1252 621 1576 674 agnoscere.
1627 604 1843 658 Poterit
1897 604 2048 657 enim
2133 603 2450 657 bulationes
2477 605 2698 672 oportet
2726 617 2827 654 nos
2864 599 3101 655 introire
3121 600 3180 653 in
3201 617 3426 671 regnum
3445 603 3534 656 Dei
3554 605 3662 671 (Act.

452 699 555 753 tibi
579 698 636 752 in
665 698 768 750 hac
807 696 921 749 vita
950 711 1118 765 quam
1159 694 1383 763 ingredi
1427 693 1771 764 concupiscis
1807 693 2048 748 multum
2130 698 2261 754 xlv).
2295 694 2548 762 Angusta
2575 707 2819 761 namque
2848 695 2936 744 est
2963 696 3146 761 porta,
3183 697 3238 744 et
3265 696 3409 746 arcta
3450 693 3528 746 via
3569 710 3668 764 quis

451 787 720 852 conferre,
753 785 818 850 si,
853 785 1070 838 ratione
1101 785 1222 852 ejus
1252 783 1465 852 agnita,
1493 783 1563 836 ad
1584 782 1870 836 servitium
1893 781 2050 836 Chri—
2131 782 2284 836 ducit
2312 781 2382 834 ad
2413 781 2603 847 vitam,
2637 787 2693 833 et
2736 779 2898 850 pauci
2943 785 3076 834 sunt
3123 779 3216 850 qui
3264 780 3533 834 inveniunt
3571 799 3668 836 eam

449 876 521 930 sti
551 877 695 930 sicut
715 879 937 946 oportet
966 872 1284 927 accesseris.
2130 872 2344 937 (Matth.
2377 872 2493 936 vn).

522 965 684 1019 Sicut
706 980 950 1035 namque
979 963 1255 1016 immensa
1282 961 1462 1031 gloria
1495 961 1736 1016 ﬁdeliter
1755 959 2048 1014 servienti-
2203 959 2546 1030 Principium
2577 974 2710 1027 ergo
2733 961 2939 1012 nostrae
2971 957 3171 1012 salutis
3198 957 3365 1012 timor
3388 958 3587 1013 Domini
3605 967 3672 1016 est

451 1054 554 1109 bus
578 1055 695 1109 Deo
721 1071 786 1108 ac
812 1051 1117 1107 secundum
1138 1050 1519 1104 institutiones
1554 1050 1724 1120 hujus
1750 1048 1957 1120 regulae
1996 1048 2049 1102 ei
2133 1048 2322 1118 (Casa,
2341 1051 2436 1103 lib.
2460 1062 2518 1102 Iv
2544 1051 2750 1112 Instit.,
2782 1064 2826 1100 c.
2844 1046 3076 1117 39).Per
3093 1048 3240 1101 hunc
3258 1047 3401 1101 enim
3421 1053 3473 1101 et
3486 1048 3670 1103 initium

441 1143 860 1200 'cohmrentibus
881 1140 1295 1212 repromittitur
1308 1140 1365 1193 in
1378 1139 1630 1194 futurum
1659 1140 1847 1206 (Ibid,
1864 1155 1909 1193 c.
1934 1136 2044 1207 33),
2130 1137 2523 1203 conversionis,
2548 1142 2604 1190 et
2622 1135 2848 1190 virtutis
2860 1136 3114 1190 custodia
3123 1135 3438 1206 acquiritur.
3459 1138 3553 1201 Qui
3570 1154 3671 1192 cum

445 1231 530 1287 ita
547 1247 730 1304 paenae
746 1229 1090 1302 gravissima)
1111 1232 1499 1300 praeparantur
1507 1227 1595 1280 his
1607 1226 1703 1297 qui
1723 1226 1909 1296 tepide
1923 1241 2047 1279 eam
2129 1227 2507 1298 penetraverit
2523 1225 2767 1280 hominis
2786 1230 3054 1291 mentem,
3076 1231 3448 1296 contemptum
3461 1227 3672 1281 omnium

443 1315 1764 1392 negligenterquefuerintexecuti;etsecundum
1778 1316 1884 1368 hoc
1899 1314 2048 1384 quod
2129 1331 2318 1370 rerum
2349 1316 2516 1387 parit,
2549 1320 2606 1369 et
2634 1314 2829 1368 mundi
2851 1314 3034 1384 gignit
3052 1315 3358 1368 horrorem.
3381 1315 3672 1386 Contemptu

449 1409 684 1481 professi
706 1414 855 1475 sunt,
889 1408 974 1462 vel
995 1407 1145 1478 quod
1168 1406 1238 1460 ab
1252 1405 1573 1460 hominibus
1586 1421 1708 1459 esse
1720 1404 2045 1469 creduntur,
2128 1410 2317 1459 autem
2351 1421 2415 1458 ac
2444 1403 2754 1475 privatione
2782 1403 3035 1457 omnium
3061 1403 3406 1468 facultatum,
3428 1404 3673 1458 humilitas

446 1499 668 1553 fructus
696 1498 867 1553 etiam
895 1512 1172 1567 congruos
1202 1495 1515 1550 sanctitatis
1561 1494 1742 1548 eidem
1788 1491 2048 1547 exhibere
2130 1493 2600 1563 veraacquiritur.
2618 1491 3122 1546 Humilitasautem
3135 1492 3450 1546 hisindiciis
3467 1509 3675 1564 compro-

447 1587 813 1658 neglexerint.
845 1585 1044 1640 Melius
1069 1591 1157 1639 est
1176 1585 1324 1638 enim
1357 1600 1470 1638 non
1501 1599 1718 1648 vovere,
1751 1597 1920 1653 quam
1951 1597 2048 1634 vo-
2130 1581 2332 1637 batur:
2366 1581 2568 1652 primo,
2593 1581 2643 1634 si
2670 1581 3036 1635 mortificatas
3052 1581 3112 1635 in
3133 1597 3193 1635 se
3214 1583 3676 1636 monachusomnes

441 1693 574 1730 vere
605 1681 790 1730 etnon
811 1675 1046 1729 reddere
1084 1675 1298 1741 (Ecclcs.
1328 1671 1386 1744 ν)
1410 1691 1422 1740 ;
1474 1678 1532 1726 et
1574 1671 1906 1725 maledictus
1953 1671 2094 1744 quig
2131 1671 2337 1726 habeat
2365 1671 2677 1724 voluntates
2703 1689 2715 1737 ;
2749 1670 3012 1736 secundo,
3037 1671 3082 1724 si
3099 1676 3258 1724 actus
3275 1675 3332 1724 et
3357 1670 3676 1740 cogitationes

445 1766 582 1821 facit
607 1782 748 1836 opus
775 1764 1000 1819 Domini
1015 1762 1365 1834 negligenter
1391 1763 1615 1829 (Jere-m.
1650 1742 2109 1830 xt.v1u).IgiturB
2129 1777 2242 1815 non
2273 1759 2536 1814 celaverit
2560 1759 2840 1813 seniorem
2863 1778 2876 1826 ;
2908 1762 3094 1826 tertio,
3132 1760 3179 1813 si
3212 1759 3352 1813 nihil
3378 1776 3483 1814 suae
3504 1759 3676 1814 discre-

445 1852 518 1907 ob
548 1853 606 1907 id
635 1869 670 1906 a
697 1852 1186 1907 nobisdiutissime
1204 1851 1482 1904 refutatus
1498 1866 1575 1916 es,
1604 1865 1716 1903 non
1747 1849 1879 1919 quia
1891 1854 2048 1902 tuam
2127 1849 2288 1916 tioni,
2324 1848 2420 1902 sed
2444 1847 2658 1919 judicio
2688 1848 2809 1918 ejus
2837 1847 3097 1901 universa
3126 1847 3438 1902 committat
3460 1867 3471 1915 ;
3493 1852 3674 1918 quarto,

448 1943 537 1996 vel
562 1943 814 1997 omnium
844 1942 1085 1995 salutem
1131 1957 1244 1994 non
1273 1945 1392 1994 toto
1437 1938 1714 1992 desiderio
1757 1938 2048 2008 cupiamus
2131 1938 2179 1992 si
2208 1938 2267 1991 in
2296 1936 2553 1992 omnibus
2580 1936 2875 2008 praeceptis
2905 1942 3087 1990 servet
3110 1935 3435 1991 obedientite
3462 1953 3677 1990 mansue-

445 2031 728 2103 amplecti,
755 2032 853 2086 sed
873 2047 944 2085 ne
962 2035 1176 2084 temere
1196 2033 1475 2100 receptus,
1501 2033 1558 2082 et
1576 2044 1678 2083 nos
1699 2028 1846 2098 apud
1869 2028 2047 2081 Deum
2129 2027 2401 2092 tudinem,
2424 2031 2481 2079 et
2509 2025 2794 2096 patientiae
2814 2025 3185 2080 constantiam
3214 2045 3230 2096 ;
3262 2026 3469 2096 quinto,
3493 2029 3549 2079 ut
3566 2025 3676 2078 nulli

439 2121 709 2187 levitatis,
743 2126 800 2174 et
825 2125 883 2174 te
907 2136 1065 2174 reum
1093 2117 1364 2189 gravioris
1379 2116 1637 2188 supplicii
1659 2116 1970 2179 fecerimus,
2000 2115 2046 2168 si
2123 2115 2334 2192 inferat
2351 2115 2638 2185 injuriam,
2671 2114 2769 2168 sed
2799 2115 3053 2168 etillatas
3073 2113 3178 2169 sibi
3192 2114 3466 2184 patienter
3481 2114 3672 2181 toleret;

449 2209 523 2264 ad
546 2224 792 2280 praesens
815 2209 974 2263 facile
1000 2213 1310 2278 susceptus,
1345 2222 1447 2260 nec
1486 2205 1706 2277 pondus
1747 2203 2046 2276 professio-
2129 2209 2303 2271 sexto,
2328 2205 2375 2258 si
2395 2204 2536 2257 nihil
2557 2209 2689 2274 agat
2707 2209 2912 2274 prater
2931 2205 3140 2274 regulae
3160 2203 3439 2274 exempla;
3459 2203 3672 2273 septimo,

446 2298 537 2353 nis
566 2298 734 2368 hujus
762 2297 1101 2368 intelligens,
1134 2297 1221 2350 vel
1250 2295 1550 2350 destitutor
1577 2295 1839 2366 posthaec,
1858 2293 1940 2347 vel
1967 2298 2047 2347 te-
2128 2294 2196 2360 si,
2227 2293 2298 2348 ad
2328 2294 2515 2347 omnia
2537 2309 2660 2363 quae
2687 2292 2793 2346 sibi
2822 2293 3190 2365 imperantur,
3223 2292 3374 2346 velut
3401 2292 3675 2362 Oper-arium

445 2383 614 2454 pidus
641 2383 968 2438 exstitisses.
2128 2383 2340 2437 malum
2361 2400 2420 2436 se
2437 2382 2772 2452 judicaverit
2789 2387 2847 2436 et
2865 2382 3157 2452 indignum
3181 2401 3194 2448 ;
3225 2387 3430 2445 octavo,
3453 2382 3494 2435 si
3513 2385 3675 2434 semet—

517 2471 752 2526 Noveris
771 2487 905 2542 ergo
935 2469 1208 2524 hodierna
1237 2469 1330 2524 die
1358 2472 1415 2524 te
1439 2468 1571 2523 huic
1599 2467 1811 2521 mundo
1839 2470 1897 2520 et
1913 2465 2045 2520 acti-
2129 2472 2313 2543 ipsum
2345 2470 2559 2525 cunctis
2589 2471 2914 2525 inferiorem
2944 2470 3308 2542 pronuntiet;
3340 2486 3499 2536 nono,
3535 2469 3577 2523 si
3593 2469 3674 2522 lin-

447 2559 556 2616 bus
571 2562 694 2630 ejus
713 2576 836 2614 esse
873 2559 1199 2614 defunctum
1225 2560 1411 2624 (Casa,
1436 2559 1531 2611 lib.
1557 2570 1611 2610 ιν
1626 2557 1832 2620 [ηειιἰ.,
1852 2571 1896 2608 c.
1922 2552 2040 2621 34);
2126 2577 2296 2631 gnam
2327 2576 2488 2614 suam
2517 2559 2792 2625 cohibeat,
2830 2565 2888 2613 et
2910 2576 3022 2613 non
3051 2560 3125 2614 sit
3152 2561 3432 2613 clamosus
3457 2560 3508 2612 in
3534 2573 3671 2624 voce;

443 2655 614 2720 teque
644 2648 954 2724 secundum
982 2647 1334 2718 Apostolum,
1369 2645 1579 2700 mundo
1608 2644 1739 2698 huic
1767 2660 1889 2698 esse
1917 2659 2044 2696 cru-
2127 2650 2362 2716 decimo,
2395 2649 2442 2703 si
2472 2665 2586 2703 non
2614 2649 2690 2702 sit
2716 2647 2893 2702 facilis
2923 2665 2987 2702 ac
3002 2653 3301 2719 promptus
3331 2648 3386 2702 in
3414 2647 3675 2702 risu.Tali-

443 2739 692 2806 cifixum,
723 2737 939 2808 tibique
968 2737 1118 2791 hunc
1148 2735 1421 2789 mundum
1451 2735 1586 2801 (Gal.
1630 2735 1725 2804 v1).
1763 2732 1871 2788 Sed
1903 2732 2044 2786 forte
2126 2736 2230 2792 bus
2258 2753 2504 2808 namque
2532 2736 2754 2790 indiciis
2783 2736 3075 2790 humilitas
3102 2753 3240 2790 vera
3265 2735 3603 2805 dignoscitur.

446 2827 586 2883 dicis
609 2845 624 2883 :
655 2825 947 2891 Quomodo
973 2825 1098 2896 quis
1127 2824 1315 2878 vivens
1341 2828 1527 2896 potest
1553 2840 1675 2877 esse
1712 2821 2044 2877 crucifixus?
2198 2826 2307 2880 Sed
2327 2832 2385 2880 et
2413 2826 2528 2880 haec
2559 2841 2782 2896 quoque
2807 2824 2911 2878 tibi
2941 2825 3000 2879 in
3028 2825 3459 2895 congregatione
3470 2838 3676 2878 necessa-

446 2916 596 2972 Audi
623 2915 866 2970 breviter
894 2915 1190 2969 rationem.
2125 2915 2208 2969 rio
2233 2914 2599 2969 custodienda
2627 2919 2760 2968 sunt
2787 2915 2976 2986 (Casa,
3010 2916 3104 2968 lib.
3142 2929 3196 2967 IV
3220 2917 3420 2973 Instit..
3452 2931 3494 2967 c.
3514 2912 3604 2980 41),
3627 2917 3676 2966 ut

515 3007 664 3061 Crux
682 3009 875 3059 nostra
892 3004 1062 3058 timor
1083 3001 1307 3057 Domini
1325 3006 1412 3055 est
1432 3002 1620 3071 (Cum,
1637 3003 1732 3055 lib.
1758 3016 1810 3055 Iv
1831 3005 2012 3056 Insttt.
2025 3042 2038 3067 ,
2126 3003 2337 3059 scilicet
2347 3002 2655 3058 secundum
2669 3003 2977 3056 Psalmistae
2987 3003 3347 3068 sententiam,
3367 3002 3439 3056 sis
3449 3007 3676 3072 tanquam

440 3112 486 3148 c.
514 3093 623 3161 35).
649 3094 806 3148 Sicut
823 3097 1016 3158 549
1033 3092 1184 3146 enim
1206 3091 1329 3162 quis
1350 3091 1646 3145 cruciﬁxus
1661 3092 1781 3161 jam
1804 3108 1915 3145 non
1938 3109 2040 3163 pro
2058 3098 2100 3157 C
2125 3094 2329 3147 surdus
2358 3109 2471 3147 non
2501 3092 2754 3154 audiens,
2781 3097 2838 3145 et
2863 3092 3006 3146 sicut
3027 3097 3220 3146 mutus
3250 3108 3358 3146 non
3383 3091 3611 3162 aperiens
3629 3106 3676 3142 os

440 3183 616 3239 animi
634 3183 722 3237 sui
737 3188 893 3236 motu
923 3180 1174 3234 membra
1198 3197 1302 3234 sua
1332 3197 1618 3251 quoquam
1658 3181 1914 3234 movendi
1956 3181 2041 3234 vel
2124 3184 2469 3251 suum(Psal.
2493 3181 2876 3248 xxxvn),nihil
2889 3181 3236 3247 discernens,
3255 3179 3676 3251 nihildijudicans

439 3272 798 3329 convertendi
827 3270 996 3324 habet
1021 3275 1375 3341 potestatem,
1408 3269 1490 3323 ita
1519 3273 1575 3322 et
1605 3285 1705 3323 nos
1728 3270 2042 3324 voluntates
2125 3288 2190 3325 ex
2218 3271 2306 3324 his
2337 3287 2459 3341 quae
2487 3270 2589 3324 tibi
2618 3269 2828 3324 fuerint
2860 3270 3153 3340 imperata.

440 3368 665 3418 nostras
694 3378 760 3416 ac
777 3359 1072 3420 desideria,
1108 3375 1222 3413 non
1251 3359 1558 3412 secundum
1578 3358 1635 3412 id
1653 3359 1798 3429 quod
1823 3376 1924 3413 nos
1947 3359 2041 3413 de-
2196 3361 2341 3429 Ergo
2370 3359 2700 3430 patientiam
2733 3365 2890 3413 tuam
2911 3375 3024 3412 non
3048 3359 3222 3413 debes
3253 3375 3471 3430 sperare
3487 3358 3547 3410 de
3562 3356 3676 3410 alio-

440 3452 614 3508 lectat
642 3451 715 3505 ad
734 3466 998 3522 praesens,
1023 3448 1121 3503 sed
1139 3448 1446 3502 secundum
1467 3453 1806 3518 praeceptum
1846 3449 2038 3502 Domi-
2121 3466 2247 3503 rum
2273 3449 2477 3502 virtute
2511 3450 2693 3520 (Ibid,
2727 3465 2773 3502 ο.
2813 3448 2924 3516 42),
2953 3448 3011 3502 id
3040 3453 3144 3514 est,
3179 3455 3249 3504 ut
3275 3455 3406 3503 tunc
3429 3465 3540 3501 eam
3579 3451 3677 3499 tan-

441 3537 520 3604 ni,
555 3553 664 3608 quo
685 3552 788 3590 nos
810 3533 1160 3600 constrinxit,
1192 3533 1472 3603 applicare
1493 3532 1780 3587 debemus.
1813 3533 1883 3586 Et
1896 3533 2039 3586 sicut
2120 3537 2410 3593 tummodo
2438 3537 2742 3608 possideas,
2777 3553 2900 3590 cum
2935 3554 2965 3590 a
2999 3537 3228 3592 nemine
3255 3538 3424 3592 fueris
3442 3537 3672 3590 irritatus.

438 3625 535 3682 ille
557 3625 654 3696 qui
674 3623 925 3696 patibulo
953 3622 1132 3678 crucis
1161 3621 1432 3692 afﬂigitur
1460 3637 1573 3676 non
1598 3622 1718 3690 jam
1740 3622 2040 3692 praesentia
2193 3627 2537 3697 Principium
2568 3630 2772 3679 nostrae
2800 3626 2997 3680 salutis
3030 3627 3194 3696 (sicut
3223 3629 3344 3697 jam
3373 3626 3563 3680 dictum
3590 3624 3675 3690 est)

442 3713 875 3784 contemplatur,
929 3727 1032 3766 nec
1085 3711 1154 3766 de
1208 3710 1326 3764 suis
1376 3709 1759 3764 affectionibus
1808 3709 2034 3781 cogitat,
2119 3716 2292 3771 timor
2318 3714 2542 3770 Domini
2571 3719 2656 3769 est
2688 3713 2874 3786 (Ibid,
2907 3731 2951 3768 c.
2979 3715 3087 3782 43).
3123 3716 3205 3769 De
3251 3717 3448 3770 timore
3489 3711 3675 3768 Domini

441 3802 601 3862 nulla
618 3803 738 3872 jam
759 3799 1078 3872 possidendi
1095 3798 1542 3870 concupiscentia
1560 3803 1934 3869 permovetur,
1958 3815 2041 3853 se-
2120 3805 2372 3861 nascitur
2393 3803 2746 3876 compunctio
2767 3803 3029 3858 salutaris
3052 3804 3570 3876 ;decompunctione
3582 3817 3676 3856 cors

443 3907 552 3962 que
581 3905 708 3946 cum
728 3889 910 3948 adhuc
937 3888 1115 3959 spirat
1138 3889 1197 3942 in
1233 3904 1484 3959 corpore,
1513 3888 1729 3942 cunctis
1747 3888 2040 3943 elementis
2121 3895 2208 3950 dis
2237 3894 2491 3966 procedit
2513 3898 2869 3964 contemptus
2896 3893 3148 3965 omnium
3174 3895 3499 3949 facultatum
3525 3906 3673 3946 acnu-

360 4041 369 4049 ,
441 3979 624 4034 credit
651 3994 772 4032 esse
803 3976 1160 4044 defunctum;
1196 3977 1279 4032 ita
1305 3993 1408 4031 nos
1442 3993 1665 4049 quoque
1692 3977 1898 4032 timore
1926 3978 2039 4033 Do-
2120 3984 2304 4052 ditas;
2335 3984 2405 4038 de
2425 3983 2680 4037 nuditate
2699 3982 2986 4037 humilitas
3006 3984 3290 4054 procedit;
3316 3984 3384 4038 de
3401 3981 3674 4037 humilitate

441 4067 584 4127 mini
615 4072 837 4139 oportet
861 4083 983 4123 esse
1003 4066 1294 4122 cruciﬁxos
1322 4065 1581 4122 omnibus
1609 4066 1927 4122 carnalibus
1955 4068 2038 4121 vi-
2118 4070 2788 4143 generaturmortiﬁcatio
2808 4071 3180 4141 voluntatum;
3199 4073 3274 4127 de
3288 4069 3673 4126 mortiﬁcatione

437 4157 553 4224 tiis,
587 4162 645 4212 et
671 4156 803 4212 illuc
830 4172 1056 4228 semper
1093 4155 1301 4211 habere
1353 4156 1542 4211 oculos
1582 4156 1788 4211 mentis
1831 4161 2038 4212 nostra;
2119 4161 2470 4216 voluntatum
2491 4159 2878 4231 exstirpantur
2897 4159 3157 4215 universa
3186 4161 3360 4228 vitia;
3392 4157 3671 4231 expulsione

437 4246 667 4315 deﬁxos,
703 4263 813 4317 quo
837 4263 941 4301 nos
961 4262 1189 4318 sperare
1209 4244 1480 4300 debemus
1495 4245 2039 4318 momentissingulis
2116 4249 2381 4305 vitiorum
2428 4249 2664 4304 virtutes
2705 4249 3047 4304 fructiﬁcant
3087 4255 3261 4322 atque
3319 4251 3668 4311 succrescunt;

439 4353 560 4392 esse
587 4337 949 4407 migraturos.
2054 4358 2057 4362 ε
2116 4339 2486 4412 pullulatione
2506 4337 2774 4394 virtutum
2789 4338 3007 4410 puritas
3027 4340 3210 4394 cordis
3234 4339 3564 4410 acquiritur;
3593 4350 3670 4406 pu-

509 4426 834 4481 Cavendum
862 4429 950 4479 est
968 4441 1101 4496 ergo
1127 4441 1199 4479 ne
1211 4424 1345 4496 quid
1367 4425 1668 4496 aliquando
1685 4442 1878 4480 eorum
1900 4419 2096 4497 prae—D
2117 4429 2285 4484 ritate
2314 4428 2498 4483 cordis
2525 4428 2841 4499 apostolicae
2870 4428 3161 4483 charitatis
3189 4429 3452 4500 perfectio
3465 4424 3669 4498 posside-

437 4531 728 4571 sumamus
750 4531 873 4586 quae
892 4514 1282 4568 renuntiantes
1301 4512 1606 4584 abjecimus
1637 4514 1828 4587 (Casa,
1853 4517 1948 4570 lib.
1980 4530 2038 4569 Iv
2117 4524 2230 4574 tur.

438 4608 650 4674 Instit,
685 4622 730 4660 c.
767 4603 876 4673 36).
917 4603 1045 4658 Non
1075 4603 1224 4657 enim
1242 4602 1337 4673 qui
1369 4604 1600 4673 ceperit
1639 4604 1774 4670 haec,
1815 4604 1912 4658 sed
1941 4606 2036 4674 qui
2669 4606 2902 4661 CAPUT
2933 4606 3158 4663 XXXII.

439 4693 880 4767 perseveraverit
900 4693 960 4748 in
980 4692 1068 4747 his
1086 4707 1264 4763 usque
1283 4692 1342 4745 in
1369 4691 1560 4757 ﬁnem,
1592 4691 1683 4745 hic
1703 4691 1890 4747 salvus
1926 4693 2034 4748 erit
2115 4697 2189 4751 De
2214 4695 2478 4749 monacho
2498 4696 2598 4762 qui
2625 4700 2755 4749 ante
2779 4697 3137 4750 constitutam
3167 4697 3364 4750 horam
3388 4694 3668 4764 peregrinos

441 4784 650 4854 (Matth.
681 4801 734 4850 x,
765 4784 937 4849 xxxv).
2704 4786 2918 4851 reﬁcere
2942 4788 3128 4853 coegit.

508 4872 782 4927 Versutus
813 4872 965 4926 enim
994 4886 1225 4942 serpens
1271 4867 1535 4924 calcanea
1574 4875 1769 4924 nostra
1810 4887 2032 4942 semper
2184 4875 2326 4929 Cum
2347 4871 2417 4928 de
2437 4873 2612 4945 Syriae
2633 4872 2885 4945 partibus
2904 4872 3131 4945 Egypti
3155 4873 3492 4945 provinciam
3518 4869 3663 4942 petis-

439 4957 697 5015 observat
728 4962 928 5030 (0a:s.,
955 4963 1050 5017 lib.
1081 4975 1141 5015 Iv
1165 4962 1371 5027 Instit,
1403 4975 1448 5013 c.
1482 4957 1587 5029 37),
1635 4959 1693 5013 id
1738 4965 1841 5026 est,
1892 4961 2032 5016 insi-
2114 4977 2304 5016 semus
2337 4961 2524 5033 (Casa,
2550 4964 2645 5016 lib.
2669 4978 2702 5013 v
2726 4963 2993 5026 Instit.,c.
3015 4959 3375 5032 24),quidam
3399 4957 3667 5015 monachus

439 5045 630 5102 diatur
658 5048 831 5103 exitui
855 5053 1067 5116 nostro,
1100 5052 1158 5103 et
1199 5064 1377 5119 usque
1425 5047 1496 5101 ad
1541 5048 1711 5102 finem
1755 5048 1882 5104 vitae
1929 5066 2032 5106 nos
2113 5067 2280 5106 senex
2298 5050 2987 5123 probatissimusgratiﬁce
2998 5046 3667 5121 nossuscipiens,refectio—

440 5152 666 5208 semper
675 5138 1037 5209 supplantare
1051 5141 1288 5192 conatur
1301 5156 1312 5204 ;
1337 5142 1395 5191 et
1412 5136 1617 5192 idcirco
1641 5136 1783 5192 bene
1797 5154 1880 5192 σω
1882 5139 2031 5210 pisse
2113 5156 2240 5196 nem
2251 5139 2410 5195 nobis
2422 5144 2552 5194 ante
2562 5139 3125 5194 constitutamhoram
3133 5140 3154 5210 j
3163 5141 3209 5209 ej
3217 5139 3337 5193 unii
3350 5134 3661 5210 praeparavit.

441 5225 583 5280 nihil
623 5225 891 5298 proderit,
937 5226 985 5281 si
1033 5225 1171 5281 bene
1215 5231 1665 5281 consummatum
1703 5242 1816 5282 non
1863 5227 2032 5283 fuerit
2112 5229 2579 5284 Percontantibus
2608 5245 2742 5300 ergo
2755 5227 2915 5283 nobis
2935 5245 3036 5283 cur
3054 5233 3184 5282 ante
3198 5228 3510 5283 canonicam
3543 5222 3664 5278 refe-

443 5315 594 5384 (θϐηι
628 5313 680 5382 3)
692 5355 704 5368 ο
2111 5319 2311 5373 ctionis
2323 5319 2523 5374 horam
2534 5335 2636 5373 nos
2656 5318 2934 5390 prandere
2947 5323 3188 5389 cogeret,
3214 5315 3496 5389 respondit
3512 5318 3563 5368 et
3573 5311 3657 5366 ait:

513 5406 886 5477 Quapropter,
912 5405 1220 5460 secundum
1238 5405 1538 5478 Scripturae
1560 5405 1918 5474 sententiam,
1948 5407 2029 5461 in-
2111 5409 2415 5475 Ieiunium,
2443 5409 2665 5475 fratres,
2702 5424 2926 5480 semper
2953 5413 3040 5464 est
3063 5424 3282 5462 mecum
3310 5425 3322 5475 ;
3372 5423 3463 5472 vos
3502 5407 3659 5457 autem

437 5494 749 5567 gressusad
767 5493 1124 5549 serviendum
1142 5495 1380 5550 Domino
1406 5497 1597 5566 (Casa,
1629 5497 1723 5551 lib.
1749 5511 1804 5550 ιν
1817 5499 2024 5566 Inst-it.,
2110 5498 2375 5552 continuo
2396 5497 2748 5565 dimissurus,
2784 5513 3001 5553 mecum
3019 5497 3230 5569 jugiter
3254 5502 3442 5550 tenere
3469 5505 3660 5561 nonpo-

439 5601 485 5640 c.
521 5583 630 5656 38),
665 5590 755 5642 sta
777 5585 836 5640 in
861 5585 1065 5642 timore
1104 5584 1348 5656 Domini,
1397 5590 1454 5640 et
1487 5601 1742 5656 praepara
1783 5586 2027 5642 animam
2109 5593 2250 5642 tero.
2281 5588 2484 5658 Itaque
2498 5587 2782 5642 Christum
2813 5587 2874 5641 in
2904 5586 3056 5642 vobis
3101 5585 3423 5657 suscipiens,
3463 5582 3660 5636 reﬁcere
