3966 6184
311 220 422 278 837
1090 216 1466 273 EXCERP’I‘A
1504 217 1598 272 EX
1635 215 1894 273 SEVERC

1982 212 2282 271 lULPIOIO
2321 215 2410 272 ET
2445 214 2820 274 CASSIANO.
3479 223 3586 284 838

308 363 442 402 eum
467 345 677 412 debeo;
707 349 765 399 et
789 359 917 399 cum
945 359 1041 397 vos
1067 341 1366 401 deduxero.
1395 340 1800 404 districtionem
1824 336 1976 411 je-A
1991 355 2238 410 agerem,
2258 346 2495 411 paterna
2512 343 2839 399 curiositate
2859 343 3102 402 latenter
3112 348 3588 421 explorans,cum-

303 435 455 505 junii
492 435 550 489 in
589 433 922 504 memetipso
950 435 1146 504 potero
1176 447 1558 502 compensare.
1593 431 1718 485 Non
1757 430 1907 484 enim
1991 446 2098 500 que
2129 447 2251 500 ego,
2279 431 2401 500 jam
2431 431 2590 486 ﬁnita
2613 434 2930 505 vespertina
2959 437 3333 506 solemnitate,
3370 441 3582 497 lassum

305 528 547 594 possunt
565 521 866 594 filiisponsi
880 522 1158 592 jejunare,
1176 521 1352 574 donec
1369 536 1492 574 cum
1511 519 1620 573 illis
1643 524 1728 574 est
1746 537 1908 590 spon-
1989 534 2190 589 corpus
2210 519 2499 590 coepissem
2515 522 2760 589 reﬁcere,
2785 528 2842 577 et
2859 541 2949 578 me
2971 525 3326 581 incubantem
3342 529 3583 599 psiathio

302 629 434 681 sus;
465 629 593 667 cum
622 617 815 667 autem
840 609 1177 678 discesserit,
1213 614 1348 663 tunc
1392 609 1543 663 licito
1568 607 1908 680 jejunabunt
1989 607 2322 678 rcperisset;
2373 610 2709 679 protrahens
2756 629 2821 666 ex
2860 612 3060 668 intimo
3107 617 3272 671 corde
3317 619 3578 690 suspiria,

307 703 456 770 (Luc.
485 720 551 769 v;
583 702 785 757 Matth.
825 699 918 770 IX).
1988 712 2226 767 meoque
2275 714 2363 751 me
2409 698 2648 752 vocitans
2694 701 2946 770 nomine,
2992 704 3158 758 dixit:
3222 705 3445 773 Quanti,
3501 709 3584 762 in-

851 803 1084 860 CAPUT
1119 803 1371 858 ΧΧΧῙΠ,
1989 785 2129 856 quit,
2165 802 2196 838 ο
2226 787 2469 840 Joannes
2488 787 2610 852 1,de
2642 789 2756 842 Deo
2787 790 3112 860 loquuntur,
3141 811 3380 866 eumque
3407 797 3468 851 in
3498 813 3582 852 se-

303 915 378 969 De
399 914 664 968 monacho
683 915 783 983 qui
803 927 1096 980 nunquam
1112 914 1260 965 solus
1283 926 1458 964 escam
1480 925 1695 964 sumere
1709 912 1903 965 solitus
1986 873 2240 983 ,metifsis
2267 875 2708 983 “mpnf”???
2734 882 2791 932 et
2817 883 2880 933 tu
2909 879 3186 983 “ﬁdem
3215 883 3321 938 is“
3343 885 3576 983 !“fni_ne’

1029 1005 1167 1053 emt.
1984 965 2152 1053 inerti
2168 979 2367 1053 sopore
2393 965 2646 1019 solutus?
2667 967 2864 1038 Itaque
2888 970 3132 1026 excitato
3148 988 3257 1039 me,
3280 973 3582 1031 salubriter

374 1088 635 1144 Vidimus
683 1092 742 1143 et
786 1087 962 1142 alium
1002 1088 1062 1141 in
1109 1087 1412 1142 solitudine
1459 1091 1900 1139 commorantem

305 1179 499 1244 (Casa,
525 1179 620 1233 lib.
638 1195 670 1231 v
700 1180 906 1242 Instit.,
927 1193 972 1231 c.
994 1175 1098 1247 26),
1117 1176 1214 1247 qui
1230 1190 1519 1246 nunquam
1543 1175 1695 1228 solus
1715 1173 1902 1228 cibum

301 1282 532 1322 sumere
551 1269 942 1333 consueverat;
969 1265 1067 1319 sed
1095 1265 1266 1319 etiam
1288 1265 1334 1318 si
1355 1280 1455 1334 per
1481 1268 1629 1318 totos
1654 1263 1900 1334 quinque

297 1356 423 1411 dies
451 1355 523 1410 ad
543 1357 666 1426 ejus
693 1354 952 1409 cellulam
971 1354 1158 1409 nullus
1180 1371 1244 1408 ex
1264 1353 1531 1408 fratribus
1561 1353 1896 1421 advenisset,

298 1445 661 1499 refectionem
693 1443 908 1514 jugiter
934 1443 1242 1510 differebat,
1267 1444 1498 1514 jejunus
1540 1458 1895 1514 permanens,

296 1534 478 1588 donec
503 1532 877 1588 Sabbatorum
893 1532 981 1586 vel
1011 1532 1300 1586 Dominico
1334 1532 1425 1586 die
1449 1530 1899 1601 congregationis

297 1621 536 1714 obtentu
565 1627 754 1688 τίεις)
773 1621 1078 1714 procedens
1102 1621 1171 1675 ad
1203 1621 1511 1714 ecclesiam,
1537 1620 1896 1714 peregrinum
1917 1601 2016 1714 Bg

299 1711 622 1783 quempiam
645 1710 978 1782 reperisset;
1000 1726 1164 1782 quem
1191 1709 1387 1764 exinde
1408 1710 1679 1764 reducens
1701 1708 1772 1763 ad
1792 1709 1899 1764 cel-

298 1800 474 1855 lulam
505 1816 686 1867 suam,
718 1816 846 1855 cum
873 1799 996 1870 ipso
1017 1799 1228 1871 pariter
1247 1798 1506 1854 sumebat
1526 1797 1733 1853 cibum.

841 1905 1075 1962 CAPUT
1107 1906 1352 1960 XXXIV.

697 2015 770 2067 De
799 2014 1030 2067 Machctc
1059 2029 1182 2067 sene
1211 2013 1493 2068 monacho.

368 2118 630 2174 Vidimus
642 2125 696 2174 et
712 2119 884 2174 alium
913 2135 1104 2174 senem
1127 2120 1315 2190 (Casa,
1342 2122 1380 2173 ι.
1413 2135 1444 2171 v
1473 2120 1682 2184 Instit,
1709 2134 1755 2173 c.
1782 2117 1892 2187 29),

294 2207 610 2263 Machetem
632 2209 880 2274 nomine,
906 2207 1240 2274 solitarium,
1261 2207 1349 2262 cui
1370 2207 1514 2260 hanc
1531 2205 1774 2277 gratiam
1802 2205 1898 2260 do-

295 2304 532 2352 naverat
558 2297 850 2365 Dominus,
875 2302 934 2352 ut
955 2296 1004 2350 si
1025 2297 1247 2368 quando
1272 2297 1331 2351 in
1351 2300 1627 2350 conventu
1655 2295 1894 2349 fratrum

292 2397 399 2453 per
425 2387 606 2437 totam
635 2385 854 2436 noctem
883 2387 941 2435 et
970 2382 1119 2436 diem
1151 2381 1463 2453 agitaretur
1492 2380 1713 2435 collatio
1735 2380 1896 2452 spiri-

294 2471 447 2535 talis,
479 2487 769 2543 nunquam
814 2471 908 2525 ille
949 2487 1146 2525 somno
1194 2470 1637 2542 opprimeretur;
1671 2469 1717 2524 si
1769 2470 1894 2540 quis

292 2577 427 2614 vero
455 2560 820 2615 detractionis
842 2559 1072 2614 verbum
1112 2577 1211 2614 seu
1241 2560 1482 2614 otiosum
1511 2563 1785 2614 tentasset
1813 2559 1897 2614 in-

293 2648 463 2716 ferre,
496 2650 691 2703 statim
722 2649 815 2703 ille
844 2649 901 2703 in
938 2665 1199 2703 somnum
1229 2647 1574 2703 concidebat.

367 2737 516 2792 Huic
542 2738 712 2791 etiam
742 2738 863 2792 seni
895 2738 1076 2809 (Ibid.,
1101 2754 1142 2791 c.
1173 2735 1280 2804 32),
1301 2753 1428 2791 cum
1451 2736 1752 2807 aliquando
1783 2736 1896 2808 epi-

290 2827 452 2881 stolae
473 2827 648 2897 patris
678 2827 800 2897 ejus
828 2843 893 2880 ac
921 2825 1118 2880 matris
1137 2825 1560 2896 amicorumque
1586 2825 1893 2879 multorum

1983 1050 2245 1126 deinceps
2273 1052 2504 1124 vigilare
2534 1055 2821 1126 compulit.

2531 1179 2764 1236 CAPUT
2792 1181 3039 1238 XXXVI.

2019 1299 2090 1354 De
2118 1303 2463 1357 anachoretz‘s
2494 1306 2556 1359 in
2589 1308 2898 1360 vastissima
2927 1323 3105 1362 eremo
3133 1308 3540 1368 habitantibus.

2053 1409 2269 1480 Itaque,
2293 1426 2421 1464 cum
2440 1411 2509 1465 de
2528 1411 2823 1467 Palestina:
2843 1415 3199 1470 monasteriis
3219 1417 3290 1471 ad
3311 1419 3578 1490 oppidum

1984 1496 2206 1568 [Egypti
2226 1498 2373 1569 quod
2393 1499 2612 1554 Diolcos
2641 1502 2975 1571 appellatur,
2998 1505 3363 1574 venissemus,
3388 1508 3579 1581 ibique

2021 1585 2286 1641 lurimam
2303 1587 2525 1642 turbam
2546 1589 2786 1643 cmnobii
2807 1589 3104 1662 disciplina
3121 1595 3481 1650 constrictam
3501 1598 3579 1652 vi-

1983 1673 2260 1729 dissemus
2300 1677 2488 1746 (Casa,
2523 1679 2618 1732 lib.
2643 1695 2674 1731 v
2702 1681 2910 1744 1nstit.,
2937 1697 2982 1738 ο.
3004 1679 3113 1751 36),
3147 1683 3323 1738 alium
3355 1702 3577 1757 quoque

1983 1763 2256 1829 ordinem,
2290 1765 2387 1836 qui
2415 1766 2682 1820 excelsior
2709 1766 2968 1834 habetur,
2992 1769 3049 1823 id
3079 1775 3182 1837 est,
3215 1774 3580 1830 anachoreta-

1983 1867 2127 1917 rum,
2177 1858 2506 1909 cunctorum
2538 1856 2833 1925 praeconiis
2889 1856 3163 1928 instigati,
3210 1861 3574 1930 sagacissimo

1981 1940 2146 1994 corde
2169 1941 2354 1996 videre
2377 1943 2816 2014 properavimus.
2851 1945 2922 1998 Hi
2943 1961 3188 2018 namque
3205 1947 3265 2002 in
3287 1955 3575 2006 monaste-

1978 2027 2078 2082 riis
2087 2029 2331 2100 primum
2345 2030 2448 2085 sub
2465 2031 2810 2087 districtione
2825 2033 3032 2104 regulae
3046 2035 3349 2106 diligenter
3367 2039 3572 2109 edocti,

1978 2115 2294 2173 durissimis
2317 2119 2632 2175 daemonum
2653 2121 2862 2192 praeliis
2879 2125 3252 2194 congressuri,
3275 2132 3577 2198 penetrant

1979 2207 2152 2262 eremi
2180 2208 2456 2279 profunda
2484 2214 2720 2264 secreta.
2757 2211 2938 2282 Hujus
2966 2228 3098 2283 ergo
3127 2215 3398 2284 propositi
3426 2217 3573 2272 viros

1977 2296 2351 2368 comperimus
2378 2298 2519 2352 citra
2551 2297 2686 2370 [Al.,
2713 2298 2882 2370 circa]
2911 2301 3026 2355 Nili
3066 2301 3315 2358 ﬂuminis
3352 2305 3574 2361 alveum

1977 2386 2335 2451 commorari,
2366 2387 2423 2440 in
2456 2387 2576 2442 loco
2601 2387 2697 2458 qui
2723 2377 2834 2442 uno
2848 2389 3026 2443 latere
3043 2390 3170 2445 Nilo
3185 2392 3440 2461 ﬂumine,
3459 2394 3570 2449 alio

1979 2475 2152 2528 maris
2171 2475 2434 2530 vastitate
2466 2476 2864 2546 circumdatus,
2891 2477 3136 2533 insulam
3164 2480 3368 2549 reddit,
3401 2483 3571 2539 nullis

1978 2561 2104 2616 aliis
2117 2562 2438 2618 hominibus
2464 2581 2632 2636 quam
2655 2566 2944 2620 monachis
2965 2572 3243 2622 secretum
3266 2571 3572 2640 expetenti-

1979 2649 2082 2704 bus
2111 2651 2431 2721 Optabilem.
2477 2655 2594 2708 Nec
2623 2654 2776 2708 enim
2817 2655 3078 2726 cuiquam
3107 2657 3340 2712 culturae
3379 2663 3572 2730 aptam

1979 2754 2100 2792 esse
2143 2744 2354 2794 terram
2385 2741 2541 2795 illam
2584 2743 2806 2798 salsitas
2835 2745 2939 2798 soli
2967 2761 3032 2800 ac
3061 2747 3329 2801 sterilitas
3358 2748 3575 2818 patitur

1978 2843 2296 2882 arenarum.
2327 2830 2412 2883 Ad
2446 2830 2582 2884 istos
2603 2848 2734 2902 ergo
2756 2848 2977 2887 summo
2997 2832 3277 2888 desiderio
3303 2834 3572 2892 festinan-

289 2917 363 2970 de
391 2915 676 2986 provincia
718 2915 883 2969 Ponti
929 2914 1274 2969 transmissae
1315 2913 1568 2980 fuissent,
1615 2913 1894 2984 accipiens
1975 2920 2081 2982 tes,
2111 2933 2283 2988 supra
2310 2918 2539 2972 modum
2569 2936 2819 2974 summos
2847 2937 3042 2976 eorum
3069 2921 3309 2990 labores,
3343 2941 3483 2995 quos
3512 2927 3571 2980 in

283 3006 565 3076 grandem
582 3004 906 3058 fasciculum
922 3004 1262 3071 litterarum,
1281 3003 1490 3074 diuque
1518 3003 1666 3074 apud
1685 3008 1892 3058 semet-
1909 3009 1952 3070 Ο
1974 3005 2271 3060 solitudine
2281 3007 2816 3074 tolerant,admirati
2835 3025 3049 3065 sumus.
3062 3010 3205 3064 Nam
3225 3011 3402 3081 ipsius
3411 3029 3571 3084 aquae

287 3095 478 3165 ipsum
492 3093 881 3160 volvens,dixit
903 3111 914 3146 :
937 3094 1288 3157 Quantarum
1302 3091 1708 3162 cogitationum
1724 3109 1893 3147 causa
1974 3097 2134 3147 tanta
2159 3095 2396 3164 penuria
2424 3095 2903 3166 constringuntur,
2941 3103 3005 3151 ut
3036 3098 3137 3152 tali
3166 3098 3455 3168 diligentia
3483 3100 3570 3155 di-

286 3183 403 3237 erit
429 3183 567 3236 mihi
593 3183 831 3236 istarum
857 3182 1038 3247 lectio,
1075 3198 1197 3253 quae
1224 3198 1312 3236 me
1342 3182 1426 3236 vel
1457 3181 1526 3235 ad
1555 3181 1720 3236 inane
1748 3198 1890 3252 gau-

287 3271 471 3338 dium,
486 3271 570 3325 vel
586 3271 658 3325 ad
669 3270 926 3325 tristitias
937 3271 1312 3325 infructuosas
1323 3270 1398 3324 im
1405 3271 1640 3341 pellent?
1655 3270 1890 3334 Quantis

285 3359 490 3415 diebus
514 3361 716 3415 horum
737 3360 1122 3414 recordatione
1135 3359 1230 3431 qui
1251 3360 1612 3432 scripserunt,
1627 3359 1890 3414 intentio-

287 3466 423 3504 nem
450 3449 692 3522 pectoris
713 3449 824 3504 mei
860 3466 894 3503 a
920 3448 1207 3520 proposita
1236 3448 1708 3520 contemplatione
1730 3465 1890 3503 revo-

286 3538 538 3594 cabunt?
565 3538 636 3593 Et
671 3538 789 3594 haec
812 3539 1035 3593 volvens
1074 3538 1133 3592 in
1163 3554 1264 3592 suo
1293 3543 1534 3609 pectore,
1565 3553 1678 3592 non
1705 3538 1888 3592 solum

286 3627 506 3684 nullam
550 3627 826 3682 resolvere
853 3627 1147 3699 epistolam
1177 3627 1447 3693 deﬁnivit,
1479 3627 1575 3681 sed
1606 3643 1677 3681 ne
1706 3626 1890 3699 ipsum

289 3717 525 3789 quidem
553 3716 879 3772 fasciculum
900 3716 1218 3788 resignare;
1241 3733 1312 3772 ne
1333 3717 1543 3771 scilicet
1572 3733 1768 3772 eorum
1793 3715 1889 3788 qui

288 3807 659 3879 scripserunt,
699 3805 784 3860 vel
814 3805 1042 3861 nomina
1075 3806 1437 3873 recensendo,
1466 3805 1554 3860 vel
1583 3805 1769 3860 vultus
1796 3821 1888 3859 re-

289 3896 599 3963 cordando,
632 3912 666 3950 a
685 3895 914 3967 spiritus
943 3894 1028 3950 sui
1051 3895 1361 3950 intentione
1392 3899 1656 3950 cessaret.
1691 3894 1889 3964 Itaque

289 3990 356 4042 ut
376 4002 510 4040 eum
531 3984 894 4040 constrictum
914 3990 1220 4056 acceperat,
1235 3984 1352 4056 igni
1379 3983 1614 4039 tradidit
1639 3999 1891 4038 creman-

288 4074 431 4129 dum
450 4092 462 4128 :
481 4075 587 4141 Ite,
611 4073 888 4145 inquiens,
907 4074 1274 4144 cogitationes
1293 4073 1507 4145 patriae,
1537 4073 1746 4144 pariter
1761 4088 1891 4127 con-

288 4163 756 4230 cremamini,nec
783 4179 873 4218 me
895 4163 1131 4218 ulterius
1156 4162 1227 4218 ad
1248 4180 1316 4218 ea
1339 4179 1462 4236 quae
1492 4162 1608 4233 fugi
1630 4177 1890 4217 revocare

286 4253 546 4310 tentetis.

839 4339 1072 4398 CAPUT
1118 4341 1337 4396 XXXV.

784 4432 858 4486 De
887 4431 1155 4486 Theodoro
1183 4431 1390 4484 abbate.

361 4517 626 4575 Vidimus
646 4523 704 4574 et
723 4519 896 4575 alium
917 4518 1176 4574 abbatem
1186 4517 1543 4572 Theodorum
1562 4516 1890 4588 (Cass.,lw°b.v

289 4611 482 4665 Inst-it.
495 4625 563 4677 ,c.
579 4607 687 4678 33),
705 4625 927 4663 summa
945 4603 1240 4662 sanctitate
1259 4623 1324 4661 ac
1337 4606 1572 4660 scientia
1592 4606 1889 4677 prmditum

285 4714 406 4753 non
429 4697 612 4752 solum
629 4697 689 4753 in
713 4697 922 4752 actuali
949 4697 1081 4763 vita,
1097 4696 1195 4750 sed
1222 4696 1391 4750 etiam
1416 4695 1616 4750 notitia
1644 4695 1892 4766 Scriptu-

285 4804 510 4853 rarum,
545 4804 713 4859 quam
743 4787 794 4841 ei
814 4803 926 4842 non
954 4791 1070 4840 tam
1094 4785 1342 4841 studium
1371 4785 1626 4840 lectionis
1646 4784 1893 4840 contule-

285 4881 404 4943 rat,
438 4893 611 4946 quam
628 4876 748 4931 sola
774 4875 991 4947 puritas
1020 4874 1223 4930 cordis.
1252 4874 1356 4928 Hic
1386 4890 1514 4928 cum
1546 4874 1890 4945 explanatio-

283 4982 429 5021 nem
448 4965 743 5036 cujusdam
774 4963 1182 5019 obscurissimze
1210 4963 1532 5036 quaestionis
1560 4963 1887 5035 inquireret,

284 5061 515 5127 septem
544 5053 739 5109 diebus
769 5071 833 5110 ac
859 5054 1115 5110 noctibus
1148 5053 1205 5108 in
1245 5053 1497 5110 oratione
1526 5053 1892 5124 infatigabilis

279 5143 564 5219 perstitit,
581 5145 759 5200 donec
775 5145 1110 5200 solutionem
1133 5144 1429 5216 propositae
1452 5143 1773 5215 quaestionis
1787 5144 1891 5198 Do-

280 5235 455 5290 mino
482 5233 764 5288 revelante
791 5239 1167 5304 cognosceret.
1194 5234 1299 5289 Hic
1324 5235 1472 5288 idem
1493 5232 1690 5287 beatus
1717 5233 1892 5286 Theo-

280 5325 488 5390 dorus,
505 5339 630 5378 cum
654 5323 974 5394 inepinatus
984 5323 1057 5377 ad
1077 5339 1260 5378 meam
1277 5321 1535 5377 cellulam
1554 5321 1893 5392 intempesta

284 5417 463 5470 nocte
491 5412 754 5480 venisset,
787 5412 1057 5484 quidnam
1085 5428 1260 5467 novus
1280 5410 1461 5465 adhuc
1483 5408 1718 5464 eremita
1740 5409 1892 5464 solus

1973 3188 2256 3254 spensent,
2311 3183 2464 3254 quali
2496 3201 2662 3239 nemo
2692 3185 2824 3238 facit
2857 3186 3326 3256 pretiosissimum
3354 3188 3566 3244 vinum.

1971 3272 2173 3327 Tribus
2201 3289 2444 3344 namque
2473 3273 2723 3328 millibus
2745 3279 2803 3328 et
2822 3291 2886 3328 eo
2907 3276 3168 3346 amplius,
3193 3261 3318 3330 eam
3339 3277 3408 3332 de
3441 3276 3570 3334 Nilo

1973 3361 2204 3415 ﬂumine
2252 3362 2582 3416 necessariis
2601 3362 2796 3417 usibus
2838 3369 3171 3434 apportant;
3199 3366 3348 3436 quod
3375 3370 3568 3421 tamen

1972 3448 2347 3517 intervallum,
2363 3450 2615 3506 arenosis
2632 3451 2872 3507 divisum
2889 3451 3407 3521 montibus,laboris
3428 3454 3568 3522 diﬂi-

1973 3538 2179 3594 cultate
2201 3539 2534 3610 gravissima
2551 3539 2893 3612 duplicatur.

2497 3665 2730 3721 CAPUT
2759 3667 3035 3723 XXXVII.

2431 3787 2505 3841 De
2533 3786 2796 3843 Arbhebz'o
2817 3789 3102 3843 monacho.

2042 3890 2143 3947 His
2166 3891 2343 3962 igitur
2369 3891 2669 3960 visis,,c,um
2687 3910 2796 3950 nos
2823 3894 3156 3951 imitationis
3178 3912 3373 3952 eorum
3399 3896 3571 3954 ardor

1971 3979 2301 4034 accenderet
2333 3981 2517 4051 (Casa,
2551 3983 2646 4035 lib.
2677 3999 2705 4034 v
2733 3983 2940 4048 Instit,
2983 3999 3029 4036 c.
3065 3981 3176 4052 37),
3196 4000 3344 4040 unus
3371 4002 3569 4043 eorum

1974 4068 2404 4141 probatissimus
2429 4070 2684 4138 eremita,
2704 4070 3012 4125 Archebius
3030 4072 3279 4140 nomine,
3300 4075 3568 4130 humani-

1973 4156 2106 4211 tatis
2124 4157 2310 4227 gratia
2337 4156 2597 4228 perduxit
2614 4173 2716 4211 nos
2734 4157 2806 4212 ad
2825 4174 2988 4212 suam
3003 4159 3282 4215 cellulam.
3309 4161 3416 4225 Qui
3437 4178 3568 4217 cum

1977 4245 2342 4318 comperisset
2379 4262 2481 4300 nos
2524 4245 2732 4300 ibidem
2761 4246 2900 4301 velle
2923 4248 3278 4317 commorari,
3309 4249 3470 4304 ﬁnxit
3506 4267 3568 4306 se

1912 4335 2235 4424 Deumdcm
2256 4336 2440 4390 locum
2458 4335 2596 4390 velle
2625 4335 3034 4406 derelinquere,
3049 4353 3113 4392 ac
3130 4337 3291 4393 nobis
3309 4339 3568 4395 cellulam

1975 4442 2158 4492 suam,
2187 4425 2340 4480 velut
2368 4424 2566 4479 exinde
2590 4425 3139 4499 migraturus,cmpit
3165 4428 3385 4486 offerre.
3408 4427 3570 4485 Dice-

1972 4513 2069 4570 bat
2092 4519 2282 4570 autem
2308 4515 2413 4569 hoc
2441 4531 2501 4570 se
2527 4513 2826 4583 facturum,
2858 4516 3030 4571 etiam
3051 4517 3098 4572 si
3120 4533 3222 4572 nos
3261 4534 3375 4573 non
3406 4519 3568 4574 adve-

1972 4604 2268 4660 nissemus.
2316 4605 2472 4659 Tunc
2535 4611 2853 4677 susceptam
2909 4605 3170 4661 cellulam
3220 4607 3396 4678 ipsius
3441 4624 3571 4664 cum

1973 4692 2232 4748 omnibus
2268 4693 2601 4748 utensilibus
2639 4693 3011 4766 possedimus.
3062 4695 3201 4750 Erat
3239 4697 3426 4768 itaque
3451 4696 3568 4752 illic

1974 4781 2166 4854 paucis
2205 4781 2423 4848 diebus,
2467 4782 2669 4853 quibus
2713 4783 3102 4839 construendae
3145 4784 3296 4840 cellae
3341 4791 3570 4857 pararet

1974 4871 2276 4944 impendia,
2295 4871 2470 4925 deillo
2486 4872 2606 4925 loco
2621 4871 2934 4927 discedens.
2961 4872 3240 4929 Reversus
3266 4880 3393 4946 post
3427 4875 3566 4946 haec,

1974 4961 2142 5015 aliam
2170 4959 2277 5014 sibi
2304 4976 2526 5015 summo
2555 4959 2746 5016 labore
2771 4961 3098 5029 construxit,
3129 4979 3301 5034 quam
3339 4981 3568 5020 rursum

1972 5066 2085 5104 non
2102 5049 2268 5120 longe
2295 5055 2422 5121 post
2449 5049 2971 5121 supervenientibus
3000 5045 3269 5108 fratribus
3310 5053 3569 5109 similiter

1972 5142 2153 5205 55]
2181 5137 2470 5192 charitatis
2498 5154 2668 5193 causa
2696 5155 2823 5194 cum
2835 5139 3094 5195 universo
3114 5141 3350 5196 tradidit
3363 5141 3570 5196 instru-

1972 5231 2180 5282 mento.
2226 5227 2351 5299 Ipse
2394 5243 2526 5282 vero
2559 5245 2695 5299 erga
2722 5245 2862 5302 opus
2895 5230 3185 5286 charitatis
3205 5229 3568 5302 infatigabilis

1973 5335 2355 5391 perseverans,
2385 5319 2613 5374 tertiam
2634 5319 2739 5375 sibi
2773 5321 2992 5391 cellam,
3024 5319 3121 5378 ubi
3163 5323 3560 5388 commaneret,

1975 5409 2256 5464 instruxit.

365 5527 386 5563 ¹
431 5528 641 5585 Auctor
666 5544 727 5583 se
753 5528 1029 5585 Joannem
1055 5530 1232 5583 vocat.
1265 5525 1365 5582 Est
1385 5526 1628 5611 Joannes
1649 5525 1968 5606 cassianus.
