3966 6184
489 297 596 356 839

1014 422 1248 479 CAPUT
1267 420 1571 479 XXXVIII.

489 517 564 571 De
574 514 780 569 duobus
791 512 1218 567 adolescentibus
1235 514 1335 580 qui
1350 514 1484 580 ﬁcus
1494 513 1567 567 ad
1577 516 1841 580 aegrotum
1856 512 2087 578 ferentes

917 602 980 655 in
1010 603 1212 655 itinere
1234 602 1485 670 defuncti
1512 606 1664 655 sunt.

558 691 798 756 Quidam
826 695 1018 745 autem
1046 690 1222 744 frater
1252 690 1438 761 (Cass.,
1473 692 1566 744 lib.
1592 704 1628 743 v
1657 691 1864 755 Instit.,
1890 705 1935 743 c.
1967 685 2079 757 40),

487 798 612 835 cum
635 782 773 836 ﬁcus
792 781 862 835 de
884 781 1152 845 Mareote,
1176 778 1364 833 abbati
1384 779 1585 833 Joanni
1600 778 1658 832 in
1679 794 1931 833 eremum
1953 777 2085 849 Scy-

486 870 626 925 thim
643 871 956 937 detulisset,
972 870 1067 924 ille
1097 868 1291 924 statim
1317 885 1412 923 eas
1442 868 1513 923 ad
1534 884 1726 923 senem
1756 866 2078 939 quemdam,

486 960 582 1031 qui
609 960 668 1014 in
689 959 958 1014 interiore
984 959 1205 1015 deserto
1234 959 1385 1012 mala
1419 957 1738 1012 valetudine
1765 954 2079 1022 laborabat,

485 1065 590 1121 per
616 1049 756 1104 duos
785 1048 1227 1103 adolescentulos
1257 1047 1430 1115 misit,
1466 1046 1745 1119 siquidem
1792 1045 1984 1100 decem
2028 1048 2085 1099 et

486 1143 611 1194 octo
641 1137 889 1193 millibus
914 1138 1082 1208 longe
1101 1136 1170 1191 ab
1189 1136 1423 1191 ecclesia
1440 1134 1832 1190 commanebat
1844 1133 1934 1188 hic
1949 1132 2082 1188 soli-

485 1228 686 1283 tarius.
732 1227 841 1292 Qui
887 1226 1287 1293 adolescentes,
1320 1224 1561 1296 acceptis
1600 1223 1800 1296 pomis,
1842 1239 1971 1277 cum
2012 1220 2084 1275 ad

488 1316 740 1389 praedicti
783 1316 932 1371 senis
978 1316 1278 1370 tenderent
1318 1315 1595 1380 cellulam,
1624 1313 1810 1367 infusa
1853 1315 2083 1383 repente

487 1405 823 1460 densissima
835 1404 1001 1473 nube,
1016 1405 1301 1459 tramitem
1313 1404 1450 1458 recti
1467 1401 1684 1457 itineris
1696 1401 1889 1474 perdid
1896 1405 2082 1455 erunt.

488 1495 744 1567 Cumque
771 1499 894 1549 tota
932 1494 1024 1548 die
1073 1509 1137 1548 ac
1174 1499 1337 1548 nocte
1362 1491 1742 1548 discurrentes
1770 1506 1871 1562 per
1898 1489 2082 1544 aviam

490 1585 664 1639 eremi
708 1582 1047 1651 vastitatem,
1080 1599 1437 1654 nequaquam
1482 1583 1799 1653 potuissent
1835 1579 2083 1634 eremita:

487 1671 809 1743 aegrotantis
832 1672 1091 1726 cellulam
1105 1670 1374 1737 invenire,
1388 1676 1507 1725 tam
1525 1668 1743 1723 itineris
1754 1666 2083 1722 lassitudine

1595 297 1689 352 DE
1727 296 1918 353 VITIS
1958 294 2254 351 PATRUM
2291 293 2506 351 LIBER
2542 294 2637 351 IV.

2098 423 2143 483 A
2163 437 2325 493 posse
2345 420 2683 475 monachum
2711 420 3037 492 perdurare,
3060 435 3162 475 nec
3181 419 3249 475 ad
3270 421 3585 493 perfectionis
3599 429 3689 483 cul-

3600 299 3688 361 840

2169 526 2297 566 men
2326 510 2626 581 aliquando
2647 510 3041 565 conscendere.

2762 598 2996 654 CAPUT
3022 599 3162 655 XLI.

2168 689 2240 742 De
2264 689 2445 757 fratre
2499 688 2928 757 blasphemo,qui
2958 689 3298 743 intolerabili
3335 695 3458 744 astu
3486 693 3693 747 libidinis

2819 778 3109 831 urebatur.

2235 866 2376 921 Novi
2404 866 2577 921 alium
2595 866 2825 922 fratrem
2849 866 2945 938 qui
2964 865 3350 937 probatissimo
3369 866 3566 921 cuidam
3582 870 3692 935 seni,

2163 953 2299 1008 vitio
2354 955 2539 1010 carnis
2580 956 2944 1026 semetipsum
2988 955 3312 1025 gravissime
3343 956 3597 1012 confessus
3632 965 3697 1014 est

2163 1044 2483 1117 impugnari
2500 1066 2513 1115 ;
2529 1046 2868 1102 intolerabili
2887 1062 3131 1118 namque
3151 1053 3286 1102 aestu
3307 1046 3533 1101 libidinis
3545 1048 3700 1103 ureba-

2164 1140 2260 1191 tur
2284 1135 2583 1209 (0ass.,lib.
2614 1152 2709 1204 xu,
2743 1139 2950 1202 Instit.,
2999 1153 3044 1191 c.
3074 1134 3189 1208 20).
3228 1137 3379 1191 Tunc
3411 1152 3561 1191 senex
3586 1138 3703 1193 velut

2164 1225 2433 1296 spiritalis
2475 1226 2744 1293 medicus,
2777 1225 3102 1280 interiorem
3147 1241 3369 1280 causam
3397 1230 3451 1280 et
3474 1226 3701 1296 originem

2165 1313 2344 1367 morbi
2372 1314 2541 1385 hujus
2564 1316 2822 1386 protinus
2842 1314 3157 1386 pervidens,
3193 1314 3530 1386 graviterque
3554 1315 3702 1386 suspi-

2165 1418 2318 1469 rans,
2341 1402 2422 1457 ait
2446 1423 2463 1457 :
2495 1404 2886 1474 Nequaquam,
2918 1404 3017 1469 ﬁli,
3047 1409 3166 1458 tam
3194 1419 3429 1474 nequam
3453 1403 3643 1475 spiritui
3662 1410 3705 1458 te

2164 1492 2437 1547 Dominus
2457 1493 2824 1563 permisisset,
2856 1492 2966 1546 nisi
2987 1492 3203 1564 aliquid
3232 1492 3638 1563 blasphemasses
3660 1493 3704 1547 in

2166 1596 2252 1635 eo.
2285 1580 2445 1645 Quod
2481 1581 2656 1636 frater
2689 1582 2944 1647 audiens,
2977 1582 3171 1636 statim
3208 1581 3439 1652 procidit
3474 1581 3538 1635 ad
3569 1580 3704 1651 pedes

2166 1670 2288 1740 ejus
2318 1669 2377 1723 in
2402 1674 2651 1736 _terram,
2684 1686 3016 1741 summaque
3054 1670 3419 1725 admiratione
3446 1670 3701 1741 perculsus,

488 1742 657 1834 quam
669 1761 1072 1832 inediasitique
1082 1759 1473 1827 confecti,ﬁxis
1490 1759 1547 1813 in
1567 1764 1781 1813 terram
1804 1756 2079 1828 genubus,
2105 1742 2145 1804 Β
2163 1758 2448 1813 confessus
2477 1764 2561 1814 est
2606 1759 2665 1813 in
2695 1759 2900 1814 Filium
2938 1760 3041 1814 Dei
3070 1760 3404 1830 cogitatione
3431 1759 3585 1832 impia
3610 1759 3705 1812 bla-

487 1850 623 1906 dum
642 1855 889 1917 orarent,
912 1849 1171 1921 spiritum
1186 1848 1427 1903 Domino
1438 1847 1819 1902 reddiderunt.
1839 1846 1946 1911 Qui
1958 1852 2085 1917 post

486 1938 606 1993 haec
628 1938 993 2008 vestigiorum
1020 1937 1241 1991 indiciis
1268 1936 1583 1991 diutissime
1611 1935 1926 2007 perquisiti,
1960 1952 2084 2007 quae

486 2027 547 2081 in
592 2026 727 2081 locis
771 2026 881 2081 illis
948 2026 1201 2081 arenosis
1257 2031 1485 2097 tamque
1544 2024 1763 2079 nivibus
1812 2024 2087 2095 impressa

483 2114 875 2185 designantur,
917 2114 1094 2169 donec
1140 2130 1206 2169 ea
1247 2113 1354 2168 levi
1384 2114 1525 2168 ﬂatu
1562 2118 1858 2167 ventorum
1898 2111 2086 2166 tenuis

484 2219 656 2259 arena
677 2204 996 2258 discurrens
1015 2203 1346 2275 cooperiret,
1366 2202 1579 2257 inventi
1598 2208 1731 2257 sunt
1741 2201 1971 2256 tandem
1983 2201 2087 2255 sic-

484 2297 551 2347 ut
605 2298 904 2347 oraverant
927 2294 1199 2365 jacentes,
1224 2297 1282 2347 et
1294 2292 1431 2347 ﬁcus
1450 2291 1708 2357 intactas,
1754 2294 1820 2345 ut
1858 2305 2086 2361 accepe-

484 2389 634 2451 rant,
674 2387 1043 2439 reservantes.
1088 2383 1393 2454 Elegerunt
1431 2382 1580 2436 enim
1610 2380 1859 2435 animam
1902 2378 2083 2449 magis

487 2487 657 2544 quam
680 2472 849 2526 ﬁdem
870 2471 1110 2543 depositi
1125 2471 1381 2543 perdere,
1399 2487 1471 2525 ne
1481 2470 1691 2524 scilicet
1705 2469 1914 2539 absque
1919 2469 2084 2538 jussu

490 2560 713 2616 abbatis
725 2561 1033 2633 quidquam
1044 2560 1223 2615 victus
1238 2564 1663 2633 praesumerent;
1687 2557 1972 2628 vitamque
1984 2572 2086 2628 po-

486 2650 604 2706 tius
629 2650 929 2705 voluerunt
956 2649 1218 2704 amittere
1248 2648 1636 2721 temporalem,
1657 2662 1827 2719 quam
1847 2645 2084 2701 senioris

2164 1848 2506 1918 sphemasse.
2540 1848 2698 1904 Unde
2728 1848 3085 1920 perspicuum
3106 1854 3191 1903 est
3224 1865 3351 1903 eum
3373 1848 3461 1919 qui
3488 1848 3539 1902 in
3562 1848 3703 1902 Deum

2163 1935 2525 2007 blasphemus
2543 1936 3027 2009 existit,tanquam
3047 1938 3143 2009 qui
3154 1938 3367 2009 irroget
3380 1938 3457 1991 illi
3467 1938 3701 2007 injuriam,

2166 2026 2523 2097 perfectionis
2549 2026 2877 2098 integritate
2905 2027 3133 2099 privari,
3165 2033 3227 2082 et
3265 2026 3704 2081 sanctiﬁcationem

2166 2115 2510 2171 castimonia;
2534 2132 2648 2171 non
2678 2117 2904 2171 mereri.

2740 2205 2975 2260 CAPUT
3024 2206 3194 2261 XLII.

2170 2294 2265 2350 Ubi
2292 2296 2537 2362 plurimi
2565 2300 2941 2350 convenerunt
2963 2298 3201 2349 seniores
3235 2295 3310 2349 ad
3324 2299 3561 2348 sanctum
3580 2292 3707 2346 Anto-

2550 2386 2715 2437 nium
2751 2386 2939 2453 gratia
2972 2386 3383 2439 consolationis.

2236 2470 2491 2535 Quodam
2512 2476 2704 2526 autem
2732 2477 2985 2545 tempore
3004 2477 3388 2527 convenerunt
3412 2469 3614 2543 plurimi
3635 2483 3704 2522 se-

2166 2562 2390 2614 niorum
2444 2560 2516 2614 ad
2566 2559 2795 2616 beatum
2849 2562 3176 2629 Antonium,
3225 2564 3627 2617 commorantem
3665 2556 3708 2609 in

2164 2647 2462 2704 Thebaida;
2484 2649 2757 2720 partibus,
2782 2651 3138 2722 perfectionis
3175 2649 3529 2722 inquisitione
3553 2652 3601 2702 et
3619 2644 3706 2700 eol-

484 2738 693 2794 violare
722 2739 1071 2794 mandatum.
2165 2737 2393 2792 lationis
2410 2738 2595 2809 gratia
2627 2739 2894 2807 (Cassian.
2928 2742 3121 2797 σοιιαι.
3155 2753 3216 2807 u,
3254 2755 3370 2809 cap.
3405 2738 3476 2810 2).
3506 2738 3706 2805 Cumque

1024 2825 1258 2881 CAPUT
1286 2824 1541 2882 XXXIX.
2166 2842 2201 2881 a
2226 2826 2555 2899 vespertinis
2582 2828 2735 2882 horis
2752 2845 2930 2900 usque
2959 2829 3030 2883 ad
3052 2829 3236 2883 lucem
3260 2827 3449 2883 fuisset
3474 2827 3705 2898 protracta

489 2918 709 2988 Quanta
738 2919 811 2972 sit
819 2918 1035 2987 jugitas
1063 2931 1289 2984 operum
1318 2916 1469 2984 apud
1504 2914 1724 2983 χερειρεί
1767 2911 2079 2967 monachos.
2165 2916 2409 2983 collatio,
2443 2918 2676 2988 quaestio
2706 2917 3057 2973 discretionis
3088 2919 3396 2973 maximum
3434 2915 3591 2971 noctis
3611 2929 3709 2985 spa-

560 3009 669 3062 Per
691 3010 870 3061 totam
892 3005 1081 3076 itaque
1105 3004 1407 3076 [Egyptum
1436 3002 1695 3057 monachi
1731 3001 1886 3056 nullo
1916 3000 2082 3054 modo
2163 3005 2308 3059 tium
2338 3007 2702 3078 consumpsit.
2734 3009 2880 3063 Nam
2906 3007 3223 3063 diutissime
3254 3009 3401 3062 inter
3420 3023 3506 3061 eos
3533 3018 3707 3076 quere-

485 3096 782 3170 patiuntur
823 3111 946 3150 esse
987 3093 1152 3148 otiosi
1201 3094 1386 3161 (Casa,
1433 3094 1527 3147 lib.
1567 3109 1616 3156 x,
1650 3093 1837 3145 Instit.
1885 3107 1930 3144 c.
1969 3088 2079 3159 Ἡ),
2103 3094 2330 3163 Cbatur
2379 3112 2635 3167 quaenam
2677 3097 2854 3152 virtus
2888 3098 2975 3152 vel
3022 3097 3340 3152 observatio
3372 3094 3660 3150 monachum
3684 3107 3711 3144 a

488 3186 585 3242 sed
610 3185 816 3239 victum
842 3199 1006 3238 suum
1036 3180 1227 3236 labore
1256 3198 1526 3237 manuum
1551 3185 2002 3252 consequuntur;
2027 3182 2085 3233 et
2164 3183 2375 3238 diaboli
2396 3185 2611 3256 laqueis
2629 3187 2910 3241 custodire
2928 3193 3117 3258 posset
3138 3185 3488 3251 illaesum,vel
3513 3178 3708 3237 certead

487 3290 601 3329 non
625 3275 808 3330 solum
838 3274 906 3327 de
936 3270 1216 3327 laboribus
1241 3270 1359 3325 suis
1373 3270 1697 3341 peregrinos
1713 3274 1771 3323 et
1789 3267 2085 3323 advenien-
2165 3273 2344 3327 Deum
2379 3280 2530 3328 recto
2569 3274 2799 3328 tramite
2850 3275 3123 3347 ﬁrmoque
3170 3292 3374 3345 gressu
3413 3273 3707 3346 perduceret.

485 3368 572 3417 tes
591 3363 792 3417 fratres
810 3378 997 3416 secum
1020 3360 1296 3426 reﬁciunt,
1310 3359 1408 3413 sed
1425 3359 1595 3413 etiam
1611 3375 1712 3430 per
1733 3358 1855 3411 loca
1875 3356 2079 3429 Libyae,

486 3470 609 3524 qua:
636 3452 785 3506 fame
813 3451 1089 3517 laborant,
1122 3465 1338 3504 necnon
1369 3448 1536 3503 etiam
1570 3465 1671 3520 per
1698 3447 1951 3502 civitates
1994 3446 2083 3500 his

489 3543 585 3617 qui
611 3540 669 3597 in
697 3538 1014 3597 carceribus
1043 3544 1101 3595 et
1126 3538 1358 3594 diversis
1386 3537 1621 3592 vinculis
1649 3541 1934 3603 tenentur,
1973 3535 2081 3590 im-

486 3649 713 3689 manem
737 3629 1033 3687 conferunt
1056 3628 1337 3684 alimoniae
1357 3626 1753 3693 substantiam,
1786 3625 1855 3680 de
1895 3624 2082 3680 fructu

487 3736 762 3779 manuum
777 3735 1011 3775 suarum
1021 3716 1351 3773 rationabile
1366 3715 1709 3771 sacriﬁcium
1723 3714 1964 3770 Domino
1982 3713 2084 3769 tali

491 3810 776 3866 oblatione
803 3825 863 3863 se
892 3808 1093 3863 oﬂ'erre
1122 3806 1434 3861 credentes.

557 3898 765 3954 Dicunt
788 3895 943 3953 enim
971 3899 1298 3967 operantem
1327 3891 1663 3949 monachum
1694 3892 1946 3949 daemone
1969 3908 2083 3950 uno

486 3984 702 4062 pulsari
718 4000 957 4058 semper,
978 3983 1220 4039 otiosum
1243 3997 1375 4039 vero
1393 3978 1897 4039 innumerabilibus
1921 3981 2085 4056 spiri-

485 4076 635 4133 tibus
666 4073 942 4130 devastari
967 4073 1154 4143 (15511.,
1186 4086 1230 4127 ο.
1254 4068 1370 4142 23).

1090 4159 1323 4217 CAPUT
1350 4158 1462 4216 XL.

1030 4254 1103 4307 De
1125 4252 1313 4306 abbate
1338 4252 1528 4305 Paulo.

554 4343 809 4417 Denique
819 4341 991 4398 abbas
1000 4341 1209 4397 Paulus
1218 4339 1645 4413 probatissimus
1656 4339 2072 4407 Patrum(Ibid.,

2168 3362 2421 3433 Cumque
2444 3380 2544 3434 pro
2564 3369 2731 3435 captu
2753 3364 2957 3418 mentis
2985 3381 3098 3419 suae
3120 3364 3501 3436 unusquisque
3528 3364 3705 3415 senten-

2165 3450 2303 3503 tiam
2330 3451 2605 3521 proferret
2631 3452 2689 3504 in
2723 3452 3053 3517 medium;et
3087 3452 3183 3506 alii
3214 3454 3439 3524 quidem
3462 3450 3554 3504 hoc
3576 3450 3625 3503 in
3642 3449 3710 3517 je-

2158 3539 2449 3609 juniorum
2481 3538 2914 3611 vigiliarumque
2961 3541 3147 3595 studio
3188 3542 3534 3603 collocarent,
3563 3535 3639 3589 alii
3665 3535 3710 3586 in

2164 3626 2421 3682 nuditate
2441 3632 2498 3682 et
2512 3632 2837 3701 contemptu
2854 3634 3045 3695 εδει
3061 3645 3276 3698 rerum,
3292 3629 3387 3683 alii
3409 3627 3712 3682 remotiorem

2164 3716 2337 3771 vitam
2357 3722 2414 3772 et
2431 3718 2605 3772 eremi
2624 3724 2842 3773 secreta
2859 3723 3173 3774 censerent:
3200 3724 3261 3774 et
3281 3717 3524 3774 nonnulli
3544 3716 3593 3769 in
3619 3710 3711 3784 pri-

2164 3806 2273 3862 mis
2304 3808 2569 3863 sectanda
2608 3808 2918 3877 charitatis,
2956 3809 3014 3863 id
3053 3814 3154 3875 est,
3187 3806 3548 3863 humanitatis
3571 3800 3713 3858 ofﬁcia

2165 3896 2495 3966 delinirent;
2530 3897 2665 3969 quia
2684 3898 2809 3971 ipsa
2842 3898 2934 3971 pie
2965 3913 3101 3970 erga
3130 3898 3337 3953 fratres
3360 3902 3416 3952 et
3438 3891 3711 3969 peregrinos

2164 3985 2351 4043 studio
2380 3985 2749 4060 susceptionis
2776 3987 3198 4059 impenduntur.
3232 3989 3481 4060 Cumque
3507 3984 3559 4040 in
3595 3982 3712 4036 hunc

2159 4077 2388 4132 modum
2417 4077 2510 4150 pia
2538 4075 2894 4133 contentione
2936 4078 3311 4146 decertarent,
3351 4081 3587 4147 essetque
3606 4073 3701 4142 jam

2159 4166 2337 4221 noctis
2365 4167 2677 4222 maximum
2706 4174 2928 4239 tempus
2964 4174 3381 4240 consumptum,
3414 4161 3703 4236 respondens

2159 4255 2385 4311 demum
2400 4255 2598 4311 beatus
2616 4257 2891 4312 Antonius
2905 4257 3198 4325 universis,
3218 4257 3360 4312 dixit
3379 4274 3391 4310 :
3417 4252 3599 4311 Omnia
3611 4246 3705 4320 qui-

2159 4343 2287 4399 dem
2336 4344 2453 4400 haec
2496 4362 2619 4417 quae
2671 4346 2910 4411 dixistis,
2962 4347 3283 4402 necessaria
3326 4350 3456 4401 sunt
3491 4348 3544 4397 et
3576 4335 3704 4394 utilia

486 4447 531 4493 c.
553 4434 669 4506 2i),
709 4450 837 4489 cum
880 4433 940 4487 in
987 4446 1174 4487 eremo
1218 4428 1531 4484 vastissima
1577 4429 1925 4495 consisteret,
1955 4446 2077 4500 qua:
2099 4423 2480 4489 Dsitientibus
2509 4436 2687 4489 Deum
2714 4453 2725 4489 :
2748 4436 2846 4490 sed
2866 4436 2953 4490 his
2977 4436 3345 4507 principalem
3366 4432 3591 4489 tribuere
3604 4441 3705 4498 gra-

483 4523 797 4597 Porphyrio
825 4525 1201 4592 nuncupatur,
1222 4523 1441 4572 tantum
1464 4518 1777 4589 palmarum
1808 4517 2078 4572 fructibus

485 4620 544 4669 et
569 4614 733 4667 horto
765 4607 985 4682 modico
1028 4606 1484 4674 sustentabatur;
1519 4623 1620 4661 nec
1663 4612 1886 4678 poterat
1925 4607 2077 4662 aliud

483 4702 633 4758 unde
657 4703 1071 4757 sustentaretur
1098 4696 1282 4768 operis
1303 4712 1579 4763 exercere,
1609 4712 1674 4750 eo
1705 4696 1852 4766 quod
1884 4695 1953 4749 ab
1982 4697 2080 4751 ho-

485 4790 733 4847 minibus
756 4790 842 4844 vel
865 4786 1157 4842 habitabili
1185 4794 1340 4841 terra
1367 4784 1610 4856 amplius
1648 4801 1816 4855 quam
1863 4790 2077 4856 septem

490 4877 874 4934 mansionibus
894 4876 1088 4933 aberat
1107 4876 1166 4930 in
1187 4875 1430 4929 deserto.
1461 4874 1562 4927 Hic
1583 4890 1718 4944 ergo
1737 4890 1807 4928 ne
1822 4890 2077 4929 momen-

486 4972 611 5022 tum
628 4966 897 5038 temporis
924 4966 1147 5038 penitus
1174 4963 1384 5019 otiosus
1413 4967 1603 5026 staret,
1639 4961 1933 5033 colligebat
1964 4965 2079 5035 pal-

488 5072 712 5111 marum
740 5056 871 5110 folia
894 5073 907 5123 ;
939 5060 995 5109 et
1023 5053 1411 5126 quotidianum
1430 5068 1686 5124 pensum,
1710 5052 1861 5106 velut
1884 5052 2080 5108 exinde
2108 5058 2116 5064 '

487 5143 909 5211 sustentandus,
960 5144 1081 5214 ipse
1124 5159 1158 5197 a
1200 5142 1500 5213 semetipso
1546 5140 1803 5212 exigebat
1842 5142 2075 5213 jugiter.

489 5236 745 5303 Cumque
775 5248 942 5303 opere
971 5231 1143 5286 totius
1172 5231 1303 5286 anni
1333 5231 1600 5303 spelunca
1628 5232 1750 5301 ejus
1770 5230 1968 5285 fuisset
1982 5231 2082 5285 im-

486 5322 658 5397 pleta,
692 5329 751 5377 et
773 5337 886 5375 non
904 5320 1137 5375 haberet
1150 5319 1246 5392 qui
1265 5320 1370 5375 hoc
1380 5320 1737 5385 distraheret,
1760 5335 1942 5391 neque
1961 5321 2080 5392 ipse

486 5413 701 5470 otiosus
734 5414 923 5484 posset
948 5424 1195 5477 manere,
1210 5414 1394 5463 totum
1417 5408 1565 5480 quod
1593 5409 1829 5464 sollicita
1850 5426 1986 5464 cura
2004 5409 2081 5464 la-

487 5499 968 5569 boraverat,annis
980 5498 1213 5568 singulis
1229 5497 1357 5568 igne
1368 5498 1656 5570 supposito
1665 5497 2075 5553 concremabat.

485 5593 775 5650 Intantum
797 5588 1060 5665 probans,
1076 5587 1196 5643 sine
1224 5602 1393 5659 opere
1421 5603 1695 5643 manuum
1723 5604 1824 5643 nec
1860 5588 1919 5642 in
1959 5588 2079 5644 loco

2157 4524 2317 4591 tiam,
2349 4540 2704 4596 nequaquam
2728 4542 2830 4580 nos
2858 4525 3299 4580 innumerabiles
3315 4524 3598 4578 multorum
3620 4514 3704 4567 fra-

2158 4617 2311 4667 trum
2341 4629 2503 4667 casus
2534 4619 2591 4667 et
2634 4615 3015 4685 experimenta
3043 4613 3397 4685 permittunt.
3432 4612 3562 4667 Nam
3588 4618 3704 4674 sape

2162 4701 2396 4755 vidimus
2416 4701 2617 4757 fratres
2627 4703 2729 4758 has
2749 4702 3163 4757 observationes
3179 4693 3703 4769 tenentes,repentin0

2160 4806 2291 4844 casu
2336 4791 2614 4862 deceptos,
2661 4808 2725 4847 eo
2773 4793 2920 4863 quod
2965 4792 3023 4846 in
3070 4791 3214 4845 bono
3253 4790 3403 4863 quod
3447 4786 3701 4858 coeperant,

2158 4878 2551 4934 discretionem
2567 4881 2801 4935 minime
2812 4886 3132 4935 tenuerunt.
3149 4881 3263 4935 Nec
3275 4880 3443 4935 etiam
3455 4876 3554 4931 alia
3569 4884 3704 4926 causa

2161 4967 2350 5039 lapsus
2377 4985 2571 5024 eorum
2592 4970 3046 5042 deprehenditur,
3081 4969 3190 5023 nisi
3213 4969 3362 5040 quod
3388 4967 3559 5021 minus
3582 4978 3611 5015 a
3633 4974 3704 5013 se-

2162 5057 2414 5112 nioribus
2442 5058 2706 5125 instituti,
2739 5075 3096 5131 nequaquam
3144 5063 3446 5130 potuerunt
3472 5052 3703 5108 rationem

2162 5145 2513 5202 discretionis
2541 5148 2708 5218 hujus
2734 5148 2983 5221 adipisci,
3009 5165 3131 5219 quae
3160 5148 3307 5201 viam
3350 5144 3549 5216 regiam
3575 5137 3704 5193 docet

2162 5236 2498 5291 monachum
2529 5255 2750 5309 semper
2784 5238 3061 5303 incedere,
3094 5242 3151 5291 et
3195 5253 3297 5290 nec
3327 5249 3539 5290 excessu
3565 5223 3704 5283 couti-

2163 5324 2366 5379 nentize
2388 5327 2615 5381 modum
2639 5327 2880 5382 transire
2916 5326 3215 5398 permittit,
3236 5341 3337 5379 nec
3364 5323 3630 5378 deﬂectere
3645 5309 3701 5366 ad

2162 5413 2299 5468 vitia
2317 5416 2589 5471 concedit.
2614 5417 2679 5471 In
2701 5416 2960 5472 omnibus
2980 5432 3112 5487 ergo
3138 5432 3259 5486 quae
3278 5413 3508 5485 agimus,
3529 5408 3699 5461 εὕδονθ’

2161 5502 2240 5557 tio
2257 5506 2648 5576 anteponenda
2668 5512 2769 5561 est.
2788 5506 3233 5561 Manifestissime
3263 5503 3411 5558 enim
3432 5498 3700 5556 declaratur

2162 5591 2376 5648 nullam
2423 5595 2546 5651 sine
2598 5595 2947 5652 discretionis
2974 5596 3158 5666 gratia
3191 5593 3428 5667 perfecte
3456 5601 3599 5661 posse
3631 5578 3698 5633 vel
