3966 6184
304 260 404 315 841

1074 263 1452 319 EXCERPTA
1490 265 1584 320 EX
1623 264 1904 333 SEVERO
1942 259 2273 320 SULPICIO
2313 258 2401 314 ET
2439 257 2812 316 CASSIANO.

3477 264 3581 322 842

304 382 501 455 perﬁci
530 383 614 437 vel
645 386 797 437 stare
826 383 1113 441 virtutem.
1139 388 1207 442 Et
1249 389 1365 445 haec
1394 390 1613 447 dicente
1636 392 1904 460 Antonio,
1919 393 1972 452 A
1988 388 2202 444 factum
2220 403 2342 443 esse
2369 385 2579 454 dicens,
2598 389 2665 442 ut
2683 385 2873 458 illiqui
2895 402 3120 461 semper
3145 386 3439 446 homimun
3456 407 3581 448 un-

303 473 697 528 universorum
726 474 1009 528 sententia
1033 475 1330 533 deﬁnitum
1362 486 1465 547 est,
1501 482 1907 537 discretionem
1987 479 2159 551 guine
2174 477 2505 549 gauderent,
2520 475 3161 535 nuncdeﬁcientibuseis
3180 479 3308 536 vita;
3326 480 3585 538 substan-

304 578 431 617 esse
462 579 587 633 quae
615 563 722 617 ﬁxo
749 563 931 633 gradu
954 564 1300 636 intrepidum
1336 571 1672 625 monachum
1702 572 1905 643 perdu-

306 657 401 706 cat
420 651 492 705 ad
518 652 715 717 Deum,
741 658 797 706 et
816 654 1110 723 praedictas
1130 657 1365 712 virtutes
1384 660 1603 730 jugiter
1621 666 1911 717 conservet

304 740 531 796 illaesas.
558 741 824 796 Omnium
846 759 1091 814 namque
1104 745 1375 802 virtutum
1395 749 1639 819 genitrix
1651 754 1708 805 et
1720 756 1908 806 custos

305 835 479 901 atque
511 830 850 886 moderatrix
880 832 1139 888 discretio
1160 842 1263 890 est.

884 921 1119 978 CAPUT
1139 925 1337 981 XLIII.

860 1011 929 1063 De
966 1012 1177 1065 Herone
1215 1030 1357 1067 sene.

382 1096 455 1150 Et
481 1102 545 1151 ut
571 1098 689 1152 haec
716 1100 985 1170 exemplis
1012 1101 1344 1157 certioribus
1372 1103 1746 1175 approbemus
1771 1104 1911 1173 (Cas-

307 1201 483 1252 sian.,
521 1190 703 1244 collat.
748 1202 806 1254 Il,
837 1205 954 1257 cap.
986 1189 1060 1259 5),
1106 1190 1347 1246 referam
1375 1192 1528 1247 vobis
1567 1193 1636 1247 de
1667 1194 1908 1265 quodam

308 1291 467 1343 sene,
492 1276 714 1330 Herone
732 1279 981 1344 nomine,
1006 1278 1505 1349 quidiscretionem
1533 1283 1766 1337 minime
1779 1283 1911 1337 reti-

308 1379 472 1428 nens,
506 1381 698 1419 omnes
727 1366 1000 1436 pristinos
1029 1367 1247 1423 labores
1280 1370 1547 1440 perdidit,
1579 1376 1636 1424 et
1682 1371 1913 1441 insuper

309 1452 713 1508 miserabiliter
730 1455 902 1509 vitam
925 1456 1121 1510 ﬁnivit.
1156 1458 1300 1511 Ante
1326 1475 1531 1530 paucos
1558 1460 1767 1513 etenim
1793 1459 1913 1513 dies

306 1541 571 1596 illusione
585 1543 797 1597 diaboli
823 1561 858 1597 a
883 1546 1119 1599 summis
1149 1546 1220 1599 ad
1250 1546 1365 1600 ima
1393 1548 1643 1617 dejectus
1673 1553 1775 1601 est.
1811 1548 1914 1601 Hic

1990 569 2130 623 tiam
2158 566 2521 638 largirentur.
2552 565 2713 619 Alius
2739 582 2870 621 vero
2909 584 3175 623 recusans
3204 568 3410 639 cibum,
3432 570 3587 626 velut

1991 657 2061 712 ab
2089 656 2316 711 homine
2341 653 2451 710 sibi
2475 653 2746 722 oblatum,
2765 655 2966 711 inediae
2992 656 3184 713 labore
3198 664 3585 732 consumptus,

1990 752 2246 801 mortuus
2276 749 2392 799 est:
2427 760 2667 816 quorum
2700 744 2913 799 scilicet
2939 747 3194 816 quamvis
3221 748 3385 803 initia
3404 765 3471 803 ex
3498 765 3587 803 re-

1993 833 2355 907 prehensibili
2385 833 2747 905 persuasione
2776 834 3186 904 descenderint,
3220 854 3367 893 unus
3392 843 3587 893 tamen

1994 923 2357 979 subveniente
2371 922 2728 990 discretione,
2752 923 2807 977 id
2825 924 2973 994 quod
2989 924 3213 980 incaute
3228 932 3583 999 conceperat,

1991 1013 2317 1068 emendasse
2342 1011 2727 1082 cognoscitur:
2753 1012 2898 1066 alius
2914 1018 3104 1068 autem
3125 1014 3300 1070 stulta
3318 1032 3588 1088 prensum-

1991 1103 2182 1173 ptione
2216 1100 2544 1172 perdurans,
2597 1106 2836 1155 mortem
2882 1118 3050 1173 quam
3102 1104 3375 1159 Dominus
3404 1104 3475 1159 ab
3520 1122 3587 1160 eo

1992 1196 2243 1244 avertere
2271 1189 2463 1256 voluit,
2492 1189 2610 1261 ipse
2632 1189 2741 1243 sibi
2769 1191 3053 1246 conscivit.

2575 1278 2809 1334 CAPUT
2847 1278 3015 1334 XLV.

2021 1370 2093 1421 De
2122 1368 2384 1421 monacho
2416 1369 2534 1437 qui,
2566 1369 2811 1436 deceptus
2833 1385 2870 1422 a
2898 1370 3132 1437 diabolo,
3165 1373 3342 1426 voluit
3364 1373 3551 1439 ﬁlium

2529 1473 2695 1510 suum
2734 1459 3050 1513 immolare.

2068 1546 2212 1611 Quid
2241 1546 2414 1600 etiam
2442 1544 2511 1599 de
2539 1545 2634 1600 illo
2660 1546 2933 1601 monacho
2954 1563 3410 1617 commemorem,
3428 1551 3590 1621 cujus

312 1630 507 1701 itaque
546 1633 955 1704 quinquaginta
984 1635 1147 1688 annis
1177 1635 1233 1688 in
1277 1652 1465 1690 eremo
1510 1642 1908 1701 commoratus,
1996 1652 2221 1691 nomen.
2266 1634 2399 1706 quia
2436 1634 2618 1689 adhuc
2655 1641 2928 1707 superest,
2971 1636 3108 1691 sileo
3150 1638 3435 1707 (0assian.,
3486 1642 3591 1695 col-

310 1719 656 1790 singularem
688 1722 811 1776 vita:
840 1723 1246 1778 districtionem
1276 1725 1478 1789 tenuit,
1510 1730 1566 1778 et
1595 1725 1911 1780 solitudinis
1934 1706 1980 1767 Β
2000 1727 2171 1789 lat.n,
2207 1740 2326 1792 cap.
2354 1724 2429 1792 7).
2456 1722 2562 1786 Qui
2584 1706 2906 1794 dumlongo
2918 1729 3172 1796 tempore
3186 1726 3593 1793 δεεάωωο-

309 1816 531 1864 secreta
567 1811 710 1864 miro
739 1811 952 1866 fervore
976 1812 1126 1866 ultra
1163 1830 1359 1867 omnes
1400 1820 1645 1868 sectatus
1672 1820 1775 1868 est.
1809 1814 1911 1868 Hic

310 1898 491 1968 igitur
527 1906 657 1970 post
691 1906 877 1954 tantos
920 1900 1139 1955 labores
1186 1902 1255 1956 ab
1298 1904 1623 1957 insidiatore
1662 1903 1907 1967 delusus,

310 1988 645 2057 gravissimo
665 1988 824 2060 lapsu
846 2006 1132 2056 corruens,
1157 1997 1386 2046 cunctos
1415 1992 1473 2046 in
1501 2008 1688 2046 eremo
1710 1992 1913 2046 consti—

313 2082 468 2131 tutos
498 2079 750 2132 luctuoso
780 2080 971 2133 dolore
992 2081 1409 2151 percussit.Qui
1439 2081 1669 2136 minime
1690 2080 1916 2135 cecidis-

316 2171 421 2232 set,
453 2167 500 2220 si
527 2165 738 2221 bonum
775 2168 1127 2223 discretionis
1172 2175 1366 2225 tenere
1408 2171 1693 2225 voluisset.
1734 2172 1913 2225 Tanto

317 2253 597 2324 siquidem
618 2256 802 2325 rigore
826 2256 1001 2310 animi
1029 2257 1116 2311 sui
1132 2258 1542 2313 immutabilem
1564 2258 1767 2329 jejunii
1790 2275 1914 2312 con-

320 2342 623 2397 tinentiam
655 2361 877 2416 semper
897 2347 1160 2413 exercuit,
1179 2352 1236 2401 et
1264 2347 1585 2401 solitudinis
1610 2364 1673 2401 ac
1703 2347 1916 2401 cellulae

318 2436 538 2486 secreta
560 2433 1031 2503 jugitersectatus
1047 2442 1155 2502 est,
1177 2443 1238 2490 ut
1260 2454 1361 2489 nec
1384 2438 1472 2489 die
1494 2436 1674 2490 sancti
1691 2436 1917 2490 Pascha:

322 2520 566 2591 rigorem
586 2520 937 2578 abstinentiae
957 2524 1215 2577 solveret.
1238 2525 1493 2595 Cumque
1506 2541 1701 2578 omnes
1722 2524 1920 2578 eremi-

320 2615 389 2664 ιω
418 2626 522 2681 pro
547 2615 708 2665 tanta
734 2612 1091 2667 solemnitate
1121 2612 1191 2666 ad
1221 2613 1513 2668 ecclesiam
1543 2614 1757 2684 pariter
1792 2630 1920 2667 con-

320 2699 627 2765 venissent,
660 2701 810 2755 solus
834 2702 930 2756 ille
961 2719 1074 2756 non
1099 2703 1298 2765 adfuit,
1325 2719 1395 2756 ne
1429 2703 1923 2774 quantulacunque

321 2789 678 2859 perceptione
696 2790 997 2860 leguminis
1015 2792 1190 2863 parvi,
1221 2808 1255 2846 a
1276 2808 1377 2846 suo
1400 2791 1685 2863 proposito
1708 2791 1919 2846 videre-

320 2883 417 2931 tur
436 2878 740 2932 relaxasse:
762 2896 873 2951 qua
887 2881 1323 2952 praesumptione
1342 2881 1628 2951 deceptus,
1656 2881 1919 2952 angelum

324 2966 546 3021 Satanae
574 2968 727 3022 velut
754 2969 1017 3038 angelum
1050 2970 1189 3024 lucis
1207 2960 1516 3040 suscipiens
1545 2987 1674 3024 cum
1698 2987 1920 3025 summa

1994 1830 2124 1866 nem
2152 1813 2210 1866 in
2231 1812 2415 1883 angeli
2436 1813 2682 1883 suscepit
2706 1813 2980 1881 claritate,
3011 1815 3446 1872 revelationibus
3466 1818 3590 1887 ejus

1994 1918 2139 1972 saepe
2162 1900 2693 1973 deceptus,credidit
2712 1918 2841 1955 eum
2858 1902 3272 1958 internuntium
3296 1921 3418 1959 esse
3427 1905 3594 1975 justi-

1994 1989 2105 2043 tiae.
2153 1991 2298 2045 Nam
2342 2006 2443 2061 per
2474 2006 2669 2044 omnes
2699 1995 2890 2046 noctes
2916 1990 2977 2045 in
3010 1992 3211 2046 cellula
3254 1993 3377 2064 ejus
3402 1993 3595 2049 lumen

1996 2078 2205 2150 absque
2224 2079 2392 2134 ullius
2420 2079 2660 2134 lucerna
2682 2078 2862 2134 ofﬁcio
2891 2080 3174 2151 praebebat
3202 2080 3486 2137 diabolus:
3521 2082 3593 2138 ad

1997 2173 2311 2222 extremum
2333 2184 2462 2222 vero
2480 2168 2653 2239 jussit
2682 2184 2811 2222 eum
2830 2174 2896 2223 ut
2924 2169 3105 2224 ﬁlium
3128 2187 3313 2237 suum,
3339 2171 3435 2243 qui
3468 2188 3598 2227 cum

1998 2274 2063 2311 eo
2094 2258 2312 2329 pariter
2340 2257 2398 2311 in
2417 2258 2612 2312 eodem
2642 2258 2985 2313 monasterio
3008 2259 3415 2327 commanebat,
3434 2261 3598 2315 devo-

1997 2351 2089 2400 tus
2108 2348 2223 2401 Deo
2254 2346 2481 2401 offerret
2507 2346 2812 2415 victimam,
2844 2352 2910 2401 ut
2937 2348 3147 2403 scilicet
3184 2350 3290 2404 hoc
3322 2349 3595 2405 sacriﬁcio

2003 2435 2236 2489 Abrahae
2265 2436 2598 2507 patriarchae
2617 2436 2835 2491 meritis
2855 2442 3261 2508 coaequaretur.
3282 2439 3457 2509 Cujus
3468 2455 3595 2493 ver-

1998 2523 2085 2577 bis
2125 2523 2218 2578 ille
2268 2524 2554 2578 intantum
2609 2531 2695 2578 est
2734 2524 3018 2589 seductus,
3059 2531 3125 2580 ut
3156 2526 3263 2581 hoc
3303 2527 3598 2583 confestim

2001 2629 2168 2684 Opere
2202 2613 2541 2684 perfecisset,
2576 2612 2684 2667 nisi
2727 2630 2869 2684 puer
2895 2614 2964 2667 de
3001 2614 3143 2669 cella
3188 2615 3450 2671 manibus
3473 2618 3598 2687 ejus

2005 2702 2246 2774 elapsus,
2277 2702 2527 2758 concitus
2549 2700 2878 2772 aufugisset.

2570 2790 2807 2845 CAPUT
2833 2791 3024 2847 XLVI.

2002 2880 2073 2932 De
2087 2878 2348 2932 monacho
2369 2881 2463 2933 cui
2490 2880 2795 2934 ostendebat
2829 2879 3083 2935 diabolus
3111 2884 3412 2937 exercitum
3443 2882 3602 2938 Chri-

2448 2970 2765 3022 stianorum
2803 2973 2852 3023 et
2878 2970 3219 3024 Judanorum.

321 3022 940 3129 veneratione,ejusi1ue
952 3022 1921 3131 praeceptis-obeldiens,semetipsum
1935 3022 1980 3084 Ο
2074 3057 2205 3111 Fuit
2224 3060 2281 3111 et
2298 3056 2443 3111 alius
2455 3056 2763 3111 monachus
2781 3058 3073 3125 (Cassium,
3095 3061 3281 3113 collat.
3306 3073 3369 3127 II,
3392 3057 3592 3131 cap.8),

326 3144 384 3198 in
409 3150 642 3215 puteum
658 3146 1156 3217 profundissimnm
1179 3148 1519 3219 praecipitem
1531 3150 1783 3219 jactavit,
1808 3167 1923 3203 ma-

322 3250 502 3304 gnum
521 3233 732 3288 scilicet
752 3235 973 3289 virtutis
996 3253 1109 3290 sua:
1132 3236 1395 3291 meritum
1418 3236 1774 3308 probaturus.
1795 3254 1922 3291 cum

329 3322 461 3376 inde
494 3323 700 3377 exisset
727 3324 957 3378 illeesus:
985 3325 1054 3379 de
1085 3342 1195 3396 quo
1224 3332 1393 3397 puteo
1424 3344 1548 3381 cum
1578 3327 1777 3397 grandi
1808 3326 1924 3381 fra-

325 3418 483 3465 trum
521 3411 711 3467 labore
741 3413 1035 3468 semivivus
1085 3420 1384 3477 exlractus,
1432 3416 1602 3469 vitam
1634 3416 1804 3469 tertia
1832 3416 1922 3471 die

326 3501 545 3568 ﬁnivit;
579 3507 637 3556 et
665 3503 812 3572 quod
850 3504 937 3557 his
967 3504 1213 3558 deterius
1243 3511 1347 3569 est,
1382 3505 1462 3558 ita
1488 3504 1545 3557 in
1576 3505 1922 3574 deceptionis

326 3606 442 3644 suae
470 3588 847 3645 obstinatione
873 3592 1200 3663 permansit,
1220 3598 1285 3646 ut
1301 3592 1350 3647 ei
1368 3593 1690 3646 nullatenus
1717 3593 1926 3659 potuis-

328 3683 418 3733 set
443 3680 792 3749 persuaderi,
828 3680 976 3751 quod
1025 3681 1342 3736 daemonum
1387 3681 1695 3736 calliditate
1727 3682 1928 3738 fuisset

327 3767 578 3823 delusus.

913 3860 1147 3915 CAPUT
1169 3859 1359 3914 XLIV.

325 3947 401 4001 De
430 3948 639 4000 duobus
661 3948 961 4015 monachis,
992 3952 1091 4017 qui
1126 3954 1312 4003 euntes
1352 3964 1454 4018 per
1501 3949 1794 4016 desertum,
1834 3952 1926 4003 de-

401 4041 690 4089 creverunt
716 4053 829 4091 non
842 4039 1269 4103 sumerecibum,
1292 4040 1405 4092 nisi
1432 4038 1572 4091 Deus
1601 4040 1716 4092 illis
1740 4044 1926 4093 trans-

404 4127 659 4179 mitteret.
926 4180 931 4193 δ

404 4215 549 4279 Quid
579 4215 761 4269 dicam
783 4215 851 4269 de
869 4216 979 4269 illis
1001 4215 1217 4271 duobus
1245 4215 1515 4271 fratribus
1546 4217 1641 4288 qui
1670 4215 1927 4271 habitan-

328 4310 417 4358 tes
442 4304 595 4357 ultra
633 4304 786 4359 illam
809 4322 1060 4359 eremum
1092 4308 1369 4373 (eassian.,
1395 4307 1585 4361 Collat.
1614 4321 1675 4373 II,
1708 4323 1823 4376 cap.
1849 4305 1921 4376 6),

2006 3146 2101 3216 qui
2114 3146 2347 3199 nimiam
2377 3161 2601 3217 semper
2619 3144 3232 3214 tenuitabstinentiam,
3258 3148 3466 3219 quique
3494 3163 3596 3219 per

2006 3250 2182 3288 annos
2211 3234 2419 3288 multos
2433 3234 2795 3305 singulariter
2805 3234 2863 3288 in
2879 3235 3018 3289 cella
3028 3235 3599 3308 reclusus,perpaucis

2006 3321 2336 3377 imitabilem
2357 3322 2608 3378 exhibuit
2625 3322 3043 3378 abstinentiam.
3071 3323 3175 3378 Hic
3194 3324 3265 3378 ad
3285 3330 3599 3381 extremum

2006 3412 2087 3466 ita
2105 3417 2191 3465 est
2220 3411 2509 3466 diabolicis
2536 3410 2967 3466 revelationibus
2986 3412 3234 3481 delusus,
3266 3418 3331 3468 ut
3351 3420 3479 3486 post
3503 3430 3601 3470 an-

2005 3517 2147 3555 nuos
2166 3500 2384 3555 labores
2415 3507 2583 3572 atque
2613 3500 2866 3564 virtutes,
2888 3500 3092 3572 quibus
3120 3501 3262 3557 alios
3294 3504 3599 3560 monachos

2008 3595 2337 3655 excesserat,
2361 3590 2431 3644 ad
2452 3589 2807 3644 Judaismum
2825 3594 2883 3643 et
2906 3589 3392 3647 circumcisionem
3413 3593 3600 3649 carnis

2010 3678 2404 3733 miserabiliter
2422 3678 2713 3750 sitlapsus.
2749 3678 2883 3733 Post
2893 3679 3072 3736 multa
3081 3696 3329 3754 namque
3342 3687 3601 3755 tempora

2010 3767 2282 3833 diabolus,
2313 3768 2465 3822 velut
2483 3768 2715 3824 nuntius
2736 3769 3009 3838 veritatis,
3038 3770 3369 3828 ostendebat
3394 3772 3478 3828 illi
3498 3790 3601 3846 per

2012 3873 2155 3911 vana
2190 3857 2408 3911 somnia
2441 3863 2498 3912 et
2531 3874 2631 3929 per
2666 3860 2939 3930 quasdam
2983 3860 3180 3916 inanes
3206 3862 3593 3935 revelationes,

2014 3946 2465 4002 Christianorum
2480 3953 2648 4019 atque
2677 3949 3081 4004 monachorum
3112 3952 3418 4008 exercitum
3445 3957 3600 4011 tene-

2010 4034 2240 4090 brosum
2279 4053 2343 4090 ac
2367 4042 2597 4105 tetrum,
2633 4038 2900 4109 omnique
2929 4039 3106 4093 macie
3135 4039 3389 4096 tabidum
3431 4048 3600 4116 atque

2011 4124 2335 4193 deformem;
2355 4130 2413 4180 et
2425 4130 2654 4180 econtra
2677 4126 3008 4181 ostendebat
3034 4127 3117 4180 illi
3144 4127 3466 4185 Judaeorum
3485 4131 3601 4203 ple-

2010 4212 2135 4267 bem
2163 4229 2384 4268 summa
2398 4214 2593 4269 laetitia
2603 4214 3026 4285 tripudiantem,
3045 4215 3371 4288 ingentique
3389 4216 3603 4277 lumine

2009 4308 2419 4362 coruscantem.
2458 4304 2536 4357 Ac
2573 4302 2823 4375 proinde
2850 4303 3242 4359 commonebat
3268 4321 3418 4374 eum,
3458 4312 3523 4363 ut
3551 4310 3599 4364 si

329 4391 429 4446 ubi
460 4394 744 4464 quondam
772 4394 956 4448 fuerat
986 4394 1181 4450 beatus
1208 4395 1486 4449 Antonius
1516 4400 1918 4461 commoratus,
1942 4385 1989 4443 D
2008 4393 2201 4446 mallet
2227 4391 2592 4447 beatitudinis
2612 4392 2835 4447 illorum
2867 4393 3145 4463 particeps
3174 4392 3337 4461 efﬁci,
3367 4394 3602 4452 circum-

330 4482 521 4536 minus
544 4489 710 4537 cauta
748 4484 1082 4539 discretione
1121 4484 1384 4556 permoti,
1405 4489 1602 4538 euntes
1622 4500 1723 4555 per
1742 4490 1929 4538 exten-

2008 4481 2271 4536 cisionem
2295 4498 2516 4554 quoque
2538 4481 2823 4553 suscipere
2842 4481 3240 4537 festinaret.Ex
3261 4482 3465 4555 quibus
3475 4502 3600 4557 pro-

331 4580 451 4625 tam
482 4571 797 4628 solitudinis
842 4573 1180 4640 vastitatem,
1226 4574 1439 4628 nullam
1480 4589 1664 4627 escam
1702 4574 1927 4645 penitus
2008 4571 2151 4625 fecto
2170 4575 2390 4625 constat
2408 4570 2556 4641 quod
2577 4586 2640 4624 ex
2656 4570 2982 4625 memoratis
3004 4570 3135 4626 viris
3152 4575 3270 4626 tam
3288 4572 3604 4644 lugubriter

330 4677 557 4715 sumere
577 4662 960 4729 decreverunt,
994 4663 1103 4717 nisi
1124 4680 1294 4733 quam
1314 4680 1414 4734 per
1434 4663 1797 4733 semetipsum
1818 4663 1928 4717 illis
2011 4676 2173 4714 nemo
2188 4659 2384 4714 fuisset
2397 4658 2673 4725 illusus,si
2699 4659 2977 4714 rationem
3004 4659 3360 4715 diaeretionis
3378 4665 3602 4735 assequi

330 4750 609 4804 Dominus
638 4751 1022 4823 prtestitisset?
1052 4753 1305 4823 Cumque
1327 4758 1581 4806 errantes
1602 4769 1696 4806 eos
1720 4770 1820 4823 per
1839 4753 1932 4807 de—
2011 4748 2377 4803 laborassent.
2395 4747 2771 4813 Quamobrem
2801 4749 2859 4803 in
2882 4747 3107 4819 quantis
3136 4750 3512 4820 perniciosum
3528 4753 3603 4809 sit

330 4845 506 4905 serta,
539 4846 595 4893 et
629 4840 950 4895 deﬁcientes
957 4843 1076 4912 jam
1088 4841 1254 4908 fame,
1273 4841 1689 4911 conspexissent
1713 4842 1931 4911 alonge

331 4927 589 4995 Mazices,
610 4946 735 4999 quae
763 4946 901 5000 gens
934 4930 1151 4984 cunctis
1173 4929 1495 4984 nationibus
1526 4929 1823 4984 immanior
1851 4935 1933 4983 at-

334 5033 445 5088 que
483 5018 759 5072 crudelior
788 5024 873 5072 est
896 5038 907 5072 :
942 5036 1053 5074 non
1075 5036 1170 5074 eos
1194 5020 1265 5073 ad
1288 5019 1615 5073 effusionem
1642 5018 1931 5089 sanguinis

331 5105 676 5160 desiderium
697 5108 915 5179 praedae,
940 5109 1038 5162 sed
1049 5109 1167 5163 sola
1182 5108 1438 5162 ferocitas
1452 5107 1654 5161 mentis
1674 5107 1925 5177 instigat.

334 5194 485 5248 Visis
515 5212 647 5266 ergo
672 5196 751 5250 eis
780 5203 977 5251 contra
1005 5204 1266 5251 naturam
1306 5196 1611 5252 ferocitatis
1637 5212 1750 5250 suae
1801 5213 1932 5252 cum

332 5284 575 5355 panibus
597 5285 705 5339 illis
737 5293 1099 5342 occurrerunt
1132 5306 1142 5340 :
1175 5293 1310 5342 tunc
1336 5303 1480 5340 unus
1511 5302 1576 5339 ex
1606 5284 1714 5338 illis
1734 5284 1927 5339 fratri-

330 5372 440 5428 bus
472 5373 834 5430 subveniente
865 5376 1223 5443 discretione,
1258 5377 1407 5430 velut
1435 5392 1468 5428 a
1498 5375 1613 5428 Deo
1640 5379 1927 5445 porrectos

332 5462 441 5518 sibi
467 5481 643 5535 panes
668 5482 795 5519 cum
816 5466 1127 5535 gratiarum
1143 5466 1359 5521 actione
1375 5462 1636 5535 suscepit,
1663 5469 1932 5536 reputans

334 5569 522 5608 escam
554 5553 659 5608 sibi
688 5554 955 5609 divinitus
1002 5554 1329 5622 ministrari,
1363 5569 1465 5609 nec
1496 5552 1617 5607 sine
1643 5553 1741 5607 Dei
1768 5555 1931 5625 jussu

623 5654 887 5717 ΡΑτιιοι..
917 5654 1187 5717 LXXIII.

2012 4837 2363 4892 discretionis
2399 4837 2639 4909 gratiam
2678 4853 2790 4891 non
2829 4836 3055 4905 habere,
3099 4838 3408 4907 multorum
3440 4857 3602 4898 casus

2016 4926 2411 5000 experimentis
2439 4926 2704 4981 declarat.

2570 5013 2808 5069 CAPUT
2834 5016 3051 5073 XLVII.

2490 5106 2563 5158 De
2586 5104 2775 5157 abbate
2804 5103 3119 5175 Serapione.

2080 5193 2268 5249 Abbas
2299 5175 2567 5265 Serapion
2585 5190 2801 5248 solebat
2816 5193 3142 5267 frequenter
3148 5197 3469 5268 junioribus
3497 5202 3607 5258 fra-

2019 5283 2216 5351 tribus,
2251 5280 2634 5361 instruetionis
2663 5281 2866 5352 gratia,
2898 5284 2966 5337 de
2987 5285 3169 5357 seipse
3198 5303 3429 5346 narrare
3460 5291 3605 5361 (0a:-

2015 5375 2184 5439 sian.,
2217 5375 2397 5427 collat.
2429 5356 2490 5437 ἡ,
2520 5387 2637 5440 cap.
2673 5371 2781 5440 l‘l),
2802 5372 3009 5428 dicens:
3044 5356 3187 5431 Cum
3216 5377 3399 5434 adhuc
3425 5356 3604 5436 essem

2014 5461 2302 5533 puerulus,
2319 5466 2376 5513 et
2404 5475 2532 5514 cum
2556 5458 2757 5514 abbate
2781 5461 3006 5517 Theone
3031 5480 3466 5535 commanerem,
3489 5467 3607 5524 hec

2016 5550 2156 5605 mihi
2196 5548 2542 5606 consuetudo
2572 5555 2694 5605 erat
2725 5549 2952 5607 inimico
2981 5551 3332 5624 imminente,
3366 5563 3427 5611 ut
3456 5562 3608 5628 post-

3290 5650 3368 5713 27
