3976 6186
491 227 596 284 843
1249 258 1254 269 ι
1603 227 1697 280 DE
1735 226 1924 281 VITIS
1961 225 2259 282 PATRUM
2295 227 2512 284 LIBER
2547 231 2642 286 IV.
3589 253 3670 309 8“

491 371 661 427 quam
684 354 1002 410 refecissem
1032 368 1156 406 cum
1187 367 1321 406 sene
1351 351 1488 404 liora
1518 367 1686 417 nona,
1716 366 1894 404 unum
1919 349 2077 422 paxi-
2097 356 2148 416 Α
2167 365 2403 407 summa
2416 353 2729 408 sanctitatis
2744 356 3316 416 monachidiutissime
3333 379 3677 430 commorantes

490 445 729 499 matium
756 442 1004 514 quotidie
1017 441 1077 496 in
1101 441 1228 495 sinu
1247 456 1372 494 meo
1383 440 1627 494 latenter
1647 439 2074 494 absconderem:
2161 447 2393 512 repente
2409 447 2588 496 sunta
2601 442 3046 500 discurrentibus
3061 445 3368 521 interempti
3385 453 3672 516 Sarracenis.

488 549 848 612 quem‘sero,
903 531 1201 602 ignorante
1241 546 1394 594 sene,
1443 530 1656 584 occulte
1695 528 2076 583 comedebam.

488 623 647 686 Quod
687 621 901 675 furtum
931 619 1063 674 licet
1091 619 1340 690 quotidie
1368 620 1716 690 pertioerem,
1742 618 1963 690 expleta
1989 624 2077 672 ta-

482 727 613 764 men
640 707 1475 780 concupiscentiafraudulenta,
1501 708 1573 762 ad
1599 707 1877 778 meipsum
1899 723 2082 761 rever-

481 804 626 864 tens,
651 815 822 870 super
840 797 1086 852 admisso
1105 796 1255 852 furto
1276 796 1460 851 acrius
1473 796 1782 864 cruciabar,
1805 812 1975 868 quam
1991 813 2080 852 su-

476 903 584 958 per
607 903 761 942 esum
794 887 946 942 illius
984 888 1203 941 fueram
1225 886 1591 956 jucundatus.
1627 887 1881 957 Cumque
1921 885 2074 940 istud

480 975 941 1032 molestissimum
959 993 1098 1048 opus
1117 975 1352 1045 singulis
1371 973 1568 1028 diebus
1589 975 1810 1046 explere
1825 991 1937 1028 non
1953 974 2074 1028 sine

2162 529 2414 593 Quorum
2433 548 2670 602 corpora
2699 535 2817 585 tam
2841 549 2875 586 τι
2893 535 3100 606 populo
3129 536 3358 608 regionis
3378 539 3526 610 illius,
3539 562 3679 616 quam

2161 617 2232 672 ab
2257 619 2520 674 universa
2552 619 2802 675 Arabum
2829 621 3012 692 plebe,
3050 629 3208 679 tanta
3234 631 3554 688 veneratione
3575 642 3681 692 sunt

2160 714 2440 781 percepta,
2475 713 2542 764 ut
2567 709 2852 764 innumeri
2880 713 3070 784 p0puli
3091 725 3460 774 concurrentes
3477 738 3534 775 ex
3557 729 3680 778 utra-

2161 814 2268 867 que
2295 803 2456 869 parte
2493 799 2884 869 gravissimum
2917 800 3023 856 sibi
3052 808 3328 860 certamen
3355 824 3447 878 pro
3474 811 3681 883 reliquiis

2159 903 2355 940 eorum
2395 887 2716 953 indixerint,
2762 889 2855 960 pie
2899 889 3050 946 inter
3099 909 3159 946 se
3186 911 3283 964 pro
3310 901 3484 952 sancta
3511 899 3681 971 rapina

2155 973 2450 1030 devotione
2469 975 2839 1044 decertantes,
2856 979 3088 1049 quinam
3104 981 3288 1052 justus
3306 993 3585 1040 mereretur
3609 1005 3681 1043 eo-

2153 1077 2282 1116 rum
2309 1063 2659 1135 sepulturam
2681 1081 2746 1120 ac
2767 1066 3034 1138 reliquias
3061 1069 3367 1140 possidere;
3397 1071 3496 1128 illis
3511 1074 3682 1131 scilicet

2155 1149 2224 1204 de
2253 1151 2434 1206 vicina
2472 1154 2911 1210 commoratione
2941 1157 3210 1229 ipsorum,
3250 1161 3368 1216 aliis
3407 1161 3470 1217 de
3496 1163 3685 1234 originis

2155 1240 2571 1314 propinquitate
2599 1243 2995 1314 gloriantibus.

2724 1333 2958 1389 CAPUT
2986 1333 3176 1390 XLIX.

2663 1423 2736 1476 De
2763 1425 2953 1478 abbate
2983 1427 3230 1480 Dam‘ele.

479 1066 663 1120 cordis
692 1067 804 1120 mei
831 1066 1020 1120 dolore
1045 1064 1427 1135 compellerer,
1448 1068 1506 1117 et
1525 1063 1934 1118 clandestinum
1961 1062 2075 1116 fur-

479 1161 600 1209 tum
653 1154 968 1226 patefacere
994 1154 1116 1208 seni
1153 1153 1542 1218 confunderer,
1575 1152 1814 1222 contigit
1843 1169 1942 1224 per
1968 1152 2070 1206 Dei

479 1243 1190 1314 providentiam,quosdam
1215 1241 1418 1296 fratres
1434 1241 1818 1296 adificationis
1839 1241 2072 1296 obtentu

477 1333 738 1388 cellulam
761 1332 911 1386 senis
941 1331 1290 1386 avidissimos
1318 1329 1610 1401 expetisse.
1643 1330 1898 1399 Cumque
1926 1328 2069 1383 refe-

477 1420 661 1476 ctione
715 1426 1020 1486 transacta,
1071 1419 1445 1474 confabulatio
1487 1419 1756 1490 spiritalis
1799 1418 2070 1472 interesse

475 1511 754 1583 capisset,
773 1510 1229 1582 respondensque
1241 1526 1409 1563 senex
1425 1508 1724 1580 propositis
1753 1507 2068 1578 interroga-
2223 1509 2378 1563 Inter
2405 1514 2634 1565 cateros
2661 1511 2944 1578 eremitas,
2979 1511 3236 1568 abbatem
3259 1530 3466 1586 quoque
3483 1517 3688 1573 vidimus

472 1599 719 1654 tionibus
739 1616 956 1665 eorum,
975 1598 1462 1669 degastrimargia
1484 1598 1618 1652 vitio
1636 1602 1692 1652 et
1721 1597 2068 1652 occultarum
2092 1671 2113 1672 ﬁ
2149 1595 2462 1664 Danielem,
2495 1600 2769 1670 aqualem
2810 1601 3024 1656 cateris
3051 1603 3110 1656 in
3139 1603 3390 1658 omnibus
3415 1604 3685 1672 virtutibus,

463 1688 876 1760 cogitationum
899 1693 1216 1759 exponeret,
1237 1687 1307 1741 ad
1322 1687 1587 1742 ultimum
1603 1686 1812 1752 intulit,
1840 1686 2030 1740 dicens
2049 1705 2060 1738 :
2083 1671 2132 1730 Β
2151 1684 2248 1737 sed
2268 1682 2607 1756 peculiarius
2623 1687 2806 1759 gratia
2819 1687 3153 1744 humilitatis
3167 1691 3450 1762 praditum
3463 1671 3686 1760 (Sassina.

468 1777 622 1832 Nihil
633 1777 713 1832 sic
731 1777 959 1832 noxium
983 1783 1070 1832 est
1087 1776 1395 1843 monachis,
1418 1781 1474 1830 et
1493 1775 1740 1830 latificat
1759 1775 2060 1842 daemones,
2147 1776 2328 1828 coltat.
2360 1789 2437 1839 Iv,
2477 1792 2596 1846 cap.
2617 1775 2802 1845 1).Qui
2821 1778 3023 1833 merito
3044 1779 3305 1850 puritatis
3323 1797 3383 1835 ac
3409 1789 3686 1838 mansuetu-

469 1883 640 1937 quam
669 1867 718 1920 si
749 1867 932 1920 celent
973 1865 1339 1936 cogitationes
1373 1881 1504 1920 suas
1532 1863 1816 1936 spiritales
1844 1864 2060 1918 Patres.
2146 1861 2292 1916 dinis
2321 1879 2456 1928 sua,
2489 1880 2524 1916 a
2564 1871 2758 1920 sancto
2796 1866 3115 1938 Paphnutio
3143 1869 3391 1938 ejusdem
3419 1870 3690 1926 solitudinis

466 1957 623 2009 Tunc
641 1971 744 2026 ego
766 1959 1134 2026 compunctus
1153 1953 1340 2020 corde,
1371 1953 1682 2007 existimavi
1702 1953 1824 2007 seni
1849 1959 2064 2007 secreta
2145 1949 2492 2022 presbytero,
2525 1952 2595 2006 ad
2617 1953 2856 2008 diaconii
2884 1954 3130 2010 ofﬁcium
3153 1961 3241 2010 est
3269 1957 3586 2028 praelectus.
3615 1959 3692 2012 In-

465 2043 710 2115 pectoris
740 2044 852 2097 mei
872 2042 1169 2115 patefacta,
1203 2043 1334 2097 etin
1365 2043 1610 2097 occultos
1623 2041 1870 2112 primum
1889 2041 2064 2111 gemi-
2145 2043 2369 2092 tantum
2419 2039 2573 2094 enim
2600 2040 2750 2096 idem
2799 2041 2998 2097 beatus
3045 2044 3390 2114 Paphnutius
3435 2044 3688 2100 virtutibus

465 2137 557 2186 tus
583 2133 874 2200 excitatus,
903 2132 1106 2186 deinde
1129 2131 1312 2186 cordis
1335 2131 1448 2186 mei
1469 2131 1899 2203 compunctione
1916 2146 2062 2184 cres—
2143 2125 2322 2198 ipsius
2351 2128 2724 2199 aggaudebat,
2775 2136 2839 2184 ut
2866 2148 3030 2202 quem
3063 2131 3191 2187 vita
3231 2133 3439 2188 meritis
3467 2139 3519 2187 et
3537 2134 3689 2204 gratia

463 2221 708 2288 cente,in
723 2225 946 2292 apertos
963 2220 1244 2292 singultus
1263 2221 1650 2292 lacrymasque
1666 2235 2056 2291 prorumpens,
2143 2231 2336 2286 parem
2366 2217 2471 2271 sibi
2491 2226 2740 2286 noverat,
2773 2237 3063 2292 coaquare
3087 2221 3199 2275 sibi
3230 2222 3397 2276 etiam
3423 2222 3676 2277 sacerdotii

462 2309 605 2381 capi
617 2309 972 2365 amarissime
995 2311 1149 2376 ﬂere;
1179 2315 1238 2364 et
1256 2309 1520 2370 continuo
1539 2310 1588 2378 ej
1597 2308 1680 2362 eci
1696 2309 1766 2362 de
1783 2308 1912 2362 sinu
1932 2325 2058 2362 meo
2143 2304 2338 2359 ordine
2364 2306 2673 2362 festinaret.
2698 2309 2953 2379 Denique
2983 2315 3188 2380 optans
3206 2310 3424 2366 sibimet
3449 2326 3690 2366 successo-

460 2397 830 2470 paximatium
859 2399 1010 2469 quod
1035 2398 1236 2452 vitiosa
1262 2397 1666 2452 consuetudine
1682 2397 1933 2450 clanculo
1964 2413 2060 2468 pa-
2140 2407 2261 2446 rem
2283 2393 2678 2466 dignissimum
2722 2398 3014 2468 providere
3059 2406 3364 2470 superstes,
3391 2397 3682 2471 presbyterii

387 2559 396 2575 δ
458 2504 714 2542 raveram
725 2487 1414 2557 comedendum.Cumque
1431 2487 1488 2539 in
1502 2485 1749 2539 medium
1767 2485 2057 2556 proferens
2142 2479 2354 2536 honore
2383 2499 2513 2538 eum
2523 2485 2798 2556 provexit.
2824 2485 2931 2550 Qui
2951 2491 3144 2542 tamen
3157 2487 3362 2560 prioris
3379 2484 3688 2542 consuetudi-

463 2577 743 2646 quomodo
773 2576 1022 2647 quotidie
1059 2575 1344 2629 involvens
1382 2591 1508 2628 eum
1549 2574 1764 2628 occulte
1805 2575 2051 2640 ederem,
2139 2585 2267 2624 nem
2283 2571 2744 2629 humilitatisnon
2764 2575 3049 2640 omittens,
3070 2575 3216 2630 nihil
3233 2593 3473 2648 unquam
3500 2574 3594 2628 sibi
3609 2573 3685 2626 illo

461 2669 776 2734 prostratus
815 2663 874 2718 in
907 2664 1246 2734 pavimento,
1296 2679 1425 2717 cum
1477 2663 1650 2717 venia
1679 2663 2057 2734 postulatione
2141 2664 2416 2730 prasente
2440 2660 2510 2714 de
2534 2661 2876 2718 sublimioris
2904 2663 3120 2718 ordinis
3143 2664 3454 2735 adjectione
3481 2659 3688 2726 donavit;

459 2753 748 2807 confessus
766 2769 892 2806 sum
908 2771 921 2820 ;
946 2757 1003 2806 et
1019 2751 1264 2806 ubertim
1279 2751 1522 2823 profusis
1536 2751 1818 2824 lacrymis,
1845 2751 2055 2806 oratio-
2138 2747 2235 2801 sed
2247 2765 2470 2820 semper
2487 2748 2687 2804 abbate
2697 2750 3014 2822 Paphnutio
3024 2752 3296 2808 offerente
3317 2752 3577 2825 Spiritales
3591 2745 3718 2803 hos:

459 2840 624 2896 nibus
653 2857 848 2896 eorum
877 2841 1102 2896 veniam
1118 2841 1269 2912 apud
1296 2841 1476 2896 Deum
1505 2841 1880 2912 postulabam.
1897 2841 2056 2896 Tunc
2134 2836 2262 2904 tias,
2298 2837 2391 2892 ille
2403 2839 2556 2894 velut
2579 2840 2850 2896 diaconus
2869 2840 2928 2895 in
2943 2841 3146 2913 prioris
3160 2841 3452 2896 ministerii
3465 2853 3691 2913 perman-

459 2946 629 2984 senex
658 2929 824 2984 dixit:
855 2929 1105 2995 Conﬁde,
1142 2929 1244 2996 ﬁli,
1277 2929 1412 3000 quia
1441 2929 1699 2983 liberavit
1727 2935 1783 2983 te
1815 2945 1850 2982 a
1871 2929 2052 3001 capti-
2134 2925 2208 2980 sit
2235 2926 2434 2982 ofﬁcio.
2467 2929 2532 2983 In
2561 2945 2672 3001 quo
2692 2935 2883 2984 tamen
2915 2929 3143 2986 beatum
3179 2930 3565 3004 Paphnutium,
3587 2942 3691 2982 cum

453 3019 626 3074 vitate
652 3018 762 3072 ista
781 3017 1052 3072 confessio
1070 3023 1198 3085 tua;
1230 3017 1494 3072 victorem
1535 3034 1778 3089 namque
1797 3019 2054 3072 adversa-
2067 3025 2112 3087 ο
2135 3013 2263 3068 talis
2282 3015 2368 3070 vir
2385 3022 2532 3071 esset
2553 3033 2619 3072 ac
2635 3022 2844 3086 tantus,
2868 3023 2932 3074 ut
2949 3019 3006 3072 in
3028 3018 3228 3074 multis
3243 3019 3410 3074 etiam
3431 3015 3687 3089 prascien-

447 3108 602 3164 rium
633 3112 792 3162 tuum
811 3107 980 3162 hodie
993 3106 1374 3178 triumphasti,
1397 3106 1636 3161 validius
1651 3123 1780 3162 eum
1809 3113 1908 3162 tua
1925 3124 2052 3163 con-
2133 3103 2272 3158 tiam
2299 3105 2494 3176 gratia
2523 3106 2854 3177 possideret,
2889 3105 3007 3162 hac
3036 3123 3166 3179 spes
3207 3109 3278 3163 de
3303 3103 3680 3162 substitutionis

453 3197 694 3253 fessione
725 3196 1146 3268 elidens,quam
1174 3195 1294 3268 ipse
1315 3196 1502 3250 fueras
1529 3195 1600 3250 ab
1618 3212 1684 3251 eo
1695 3201 1795 3250 tua
1814 3197 2050 3251 tacitur-
2135 3192 2405 3248 electione
2431 3194 2702 3250 frustrata
2735 3201 2838 3250 est.
2879 3197 3024 3252 Nam
3071 3214 3188 3252 non
3223 3198 3386 3268 longe
3410 3200 3528 3266 post
3565 3192 3690 3246 hunc

459 3285 636 3340 nitate
663 3286 932 3356 dejectus.
967 3285 1038 3340 Et
1064 3284 1268 3339 idcirco
1295 3290 1424 3356 post
1449 3285 1594 3338 hanc
1614 3284 2051 3356 publicationem
2133 3282 2318 3354 ipsum
2333 3301 2501 3355 quem
2527 3284 2633 3343 sibi
2661 3291 2962 3358 paraverat
2983 3303 3385 3352 successorem,
3417 3288 3604 3340 antese
3626 3279 3685 3334 ad

441 3382 611 3438 tuam
652 3375 760 3430 iste
802 3375 1083 3444 malignus
1123 3373 1356 3445 spiritus
1377 3389 1492 3428 non
1517 3373 1900 3428 dominabitur
1925 3373 2046 3440 tibi,
2133 3371 2312 3428 Deum
2341 3373 2630 3444 praemisit.

441 3481 554 3520 .nec
582 3463 643 3518 in
669 3467 727 3518 te
748 3463 1049 3518 latibulum
1069 3463 1175 3517 sibi
1190 3463 1513 3517 teterrimus
1524 3479 1756 3534 serpens
1778 3463 2049 3518 hactenus
2757 3462 2992 3520 CAPUT
3021 3464 3084 3518 L.

452 3551 766 3625 usurpabit,
799 3552 931 3624 quia
957 3551 1027 3606 de
1043 3550 1290 3606 tenebris
1318 3552 1502 3606 cordis
1525 3552 1610 3606 tui
1626 3570 1728 3624 per
1757 3553 1901 3607 hanc
1919 3570 2049 3608 con-
2652 3552 2726 3606 De
2749 3553 2938 3607 abbate
2967 3551 3199 3610 Sereno.

451 3643 752 3698 fessionem
780 3643 1064 3713 projectus
1105 3647 1210 3695 est.
1243 3641 1496 3695 Necdum
1524 3657 1693 3696 senex
1728 3642 1846 3697 hac
1879 3641 2049 3696 verba
2200 3637 2444 3692 Summa
2471 3639 2784 3694 sanctitatis
2826 3645 2884 3696 et
2909 3641 3275 3698 continentia
3302 3641 3498 3708 virum,
3526 3635 3683 3694 nomi-

437 3730 856 3802 .compleverat;
915 3735 974 3784 et
1027 3745 1154 3784 eoce
1199 3729 1393 3784 statim
1421 3729 1574 3784 velut
1618 3731 1837 3802 lampas
1867 3731 2046 3802 magis
2128 3725 2327 3798 nisque
2372 3727 2459 3782 sui
2497 3729 2808 3800 speculum,
2857 3729 3119 3786 abbatem
3160 3731 3404 3786 vidimus
3429 3731 3688 3789 Serenum,

453 3835 704 3885 accensa,
723 3819 794 3872 de
823 3834 949 3872 meo
969 3817 1096 3872 sinu
1109 3817 1435 3888 procedens,
1451 3823 1612 3872 tanto
1640 3818 1818 3874 fetore
1847 3819 2047 3874 cellam
2132 3830 2299 3886 quem
2313 3815 2584 3887 singulari
2603 3819 2962 3874 veneratione
2977 3837 3092 3892 pra
3105 3821 3328 3876 caeteris
3349 3815 3593 3874 admirati
3617 3829 3693 3868 su-

453 3906 708 3979 replevit,
737 3911 803 3961 ut
819 3905 908 3960 vix
933 3905 994 3960 in
1023 3922 1092 3960 ea
1117 3905 1361 3960 residere
1389 3907 2050 3978 possemus.Resumens-
2129 3918 2257 3957 mus
2283 3904 2580 3973 (Cassium,
2613 3907 2796 3961 collat.
2817 3922 2916 3975 vn,
2937 3925 3054 3978 cap.
3087 3909 3168 3978 1).
3204 3909 3311 3964 Cui
3335 3924 3501 3980 supra
3518 3919 3685 3961 omnes

457 4013 564 4068 que
587 4011 778 4064 senex,
810 3995 981 4050 dixit:
1014 3996 1152 4050 Ecce
1177 3995 1434 4068 probavit
1471 3996 1576 4052 tibi
1602 3997 1876 4052 Dominus
1903 3997 2049 4052 veri-
2129 3991 2364 4048 virtutes
2391 4011 2513 4066 qua
2532 4010 2643 4050 non
2655 3995 2837 4050 solum
2856 3997 2916 4051 in
2935 4003 3064 4052 actu
3077 3999 3202 4070 ejus
3226 3999 3314 4054 vel
3340 3995 3592 4060 moribus.
3609 3987 3691 4046 sed

439 4091 629 4153 tatem
661 4101 990 4142 sermonum
1003 4101 1277 4153 meorum,
1309 4090 1374 4140 ut
1391 4086 1668 4158 passionis
1682 4087 1835 4142 illius
1859 4087 2050 4143 incen-
2133 4079 2304 4134 etiam
2325 4080 2448 4152 ipso
2471 4082 2628 4136 vultu
2639 4099 2740 4154 per
2763 4084 2866 4138 Dei
2883 4085 3124 4156 gratiam
3147 4085 3518 4158 refulgebant,
3535 4083 3608 4137 ita
3622 4082 3692 4134 est

451 4179 635 4230 torem
647 4175 717 4230 de
732 4175 898 4230 corde
918 4179 1016 4230 tuo
1035 4173 1382 4230 confessione
1396 4175 1608 4230 salubri
1639 4175 1896 4248 fugatum
1916 4192 2050 4232 ocu-
2130 4169 2400 4240 peculiari
2424 4169 2695 4226 beneﬁcio
2711 4171 2920 4228 donum
2948 4173 3230 4229 castitatis
3251 4174 3512 4236 infusum,
3539 4175 3695 4224 utnec

451 4263 637 4319 lorum
659 4263 769 4318 ﬁde
789 4262 1123 4336 perciperes,
1139 4262 1592 4335 patefactumque
1609 4265 1828 4320 hostem
1843 4281 2051 4336 nequa.
2131 4275 2191 4312 se
2217 4257 2354 4330 ipsis
2368 4259 2596 4331 quidem
2616 4261 2964 4317 naturalibus
2982 4261 3283 4319 incentivis
3315 4259 3607 4336 inquietari
3623 4255 3695 4310 vel

453 4370 623 4426 quam
646 4353 833 4408 locum
854 4351 914 4406 in
942 4357 1000 4406 te
1028 4351 1264 4406 ulterius
1315 4351 1662 4420 habiturum,
1694 4358 1891 4424 aperta
1927 4353 2049 4424 ejus
2067 4345 2117 4404 D
2133 4346 2192 4402 in
2221 4365 2422 4421 sopore
2442 4349 2694 4405 sentiret.
2713 4350 2802 4405 Ad
2811 4368 2984 4423 quam
3006 4357 3203 4408 tamen
3223 4354 3412 4410 carnis
3427 4351 3692 4426 puritatem

452 4441 1694 4515 expulsionecognosceres.ltaquesecundum
1709 4441 2050 4497 sententiam
2131 4438 2410 4508 quomodo
2449 4439 2783 4510 pervenerit,
2827 4441 2960 4512 quia
3000 4458 3178 4514 supra
3207 4443 3578 4500 conditionem
3602 4437 3693 4490 hu-

450 4532 620 4600 senis,
664 4531 744 4586 ita
773 4541 858 4586 est
883 4531 943 4585 in
982 4545 1073 4584 me
1101 4530 1308 4584 virtute
1344 4530 1708 4586 confessionis
1737 4530 2046 4586 dominatio
2128 4541 2310 4580 mana
2339 4532 2554 4582 natura
2572 4527 2810 4597 videtur,
2842 4530 3224 4586 necessarium
3257 4547 3382 4586 esse
3409 4545 3532 4585 reor
3548 4521 3692 4597 expli-

451 4620 727 4677 diabolica
755 4620 1046 4688 exstincta,
1078 4623 1142 4674 ut
1170 4635 1462 4690 nunquam
1487 4621 1627 4674 mihi
1659 4620 1896 4674 ulterius
1945 4637 2047 4674 nec
2128 4631 2274 4670 care.

452 4711 782 4766 memoriam
793 4709 1256 4782 concupiscentia
1270 4709 1441 4781 hujus
1457 4710 1760 4766 tentaverit
1782 4708 2044 4764 inimicus

451 4799 723 4871 ingerere.

997 4888 1230 4944 CAPUT
1260 4887 1505 4944 XLVIII.

699 4979 772 5032 De
801 4978 1130 5032 inonachisa
1149 4977 1442 5033 Saracenis
1464 4978 1788 5044 interfectis.

522 5066 587 5120 In
607 5065 914 5120 Palaestina
935 5065 1191 5136 partibus
1211 5067 1500 5137 (Cassium,
1531 5069 1714 5121 collat.
1735 5080 1810 5134 vI,
1843 5083 1961 5137 cap.
1991 5066 2038 5137 l)

444 5155 607 5227 juxta
623 5153 806 5208 vicum
819 5155 1038 5208 Thecue
1062 5151 1150 5224 (6),
1174 5155 1269 5225 qui
1288 5157 1460 5209 Amos
1479 5154 1813 5226 prophetam
1833 5156 2042 5210 meruit

447 5247 955 5317 procreare,554
974 5243 1214 5297 solitudo
1244 5243 1559 5298 vastissima
1587 5250 1690 5312 est,
1714 5261 1890 5316 usque
1905 5245 2043 5298 Ara-

2199 4703 2302 4758 Hic
2327 4703 2502 4775 igitur
2527 4703 2992 4764 beatus~Serenus
3028 4710 3175 4776 (Ibid
3204 4749 3219 4776 ,
3251 4726 3372 4779 cap.
3391 4707 3468 4779 ‘2),
3499 4721 3592 4778 pro
3621 4703 3694 4757 in‘

2127 4797 2290 4847 terna
2301 4793 2484 4848 cordis
2504 4799 2672 4867 atque
2686 4796 2934 4868 corporis
2948 4798 3230 4868 castitate,
3256 4797 3546 4854 nocturnis
3563 4793 3693 4849 diur-

2124 4881 2323 4954 nisque
2343 4883 2618 4955 precibus,
2638 4886 2716 4957 jej
2725 4885 2870 4941 uniis
2891 4903 3112 4959 quoque
3128 4904 3196 4942 ac
3225 4887 3435 4959 vigiliis
3463 4884 3693 4952 infatiga

2123 4969 2313 5026 biliter
2325 4971 2616 5044 insistens,
2645 4991 2774 5029 cum
2799 4991 2858 5030 se
2879 4975 3112 5032 vidisset
3138 4976 3468 5032 orationum
3489 4984 3696 5031 suarum

2123 5059 2431 5116 obtinuisse
2450 5066 2596 5131 vota,
2629 5066 2970 5136 cunctosque
2991 5069 3160 5120 astus
3191 5066 3254 5121 in
3271 5067 3440 5122 corde
3467 5080 3561 5120 suo
3580 5075 3690 5117 con-

2121 5150 2476 5222 cupiscentia
2501 5152 2816 5220 exstinctos,
2830 5154 2984 5210 velut
3011 5155 3349 5211 suavissimo
3379 5157 3545 5228 gustu
3564 5147 3693 5225 puri-

2121 5239 2255 5294 tatis
2282 5257 2550 5296 accensus
2575 5242 2635 5296 in
2654 5244 2930 5314 majorem
2952 5261 3113 5299 suam
3131 5244 3294 5300 sitim
3309 5246 3427 5300 zelo
3445 5238 3692 5300 castitatis

425 5333 599 5398 .biam
626 5349 693 5388 ac
733 5347 889 5386 mare
932 5331 1215 5386 Mortuum
1279 5334 1409 5403 (quo
1455 5332 1710 5404 ingressa
1772 5333 2040 5388 deficiunt
2121 5328 2344 5398 exarsit,
2365 5334 2423 5384 et
2435 5330 2836 5388 intensioribus
2850 5333 3266 5405 capitjejuniis
3280 5339 3453 5406 atque
3469 5331 3693 5388 obsecra-

421 5425 661 5484 .ﬂuenta
683 5420 962 5488 Jordanis,
995 5426 1053 5474 et
1093 5419 1234 5475 cinis
1261 5421 1649 5493 Sodomorum)
1690 5421 2038 5494 amplissima
2117 5417 2364 5474 tionibus
2395 5419 2680 5490 incubare,
2722 5426 2788 5476 ut
2822 5422 3182 5478 mortiﬁcatio
3215 5423 3496 5496 passionis
3525 5421 3690 5491 hujus.

445 5512 768 5570 extensione
797 5513 1057 5584 porrecta
1078 5509 1428 5581 pertingens.
1475 5512 1540 5566 In
1584 5512 1688 5567 hac
1732 5510 2035 5568 solitudine
2117 5524 2241 5581 qua
2267 5509 2522 5568 interiori
2541 5511 2758 5568 homini
2787 5511 2907 5569 solo
2934 5512 3080 5569 dono
3095 5511 3201 5568 Dei
3219 5512 3412 5570 fuerat
3423 5508 3686 5575 attributa,
