3966 6184
281 244 387 302 845

1051 241 1428 301 EXCERPTA
1468 244 1562 301 EX
1601 244 1877 302 SEVERO
1918 243 2249 302 SULPICIO
2289 245 2378 303 ET
2415 246 2789 309 CASSIANO.

3450 257 3555 316 846

280 372 352 427 ad
383 370 675 427 exterioris
696 370 869 426 etiam
884 370 1191 443 puritatem
1212 376 1445 428 eatenus
1466 371 1798 445 perveniret,
1813 374 1943 434 utA
1959 373 2231 445 probatur
2282 373 2345 430 in
2397 374 2620 433 fornace
2670 377 3077 436 humiliationis
3141 378 3300 451 (Eccl.
3347 378 3559 456 xxvii);

279 478 350 516 ne
364 461 487 533 ipse
509 460 740 534 quidem
750 462 844 515 -vel
865 461 980 515 ullo
997 461 1237 532 simplici
1260 478 1323 516 ac
1334 462 1578 517 naturali
1591 467 1765 531 motu,
1783 463 1881 534 qui

1963 463 2031 518 Et
2058 463 2197 518 illud
2221 482 2231 517 :
2263 465 2443 529 Quem
2470 466 2623 522 enim
2650 467 2835 540 diligit
2853 469 3145 538 Dominus,
3168 470 3431 543 corripit;
3458 472 3558 529 ﬂa-

280 552 455 607 etiam
484 553 544 606 in
570 552 817 625 parvulis
847 558 1015 622 atque
1044 550 1380 605 lactentibus
1410 552 1702 619 excitatur,
1733 552 1880 607 ulte-
1960 552 2135 622 gellat
2152 557 2345 609 autem
2366 570 2593 611 omnem
2619 556 2800 613 filium
2824 574 2994 631 quem
3021 558 3225 632 recipit
3248 560 3401 632 (Heb.
3427 575 3507 619 xu
3540 580 3554 630 ;

277 641 400 697 rius
428 642 767 714 pulsaretur.
794 642 1047 713 Cumque
1078 640 1338 712 petitioni
1368 645 1560 712 coeptae
1608 640 1883 715 supplica-
1961 643 2120 697 Prov.
2151 642 2256 714 III).
2869 648 2875 655 '

277 731 436 786 tione
461 732 587 803 jugi
615 748 679 786 ac
706 729 969 803 lacrymis
1008 729 1319 785 indefessus
1360 730 1664 798 insisteret,
1714 730 1882 785 adve-

279 821 447 876 niens
474 821 546 875 ad
574 837 706 876 eum
743 820 976 892 angelus
1015 818 1073 873 in
1120 819 1333 874 visione
1375 826 1666 889 nocturna,
1718 821 1881 893 eique

279 911 438 965 velut
447 911 705 983 aperiens
716 908 1273 980 uterum,quamdam
1286 909 1523 980 ignitam
1539 911 1721 966 carnis
1736 916 1883 966 stru-

282 1017 438 1055 mam
470 1000 539 1055 de
569 1000 691 1071 ejus
718 998 1020 1053 visceribus
1036 998 1237 1052 evulsit
1253 1003 1423 1069 atque
1437 999 1693 1070 projecit,
1734 1001 1881 1054 suis-

284 1106 396 1160 que
425 1088 578 1156 locis,
622 1096 685 1144 ut
721 1090 965 1155 fuerant,
1013 1087 1203 1142 omnia
1246 1087 1515 1143 intestina
1556 1089 1878 1154 restituens,

282 1179 428 1233 dixit
446 1179 515 1233 ad
539 1195 698 1234 eum:
726 1179 883 1245 Ecce,
916 1176 1116 1248 inquit,
1159 1176 1437 1232 incentiva
1463 1178 1645 1232 carnis
1659 1183 1771 1233 tuae
1787 1177 1884 1233 ab-

285 1269 435 1323 scisa
458 1274 609 1335 sunt,
637 1273 695 1322 et
712 1266 1019 1323 obtinuisse
1040 1272 1096 1320 te
1118 1266 1338 1320 noveris
1359 1266 1629 1321 hodierno
1658 1267 1748 1321 die
1763 1284 1886 1338 per-

285 1362 518 1429 petuam
528 1357 777 1429 corporis
788 1356 1091 1427 puritatem
1100 1396 1113 1422 ,
1129 1371 1296 1426 quam
1311 1355 1553 1409 fideliter
1565 1356 1881 1426 postulasti.

288 1448 421 1502 Haec
445 1447 516 1501 de
542 1447 728 1518 gratia
753 1446 872 1508 Dei,
910 1462 1031 1517 quae
1062 1449 1375 1498 memorato
1395 1444 1513 1499 viro
1530 1444 1887 1515 peculiariter

287 1535 559 1590 attributa
591 1540 695 1602 est,
716 1534 963 1589 breviter
991 1534 1195 1588 dixisse
1232 1533 1491 1587 sufﬁciat.

362 1626 640 1681 Caeterum
656 1641 784 1680 cum
806 1624 876 1678 ad
907 1640 1035 1679 eum
1068 1623 1159 1677 die
1190 1623 1620 1693 quadragesima
1638 1624 1886 1679 venisse-

2035 730 2194 796 Quod
2234 733 2447 788 nostris
2492 750 2713 807 quoque
2755 737 3102 809 temporibus
3146 739 3283 794 satis
3334 738 3559 797 evidens

1965 821 2210 875 ostendit
2255 828 2313 876 et
2356 828 2554 895 aperta
2596 823 2854 895 probatio
2898 826 2959 881 in
3008 825 3208 882 abbate
3252 828 3427 883 Paulo
3473 828 3561 884 vel

1965 910 2174 981 Moyse,
2225 911 2322 982 qui
2364 911 2762 968 habitaverunt
2804 914 2988 970 locum
3029 915 3200 988 hujus
3243 917 3561 974 solitudinis

1966 998 2062 1069 qui
2080 999 2342 1055 Calamus
2360 1008 2720 1073 nuncupatur
2731 1003 3050 1072 (0a:ssian.,
3069 1009 3190 1060 coll.
3210 1020 3306 1073 vn,
3319 1003 3561 1078 cap.‘26).

1964 1088 2107 1141 Nam
2140 1089 2349 1144 Paulus
2379 1095 2760 1146 commoratus
2790 1096 2876 1146 est
2904 1092 2965 1147 in
2994 1108 3181 1149 eremo
3210 1096 3563 1168 queeadjacet

1964 1176 2284 1249 Panephysi
2313 1178 2540 1246 civitati,
2581 1196 2751 1251 quam
2787 1180 3149 1237 solitudinem
3171 1184 3294 1254 jam
3324 1184 3459 1239 olim
3486 1183 3565 1239 fa-

1966 1270 2116 1319 ctam
2163 1283 2321 1337 aquae
2371 1267 2686 1323 salsissimae
2738 1269 3108 1327 inundatione
3163 1273 3559 1344 cognovimus:

1968 1370 2091 1424 quae
2120 1355 2339 1425 quoties
2366 1357 2587 1411 ﬂaverit
2612 1358 2844 1430 spiritus
2867 1359 3181 1431 Aquilonis,
3234 1362 3303 1416 de
3350 1361 3567 1434 stagnis

1968 1441 2223 1513 impulsae
2252 1460 2317 1498 ac
2343 1445 2650 1515 superfusae
2675 1446 3063 1517 adjacentibus
3089 1450 3274 1517 terris,
3321 1450 3404 1512 ita
3443 1467 3567 1507 om-

1969 1548 2098 1585 nem
2128 1531 2279 1586 illius
2306 1535 2662 1605 superﬁciem
2676 1536 2925 1608 contegit
2937 1538 3202 1609 regionis,
3226 1544 3291 1594 ut
3303 1540 3567 1612 antiquos

1969 1620 2179 1675 ibidem
2208 1622 2373 1690 vicos,
2405 1623 2501 1694 qui
2528 1624 2663 1679 olim
2687 1625 2793 1681 hac
2818 1624 2938 1697 ipsa
2967 1627 3036 1681 de
3058 1643 3227 1682 causa
3253 1629 3407 1684 omni
3435 1633 3570 1686 sunt

288 1731 423 1771 mus
448 1716 634 1787 (ιω,
664 1731 710 1769 c.
742 1712 819 1785 '2),
855 1730 920 1766 ac
946 1713 1015 1766 de
1042 1712 1276 1766 diversis
1318 1712 1719 1783 quaestionibus
1759 1730 1891 1767 eum
1909 1695 2288 1764 Bhabitatore
2318 1710 2542 1777 deserti,
2575 1712 2743 1766 faciat
2769 1695 2922 1769 velut
2949 1713 3163 1771 insulas
3201 1732 3493 1789 apparere.

289 1805 698 1875 ﬂagitaremus,
716 1803 1112 1858 adextremum
1141 1801 1210 1854 de
1236 1800 1658 1872 impugnatione
1689 1802 1891 1856 daemo-

293 1910 433 1965 num
464 1910 595 1948 eum
611 1891 1053 1964 requirebamus.
1085 1891 1241 1945 Tunc
1269 1890 1383 1956 ille,
1406 1894 1471 1945 ut
1496 1907 1718 1962 semper
1745 1897 1885 1958 erat,

288 1980 671 2055 placidissimo
698 1982 855 2035 vultu
880 1979 1222 2052 respondens
1249 1979 1432 2048 (Ibid,
1459 1998 1505 2033 c.
1547 1978 1658 2048 2‘2),
1708 1981 1886 2036 dixit:

289 2073 420 2127 Non
442 2072 594 2127 enim
622 2071 902 2126 daemones
930 2068 1137 2123 habere
1174 2072 1510 2140 potestatem
1552 2085 1892 2139 quemquam

290 2161 589 2216 hominum
618 2160 879 2227 laedendi,
923 2159 1240 2230 exemplum
1278 2157 1429 2212 beati
1460 2159 1489 2211 J
1495 2156 1563 2211 ob
1593 2158 1893 2213 manifesta

291 2250 516 2305 ratione
544 2250 894 2305 demonstrat
921 2249 1033 2319 (Job
1066 2248 1153 2311 ul,
1186 2246 1281 2301 ubi
1312 2263 1426 2301 non
1477 2247 1716 2318 amplius
1764 2264 1893 2302 eum

294 2344 522 2395 tentare
537 2339 711 2394 audet
728 2338 1008 2405 inimicus,
1025 2354 1194 2409 quam
1209 2336 1398 2391 divina
1410 2336 1463 2391 ei
1478 2336 1895 2407 dispensatione

294 2428 640 2485 conceditur.
808 2496 811 2499 _

913 2516 1145 2571 CAPUT
1175 2513 1271 2571 LI.

301 2610 377 2663 De
402 2624 461 2662 eo
490 2608 635 2677 quod
662 2622 776 2661 non
803 2607 1048 2660 eamdem
1065 2608 1178 2658 vim
1206 2604 1441 2658 habeant
1470 2605 1899 2658 mmcdmnones

388 2701 586 2752 contra
614 2696 926 2761 monachos,
950 2695 1215 2763 quomodo
1244 2695 1522 2747 anteriori
1548 2699 1803 2762 tempore.

377 2785 529 2841 Satis
557 2791 750 2839 tamen
777 2783 939 2838 nobis
969 2781 1317 2853 experientia
1344 2781 1899 2836 nostraetseniorum

300 2880 629 2933 nostrorum
645 2873 916 2928 relatione
926 2876 1277 2943 compertum
1294 2875 1381 2925 est
1389 2887 1501 2925 non
1516 2870 1771 2926 eamdem
1786 2872 1899 2925 vim

298 2966 585 3020 daemones
600 2979 749 3018 nunc
765 2962 973 3017 habere
988 2967 1184 3016 contra
1198 2960 1520 3060 monachos,
1543 2976 1712 3031 quam
1741 2965 1901 3015 ante-

2575 1803 2807 1858 CAPUT
2844 1804 2962 1858 LII.

2502 1892 2577 1946 De
2616 1894 2805 1946 abbate
2844 1896 3037 1949 Paulo.

2046 1977 2149 2030 Hic
2172 1977 2348 2049 igitur
2373 1978 2545 2034 abbas
2573 1981 2784 2037 Paulus
2831 1982 2893 2036 in
2918 1986 3138 2037 tantam
3185 1982 3366 2038 cordis
3412 1984 3571 2056 puri-

1972 2071 2150 2120 tatem
2179 2067 2368 2138 quiete
2397 2068 2714 2124 solitudinis
2757 2070 3089 2142 silentioque
3129 2071 3459 2144 profecerat,
3509 2078 3576 2130 ut

1974 2172 2088 2209 non
2115 2156 2301 2211 dicam
2344 2158 2562 2213 vultum
2605 2158 2931 2227 femineum,
2979 2160 3080 2215 sed
3122 2176 3193 2216 ne
3240 2162 3576 2218 vestimenta

1978 2242 2204 2314 quidem
2224 2262 2387 2301 sexus
2415 2246 2568 2302 illius
2598 2249 2921 2320 conspectui
2943 2266 3046 2305 suo
3075 2254 3365 2321 pateretur
3387 2251 3577 2306 offerri

1979 2332 2268 2403 (Cassium,
2310 2338 2431 2390 coll.
2478 2350 2573 2403 vn,
2621 2353 2738 2406 cap.
2793 2334 2905 2407 26).
2965 2339 3110 2393 Nam
3164 2356 3293 2395 cum
3331 2339 3577 2412 quadam

1980 2422 2071 2477 die
2118 2429 2379 2494 pergeret
2422 2423 2496 2478 ad
2541 2426 2834 2496 cujusdam
2887 2427 3124 2484 senioris
3173 2428 3392 2497 cellam,
3443 2444 3578 2485 casu

1982 2511 2185 2566 mulier
2215 2512 2266 2567 ei
2292 2513 2571 2569 obviavit:
2603 2531 2773 2585 quam
2801 2531 2931 2572 cum
2956 2510 3204 2585 vidisset,
3249 2521 3411 2573 tanta
3444 2516 3579 2588 fuga

1981 2600 2054 2655 ad
2094 2618 2260 2656 suum
2288 2605 2972 2670 rursum’monasterium,
3010 2605 3388 2678 praetermisso
3430 2606 3581 2678 quod

1982 2689 2300 2761 arripuerat
2322 2691 2544 2761 itinere,
2588 2694 2852 2762 cucurrit,
2893 2699 3107 2767 quanta
3134 2695 3323 2753 nullus
3368 2712 3404 2749 a
3438 2682 3580 2750 facie

1981 2779 2159 2834 leonis
2187 2781 2274 2835 vel
2312 2781 2709 2837 immanissimi
2749 2783 3007 2839 draconis
3056 2784 3369 2857 aufugeret.
3420 2784 3580 2850 Quod

1982 2867 2114 2922 licet
2178 2869 2294 2923 zelo
2358 2870 2632 2925 castitatis
2686 2875 2744 2925 et
2795 2872 3063 2943 puritatis
3116 2873 3317 2930 ardore
3379 2873 3454 2929 sit
3504 2873 3583 2928 fa-

1984 2961 2155 3025 ctum,
2210 2962 2401 3013 tamen
2444 2959 2579 3031 quia
2613 2976 2727 3015 non
2750 2961 3061 3017 secundum
3097 2962 3392 3018 scientiam
3438 2978 3584 3034 pre-

298 3054 443 3109 riori
458 3059 712 3124 tempore
739 3053 888 3107 inter
899 3048 1367 3106 anachoretarum
1391 3049 1682 3121 principia,
1703 3050 1760 3104 in
1781 3049 1960 3120 qui-(3
1985 3052 2275 3119 sumptum
2301 3053 2404 3115 est,
2438 3048 2537 3104 sed
2566 3048 2922 3107 observantia
2975 3050 3284 3123 disciplinae
3322 3066 3584 3107 excessus

301 3142 410 3199 bus
430 3143 614 3198 adhuc
633 3141 836 3196 raritas
853 3141 1255 3195 monachorum
1276 3140 1334 3193 in
1357 3155 1547 3194 eremo
1575 3155 1895 3193 commane-

300 3232 404 3288 bat
425 3235 715 3301 (Cassium,
753 3234 874 3286 coll.
903 3245 999 3293 v11,
1023 3247 1140 3298 cap.
1173 3227 1280 3297 23).
1305 3230 1486 3283 Tanta
1501 3245 1744 3299 namque
1772 3232 1907 3283 tunc

303 3326 431 3376 erat
448 3320 766 3375 daemonum
780 3319 990 3385 feritas,
1015 3322 1080 3372 ut
1094 3317 1178 3371 vix
1202 3316 1778 3388 paucissimitolerare
1805 3317 1903 3371 ha-

303 3410 641 3465 bitationem
662 3408 981 3463 solitudinis
994 3413 1242 3479 possent.
1272 3405 1778 3478 Siquideminipsis
1798 3422 1903 3459 cae-

304 3499 508 3566 nobiis,
532 3499 591 3552 in
617 3497 820 3569 quibus
841 3495 1337 3551 commorabantur
1358 3496 1551 3549 decem
1576 3496 1659 3548 vel
1690 3494 1902 3549 duode-

304 3590 437 3656 cim,
470 3588 552 3643 ita
579 3604 775 3643 eorum
809 3586 1074 3641 atrocitas
1091 3584 1472 3656 grassabatur,
1508 3588 1566 3637 et
1584 3583 1906 3655 frequenter

306 3684 502 3745 555
527 3676 770 3731 visibiles
789 3674 1179 3731 sentiebantur
1189 3690 1504 3745 aggressus,
1523 3679 1588 3728 ut
1606 3690 1718 3727 non
1738 3673 1906 3727 aude-

309 3772 438 3823 rent
466 3782 662 3821 omnes
683 3766 895 3837 pariter
911 3763 1167 3819 noctibus
1191 3763 1527 3831 obdormire;
1551 3763 1649 3817 sed
1665 3762 1906 3817 vicissim

308 3857 436 3912 aliis
449 3855 881 3927 degustantibus
891 3871 1150 3909 somnum
1159 3894 1172 3921 ,
1194 3853 1290 3907 alii
1304 3853 1522 3923 vigilias
1534 3851 1900 3919 celebrantes,

309 3945 544 4018 psalmis
571 3950 629 4000 et
653 3945 998 4000 orationibus
1026 3960 1127 3998 seu
1166 3941 1500 3998 lectionibus
1533 3940 1899 3996 inhaerebant.

309 4035 568 4105 Cumque
595 4034 721 4089 illos
740 4034 810 4087 ad
824 4050 1082 4105 soporem
1117 4037 1330 4087 naturae
1342 4031 1645 4087 necessitas
1674 4031 1905 4086 invitas-

307 4128 417 4191 set,
439 4122 841 4194 expergefactis
860 4122 987 4176 aliis
1007 4122 1078 4176 ad
1102 4138 1295 4177 eorum
1315 4121 1411 4192 qui
1431 4119 1730 4175 dormituri
1750 4126 1912 4174 erant

272 4262 279 4266 .
305 4212 645 4278 custodiam,
676 4212 937 4266 similiter
954 4211 1154 4282 vigilis:
1168 4209 1556 4265 tradebantur.
1575 4209 1735 4264 Unde
1753 4207 1910 4284 dubi-

307 4302 424 4359 tari
447 4318 563 4356 non
588 4306 774 4373 potest
790 4317 967 4356 unum
987 4317 1019 4355 e
1038 4300 1256 4355 duobus
1284 4317 1433 4355 nunc
1455 4316 1596 4366 esse;
1630 4303 1730 4354 aut
1758 4298 1910 4352 enim

1990 3141 2077 3191 est
2130 3137 2474 3214 moderatus,
2518 3154 2591 3193 ne
2637 3138 2806 3194 elatio
2853 3155 2985 3195 eum
3036 3139 3344 3207 invaderet,
3370 3139 3584 3212 talique

1990 3224 2280 3280 confestim
2310 3227 2662 3298 correptione
2689 3244 2988 3299 percussus
3008 3232 3112 3296 est,
3145 3232 3209 3283 ut
3236 3233 3420 3285 totum
3459 3244 3586 3285 cor-

1989 3330 2094 3385 pus
2125 3316 2246 3386 ejus
2269 3316 2591 3388 paralyseos
2619 3316 2940 3372 valetudine
2969 3318 3300 3386 solveretur,
3333 3317 3583 3375 nullum-

1985 3419 2092 3475 que
2121 3403 2181 3458 in
2206 3420 2271 3458 eo
2295 3404 2614 3460 membrum
2636 3405 2862 3477 penitus
2889 3422 3055 3462 suum
3082 3405 3339 3465 ofﬁcium.
3368 3422 3587 3480 preva-

1985 3494 2127 3548 leret
2145 3494 2389 3564 explere.
2414 3494 2701 3565 Siquidem
2722 3511 2836 3550 non
2855 3495 3039 3551 solum
3054 3495 3225 3568 pedes
3255 3511 3321 3552 ac
3358 3511 3582 3565 manus,

1986 3584 2083 3637 sed
2103 3583 2494 3653 etiamlinguae
2519 3590 2758 3651 motum,
2791 3585 3038 3657 ipsaeque
3057 3601 3225 3641 aures
3239 3585 3323 3641 ita
3357 3586 3584 3645 auditus

1991 3672 2200 3744 proprii
2225 3672 2543 3729 amiserunt
2568 3690 2818 3742 sensum,
2849 3679 2914 3729 ut
2932 3675 2993 3729 in
3012 3691 3078 3730 eo
3095 3674 3238 3730 nihil
3258 3675 3504 3748 amplius
3519 3692 3585 3732 ex

1989 3762 2216 3817 homine
2242 3778 2411 3834 quam
2442 3762 2745 3818 immobilis
2773 3768 2972 3820 statuae
3013 3765 3198 3836 figura
3245 3771 3583 3823 remaneret.

1988 3851 2057 3905 Et
2083 3851 2155 3906 ad
2182 3852 2288 3908 hoc
2315 3851 2575 3906 redactus
2635 3857 2738 3920 est,
2793 3857 2858 3907 ut
2900 3853 3219 3909 infirmitati
3266 3854 3389 3926 ejus
3429 3854 3587 3911 nullo

1989 3941 2154 3994 modo
2182 3940 2427 3995 virorum
2457 3940 2750 4012 diligentia
2800 3942 3084 3998 deservire
3120 3943 3423 4012 sufficeret,
3476 3945 3586 4001 nisi

1990 4029 2110 4083 sola
2135 4029 2188 4082 ei
2218 4028 2505 4084 muliebris
2532 4031 2808 4085 sedulitas
2846 4032 3218 4088 ministraret.
3263 4034 3409 4089 Nam
3452 4050 3587 4107 por-

1993 4122 2109 4173 tato
2139 4135 2204 4173 eo
2233 4118 2304 4173 ad
2332 4120 2739 4174 monasterium
2767 4136 3057 4176 sacrarum
3081 4121 3382 4192 virginum,
3429 4122 3587 4179 cibus

1991 4223 2054 4261 ac
2075 4212 2240 4278 potus
2265 4207 2506 4263 femineo
2537 4208 2588 4262 ei
2616 4208 2980 4279 ingerebatur
3008 4208 3274 4281 obsequio
3300 4230 3314 4279 ;
3367 4210 3589 4282 explen-

1992 4296 2192 4368 disque
2222 4295 2479 4351 omnibus
2528 4303 2745 4353 naturae
2780 4297 3228 4367 necessitatibus,
3269 4300 3467 4357 eadem
3503 4300 3585 4355 illi

307 4391 523 4445 virtute
539 4390 720 4445 crucis
732 4390 900 4445 etiam
925 4390 1149 4444 deserta
1163 4392 1514 4460 penetrante,
1530 4375 2287 4458 etejusgratiadeiligentia
2314 4402 2413 4458 per
2440 4402 2618 4441 annos
2645 4388 2819 4442 ferme
2857 4392 3116 4459 quatuor,
3150 4388 3207 4444 id
3251 4395 3356 4457 est,
3409 4405 3588 4462 usque

307 4479 525 4550 ubique
548 4485 895 4545 coruscante,
945 4485 1137 4534 retusa
1163 4484 1250 4533 est
1278 4478 1529 4549 nequitia
1556 4478 1872 4533 daemonum
1895 4497 1908 4545 ;

306 4574 416 4624 aut
441 4568 786 4640 negligentia
801 4574 995 4624 nostra
1007 4568 1133 4622 illos
1147 4568 1217 4622 ab
1233 4568 1307 4622 im
1315 4567 1655 4638 pugnatione
1678 4566 1914 4638 pristina

306 4658 565 4714 reddidit
591 4657 874 4723 lentiores,
908 4657 1042 4712 dum
1065 4657 1443 4727 dedignantur
1469 4657 1764 4711 adversum
1810 4672 1913 4713 nos

305 4748 417 4803 illa
440 4747 753 4802 intentione
781 4747 1104 4817 conﬂigere,
1138 4764 1251 4818 qua
1274 4752 1407 4802 tunc
1427 4752 1623 4801 contra
1644 4746 1767 4801 illos
1789 4763 1913 4818 pro-

307 4835 636 4891 batissimos
665 4835 873 4890 Christi
902 4835 1110 4890 milites
1139 4834 1455 4890 saeviebant.

385 4924 667 4980 Ceterum
686 4925 1052 4996 corporaliter
1070 4925 1307 4979 traditos
1330 4926 1551 4980 Satanae
1563 4926 1648 4979 vel
1677 4924 1912 4979 infirmi-

304 5013 527 5071 tatibus
546 5014 767 5085 magnis
778 5014 947 5069 etiam
958 5014 1102 5068 viros
1115 5020 1336 5069 sanctos
1347 5015 1605 5069 novimus
1619 5017 1883 5082 (Cassian.
1893 5054 1907 5080 ,

303 5106 440 5160 coll.
462 5118 554 5170 vn,
586 5120 703 5172 cap.
729 5102 839 5170 ‘25),
865 5120 964 5175 pro
1001 5103 1300 5157 levissimis
1331 5103 1646 5174 quibusque
1675 5102 1910 5171 delictis,

303 5208 447 5249 cum
474 5191 532 5246 in
557 5192 670 5248 illis
702 5210 803 5247 nec
824 5191 1216 5248 tenuissimum
1246 5192 1473 5263 quidem
1500 5198 1790 5264 peccatum
1818 5197 1918 5248 aut

303 5281 596 5338 maculam
627 5282 687 5336 in
712 5282 808 5336 illo
831 5281 1029 5353 judicii
1064 5282 1155 5337 die
1182 5283 1397 5353 patitur
1439 5282 1692 5337 invenire
1729 5282 1919 5337 divina

308 5371 640 5438 clementia,
673 5376 738 5425 ut
764 5387 859 5425 eos
887 5378 1159 5443 tanquam
1178 5388 1379 5427 aurum
1411 5371 1728 5443 probatum,
1764 5372 1834 5427 ad
1856 5372 1918 5426 il-

306 5463 435 5517 lam
460 5460 891 5532 perpetuitatem
918 5461 1242 5531 gloriosam,
1274 5462 1432 5516 nulla
1457 5462 1774 5533 indigentes
1799 5478 1918 5533 pa:-

299 5550 426 5608 nali
468 5551 821 5621 purgatione,
839 5550 1206 5621 transmittat,
1222 5553 1386 5624 juxta
1407 5552 1547 5607 illud
1571 5571 1583 5605 :
1608 5551 1709 5606 Vir
1730 5552 1919 5623 justus

1993 4475 2065 4529 ad
2091 4476 2214 4531 vitae
2241 4493 2357 4531 suae
2384 4476 2691 4532 terminum
2719 4477 3013 4535 serviebat.
3032 4478 3139 4544 Qui
3165 4494 3295 4534 cum
3316 4484 3479 4535 tanta
3506 4495 3589 4535 es-

1995 4570 2082 4619 set
2103 4564 2481 4620 membrorum
2522 4564 2775 4621 omnium
2812 4566 3101 4623 debilitate
3140 4568 3493 4636 constrictus,
3526 4574 3591 4624 ut

1994 4654 2133 4709 nulli
2163 4654 2223 4709 in
2251 4672 2317 4709 eo
2348 4660 2504 4711 artus
2536 4656 2779 4712 vivacem
2802 4662 3019 4712 motum
3036 4662 3403 4725 retentarent,
3428 4661 3590 4713 tanta

1994 4760 2060 4798 ex
2088 4761 2153 4799 eo
2178 4744 2451 4799 virtutum
2476 4745 2663 4816 gratia
2695 4744 3051 4817 procedebat,
3094 4751 3158 4802 ut
3184 4762 3312 4802 cum
3353 4745 3424 4802 de
3466 4747 3589 4803 oleo

1994 4834 2142 4904 quod
2174 4849 2404 4906 corpore
2421 4850 2522 4889 suo
2554 4834 2826 4905 tetigerat
2842 4840 3193 4906 ungerentur
3222 4835 3454 4906 infirmi,
3478 4843 3590 4893 sta-

1992 4923 2095 4978 tim
2124 4939 2159 4976 a
2174 4924 2389 4978 cunctis
2412 4923 2824 4979 valetudinibus
2837 4930 3210 4994 curarentur;
3240 4925 3324 4981 ita
3348 4930 3594 5000 utsuper

1994 5012 2098 5067 hac
2115 5013 2236 5084 ejus
2266 5013 2581 5069 valetudine
2600 5012 2888 5069 evidenter
2917 5015 3267 5083 claresceret,
3308 5020 3368 5073 et
3400 5016 3594 5073 debili-

1995 5106 2171 5157 tatem
2196 5101 2576 5157 membrorum
2596 5104 2718 5174 ejus
2733 5119 2923 5158 amore
2944 5104 3172 5160 Domini
3192 5105 3588 5172 contributam,

1998 5196 2054 5246 et
2062 5191 2368 5246 sanitatum
2378 5192 2727 5263 gratiampro
2738 5192 3061 5249 testimonio
3073 5200 3134 5250 et
3141 5195 3593 5252 manifestatione

2000 5281 2331 5337 meritorum
2359 5282 2481 5353 ejus
2511 5281 2754 5354 Spiritus
2781 5282 2960 5338 sancti
2985 5282 3191 5341 virtute
3204 5290 3485 5358 paratam.

2592 5371 2826 5427 CAPUT
2861 5372 3008 5428 LIII.

2533 5463 2607 5517 De
2636 5460 2826 5518 abbate
2862 5463 3062 5531 Moyse.

2075 5548 2363 5606 Secundus
2402 5565 2550 5618 vero,
2592 5567 2760 5622 quem
2810 5551 3071 5619 diximus,
3122 5552 3342 5625 Moyses
3376 5551 3438 5608 in
3491 5551 3596 5609 hac
