3966 6184
501 316 601 371 847

1607 303 1698 358 DE
1735 303 1923 358 VITIS
1963 300 2257 358 PATRUM
2296 302 2508 357 LIBER
2546 303 2638 357 IV.

3607 315 3688 373 848

485 437 689 496 'eremo
720 438 1095 492 commoratus
1128 432 1418 492 (Cassium,
1467 432 1646 482 vallat.
1683 443 1776 493 vn,
1809 445 1928 492 cap.
1978 424 2088 492 27),
2111 428 2158 486 Α
2178 425 2314 480 ritas
2344 425 2400 480 in
2432 443 2525 493 eo;
2558 431 2613 481 et
2633 442 2760 481 cum
2781 426 3030 496 loquitur
3050 427 3412 495 mendacium,
3433 440 3689 508 expromis

501 547 626 585 cum
657 534 714 582 et
738 527 856 597 ipse
884 520 1187 591 singularis
1217 525 1275 572 et
1303 515 1755 587 incomparabills
1799 516 1882 570 vir
1921 521 2088 579 esset,

501 618 572 672 ob
601 611 1094 687 reprehensionem
1138 607 1306 662 unius
1343 605 1634 671 sermonis,
1682 622 1848 676 quem
1899 611 2095 659 contra

499 705 758 760 abbatem
791 698 1094 756 Macarium
1120 695 1315 750 durius
1357 693 1609 765 protulit,
1658 700 1773 747 tam
1817 695 1938 748 diro
1981 694 2094 747 dae-

498 794 650 849 moni
679 797 767 846 est
789 787 1078 844 confestim
1105 785 1368 849 traditus,
1402 789 1467 836 ut
1485 783 1762 836 humanas
1782 783 2095 853 egestiones

497 883 582 939 ori
612 898 714 937 suo
736 881 1038 950 ingereret.
1070 874 1230 939 Quod
1261 872 1544 943 ﬂagellum
1577 871 1927 942 purgationis
1951 871 2094 924 divi-

499 988 628 1027 nam
647 971 698 1026 ei
718 967 974 1024 intulisse
987 961 1480 1036 dispensationem,
1513 977 1582 1014 nc
1611 961 1695 1014 vel
1719 959 2094 1014 momentanei

478 1060 710 1134 'peccati
739 1057 961 1112 macula
982 1055 1040 1109 in
1066 1070 1131 1108 eo
1151 1051 1439 1114 resideret,
1465 1049 1760 1104 velocitate
1790 1049 2094 1103 curationis

497 1152 545 1222 ej
555 1168 619 1206 us
629 1149 1076 1203 demonstratum
1091 1141 1344 1196 est.Nam
1361 1139 1626 1192 continuo
1641 1137 1840 1192 abbate
1853 1137 2094 1192 Macario

497 1241 555 1294 in
583 1237 892 1294 orationem
911 1235 1208 1306 prostrato,
1242 1229 1396 1283 dictu
1417 1227 1580 1282 citius
1610 1227 1888 1296 malignus
1925 1226 2093 1311 spiri-

496 1335 588 1382 tus
613 1327 683 1382 ab
707 1342 773 1380 eo
800 1325 1026 1393 fugatus
1045 1317 1318 1374 discessit.

569 1417 644 1472 Ex
675 1431 784 1487 quo
815 1409 1108 1466 manifeste
1159 1405 1542 1478 perpenditur,
1576 1419 1689 1457 non
1739 1402 1942 1456 debere
1996 1418 2090 1456 eos

495 1503 807 1560 abominari
834 1501 921 1554 vel
947 1497 1156 1569 despici
1183 1512 1324 1567 quos
1351 1493 1600 1548 videmus
1641 1491 1876 1546 diversis
1903 1495 2090 1544 tenta-

495 1594 741 1649 tionibus
769 1591 854 1644 vel
878 1587 1140 1657 malignis
1159 1582 1452 1656 spiritibus
1480 1581 1628 1636 tradi
1663 1583 1840 1650 (Ibid,
1873 1598 1918 1635 ο.
1950 1577 2045 1641 ‘28)
2076 1599 2088 1646 ;

495 1684 627 1755 quia
651 1682 762 1736 duo
793 1681 909 1733 haec
935 1676 1164 1732 credere
1196 1671 1558 1727 immobiliter
1576 1687 1676 1724 nos
1701 1674 1924 1740 oportet
1948 1687 1958 1720 :
1985 1668 2094 1739 pri-

496 1788 608 1836 mo,
641 1769 790 1842 quod
829 1767 951 1821 sine
979 1764 1080 1819 Dei
1112 1761 1388 1834 permissu
1417 1759 1606 1813 nullus
1637 1759 1863 1811 omnino
1909 1762 2090 1810 tente-

491 1867 623 1921 tur;
654 1857 916 1918 secundo,
951 1853 1098 1925 quod
1125 1851 1313 1906 omnia
1353 1865 1475 1918 quae
1523 1863 1556 1900 a
1586 1848 1700 1900 Deo
1741 1845 1900 1899 nobis
1949 1845 2091 1898 infe-

494 1954 714 2014 runtur,
743 1946 894 2000 velut
921 1960 955 1996 a
982 1940 1232 2013 piissimo
1261 1943 1419 2009 patre
1439 1953 1504 1990 ac
1524 1935 1960 1990 clementissimo
1975 1950 2092 1987 me-

493 2037 635 2102 dico,
669 2051 770 2106 pro
799 2029 1006 2088 nostris
1036 2027 1375 2083 utilitatibus
1399 2026 1737 2094 irrogentur.

1105 2152 1338 2208 CAPUT
1357 2151 1496 2206 LIV.

652 2273 720 2325 [)e
745 2267 1027 2332 monacho,
1059 2267 1159 2334 qui
1187 2266 1249 2317 in
1278 2261 1578 2316 solitudine
1599 2265 1760 2313 noctu
1789 2259 1926 2312 ridi!

893 2353 1315 2409 multitudinem
1343 2351 1674 2402 dwmonum.

561 2479 1006 2549 550Quidam
1028 2481 1219 2531 autem
1238 2475 1414 2527 frater
1435 2473 1725 2535 (Cassium,
1750 2473 1932 2526 collat.
1961 2483 2082 2536 vni,

492 2589 608 2642 cap.
640 2569 754 2641 16),
787 2585 915 2637 cum
945 2583 1047 2639 per
1073 2563 1433 2619 solitudinem
1462 2561 1572 2614 iter
1591 2566 1801 2630 ageret,
1817 2560 2085 2630 advespe-

490 2667 651 2717 rante
661 2660 751 2714 die
763 2659 1087 2730 speluncam
1101 2651 1400 2724 quamdam
1417 2649 1722 2720 reperiens,
1736 2648 1944 2703 ibidem
1961 2647 2088 2702 sub-

490 2751 655 2806 stitit.
687 2748 794 2804 Ubi
824 2747 958 2801 dum
989 2743 1233 2815 psalmos
1263 2757 1326 2794 ex
1358 2756 1512 2794 more
1541 2743 1814 2799 cantaret,
1858 2743 2087 2808 tempus

490 2838 687 2894 mediae
707 2835 888 2891 noctis
917 2831 1172 2888 excessit.
1209 2831 1461 2900 Cumque
1485 2827 1646 2881 ﬁnita
1673 2827 1884 2897 vigilia,
1911 2827 2087 2880 refec-

489 2934 652 2982 turus
679 2926 893 2980 lassum
923 2937 1142 2992 corpus,
1184 2917 1477 2990 paululum
1503 2916 1822 2981 resedisset,
1857 2920 2088 2987 repente

487 3009 1102 3087 coepitinnumerabiles
1117 3011 1363 3062 catervas
1377 3006 1629 3058 dwmonu
1640 3021 1692 3058 m
1703 3004 1950 3074 undique
1963 3020 2091 3058 con-

2173 514 2424 585 loquitur
2458 518 2628 578 (Joan.
2663 516 2816 584 vni):
2843 515 3126 570 Pelusium
3155 517 3334 587 petiit,
3355 518 3441 574 ubi
3456 521 3590 578 illum
3604 527 3691 582 fra-

2174 608 2320 656 trem
2358 609 2590 658 noverat
2626 605 2982 670 commorari,
3016 621 3184 675 quem
3220 607 3480 678 malignus
3511 614 3692 684 spiritus

2177 693 2418 746 asseruit
2445 709 2565 746 esse
2584 693 2900 764 deceptum.
2920 693 3054 748 Erat
3074 695 3246 749 etiam
3265 695 3340 750 ibi
3367 703 3420 751 et
3433 699 3557 755 alius
3567 703 3702 760 frater

2177 778 2260 832 illi
2309 780 2658 848 notissimus,
2693 798 2860 852 quem
2887 783 3242 853 interrogans
3263 784 3330 838 de
3347 786 3524 842 eodem
3550 789 3698 859 hatre,

2177 869 2388 940 reperit
2406 870 2554 940 quod
2583 871 2778 925 eadem
2809 877 2992 937 nocte,
3027 888 3139 942 qua
3165 873 3476 930 teterrimus
3505 876 3585 932 ille
3618 879 3703 936 da»-

2178 974 2310 1012 mon
2339 959 2561 1014 ruinam
2593 960 2715 1029 ejus
2729 977 2830 1014 suo
2851 960 3402 1032 principinuntiaret,
3426 969 3703 1024 monasterio

2176 1046 2414 1117 pristino
2443 1047 2728 1114 derelicto,
2759 1047 2940 1102 vicum
2961 1049 3235 1118 petiisset.
3260 1057 3316 1104 et
3354 1051 3406 1104 in
3441 1052 3703 1111 fornicatio-

2175 1151 2303 1189 nem
2325 1135 2718 1191 miserabiliter
2731 1137 3039 1190 cecidisset.
3065 1138 3196 1191 Haac
3215 1145 3398 1194 autem
3415 1143 3705 1200 audienstra-

2176 1229 2280 1290 ter,
2305 1225 2594 1296 suspirans
2614 1230 2672 1280 et
2686 1225 2846 1294 ﬂens,
2871 1242 3125 1281 reversus
3145 1233 3231 1282 est
3243 1227 3301 1282 in
3320 1229 3489 1284 locum
3503 1248 3653 1287 suum.

2783 1351 3018 1406 CAPUT
3042 1351 3153 1406 LV.

2386 1458 2457 1510 De
2485 1459 2694 1511 duobus
2717 1457 3070 1526 philosophis,
3092 1461 3195 1527 qui
3212 1461 3286 1513 ad
3305 1466 3545 1516 sanctum

2600 1546 2913 1600 Antonium
2949 1554 3339 1614 perrexerunt.

2248 1670 2503 1751 Quodam
2535 1675 2729 1724 autem
2773 1675 3027 1742 tempore
3071 1671 3184 1725 duo
3201 1672 3426 1743 quidam
3454 1673 3716 1747 philosophi

2107 1741 2155 1800 B
2173 1745 2469 1813 audientes
2491 1759 2700 1813 famam
2723 1758 2874 1813 beati
2895 1741 3140 1824 Antonii,
3175 1741 3530 1831 perrexerunt
3547 1741 3716 1818 adeum

2179 1848 2466 1916 (Cassium,
2489 1851 2672 1902 collat.
2696 1862 2816 1914 vm,
2834 1865 2953 1917 cal).
2979 1846 3091 1910 18).
3107 1849 3362 1913 Quicum
3385 1851 3718 1923 intersequas-

2180 1937 2309 1990 dam
2343 1936 2678 2007 quaestiones
2701 1935 3048 2001 habuissent,
3073 1937 3442 2009 despicientes
3457 1940 3717 2012 philosophi

2181 2031 2436 2080 sanctum
2451 2025 2782 2090 Antonium,
2805 2025 2958 2080 velut
2976 2026 3304 2098 imperitum
3343 2034 3399 2082 et
3421 2029 3532 2082 sine
3560 2029 3720 2084 litteris

2179 2114 2382 2180 virum,
2409 2113 2616 2168 reversi
2642 2119 2775 2168 sunt
2790 2113 2863 2168 ab
2884 2131 2969 2170 eo.
3009 2115 3274 2170 Volentes
3305 2122 3488 2171 autem
3522 2134 3648 2182 eum,
3682 2117 3718 2172 si

2180 2201 2319 2256 nihil
2349 2203 2590 2274 amplius
2615 2203 2929 2274 potuissent
2952 2203 3174 2270 laedere,
3205 2205 3292 2259 vel
3317 2205 3386 2259 de
3421 2206 3603 2260 cellula
3621 2207 3716 2276 ejus

2169 2291 2401 2362 magicis
2421 2291 2718 2362 praestigiis
2730 2297 2786 2347 et
2807 2292 3282 2348 circumventione
3311 2294 3606 2349 daemonum
3622 2311 3717 2366 per-

2167 2379 2415 2446 turbare,
2451 2380 2808 2436 immiserunt
2854 2381 2905 2435 ei
2948 2381 3327 2452 nequissimos
3372 2384 3626 2438 daemones
3660 2383 3714 2436 ad

2169 2467 2675 2540 impugnationem,
2703 2470 2809 2523 hac
2837 2469 3047 2524 invidia
3072 2477 3130 2525 et
3170 2471 3350 2527 livore
3397 2472 3630 2543 perculsi,
3667 2487 3718 2525 eo

2169 2557 2318 2627 quod
2342 2558 2508 2612 multi
2537 2557 2828 2612 hominum
2857 2558 2929 2612 ad
2950 2559 3130 2624 illum,
3165 2561 3323 2614 velut
3347 2561 3444 2615 Dei
3471 2559 3715 2624 famulum,

2168 2646 2417 2716 quotidie
2465 2647 2845 2700 convenirent.
2892 2647 3163 2718 Cumque,
3208 2648 3310 2703 iUo
3359 2665 3502 2704 nunc
3536 2649 3720 2720 quidem

2168 2734 2527 2805 imprimente
2556 2735 2768 2806 pectori
2785 2751 2890 2790 suo
2908 2741 2966 2790 et
2991 2736 3162 2790 fronti
3183 2737 3531 2806 signaculum
3557 2737 3718 2803 crucis,

2169 2839 2318 2878 nunc
2344 2839 2474 2877 vero
2493 2823 2734 2878 orationi
2755 2824 3084 2895 suppliciter
3107 2824 3431 2891 incubante,
3455 2842 3550 2880 nec
3561 2841 3723 2898 appro-

2169 2911 2444 2984 pinquare
2455 2913 2681 2984 quidem
2693 2913 2980 2968 durissimi
2989 2913 3270 2969 daemones
3283 2914 3465 2969 eidem
3475 2915 3722 2980 auderent,

2170 3001 2596 3056 revertebantur
2621 3002 2706 3084 τίει
2722 3018 2818 3056 eos
2839 3003 2934 3074 qui
2983 3002 3108 3057 illos
3141 3002 3485 3066 direxerant,
3522 3004 3629 3058 sine
3666 3000 3727 3057 ef-

488 3103 782 3160 fluentium
818 3098 1054 3165 intueri;
1079 3113 1201 3169 quae
1229 3095 1451 3149 inﬁnita
1471 3093 1876 3164 constipatione
1898 3109 2092 3164 proce-
2114 3091 2338 3155 Cfectu.
2369 3091 2524 3146 Tunc
2549 3090 2632 3144 illi
2662 3091 2803 3145 alios
2831 3107 3075 3156 rursum,
3111 3093 3271 3162 quasi
3289 3093 3630 3164 potentiores,
3645 3092 3726 3145 mi-

489 3194 704 3259 dentes,
755 3190 879 3245 alia:
922 3185 1198 3260 praeibant
1241 3183 1550 3256 principem
1597 3198 1783 3244 suum,
1829 3181 1951 3240 aliae
1995 3199 2084 3236 se-

488 3281 843 3354 quebantur:
879 3277 976 3349 qui
1015 3276 1271 3348 princeps
1322 3289 1535 3337 eorum,
1590 3277 1646 3326 et
1696 3271 2085 3340 magnitudine

487 3369 771 3444 procerior
800 3365 1034 3430 cunctis,
1067 3371 1124 3419 et
1147 3367 1375 3434 aspectu
1415 3359 1722 3414 terribilior
1771 3359 2082 3414 videbatur.

487 3462 740 3531 Cumque
769 3458 827 3512 in
853 3455 1097 3528 quodam
1119 3452 1258 3506 solio
1282 3449 1686 3505 sublimissimo
1719 3449 2081 3514 consedisset,

484 3549 925 3618 uniuscujusque
967 3548 1124 3598 actus
1169 3539 1426 3609 diligenti
1463 3538 1873 3592 examinatione
1920 3538 2089 3608 erepit

487 3639 794 3701 discutere;
827 3634 1065 3702 illosque
1093 3629 1190 3700 qui
1220 3627 1460 3682 necdum
1487 3643 1546 3680 se
1575 3626 1976 3680 circumvenire
2020 3642 2087 3680 ae-

485 3727 668 3782 mulos
687 3741 818 3778 suos
847 3720 1096 3793 potuisse
1130 3716 1410 3781 dicebant,
1443 3715 1597 3768 velut
1621 3715 1853 3780 inertes,
1892 3733 1926 3768 a
1953 3731 2085 3769 con-

485 3820 681 3887 spectu
710 3827 811 3866 suo
838 3826 967 3864 cum
991 3806 1203 3877 injuria
1225 3803 1462 3875 jubebat
1481 3803 1700 3874 expelli,
1731 3803 1912 3874 spatia
1939 3804 2084 3858 tanti

484 3901 756 3974 temporis
782 3903 840 3953 et
875 3893 1288 3969 cpus'inaniter
1323 3908 1631 3964 expensum
1679 3908 1810 3946 cum
1855 3891 2084 3946 fremitu

484 3989 692 4047 furoris
720 3989 802 4044 eis
822 3985 1180 4058 exprobrans.
1208 3982 1340 4037 Illos
1367 3996 1498 4036 vero
1527 3980 1622 4052 qui
1652 3980 1990 4035 nuntiabant
2023 3998 2084 4037 se

485 4079 841 4150 consignatos
862 4073 968 4130 sibi
1004 4072 1260 4128 homines
1297 4071 1600 4142 decepisse,
1650 4070 1887 4125 summis
1905 4069 2083 4125 laudi-

483 4170 588 4226 bus
616 4184 745 4223 cum
783 4163 1153 4220 exsultatione
1183 4177 1248 4215 ac
1275 4160 1463 4215 favore
1493 4163 1840 4225 cunctorum,
1875 4163 1940 4214 ut
1963 4159 2078 4214 for-

480 4258 726 4314 tissimos
747 4258 1108 4328 pugnatores,
1139 4250 1210 4304 ad
1234 4249 1548 4321 exemplum
1573 4254 1923 4314 cunctorum,
1963 4249 2082 4320 glo-

479 4347 818 4404 riosissimos
849 4358 1037 4398 coram
1065 4337 1328 4394 omnibus
1374 4337 1686 4392 emittebat.
1737 4339 1894 4392 Inter
1940 4354 2080 4408 quos

480 4454 606 4493 cum
636 4435 866 4507 quidam
894 4429 1270 4501 nequissimus
1301 4427 1551 4498 spiritus,
1584 4432 1779 4498 utpote
1809 4443 2076 4497 magnum

477 4525 829 4597 triumphum
852 4519 1235 4582 nuntiaturus,
1269 4515 1448 4570 laetior
1487 4515 1821 4581 advenisset,
1871 4532 2078 4570 nomen

479 4613 740 4671 monachi
769 4610 978 4684 optime
1007 4605 1222 4676 cogniti
1250 4603 1578 4674 designavit.
1598 4620 1854 4659 asserens
1877 4623 1936 4660 se
1951 4613 2078 4676 post

479 4706 726 4776 quinque
755 4702 1051 4772 [Cassian.,
1077 4693 1420 4767 quindecim]
1451 4709 1647 4758 annos,
1689 4693 1892 4764 quibus
1945 4711 2074 4748 eum

473 4793 690 4863 jugiter
717 4789 1018 4854 obsideret,
1051 4785 1138 4839 vix
1171 4783 1366 4838 eadem
1395 4786 1558 4836 nocte
1577 4781 1632 4835 in
1655 4782 1876 4836 ruinam
1897 4782 2072 4837 forni-

477 4881 711 4936 cationis
743 4878 1021 4934 mersisse.
1059 4876 1240 4945 Super
1277 4873 1437 4942 cujus
1475 4870 1748 4926 relatione
1789 4887 1918 4926 cum
1963 4873 2070 4926 im-

478 4985 642 5024 mane
671 4973 1000 5022 cunctorum
1015 4963 1286 5036 gaudium
1303 4960 1500 5015 fuisset
1528 4966 1801 5025 exortum,
1838 4961 2072 5015 summis

477 5077 510 5113 a
563 5056 810 5129 principe
855 5069 1049 5109 eorum
1095 5050 1356 5106 laudibus
1407 5049 1674 5115 elevatus,
1736 5049 2068 5120 magnisque

476 5145 768 5219 praeconiis
795 5147 1094 5198 coronatus
1121 5139 1408 5194 abscessit.
1434 5139 1653 5192 Aurora
1669 5137 1858 5208 itaque
1877 5155 2068 5210 super-

475 5235 752 5299 veniente,
783 5249 911 5286 cum
941 5229 1124 5285 omnis
1154 5228 1458 5284 multitudo
1475 5227 1794 5282 daemonum
1808 5227 1878 5280 ab
1890 5227 2065 5282 oculis

474 5329 598 5398 ejus
625 5321 958 5385 evanuisset,
993 5317 1255 5372 dubitans
1283 5317 1456 5371 frater
1499 5315 1592 5370 ille
1639 5317 1707 5370 de
1757 5317 2066 5372 assertione

2167 3183 2381 3234 serunt.
2413 3179 2669 3251 Cumque
2697 3185 2754 3234 et
2785 3179 2866 3234 illi
2895 3180 3115 3251 fatigati
3143 3181 3523 3247 revertissent,
3555 3180 3726 3234 iterum

2166 3269 2305 3322 alios
2330 3269 2696 3323 nihilominus
2727 3269 3072 3340 potentiores
3100 3286 3164 3324 ac
3194 3270 3622 3325 vehementiores
3645 3268 3726 3322 ad-

2168 3373 2358 3412 versus
2389 3358 2628 3412 militem
2660 3357 2866 3412 Christi
2896 3357 3343 3426 destinaverunt,
3379 3360 3472 3430 qui
3499 3357 3624 3412 nihil
3647 3373 3724 3429 pe-

2169 3447 2320 3502 nitus
2349 3447 2780 3518 prievaluerunt,
2809 3447 3052 3502 Antonio
3075 3448 3317 3502 viriliter
3337 3449 3646 3503 reluctante.
3666 3445 3728 3500 Eo

2169 3535 2360 3606 itaque
2385 3535 2525 3589 nihil
2555 3535 2908 3606 profecerunt
2935 3536 3078 3590 tales
3106 3542 3395 3608 tantaeque
3417 3552 3600 3590 eorum
3621 3533 3729 3588 insi-

2169 3623 2293 3690 diae,
2325 3628 2446 3678 tota
2469 3627 2688 3694 magica
2709 3630 2831 3679 arte
2862 3630 2919 3679 et
2958 3627 3352 3680 necromantia
3395 3625 3638 3697 quaesita,
3679 3628 3729 3677 ut

2168 3730 2270 3784 per
2297 3715 2414 3767 haec
2443 3713 2856 3768 evidentissime
2881 3713 3321 3785 comprobarent
3363 3730 3610 3786 magnam
3633 3711 3726 3765 vir-

2166 3808 2344 3856 tutem
2376 3801 2557 3856 inesse
2587 3802 2915 3873 professioni
2935 3803 3412 3871 Christianorum,
3444 3799 3726 3875 quibusille

2164 3897 2282 3944 tam
2311 3907 2466 3946 saevae
2485 3889 2696 3946 umbra:
2733 3891 2874 3946 nihil
2917 3891 3244 3956 Antonium,
3288 3909 3405 3948 non
3445 3892 3613 3947 solum
3653 3888 3727 3942 la-

2164 3980 2315 4046 dere,
2349 3979 2446 4035 sed
2474 3997 2576 4034 nec
2609 3985 2814 4050 puncto
2843 3980 3071 4052 quidem
3098 3981 3167 4036 de
3191 3981 3514 4038 habitaculo
3541 3995 3632 4036 suo
3655 3991 3728 4032 va-

2163 4068 2392 4124 luerunt
2419 4067 2770 4140 perturbare.

2232 4157 2342 4213 Pro
2369 4159 2472 4212 hac
2504 4175 2638 4229 ergo
2668 4159 3040 4213 admiratione
3090 4161 3394 4231 stupefacti
3444 4153 3727 4234 philosophi

2165 4249 2344 4316 (Ibid...
2379 4264 2425 4301 c.
2463 4247 2568 4317 19),
2600 4247 2892 4302 confestim
2921 4247 2992 4302 ad
3020 4254 3281 4304 sanctum
3329 4249 3624 4304 Antonium
3655 4261 3728 4299 ve-

2161 4341 2386 4402 nerunt,
2420 4335 2908 4407 impugnationum
2935 4353 3168 4392 suarum
3200 4337 3640 4410 magnitudinem
3680 4339 3726 4388 et

2092 4410 2144 4471 D
2161 4441 2357 4480 causas
2385 4429 2554 4497 atque
2593 4425 2826 4480 insidias
2871 4425 3060 4480 livoris
3118 4427 3206 4481 sui
3252 4428 3307 4482 ei
3357 4427 3723 4499 patefecerunt,

2161 4515 2512 4570 Christianos
2549 4532 2608 4570 se
2627 4515 2749 4570 ﬁeri
2771 4515 3028 4586 protinus
3058 4521 3456 4587 poposcerunt.
3506 4516 3724 4583 Curaque

2159 4604 2308 4658 diem
2337 4603 2532 4658 ab‘illis
2561 4604 2794 4676 proditae
2811 4605 3253 4676 impugnationis
3269 4606 3597 4677 requireret,
3609 4599 3726 4656 indi-

2157 4698 2424 4748 caverunt
2446 4712 2458 4761 ;
2484 4694 2728 4749 asseruit
2753 4699 2940 4749 autem
2961 4711 3021 4748 se
3042 4694 3240 4749 beatus
3277 4695 3558 4750 Antonius
3592 4704 3724 4745 ama-

2156 4782 2392 4837 rissimis
2420 4783 2821 4854 cogitationum
2836 4783 3076 4838 stimulis
3090 4788 3227 4838 tunc
3252 4783 3430 4838 fuisse
3451 4783 3724 4855 pulsatum.

2225 4871 2499 4927 Eumdem
2531 4871 2757 4927 beatum
2780 4872 3088 4927 Antonium
3123 4872 3205 4926 ita
3243 4885 3644 4942 nonnunquam
3674 4865 3722 4919 in

2154 4960 2406 5016 oratione
2435 4961 2690 5016 novimus
2727 4961 3038 5033 perstitisse
3087 4962 3390 5030 (0assian.,
3440 4963 3620 5016 collat.
3659 4969 3726 5024 ις,

2151 5066 2268 5119 cap.
2312 5049 2422 5120 3i),
2448 5057 2514 5105 ut
2540 5051 2739 5105 eodem
2778 5051 2838 5105 in
2878 5067 3108 5105 excessu
3159 5043 3371 5105 mentis
3429 5050 3724 5119 frequenter

2149 5145 2364 5203 orante,
2391 5156 2520 5194 cum
2549 5139 2681 5194 solis
2713 5145 2870 5195 ortus
2898 5139 3158 5212 cmpisset
3203 5139 3452 5206 inﬁmdi,
3501 5132 3723 5192 audierio

2148 5245 2275 5282 mus
2303 5245 2432 5282 eum
2451 5229 2512 5283 in
2527 5229 2742 5284 fervore
2765 5229 2997 5300 spiritus
3017 5229 3098 5284 sic
3116 5229 3579 5300 proclamantem:
3597 5219 3723 5288 Quid

2149 5333 2238 5370 me
2257 5317 2514 5388 impedis,
2549 5318 2651 5385 sol,
2692 5319 2791 5389 qui
2818 5318 2890 5372 ad
2910 5319 3016 5373 hoc
3047 5317 3231 5386 oriris,
3261 5323 3332 5372 ut
3357 5333 3452 5372 me
3480 5314 3550 5370 ab
3576 5312 3722 5383 hujus

471 5414 704 5490 spiritus
731 5406 1028 5473 immundi,
1061 5421 1279 5461 memor
1295 5405 1467 5460 etiam
1489 5405 1819 5476 evangelicae
1843 5411 2064 5460 senten-
2145 5407 2260 5460 veri
2291 5407 2519 5462 luminis
2547 5406 2843 5464 abstrahas
2865 5408 3140 5463 claritate.

469 5507 582 5575 tiae,
605 5502 754 5577 quod
779 5501 839 5557 in
867 5497 1102 5554 veritate
1130 5511 1242 5550 non
1273 5495 1446 5563 stetit,
1486 5500 1545 5549 et
1574 5495 1706 5566 quia
1735 5511 1845 5551 non
1877 5500 2062 5552 estve-
