3966 6184
311 345 417 403 853

385 468 490 523 Καὶ
518 465 576 520 τὸ
606 465 803 538 ὄγδοον,
838 462 913 518 ὅτι
939 464 996 519 οὐ
1024 467 1100 518 δεῖ
1123 485 1233 519 τινα
1254 466 1448 535 κρίνειν.

383 556 515 627 Περὶ
546 556 835 626 διακρίσεως
857 552 913 607 δὲ
944 551 1002 607 τό
1026 554 1089 607 θ’.

382 643 460 701 Τὸ
488 645 543 699 δὲ
567 646 790 707 δέκατον,
825 644 935 713 περὶ
959 648 1047 697 τοῦ
1071 644 1170 695 δεῖν
1198 638 1272 696 ἀεὶ
1299 645 1483 713 νήφειν.

383 823 488 879 Καὶ
535 821 592 876 τό
634 823 909 886 ἑνδέκατον,
961 818 1036 874 ὅτι
1075 822 1152 874 δεῖ
1192 813 1521 882 ἀδιαλείπτως
1559 820 1640 871 καὶ
1683 816 1731 872 ἐν
1774 820 1912 889 νήψει

304 913 668 985 προσεύχεσθαι
677 954 688 964 .

376 1002 481 1057 Καὶ
509 998 569 1054 τὸ
596 1002 897 1065 δωδέκατον,
930 1002 999 1062 ὡς
1027 997 1292 1071 φιλοξενεῖν
1326 999 1403 1051 δεῖ
1425 997 1506 1052 καὶ
1530 995 1685 1053 ἐλεεῖν
1721 994 1768 1051 ἐν
1800 998 1912 1050 ἱλα-

304 1090 475 1162 ρότητι
484 1132 495 1143 .

371 1180 511 1252 Περὶ
563 1180 779 1246 ὑπακοῆς
830 1174 1098 1231 ἐκδιδάσκει
1153 1178 1287 1248 [Αι.,
1338 1177 1418 1230 καὶ
1468 1175 1806 1246 διδασκαλίας]
1854 1174 1912 1229 τὸ

305 1270 721 1340 τρισκαιδέκατον.

375 1357 459 1411 Τὸ
486 1356 543 1410 δὲ
570 1356 1114 1427 τεσσαρεσκαιδέκατον,
1147 1355 1258 1426 περὶ
1285 1353 1746 1425 ταπεινοφροσύνης.

377 1446 486 1501 Καὶ
514 1444 1044 1509 τὸ“πεντεκαιδέκατον,
1077 1445 1188 1515 περὶ
1218 1439 1530 1506 ἀνεξικακίας.

377 1535 512 1605 Περὶ
540 1530 733 1606 ἀγάπης
756 1533 810 1586 δὲ
838 1532 896 1587 τὸ
926 1534 1278 1596 ἑξκαιδέκατον.

376 1621 456 1678 Τὸ
487 1626 576 1695 μέν
596 1642 674 1677 τοι
704 1624 1133 1688 ἑπτακαιδέκατον,
1168 1623 1278 1693 περὶ
1308 1623 1618 1692 διορατικῶν.

379 1713 485 1768 Καὶ
514 1711 572 1765 τὸ
601 1707 1036 1777 ὀκτωκαιδέκατον,
1062 1712 1172 1782 περὶ
1196 1709 1539 1782 σημειοφόρων
1565 1709 1830 1783 γερόντων.

1571 340 1974 397 PR/ELUDIA.
2015 337 2356 396 NOTATIO.

1928 464 1982 523 Α
2070 474 2190 516 vm.
2226 460 2352 514 Non
2383 460 2642 529 oportere
2672 470 3014 528 quemquam
3046 455 3317 526 judicare.

3486 330 3587 388 854

2064 565 2140 604 Ix.
2168 550 2250 604 De
2267 547 2622 605 discretione.

2068 657 2122 693 x.
2182 637 2443 693 Sobrium
2501 636 2630 705 (sive
2670 632 3153 706 circumspectum)
3201 626 3423 704 semper
3468 649 3589 688 esse

1999 732 2277 783 onortere.

2033 745 2277 799 portere.

2067 832 2143 871 x1.
2184 814 2419 871 Assidue
2455 830 2576 869 esse
2606 818 2665 868 et
2690 828 2821 869 cum
2867 811 3179 867 attentione
3218 812 3582 884 precandum.

2065 1010 2163 1050 xu.
2188 993 2643 1066 Hospitalitatem
2664 1008 2789 1047 esse
2809 1008 2875 1047 ac
2901 990 3341 1047 misericordiam
3356 1007 3484 1047 cum
3506 990 3590 1046 hi-

1993 1085 2218 1140 laritate
2244 1082 2629 1139 exercendam.

2064 1192 2177 1232 xm.
2212 1174 2604 1231 Obedientiam
2624 1173 2804 1228 docet.

2066 1370 2176 1410 xlv.
2210 1355 2292 1409 De
2320 1352 2658 1408 humilitate.

2061 1460 2152 1498 xv.
2184 1444 2266 1498 De
2294 1443 2575 1497 malorum
2600 1439 2919 1495 tolerantia.

2065 1549 2178 1588 xvr.
2204 1534 2287 1588 De
2313 1531 2630 1586 dilectione.

2062 1636 2195 1676 xvn.
2225 1622 2306 1676 De
2336 1621 2404 1675 iis
2423 1619 2521 1691 qui
2548 1619 2791 1674 visiones
2821 1617 3086 1691 viderunt
3113 1619 3219 1688 (d).

2059 1725 2212 1765 xvm.
2246 1710 2326 1765 De
2341 1709 2569 1764 senibus
2600 1708 2695 1780 qui
2720 1707 2996 1762 miracula
3010 1712 3331 1778 patrarunt.

378 1800 457 1857 Τὸ
488 1802 540 1855 δὲ
571 1802 651 1866 ιθ’,
686 1802 795 1872 περὶ
824 1802 1071 1863 πολιτείας
1096 1801 1347 1870 θεοφίλους
1376 1798 1626 1871 διαφόρων
1655 1801 1881 1870 πατέρων

2055 1817 2166 1855 χιχ.
2212 1800 2295 1854 De
2335 1799 2622 1854 variorum
2664 1801 2989 1852 sanctorum
3033 1797 3267 1853 Patrum
3312 1795 3427 1850 vita
3467 1795 3583 1850 Deo

378 1978 485 2034 Καὶ
522 1976 697 2033 λοιπὸν
726 1976 784 2033 τὸ
815 1975 1050 2042 εἰκοστὸν,
1083 1971 1439 2049 ἀποφθέγματα
1476 1982 1576 2032 τῶν
1616 1974 1666 2031 ἓν
1706 1972 1905 2045 ἀσκήσει

302 2068 652 2140 γηρασάντων.

376 2146 511 2213 Εἶτα
533 2156 592 2211 τὸ
617 2162 817 2229 πρῶτον
837 2156 929 2210 καὶ
942 2154 1160 2211 εἰκοστὸν
1188 2155 1424 2220 διαλέξεις
1452 2154 1633 2228 εἰσάγει
1658 2154 1903 2227 γερόντων

301 2248 414 2318 περὶ
443 2248 700 2319 λογισμῶν
730 2246 852 2319 πρὸς
881 2242 1144 2314 ἀλλήλους.

377 2335 484 2390 Καὶ
535 2333 595 2388 τὸ
650 2333 729 2389 ἐπὶ
784 2338 904 2389 πᾶσι
952 2337 1177 2407 δεύτερον
1227 2335 1307 2388 mi
1357 2333 1594 2401 εἰκοστὸν,
1656 2333 1904 2407 ⁶Ησυχίου

304 2426 637 2496 πρεσϐυτέρου
673 2425 1036 2497 Ἱεροσολύμων
1065 2428 1267 2496 γνώμας
1294 2426 1530 2497 περιέχει.

384 2512 480 2569 Ἐν
508 2504 580 2577 οῖς
607 2515 690 2568 καὶ
713 2513 740 2568 ὁ
765 2511 1083 2585 συμπόιςρτοῦν
1102 2515 1288 2585 βιϐλίου
1317 2509 1632 2586 ἀπαρτίζεται
1661 2512 1827 2585 λόγος.

370 2602 778 2674 Χρειωδέστατος
813 2604 1080 2669 καθεστὼς,
1126 2603 1261 2674 εἴπερ
1297 2624 1344 2657 τι
1378 2602 1524 2670 ἄλλο,
1568 2613 1670 2665 τοῖς
1709 2600 1787 2657 ἐπὶ
1826 2608 1901 2675 τῷ

294 2693 474 2764 κλήρῳ
502 2698 603 2746 τῶν
633 2690 856 2765 οὐρανῶν
884 2691 970 2746 τὸν
999 2694 1103 2763 βίον
1133 2688 1466 2765 ἀσκουμένοις.
1758 2686 1766 2693 ’

372 2871 465 2927 NE,
636 2872 687 2900 η.
791 2869 801 2887 ι
986 2870 1001 2889 ν
1482 2870 1494 2889 ε
1809 2872 1820 2891 ι
1887 2871 1897 2891 ν

455 2890 535 2944 χει
573 2891 654 2924 και
689 2892 814 2925 κατα
849 2871 939 2940 τὴν
980 2874 1294 2945 επαγγελίαν,
1324 2872 1405 2926 καὶ
1441 2891 1499 2926 το
1538 2870 1707 2942 σαφὲς,
1746 2890 1828 2924 και
1853 2890 1881 2925 τ

296 2959 432 3013 ἄλλα
476 2965 716 3027 τοιοῦτος,
757 2950 859 3024 οἷος
899 2959 957 3014 ἂν
997 2964 1188 3033 γένοιτο
1230 2957 1462 3033 ἀνδράσιν
1505 2961 1738 3033 ἁρμόζων
1777 2959 1899 3032 πρὸς

297 3049 387 3121 μὲν
426 3047 511 3103 τὸν
550 3049 675 3103 κατὰ
712 3049 889 3122 λόγους
926 3046 1096 3123 ἀγῶνα
1124 3052 1240 3122 μήδ’
1272 3048 1706 3122 ἐπεστραμμένας,
1738 3050 1899 3103 πάντα

295 3138 352 3191 δὲ
374 3135 462 3191 τὸν
491 3138 641 3193 πόνον
668 3140 750 3192 καὶ
788 3140 877 3208 τὴν
918 3140 1135 3208 σπουδὴν
1168 3138 1233 3203 εἰς
1259 3140 1348 3207 τὴν
1377 3137 1455 3194 ἐπὶ
1483 3149 1585 3203 τοῖς
1615 3140 1773 3211 ἔργοις
1803 3137 1897 3193 ἅσ-

293 3246 435 3297 κησιν
463 3222 883 3301 ἀναδεδεγμένοις.

2025 1894 2167 1946 rata.

2025 1907 2167 1946 rata.

1985 1907 2024 1963 g
2055 1996 2142 2032 xx.
2173 1979 2405 2051 Aliquot
2418 1993 2612 2033 eorum
2629 1977 2725 2048 qui
2755 1976 2815 2030 in
2831 1974 3143 2030 monastica
3174 1973 3577 2030 exercitatione

1987 2074 2417 2135 consenuerant,
2444 2067 2580 2122 scite
2599 2067 2770 2121 dicta.

2056 2172 2166 2215 xxI.
2185 2158 2527 2213 Collationes
2543 2156 2796 2212 continet
2813 2171 3013 2211 senum
3033 2154 3185 2209 inter
3207 2153 3358 2226 ipsos
3372 2152 3442 2209 de
3463 2152 3582 2209 suis

1986 2247 2544 2304 oonsiderationibus.

2057 2352 2191 2392 xxn.
2222 2342 2403 2402 53]
2428 2336 2514 2390 Ad
2532 2336 2651 2390 haec
2669 2335 2860 2389 omnia.
2889 2337 2947 2389 et
2963 2333 3228 2389 ultimum
3256 2335 3425 2404 caput
3448 2347 3580 2387 sen-

1984 2426 2192 2482 tentias
2211 2425 2461 2481 continet
2477 2425 2740 2497 Hesychii
2761 2423 3075 2496 presbyteri
3100 2421 3574 2494 Jerosolymitani.

2055 2515 2270 2581 Quibus
2300 2519 2359 2568 et
2384 2513 2527 2569 liber
2554 2514 2646 2569 hic
2672 2518 2826 2569 totus
2855 2512 3183 2568 absolvitur.

2055 2604 2400 2661 Utilissimus
2417 2604 2664 2676 profecto
2682 2602 2773 2670 iis,
2802 2603 2849 2658 si
2878 2602 3002 2675 quis
3025 2601 3186 2669 alius,
3222 2601 3318 2673 qui
3357 2601 3428 2656 ad
3457 2617 3570 2656 cce-

1981 2695 2180 2750 lestem
2208 2693 2597 2750 haereditatem
2617 2692 2927 2765 parandam
2952 2692 3126 2747 vitam
3155 2707 3321 2747 suam
3356 2707 3577 2762 compo-

1979 2790 2141 2840 nunt.

2050 2873 2295 2928 Adhibet
2333 2874 2485 2929 idem
2507 2889 2678 2944 quam
2724 2870 3078 2943 promiserat,
3111 2870 3574 2943 perspicuitatem

1983 2980 2223 3036 quoque;
2246 2963 2455 3035 alioqui
2471 2961 3019 3033 caeteratalis,qualis
3041 2960 3111 3015 iis
3133 2966 3299 3032 aptus
3321 2960 3398 3015 sit
3413 2960 3567 3027 viris,

1982 3054 2078 3125 qui
2093 3069 2208 3108 non
2228 3054 2297 3107 de
2324 3051 2507 3107 verbis
2537 3050 2812 3120 laborent,
2840 3051 2938 3105 sed
2977 3065 3203 3103 omnem
3224 3064 3453 3119 operam
3481 3054 3573 3103 at-

1981 3159 2091 3215 que
2119 3147 2384 3198 conatum
2411 3142 2472 3196 in
2499 3139 2761 3214 operibus
2792 3138 3113 3195 exercendis
3142 3142 3376 3210 ponant.

1553 3397 1940 3457 ROSWEYDI
1974 3400 2315 3457 NOTATIO.

369 3496 443 3562 (α)
488 3495 667 3551 Graec
696 3496 949 3568 incerta]
980 3495 1238 3551 Graecum
1266 3494 1513 3567 aliquem
1538 3495 1710 3568 hujus
1758 3497 1889 3552 libri

293 3572 584 3639 auctorem
614 3583 735 3622 esse
763 3567 900 3623 satis
950 3573 1170 3627 constat
1210 3584 1277 3621 ex
1305 3567 1525 3639 Photio,
1557 3567 1654 3639 qui
1694 3569 1887 3625 Graeco

295 3638 602 3720 exemplari
623 3655 788 3723 _usus,
819 3644 877 3694 et
903 3639 1210 3723 interprete
1232 3638 1327 3723 qui
1347 3656 1417 3723 ex
1442 3638 1638 3723 Graeco
1655 3641 1883 3723 vertit;

294 3710 573 3781 incertum
615 3715 808 3765 tamen
852 3727 1002 3778 esse,
1032 3710 1304 3781 quidquid
1347 3711 1523 3781 aliqui
1558 3711 1881 3778 divinarint,

292 3780 528 3853 Photius
551 3780 782 3849 indicat,
812 3782 909 3853 qui
951 3780 1161 3853 nullius
1188 3780 1397 3836 nomen
1429 3780 1711 3853 exprimit.
1746 3783 1887 3837 Vide

290 3852 446 3906 dicta
471 3853 683 3924 proleg.
712 3851 907 3924 gener.
939 3853 991 3920 7,
1021 3851 1075 3910 8.

364 3924 444 3995 (b)
471 3924 742 3998 Pelag-ia]
764 3926 1004 3998 Consule
1025 3942 1147 3996 quae
1174 3925 1245 3979 de
1278 3924 1382 3979 hoc
1409 3925 1599 3981 notavi
1622 3926 1884 3998 prolego-

290 4010 459 4050 meno
484 3995 739 4067 generali
768 3995 854 4052 14.

367 4070 437 4132 (c)
454 4066 731 4140 Photius]
767 4069 996 4123 Certum
1037 4071 1141 4140 est.
1182 4066 1406 4140 librum,
1449 4068 1613 4140 cujus
1643 4068 1881 4123 Photius

289 4136 485 4193 Graece
495 4154 599 4192 suo
616 4136 870 4210 tempore
889 4138 1157 4193 exstantis
1169 4136 1599 4203 meminit,hu'nc
1618 4140 1881 4193 eumdem

288 4225 437 4275 esse,
470 4225 639 4281 quem
665 4210 756 4265 hic
794 4210 993 4265 Latine
1018 4210 1210 4277 habes,
1242 4210 1580 4264 translatum
1611 4211 1817 4281 partim
1846 4228 1882 4266 a

287 4280 616 4352 Pelagio,S.
637 4281 703 4337 R.
727 4283 789 4336 Ε.
803 4281 1059 4347 diacono,
1079 4281 1222 4336 libro
1236 4281 1342 4336 hoc
1360 4298 1410 4348 ν,
1436 4280 1645 4352 partim
1660 4298 1695 4337 a
1715 4283 1882 4337 Joan-‘

288 4369 364 4407 ne
392 4351 734 4424 subdiacono
766 4354 820 4407 S.
862 4353 929 4424 R7.
963 4353 1049 4418 E.,
1078 4352 1221 4407 libro
1242 4368 1319 4418 Iv,
1344 4351 1512 4424 quem
1538 4353 1764 4415 librum,
1784 4353 1880 4424 qui

288 4423 444 4495 apud
472 4423 697 4495 Graecos
722 4429 779 4477 et
799 4423 1027 4495 Latinos
1044 4425 1242 4478 unicus
1259 4423 1366 4491 est,
1395 4423 1614 4495 iniduos
1630 4423 1881 4478 distinxi-

287 4493 453 4566 nius_
476 4493 548 4566 ob
587 4494 835 4549 diversos
878 4493 1233 4566 interpretes,
1277 4495 1359 4548 ita
1383 4494 1542 4549 nobis
1590 4495 1879 4566 Sigeberto

288 4512 420 4548 mus
476 4512 548 4548 oo
587 4512 835 4549 diversos
878 4512 996 4550 inte
1068 4512 1233 4562 retes,
1277 4512 1359 4548 ua
1383 4512 1542 4549 noms
1590 4512 1876 4566 sigeoerto

288 4563 684 4692 ﬁegxﬂazcensi
696 4572 981 4637 praeeunte
996 4512 1138 4621 lligro
1157 4568 1238 4622 De
1261 4566 1397 4621 viris
1415 4566 1726 4622 illustribus
1754 4584 1876 4639 cap.

402 4675 563 4703 μ...

363 4708 517 4781 _Citat
545 4712 736 4781 tamen
766 4708 883 4781 duo
905 4709 1158 4781 Photius,
1193 4726 1315 4780 quae
1340 4709 1544 4781 Latino
1575 4709 1878 4781 exemplari

1969 3499 2274 3570 separatim
2287 3497 2529 3625 vagatae
2549 3497 2808 3581 aioanne
2821 3496 2952 3579 Pico
2968 3495 3221 3579 Lutetiae,
3246 3511 3395 3579 anno
3409 3495 3567 3552 Chri-

1970 3571 2042 3625 sti
2069 3569 2204 3625 1563
2223 3575 2374 3625 tvms
2441 3571 2681 3625 redemci
2713 3575 2770 3624 et
2807 3568 3093 3624 Guilielmi
3131 3567 3390 3625 Morelln.
3437 3574 3567 3625 post

1970 3567 2204 3627 sti—1563
2223 3570 2374 3642 typis
2392 3567 2681 3642 Frederici
2713 3575 2770 3624 et
2807 3567 3093 3642 Guilielmi
3131 3567 3390 3642 Mqrellii,
3437 3574 3567 3639 post

1970 3643 2240 3714 opuscula
2251 3639 2440 3696 Marci
2460 3642 2829 3714 anachoretae;
2846 3641 2892 3714 si
2903 3646 3094 3695 tamen
3115 3639 3569 3714 egedem‘sentenf

1967 3710 2199 3839 tigetillae
2220 3719 2369 3781 sunt,
2406 3730 2546 3786 quas
2570 3712 2804 3768 Photius
2829 3712 2966 3766 citat
2985 3727 3111 3766 cum
3125 3710 3268 3765 libro
3298 3710 3565 3783 Hesychii

1971 3801 2000 3839 e
2042 3802 2059 3839 ι
2088 3802 2147 3839 ο.

1971 3785 2120 3840 edito
2135 3829 2147 3843 .

2042 3858 2111 3926 (ἀ)
2142 3859 2217 3911 I)e
2238 3860 2309 3911 iis
2333 3860 2433 3926 qui
2449 3859 2683 3912 visiones
2704 3856 3008 3927 viderunt]
3038 3857 3127 3911 Ita
3148 3852 3425 3927 διορατικόν
3446 3871 3565 3909 ver-

1965 3927 2039 3982 tit
2067 3929 2329 3984 Schottus
2352 3934 2625 3995 noster,et
2637 3929 2768 3984 inde
2792 3927 3065 3983 librorum
3085 3926 3367 3982 editorum
3387 3927 3562 3987 corri-

1964 4000 2208 4071 gendam
2229 3998 2498 4071 ἐπιγραφὴν
2515 3999 3204 4054 existimavit.Videndum
3225 4015 3360 4053 num
3375 3997 3563 4070 potius

1964 4086 2030 4123 ex
2060 4070 2239 4124 Editis
2261 4071 2379 4125 haec
2408 4072 2586 4125 versio
2612 4072 2688 4125 sit
2706 4070 3097 4141 interpolanda
3121 4088 3131 4122 :
3158 4072 3234 4125 De
3250 4071 3558 4137 pravidcn-

1973 4144 2053 4194 tia
2082 4142 2205 4211 (seu
2228 4143 2590 4210 pervidentia)
2623 4147 2673 4195 et
2700 4144 3170 4209 contemplatione.
3199 4141 3345 4194 Nam
3374 4141 3561 4211 διοράω

1963 4216 2049 4266 est
2076 4210 2395 4281 transpicio,
2428 4228 2536 4283 quo
2561 4213 2760 4267 Latino
2789 4211 2955 4265 verbo
2974 4211 3155 4266 utitur
3181 4210 3476 4283 Lucretius
3503 4217 3562 4266 et

1961 4280 2305 4349 Lactantius,
2352 4280 2464 4336 vel‘
2474 4286 2763 4353 perspicio.
2812 4283 2970 4337 Unde
3009 4280 3302 4353 διορατικὸς,
3340 4286 3557 4350 perspi-

1962 4372 2062 4408 caa:
2085 4357 2159 4408 ad
2184 4352 2685 4418 internoscendum,
2718 4353 2801 4408 uti
2829 4358 3067 4424 usurpat
3096 4352 3549 4424 Chrysostomus,

1961 4426 2359 4507 Damascenus,
2392 4425 2810 4507 {l'phrodisaeus
3014 4422 3304 4507 Budaeum.
3325 4422 3552 4507 Hinc'in

1960 4497 2287 4555 Athanasio.
2311 4497 2380 4549 de
2400 4492 2527 4551 Vita
2545 4497 2724 4551 sancti
2742 4494 2973 4550 Antonii
2996 4514 3007 4548 :
3040 4493 3181 4566 Ἐγὼ
3201 4492 3296 4565 γὰρ
3318 4496 3549 4566 πιστεύω,

1962 4566 2037 4621 ὅτι
2091 4570 2425 4639 καθαρεύουσα
2487 4569 2619 4640 ψυχὴ
2682 4566 3021 4640 πανταχόθεν,
3063 4564 3169 4640 καὶ
3216 4564 3356 4640 κατὰ
3416 4567 3553 4640 φύσιν

1964 4641 2173 4704 ἑστῶσα,
2206 4635 2425 4703 δύναται,
2458 4635 2705 4710 διορατικὴ
2736 4635 2992 4710 γενομὲνη,
3025 4639 3227 4710 πλείονα
3254 4638 3344 4710 acii!
3363 4635 3554 4710 μακρό-

1960 4730 2078 4782 τερα
2102 4711 2294 4779 βλέπειν
2324 4716 2424 4763 τῶν
2453 4708 2720 4782 δαιμόνων.
2750 4708 3077 4782 Ωιιεὲίνθᾼηίῖ
3098 4708 3273 4782 David
3298 4708 3555 4763 Haesche-

285 4778 554 4833 videntur
570 4780 983 4852 deesse.‘Primo
1012 4780 1169 4845 deest
1187 4778 1277 4834 liic
1292 4780 1453 4847 liber,
1473 4797 1639 4852 quem
1651 4778 1884 4835 Photius
1902 4828 1948 4852 η
1965 4778 2075 4835 lius
2091 4778 2109 4834 :7
2135 4802 2156 4833 ι
2184 4778 2682 4836 Persuasissimum
2713 4782 2863 4836 enim
2893 4780 3092 4846 habeo,
3107 4778 3361 4834 animum
3379 4795 3413 4832 a
3431 4794 3554 4850 per-

285 4854 471 4917 vocat,
485 4865 721 4904 numero
733 4849 791 4906 21
822 4851 918 4921 qui
936 4839 1259 4906 Collationcs
1275 4828 1515 4906 contine?
1525 4868 1719 4906 senum
1736 4856 1884 4906 inter
1900 4828 1948 4891 Β
1961 4858 2023 4907 tu
2031 4852 2348 4907 rbationum
2360 4853 2617 4907 sordibus
2632 4857 2951 4918 vacuum,et
2959 4828 3161 4906 natura
3177 4828 3551 4918 constanti—3m,

286 4924 452 4990 ipsos,
489 4922 555 4975 de
582 4925 699 4976 suis
746 4924 1296 4977 considerationibus.
1329 4924 1454 4977 Non
1483 4923 1633 4977 enim
1661 4924 1755 4977 ille
1775 4924 1883 4979 hoc

285 4991 520 5118 guidem
542 4992 669 5074 loco
698 5009 1029 5076 comparare.
1051 4994 1287 5059 videtur,
1313 4994 1426 5076 sed.
1441 4993 1680 5049 habetur
1705 4995 1795 5048 hic
1822 4995 1880 5048 in

332 5070 404 5118 ne
428 5062 557 5117 libri
589 5078 687 5118 vn.
713 5080 747 5118 a
769 5065 1069 5118 Paschasro
1096 5066 1152 5118 S.
1182 5066 1249 5118 R.
1286 5066 1345 5118 E.
1374 5065 1607 5118 diacono
1628 5082 1658 5118 e
1688 5066 1878 5118 Graeco

332 5070 404 5119 ne
428 5062 557 5117 libri
589 5078 687 5127 vn,
713 5080 747 5118 a
769 5062 1069 5119 Paschasio
1096 5066 1152 5119 S.
1182 5066 1249 5119 R.
1286 5066 1345 5119 Ε.
1374 5065 1607 5119 diacono
1628 5082 1658 5119 e
1688 5066 1878 5120 Graeco

284 5134 571 5202 translati,
595 5135 699 5188 hoc
718 5136 915 5192 titulo:
937 5139 1004 5191 De
1020 5138 1469 5190 meditationibus
1489 5139 1877 5191 xnanachore-

286 5212 503 5270 tarum,
528 5207 677 5277 quod
697 5208 886 5261 Griece
898 5211 1077 5262 exstat
1094 5208 1151 5261 in
1169 5209 1501 5277 Augustana
1512 5208 1874 5275 Bibliotheca,

282 5277 410 5333 cod.
435 5277 523 5344 78,
546 5294 609 5331 n:
626 5277 680 5343 2,
712 5279 1029 5350 diciturque
1054 5280 1113 5334 in
1124 5277 1390 5349 Catalogo
1410 5280 1660 5349 ejusdem
1679 5279 1880 5334 Biblio-

282 5350 465 5405 thecae
489 5366 501 5401 :
534 5350 803 5405 Narratio
821 5352 884 5404 de
904 5365 983 5405 x11
1003 5353 1281 5416 Patribus,
1301 5353 1402 5419 qui
1419 5356 1787 5405 convenerunt
1815 5353 1878 5406 de

283 5424 401 5475 suis
450 5422 700 5489 ipsorum
737 5426 876 5475 recte
923 5423 1104 5488 factis.
1150 5421 1403 5477 Secundo
1434 5421 1593 5475 deest
1619 5420 1709 5475 hic
1735 5421 1877 5476 liber

285 5507 455 5563 quem
486 5491 718 5546 Photius
729 5491 900 5546 habet
911 5508 1147 5547 numero
1166 5492 1254 5549 22.
1274 5493 1399 5546 Non
1417 5491 1569 5546 enim
1588 5492 1679 5547 hic
1706 5493 1877 5548 habes

280 5562 513 5630 anomas
543 5579 642 5618 seu
662 5566 960 5618 sententias
981 5565 1255 5631 Hesychii,
1272 5564 1370 5618 sed
1390 5562 1739 5633 prodiereeae
1755 5568 1877 5619 tum

280 5633 477 5691 (ἰὴ-ποθ
495 5637 619 5691 tum
629 5634 831 5692 Latine
847 5634 1070 5693 duabus
1088 5634 1372 5703 centuriis,
1403 5634 1475 5690 ad
1502 5634 1873 5703 Theodulum,

1963 4924 2110 4978 dono
2142 4924 2585 4995 perspicacitatis
2606 4924 2906 4990 imbutum,
2924 4924 3089 4993 longe
3116 4923 3279 4995 plura
3296 4928 3354 4977 et
3372 4937 3553 4977 remo-

1964 4995 2106 5067 tiora
2126 4994 2297 5067 quam
2314 4996 2596 5067 daemones
2618 4996 2933 5067 perspicere
2952 5010 3133 5067 posse.
3144 5013 3169 5067 ρ
3187 4994 3547 5067 Sozomenus,

1963 5066 2000 5119 l.
2028 5080 2065 5132 I,
2101 5065 2160 5120 cf
2179 5066 2259 5132 l3,
2294 5066 2362 5119 de
2382 5072 2573 5122 sancto
2596 5065 2839 5121 Antonio
2868 5084 2878 5119 :
2917 5065 2982 5120 Εἰ
3006 5065 3161 5117 δὲκαὶ
3189 5066 3381 5136 τούτου,
3412 5066 3547 5136 φησὶ,

1963 5138 2097 5210 μέλει
2143 5144 2235 5210 τῷ,
2285 5140 2590 5210 καθαρεύετω
2635 5139 2722 5205 τὴν
2767 5137 2976 5210 ψυχὴν]
3010 5136 3141 5210 τουτὶ
3182 5135 3276 5210 γὲιρ
3320 5135 3551 5210 δύνασθαι

1960 5194 2238 5279 διορατικῆν
2270 5194 2430 5279 Δαὐτὴν
2472 5217 2644 5273 ποιεῖν,
2684 5194 2905 5261 iub-:3;
2943 5194 3202 5279 ἐσομένων
3227 5194 3547 5279 ἐπιστήμονα,

1959 5276 2050 5333 τοῧ
2071 5282 2208 5335 Θεοῦ
2229 5276 2287 5351 τό
2313 5280 2493 5349 μέλλον
2517 5281 2963 5351 προαναφαίνοντος
2987 5296 3000 5332 :
3022 5276 3251 5351 Quodsi
3274 5276 3446 5348 hujtis
3467 5278 3551 5351 rei

1963 5351 2169 5419 (dicere
2191 5348 2388 5405 solitus
2417 5352 2517 5422 est)
2535 5348 2670 5406 cura
2697 5348 2960 5422 cuiquam
2988 5350 3081 5414 sit,
3112 5350 3366 5422 animum
3396 5348 3550 5404 omni

1957 5422 2082 5477 labe
2096 5426 2317 5494 purget;
2336 5421 2619 5494 namillud
2636 5420 2825 5477 solum~
2837 5439 3001 5493 posse
3022 5438 3149 5476 eum
3160 5420 3547 5494 perspicacem

1959 5490 2277 5556 efﬁcere,‘et
2294 5509 2482 5547 rerum
2514 5493 2827 5548 futurarum
2838 5490 3132 5558 scientem,
3158 5490 3272 5547 Deo
3292 5490 3549 5545 videlicet

1961 5566 2108 5637 quod
2137 5567 2390 5621 futurum
2415 5564 2488 5620 sit
2517 5565 3001 5637 praesignificante.
3036 5586 3059 5617 υ
