3966 6184
218 1108 255 1118 σ-

429 274 3658 325 m

901 400 1748 574 VERBA
1857 405 3248 582 SENIORUM.-

899 778 1244 836 LIBELLUS
1273 779 1561 836 PRIMUS.

913 871 986 923 De
1012 869 1258 938 profectu
1291 871 1548 924 Patrum.

512 963 702 1024 ειη
739 957 786 1014 1.
815 957 1188 1028 Interrogavit
1205 958 1432 1029 quidam
1449 957 1710 1012 abbatem
1725 955 2031 1012 Antonium

438 1049 670 1116 (Rufﬁn.
683 1087 698 1113 ,
709 1047 746 1101 ι.
761 1059 818 1102 nl
828 1087 841 1114 ,
859 1063 920 1101 η.
940 1042 1297 1118 108),dicens:
1316 1047 1463 1112 Quid
1473 1046 1792 1102 custodiens
1805 1045 2034 1117 placebo

441 1135 587 1191 Deo?
597 1133 672 1190 Et
692 1135 1035 1208 respondens
1052 1151 1222 1190 senex
1233 1135 1400 1191 dixit:
1424 1136 1558 1201 Quae
1572 1136 1778 1190 mando
1790 1135 1914 1200 tibi,
1942 1151 2034 1188 cu-

445 1225 964 1297 stodi.Quocunque
973 1225 1333 1292 vadis,Deum
1343 1242 1564 1297 semper
1577 1223 1721 1280 habe
1737 1240 1851 1296 prae
1864 1222 2038 1278 oculis

445 1314 585 1369 tuis:
621 1313 756 1369 etin
784 1314 872 1368 his
901 1330 1022 1385 quae
1043 1313 1181 1385 agis,
1197 1313 1402 1369 adhibe
1422 1312 1876 1368 testiﬁcationem
1911 1328 2038 1366 san-

447 1407 667 1459 ctarum
688 1403 1125 1474 Scripturarum;
1149 1407 1206 1458 et
1228 1403 1286 1458 in
1311 1419 1645 1475 quocunque
1670 1403 1788 1457 loco
1803 1401 2034 1467 sederis,

450 1510 562 1550 non
589 1492 697 1548 cito
726 1493 1020 1548 movearis.
1051 1493 1183 1548 Haec
1201 1492 1311 1547 tria
1341 1493 1581 1558 custodi,
1613 1497 1672 1546 et
1697 1491 1881 1546 salvus
1903 1491 2033 1545 eris.

519 1581 574 1640 2.
597 1581 970 1654 Interrogavit
1003 1580 1176 1640 abbas
1204 1581 1414 1636 Pambo
1442 1581 1701 1636 abbatem
1730 1581 2039 1636 Antonium

452 1672 714 1742 (Append.
739 1673 998 1739 Martini,
1031 1688 1090 1726 η.
1113 1671 1226 1740 54),
1249 1671 1468 1726 dicens:
1500 1670 1898 1736 Quidfaciam?
1936 1671 2041 1725 Re-

450 1760 679 1834 spondit
704 1759 756 1814 ei
782 1776 970 1816 senex:
1002 1761 1130 1816 Noli
1150 1761 1342 1816 essein
1372 1766 1472 1815 tua
1488 1759 1714 1831 justitia
1725 1759 2031 1828 conﬁdens;

449 1867 634 1924 neque
659 1849 984 1922 poenitearis
1011 1851 1080 1904 de
1109 1867 1172 1904 re
1194 1855 1497 1916 transacta,
1521 1855 1580 1904 et
1605 1849 1902 1904 continens
1921 1855 2040 1904 esto

451 1937 658 2010 linguae
680 1939 792 1992 tua:
821 1941 880 1991 et
906 1937 1134 1991 ventris.

527 2025 586 2082 3.
607 2024 764 2081 Dixit
779 2029 1006 2080 sanctus
1035 2026 1372 2098 Gregorius:
1405 2025 1551 2091 Quia
1576 2025 1694 2080 hac
1730 2024 1845 2080 tria
1871 2023 2044 2095 exigit

453 2115 604 2172 Deus
615 2113 686 2170 ab
705 2113 862 2170 omni
874 2115 1103 2170 homine
1117 2115 1214 2188 qui
1230 2121 1316 2172 est
1324 2115 1666 2188 baptismum
1678 2120 2010 2170 consecutus
2023 2131 2038 2166 :

2057 2168 2108 2230 B

2043 775 2098 835 Α
2117 775 2374 830 castitate
2393 776 2586 844 animi,
2619 777 2678 832 in
2706 777 3066 850 perceptione
3093 779 3225 836 boni
3253 797 3378 838 cum
3410 786 3601 856 quiete,
3626 794 3672 842 et

2117 881 2287 935 opere
2334 881 2608 921 manuum
2623 871 2852 922 tuarum
2883 887 2894 934 ;
2947 868 3006 922 in
3037 871 3330 926 nocturnis
3379 873 3592 944 vigiliis,
3625 876 3674 931 in

2117 951 2264 1007 fame
2295 958 2350 1008 et
2375 953 2487 1022 siti,
2521 955 2582 1008 in
2613 954 2820 1025 frigore
2844 963 2902 1010 et
2921 957 3195 1026 nuditate,
3217 959 3277 1014 in
3295 959 3582 1028 laboribus,
3606 965 3672 1018 in-

2119 1042 2350 1096 cludens
2373 1047 2431 1096 te
2452 1043 2707 1113 sepulcro
2722 1049 2992 1116 tanquam
3017 1047 3137 1116 jam
3150 1053 3424 1117 mortuus,
3447 1056 3508 1105 ut
3523 1051 3676 1108 videa-

2119 1136 2216 1186 tur
2237 1131 2341 1184 tibi
2370 1147 2493 1186 esse
2523 1132 2778 1202 proxima
2808 1150 2961 1188 mors
2991 1136 3146 1189 omni
3175 1137 3286 1191 die.

2190 1219 2242 1275 9.
2276 1220 2426 1275 Dixit
2445 1220 2616 1276 abbas
2631 1223 2839 1294 Joseph
2866 1222 2949 1296 (6)
2965 1224 3236 1280 Thebaeus
3263 1244 3275 1279 :
3306 1228 3449 1292 Quia
3471 1233 3575 1284 tres
3598 1246 3676 1284 or-

2120 1309 2281 1364 dines
2291 1315 2426 1366 sunt
2447 1311 2804 1366 honorabiles
2829 1313 2890 1366 in
2901 1320 3204 1384 conspectu
3222 1307 3467 1372 Domini.
3489 1319 3679 1374 Primus

2123 1405 2227 1465 est,
2247 1399 2472 1471 quando
2487 1401 2655 1455 homo
2669 1401 3008 1470 inﬁrmatur,
3025 1409 3082 1458 et
3099 1405 3453 1474 adjiciuntur
3463 1407 3512 1460 ei
3529 1413 3682 1462 tenta-

2121 1489 2324 1556 tiones,
2344 1494 2402 1542 et
2419 1505 2546 1544 curn
2563 1491 2878 1560 gratiarum
2890 1493 3109 1551 actione
3129 1494 3364 1566 suscipit
3379 1512 3486 1550 eas.
3510 1497 3684 1552 Secun-

2123 1580 2228 1634 dus
2253 1582 2444 1632 autem
2467 1584 2570 1646 est,
2603 1581 2826 1650 quando
2843 1581 3046 1652 aliquis
3061 1582 3252 1637 omnia
3270 1600 3444 1655 opera
3459 1601 3553 1640 sua
3569 1586 3680 1640 facit

2122 1668 2336 1724 munda
2361 1684 2554 1722 coram
2582 1667 2719 1736 Deo,
2743 1669 2883 1724 nihil
2911 1670 3123 1726 habens
3140 1673 3472 1728 humanum.
3491 1675 3680 1730 Tertius

2132 1775 2283 1825 vero,
2317 1757 2542 1829 quando
2562 1757 2766 1828 aliquis
2790 1759 2950 1814 sedet
2977 1759 3037 1814 in
3055 1760 3407 1832 subjectione
3434 1767 3491 1818 et
3509 1780 3685 1835 praece-

2126 1847 2236 1919 ptis
2252 1847 2436 1902 Patris
2455 1847 2790 1919 spiritualis,
2813 1852 2870 1902 et
2883 1849 3144 1905 omnibus
3161 1852 3408 1924 propriis
3425 1853 3681 1908 renuntiat

2124 1937 2396 1992 voluntati
2404 1935 2525 1991 bus.

2199 2025 2284 2084 10.
2316 2027 2581 2084 Narravit
2608 2025 2780 2083 abbas
2799 2028 3104 2086 Cassianus
3123 2031 3194 2086 de
3225 2031 3470 2104 quodam
3505 2033 3687 2088 Joanne

2129 2117 2456 2189 abbate,qui
2475 2121 2597 2172 erat
2609 2117 2827 2190 primus
2839 2120 3315 2192 congregationis,
3325 2123 3471 2194 quod
3483 2139 3687 2194 magnus

453 2205 512 2260 id
541 2209 645 2272 est,
669 2203 840 2260 fidem
864 2209 1077 2261 rectam
1097 2221 1165 2261 ex
1186 2209 1310 2262 tota
1321 2205 1506 2261 anima
1531 2210 1590 2261 et
1607 2203 2108 2276 virtute,linguae”
2131 2207 2358 2279 quidem
2381 2206 2553 2261 fuerit
2578 2205 2640 2260 in
2671 2205 2786 2262 vita
2821 2224 2927 2263 sua
2982 2208 3286 2280 (Cassium,
3321 2212 3417 2266 lib.
3444 2226 3478 2266 v
3503 2215 3682 2278 quit,

457 2294 886 2362 continentiam,
909 2299 967 2350 et
984 2295 1302 2351 castitatem
1329 2295 1598 2368 corporis.

525 2384 579 2438 4.
611 2383 764 2439 Dixit
777 2382 949 2439 abbas
966 2384 1235 2455 Evagrius
1254 2383 1328 2456 (l)
1345 2403 1357 2438 :
1379 2385 1524 2450 Quia
1539 2384 1805 2440 dicebant
1816 2383 2047 2455 quidam

455 2474 688 2529 Patrum
719 2473 868 2544 quod
890 2473 1087 2528 siccior
1109 2479 1166 2528 et
1183 2490 1298 2529 non
1315 2474 1608 2545 inaequalis
1627 2474 1708 2544 (2)
1718 2473 1894 2528 victus
1913 2473 2046 2527 cha-

461 2561 621 2616 ritati
647 2562 998 2632 conjunctus,
1044 2561 1210 2618 citius
1250 2562 1571 2617 introducat
1609 2562 1948 2617 monachum
1988 2562 2047 2616 in

454 2655 684 2722 portum
703 2649 1170 2721 impassibilitatis
1201 2649 1296 2722 (3).

526 2739 581 2793 5.
612 2739 826 2795 Iterum
840 2738 1014 2793 dixit:
1042 2739 1318 2794 Nuntiata
1329 2740 1505 2812 (4)est
1517 2742 1741 2798 cuidam
1771 2745 2046 2800 monacho

459 2843 614 2882 mors
634 2827 812 2899 patris
827 2827 936 2882 sui.
959 2828 1060 2884 Ille
1087 2833 1277 2884 autem
1295 2829 1375 2884 ait
1389 2830 1460 2885 ad
1487 2847 1616 2886 eum
1633 2832 1730 2903 qui
1751 2833 2050 2890 nuntiabat

457 2915 592 2972 sibi:
623 2917 848 2984 Desine,
869 2916 1073 2990 inquit,
1107 2916 1518 2990 blasphemare;
1540 2937 1698 2976 meus
1715 2923 1866 2977 enim
1888 2929 2050 2996 pater

454 3005 792 3062 immortalis
823 3011 926 3062 est.
1481 3016 1486 3020 '

527 3095 580 3152 6.
594 3095 746 3152 Dixit
755 3095 930 3152 abbas
944 3097 1220 3154 Macarius
1240 3098 1430 3155 abbati
1449 3100 1746 3158 Zachariae:
1763 3102 1864 3157 Dic
1883 3103 2044 3172 mihi,

456 3185 608 3259 quod
657 3188 744 3240 est
773 3201 914 3256 opus
941 3187 1240 3242 monachi?
1281 3188 1434 3244 Dixit
1459 3189 1535 3243 ei:
1572 3190 1662 3244 Me
1705 3191 2044 3263 interrogas,

455 3273 652 3330 Pater?
663 3274 734 3329 Et
751 3274 891 3330 dixit
901 3275 952 3330 ei
970 3274 1142 3331 abbas
1162 3277 1470 3333 Macarius:
1501 3279 1701 3334 Certus
1725 3297 1852 3336 sum
1871 3281 1941 3336 de
1969 3287 2044 3349 te,

457 3363 839 3432 ﬁliZacharia,
870 3370 958 3420 est
983 3365 1136 3421 enirn
1159 3367 1256 3438 qui
1286 3383 1376 3422 me
1389 3367 1580 3438 pulsat
1615 3373 1679 3424 ut
1707 3369 2048 3442 interrogem

455 3461 534 3508 te.
560 3452 714 3508 Dixit
731 3453 784 3508 ei
808 3454 1134 3510 Zacharias:
1168 3455 1454 3520 Quantum
1483 3457 1554 3512 ad
1587 3475 1692 3526 me,
1727 3459 1915 3528 Pater,
1944 3462 2050 3517 hoc

457 3545 595 3615 puto
607 3541 874 3614 quoniam
885 3542 1206 3616 quicunque
1233 3546 1600 3618 semetipsum
1621 3549 2048 3606 necessitatibus

459 3630 764 3704 subjecerit
789 3638 959 3704 atque
982 3633 1247 3704 coegerit,
1262 3635 1382 3706 ipse
1401 3641 1488 3691 est
1499 3638 1832 3694 monachus.

531 3719 585 3776 7.
617 3720 890 3777 Dicebant
923 3722 993 3776 de
1021 3721 1225 3778 abbate
1253 3724 1564 3793 Theodoro,
1593 3727 1684 3780 cui
1723 3732 1810 3782 est
1833 3745 2052 3800 pramo-

2128 2311 2245 2366 cap.
2262 2295 2374 2365 28).
2401 2295 2507 2350 Hic
2526 2301 2716 2351 autem
2735 2313 2866 2352 cum
2885 2297 3196 2354 moriturus
3209 2305 3362 2356 esset
3379 2305 3437 2356 et
3449 2301 3686 2356 discessu-

2127 2403 2228 2442 rus
2237 2402 2367 2442 cum
2389 2385 2675 2442 hilaritate
2690 2391 2747 2442 et
2764 2387 3052 2460 proposito
3073 2389 3284 2450 mentis
3305 2389 3379 2444 ad
3396 2390 3683 2455 Dominum,

2129 2476 2623 2532 circumsteterunt
2648 2493 2777 2531 eum
2799 2477 3022 2546 fratres,
3054 2484 3324 2550 rogantes
3362 2479 3583 2536 verbum
3605 2478 3690 2532 ali-

2131 2567 2281 2638 quod
2297 2567 2758 2638 compendiosum
2777 2572 2834 2622 et
2850 2569 3098 2624 salutare
3116 2570 3238 2624 loco
3254 2569 3589 2625 hereditatis
3599 2569 3686 2624 sibi

2131 2655 2200 2710 ab
2231 2656 2428 2710 eodem
2449 2656 2710 2728 relinqui,
2740 2673 2842 2728 per
2871 2657 3020 2728 quod
3049 2663 3282 2729 possent
3310 2659 3595 2714 ascendere
3627 2657 3686 2712 ad

2129 2745 2550 2818 perfectionem,
2593 2763 2715 2817 quae
2746 2751 2834 2800 est
2854 2747 2914 2802 in
2943 2747 3189 2802 Christo.
3219 2749 3326 2802 Ille
3347 2754 3528 2803 autem
3555 2747 3688 2818 inge-

2128 2835 2392 2904 miscens,
2424 2835 2506 2890 ait
2531 2852 2543 2887 :
2573 2835 2880 2907 Nunquam
2907 2835 3014 2890 feci
3042 2837 3337 2909 propriam
3357 2838 3688 2900 Voluntatem,

2129 2941 2234 2980 nec
2263 2925 2514 2996 aliquem
2542 2925 2706 2980 docui
2733 2925 3066 2996 quidquam,
3100 2927 3248 2998 quod
3281 2944 3388 2998 ego
3414 2927 3560 2998 prius
3593 2926 3691 2997 ipse

2129 3031 2243 3070 non
2262 3015 2510 3070 fecerim.

2200 3105 2292 3160 11.
2326 3105 2525 3160 Frater
2567 3105 2942 3177 interrogavit
2969 3121 3182 3173 senem,
3213 3107 3410 3162 dicens
3437 3125 3448 3160 :
3477 3107 3598 3172 Quae
3618 3120 3691 3159 res

2132 3195 2213 3248 sic
2243 3193 2392 3250 bona
2419 3199 2522 3262 est,
2550 3211 2720 3267 quam
2747 3194 2970 3264 faciam,
3003 3201 3062 3250 et
3076 3195 3256 3251 vivam
3290 3197 3352 3251 in
3368 3197 3476 3251 ea?
3503 3196 3565 3250 Et
3578 3194 3695 3249 dixit

2132 3300 2332 3339 senex:
2360 3284 2516 3340 Deus
2541 3285 2693 3340 solus
2720 3286 2840 3352 scit,
2877 3285 3026 3357 quod
3045 3285 3257 3340 bonum
3280 3292 3388 3352 est;
3419 3287 3512 3340 sed
3531 3291 3693 3340 tamen

2132 3373 2319 3428 audivi
2333 3374 2466 3446 quia
2477 3374 2846 3447 interrogavit
2859 3391 3007 3430 unus
3019 3375 3253 3430 Patrum
3263 3375 3522 3430 abbatem
3541 3375 3693 3428 Niste-

2071 3490 2118 3552 C
2131 3479 2328 3518 ronem
2356 3480 2644 3534 magnum,
2663 3463 2759 3536 qui
2779 3470 2902 3519 erat
2923 3463 3138 3519 amicus
3163 3464 3389 3519 abbatis
3403 3463 3631 3528 Antonii,
3646 3465 3696 3552 et

2131 3552 2273 3607 dixit
2292 3552 2343 3607 ei
2369 3571 2380 3606 :
2425 3553 2586 3617 Quod
2623 3569 2763 3625 opus
2794 3559 2879 3609 est
2907 3553 3114 3608 bonum
3141 3559 3205 3608 ut
3233 3553 3486 3608 faciam?
3525 3553 3586 3607 Et
3611 3551 3688 3604 ille

2133 3643 2424 3714 respondit
2443 3643 2521 3698 ei:
2551 3644 2677 3698 Non
2707 3649 2840 3698 sunt
2859 3660 3030 3714 opera
3059 3643 3247 3698 omnia
3277 3643 3530 3714 aequalia.
3568 3639 3693 3695 Scri-

2135 3739 2304 3805 ptura
2329 3733 2464 3788 dicit
2473 3733 2498 3802 ί
2500 3733 2630 3790 Gen.
2645 3737 2822 3798 xxrn):
2838 3733 2983 3796 Quia
2991 3732 3277 3787 Abraham
3300 3731 3580 3804 hospitalis
3589 3729 3690 3783 fuit.

461 3825 593 3866 men
621 3809 690 3864 de
715 3810 956 3866 Pherme
976 3811 1076 3884 (5),
1109 3811 1206 3882 qui
1233 3811 1354 3867 haec
1380 3813 1492 3868 tria
1519 3815 1762 3886 capitula
1787 3817 2054 3874 habuerit
2138 3829 2196 3878 et
2212 3823 2362 3878 Deus
2373 3827 2495 3876 erat
2507 3839 2636 3876 cum
2655 3823 3020 3888 meum
3040 3822 3188 3876 Elias
3200 3821 3472 3892 diligebat
3484 3820 3696 3891 quietem

461 3914 636 3971 supra
661 3899 886 3965 multos,
927 3899 986 3954 id
1033 3904 1139 3968 est,
1170 3901 1310 3956 nihil
1337 3903 1678 3974 possidendi,
1710 3904 2048 3978 abstinendi,

356 4027 359 4029 -
462 3986 724 4042 homines
751 3987 1025 4059 fugiendi.

2138 3917 2194 3967 et
2221 3913 2370 3967 Deus
2386 3916 2508 3966 erat
2527 3927 2656 3966 cum
2676 3927 2760 3966 eo.
2785 3911 2854 3966 Et
2872 3911 3048 3965 David
3079 3911 3316 3966 humilis
3332 3915 3470 3974 erat,
3502 3915 3553 3963 et
3574 3909 3696 3962 Deus

2137 4007 2258 4056 erat
2277 4001 2557 4072 cumipso.
2575 4000 2735 4064 Quod
2751 4016 2884 4072 ergo
2895 4000 3050 4055 vides
3068 4000 3382 4056 secundum
3395 4001 3564 4054 Deum
3579 3995 3696 4050 velle

531 4073 588 4134 8.
609 4075 762 4132 Dixit
778 4075 952 4132 abbas
968 4079 1213 4134 Joannes
1229 4079 1426 4136 Nanus
1450 4098 1462 4134 :
1485 4083 1602 4154 Ego
1628 4085 1752 4140 volo
1766 4085 2055 4143 hominem
2137 4092 2384 4146 animam
2405 4096 2584 4156 tuam,
2615 4090 2721 4144 hoc
2740 4088 2846 4156 fac,
2879 4095 2936 4144 et
2951 4089 3168 4144 custodi
3197 4105 3296 4144 cor
3313 4095 3475 4144 tuum
3502 4129 3514 4140 .

461 4181 530 4222 ex
540 4165 802 4221 omnibus
823 4165 1126 4223 virtutibus
1135 4169 1441 4242 percipere.
1465 4172 1662 4245 Itaque
1683 4191 1786 4246 per
1804 4177 2056 4248 singulos

459 4255 582 4312 dies
601 4271 839 4327 surgens
856 4257 1116 4325 mane,de
1137 4259 1290 4314 omni
1305 4260 1510 4318 virtute
1529 4279 1690 4318 sume
1707 4265 2048 4339 principium

459 4349 518 4402 et
543 4344 874 4401 mandatum
899 4345 1002 4402 Dei
1029 4349 1246 4404 custodi
1272 4349 1334 4405 in
1362 4367 1570 4424 magna
1597 4353 1889 4425 patientia,
1921 4374 2050 4412 cum

458 4434 665 4490 timore
685 4438 743 4490 et
758 4435 1209 4506 longanimitate,
1240 4438 1301 4494 in
1327 4440 1602 4497 charitate
1633 4443 1755 4511 Dei,
1787 4461 1914 4500 cum
1928 4463 2056 4518 pro-

459 4524 644 4596 posito
671 4523 875 4578 animae
927 4529 984 4580 et
1045 4527 1314 4598 corporis,
1368 4535 1426 4584 et
1481 4530 1802 4588 humilitate
1850 4536 2048 4592 multa:

460 4613 524 4668 in
567 4612 859 4685 patientia,
915 4613 976 4668 in
1031 4613 1394 4672 tribulatione
1451 4620 1637 4675 cerdis
1689 4627 1748 4676 et
1799 4623 2053 4679 observa-

461 4700 656 4770 tionis,
689 4701 750 4758 in
779 4703 1032 4758 oratione
1073 4704 1255 4760 multa
1278 4710 1336 4761 et
1376 4709 1892 4781 supplicationibus,
1925 4731 2053 4769 cum

2208 4180 2299 4236 12.
2331 4179 2484 4235 Dixit
2511 4177 2684 4234 abbas
2703 4179 2933 4233 Pastor:
2969 4179 3114 4243 Quia
3131 4179 3438 4244 custodire,
3457 4183 3512 4232 et
3527 4181 3698 4231 semet-

2137 4271 2320 4344 ipsum
2341 4270 2715 4336 considerare,
2737 4273 2795 4324 et
2813 4269 3210 4324 discretionem
3225 4268 3456 4335 habere,
3479 4268 3582 4321 hac
3608 4263 3698 4318 tria

2137 4363 2492 4433 operationes
2513 4364 2646 4414 sunt
2656 4359 2856 4414 anima:
2867 4398 2880 4412 .

2219 4450 2296 4506 l3.
2313 4451 2511 4505 Frater
2522 4450 2752 4521 quidam
2775 4449 3146 4520 interrogavit
3163 4465 3315 4516 eum,
3340 4449 3549 4503 dicens:
3571 4443 3696 4507 Quo-

2139 4539 2304 4594 modo
2333 4539 2500 4594 debet
2525 4539 2692 4594 homo
2722 4539 3037 4592 conversari
3055 4540 3078 4592 '2
3105 4537 3417 4610 Respondit
3444 4535 3493 4591 ei
3513 4547 3690 4590 senex:

2143 4628 2397 4684 Vidimus
2438 4627 2748 4694 Danielem,
2785 4627 2917 4698 quia
2941 4644 3054 4682 non
3080 4635 3166 4682 est
3191 4627 3424 4682 inventa
3451 4619 3695 4679 accusatio

2139 4719 2280 4790 ejus,
2313 4717 2422 4772 nisi
2451 4717 2520 4771 de
2549 4717 2774 4771 servitio
2795 4717 2946 4788 quod
2975 4715 3270 4770 exhibebat
3296 4716 3416 4771 Deo
3447 4729 3561 4768 suo.

460 4790 763 4860 gemitibus
794 4811 808 4846 :
861 4791 923 4846 in
968 4793 1218 4864 puritate
1271 4800 1330 4851 et
1374 4798 1654 4854 munditia
1709 4801 1932 4872 linguae,
2001 4810 2126 4872 etD
2210 4807 2300 4862 14.
2332 4806 2484 4861 Dixit
2519 4805 2751 4860 iterum:
2793 4806 2937 4870 Quia
2965 4811 3290 4876 paupertas,
3325 4801 3616 4864 tribulatio,
3652 4803 3698 4852 et

463 4879 716 4936 custodia
767 4881 1078 4950 oculorum,
1109 4883 1378 4955 injuriam
1407 4887 1644 4959 patiens,
1707 4894 1764 4944 et
1791 4906 1904 4946 non
1947 4893 2058 4948 ira-

464 4982 669 5034 scens;
729 4970 1013 5056 pacificus,
1091 4978 1151 5028 et
1203 4991 1318 5030 non
1379 4976 1620 5032 reddens
1683 4980 1899 5036 malum
1954 4998 2056 5053 pro

464 5055 645 5123 malo;
693 5073 807 5113 non
862 5055 1156 5118 attendens
1209 5065 1277 5119 ad
1343 5064 1481 5120 vitia
1535 5067 1779 5124 aliorum
1803 5113 1818 5136 ,
1874 5087 2057 5143 neque

463 5143 710 5217 teipsum
731 5149 1000 5217 exaltans;
1018 5152 1116 5206 sed
1136 5157 1255 5208 esto
1275 5153 1532 5211 subditus
1545 5161 1603 5212 et
1620 5157 1890 5214 humilior
1902 5163 2056 5218 omni

465 5238 756 5302 creaturae,
788 5238 1162 5296 renuntiando
1196 5243 1349 5298 omni
1393 5245 1643 5302 materiae
1673 5250 1968 5320 corporali,
2003 5259 2060 5308 et

465 5322 554 5378 his
574 5338 700 5396 qua
724 5325 1034 5382 secundum
1057 5345 1283 5386 carnem
1309 5339 1460 5399 sunt,
1486 5335 1548 5390 in
1565 5337 1837 5404 cruciatu,
1859 5340 1919 5394 in
1943 5358 2058 5396 cer-

465 5409 700 5482 tamine,
727 5413 787 5470 in
816 5414 1134 5474 humilitate
1157 5420 1407 5492 spiritus,
1440 5425 1499 5480 in
1519 5424 1666 5482 bona
1694 5429 1978 5486 voluntate
2000 5436 2058 5486 et

466 5503 807 5562 abstinentia
832 5504 1112 5577 spirituali
1144 5527 1158 5575 ;
1201 5510 1262 5566 in
1299 5513 1534 5583 jejunio,
1565 5516 1625 5571 in
1673 5519 1965 5589 patientia,
1995 5522 2055 5578 in

466 5595 624 5662 ﬂetu,
653 5593 711 5652 in
736 5595 1043 5653 certamine
1065 5615 1284 5672 pugnae,
1308 5600 1366 5657 in
1385 5604 1719 5663 discretione
1743 5609 1961 5680 judicii,
1993 5611 2053 5669 in

2139 4897 2420 4963 discretio,
2452 4895 2536 4950 hae
2563 4901 2697 4950 sunt
2724 4895 3076 4967 Operationes
3115 4894 3384 4950 solitariae
3415 4893 3534 4946 vita
3565 4889 3696 4960 (App.

2141 4990 2330 5053 Mart,
2365 5002 2523 5040 num.
2545 4983 2598 5052 8,
2649 4988 2812 5039 titqu
2839 4983 3086 5054 May/sis).
3121 4983 3409 5055 Scriptum
3472 4985 3553 5035 est
3570 4976 3697 5032 enim

2141 5077 2355 5147 (Ezech.
2389 5076 2528 5144 xrv):
2565 5073 2708 5139 Quia
2737 5074 2783 5128 si
2811 5073 3020 5128 fuerint
3047 5073 3102 5127 hi
3131 5079 3248 5127 tres
3275 5073 3402 5139 viri,
3433 5071 3563 5134 Noe,
3593 5063 3694 5128 Job,

2141 5171 2197 5220 et
2227 5165 2423 5220 Daniel
2447 5183 2458 5219 :
2490 5165 2611 5218 Noe
2639 5180 2936 5235 personam
2957 5161 3128 5218 habet
3141 5162 3280 5216 nihil
3299 5157 3695 5232 possidentium,

2139 5255 2166 5308 J
2173 5253 2242 5308 ob
2271 5258 2460 5308 autem
2489 5269 2786 5324 personam
2801 5251 3219 5319 tribulantium,
3237 5250 3436 5306 Daniel
3456 5262 3576 5302 vero
3600 5243 3695 5297 dis-

2138 5342 2506 5398 cernentium.
2551 5343 2612 5396 Si
2661 5359 2793 5411 ergo
2835 5348 2969 5396 sunt
2994 5341 3079 5396 hae
3123 5344 3240 5395 tres
3267 5339 3512 5394 actiones
3531 5335 3582 5390 in
3610 5333 3693 5387 ho-

2138 5433 2308 5499 mine,
2337 5433 2486 5486 Deus
2514 5431 2733 5486 habitat
2763 5431 2820 5485 in
2855 5447 2940 5486 eo.

2207 5523 2295 5576 15.
2326 5522 2479 5577 Dixit
2521 5520 2696 5576 abbas
2731 5521 2958 5576 Pastor:
2994 5519 3137 5585 Quia
3175 5519 3220 5575 si
3247 5519 3389 5573 duas
3420 5533 3507 5572 res
3537 5509 3694 5570 oderit

2137 5611 2464 5678 monachus,
2488 5617 2674 5683 potest
2692 5610 2835 5667 liber
2856 5627 2978 5666 esse
2998 5610 3068 5666 ab
3099 5611 3203 5666 hoc
3225 5608 3455 5664 mundo.
3488 5605 3554 5661 Et
3577 5599 3696 5657 dixit
