3976 6186
282 321 386 379 857

280 538 738 609 repausationem
756 543 813 591 et
831 554 1033 592 vanam
1050 539 1309 608 gloriam.

354 626 440 681 l6.
476 626 749 682 Dicebant
776 626 845 681 de
874 626 1075 682 abbate
1100 627 1314 682 Pambo
1342 629 1602 698 (Rufﬁn.,
1636 632 1673 683 ι.
1704 643 1785 695 1n,
1820 646 1877 685 η.

281 712 427 783 160),
456 716 592 786 quia
604 716 662 770 in
687 716 811 787 ipsa
836 717 977 771 hora
1005 733 1116 788 qua
1142 716 1462 772 discedebat
1489 734 1556 771 ex
1596 718 1701 772 hac
1745 718 1877 784 vita,

271 804 417 858 dixit
446 804 761 859 astantibus
788 805 895 859 sibi
926 806 1058 860 viris
1074 806 1280 860 sanctis
1305 825 1316 860 :
1351 806 1495 870 Quia
1524 823 1589 860 ex
1614 824 1723 877 quo
1754 808 1879 861 veni

270 894 332 947 in
363 895 515 948 hunc
532 895 717 949 locum
745 894 1082 961 solitudinis,
1114 899 1171 949 et
1200 894 1460 949 fabricavi
1490 896 1628 949 mihi
1658 896 1875 959 cellam,

272 988 333 1037 et
356 982 625 1049 habitavi,
642 990 801 1038 extra
816 983 1065 1037 laborem
1081 1001 1350 1039 manuum
1371 1001 1625 1039 mearum
1645 1002 1757 1039 non
1795 1004 1879 1040 re-

270 1073 396 1125 colo
426 1089 519 1126 me
547 1073 852 1127 comedisse
873 1090 1098 1144 panem,
1122 1090 1304 1144 neque
1326 1074 1652 1144 paenituisse
1675 1076 1742 1127 de
1756 1091 1877 1128 ser-

268 1178 462 1228 mone,
497 1178 665 1232 quem
691 1162 912 1216 locutus
940 1178 1066 1216 sum
1096 1179 1274 1233 usque
1298 1162 1361 1227 in
1393 1164 1536 1217 hanc
1564 1164 1780 1217 horam.
1810 1165 1878 1218 Et

267 1250 353 1303 sic
386 1250 529 1304 vado
560 1252 630 1304 ad
661 1251 981 1317 Dominum,
1017 1251 1295 1321 quomodo
1317 1252 1412 1322 qui
1436 1267 1538 1305 nec
1566 1252 1787 1306 initium
1806 1252 1879 1305 fe-

268 1339 447 1393 cerim
479 1340 754 1394 serviendi
791 1340 925 1394 Deo.

344 1447 437 1501 17.
470 1446 625 1500 Dixit
661 1446 833 1500 abbas
887 1447 1093 1501 Sisois:
1147 1447 1277 1500 Esto
1328 1447 1781 1518 contemptibilis,
1824 1456 1880 1503 et

269 1537 591 1607 voluptates
620 1541 748 1590 tuas
776 1541 903 1607 post
928 1542 1151 1606 tergum
1178 1540 1337 1590 tuum
1380 1537 1588 1607 projicc
1614 1556 1626 1603 ;
1657 1542 1714 1590 et
1757 1543 1876 1592 esto

270 1623 418 1679 liber
442 1631 501 1678 et
526 1642 756 1679 securus
786 1642 819 1679 a
838 1624 1197 1679 saecularibus
1218 1623 1384 1691 curis,
1419 1630 1476 1679 et
1503 1624 1734 1679 habebis
1786 1644 1876 1680 rc-

272 1730 465 1785 qulem
476 1753 488 1767 .

1584 323 1825 380 VERBA
1862 322 2252 380 SENIORUM.

277 447 491 502 frater:
524 449 660 513 Quae
680 453 814 503 sunt
840 448 962 503 istae
983 448 1007 502 ?
1032 451 1103 505 Et
1138 448 1280 503 dixit
1324 464 1527 504 senex:
1576 449 1879 504 Carnalem
1901 447 1953 510 Α

3455 332 3558 390 858

2369 451 2531 507 LIBE
2541 452 2719 510 LLUS
2749 455 3141 512 SECUNDUS.

2593 546 2666 598 De
2705 548 2900 613 quiete.

2040 630 2095 686 1.
2133 629 2289 684 Dixit
2316 630 2488 685 abbas
2502 633 2813 687 Antonius:
2845 633 3213 707 Sicutpisces,
3241 636 3559 691 sitardave-

1967 724 2083 773 rint
2110 719 2167 773 in
2199 720 2363 786 sicco,
2392 721 2740 789 moriuntur;
2773 722 2855 776 ita
2881 729 2939 777 et
2972 725 3229 779 monachi
3267 725 3558 780 tardantes

1963 812 2119 861 extra
2139 809 2355 874 cellam,
2389 815 2489 863 aut
2512 826 2642 864 cum
2655 810 2787 864 viris
2800 812 3157 867 saecularibus
3169 813 3555 877 immorantes,

1961 913 1995 949 a
2025 896 2230 966 quietis
2253 898 2535 968 proposito
2549 899 2908 954 revolvuntur
2939 902 3126 969 (Ra/71,
3159 906 3195 955 ι.
3231 916 3315 966 III,
3352 918 3412 955 η.
3434 900 3556 964 109,

1960 990 2183 1039 nomine
2209 988 2435 1053 Mog/sis;
2469 993 2515 1039 et
2549 990 2605 1040 in
2651 989 3029 1055 VitaAntom’z',
3046 1006 3163 1057 cap.
3198 989 3560 1061 52).Oportet

1960 1090 2093 1144 ergo
2122 1076 2266 1129 sicut
2293 1076 2501 1146 piscem
2511 1076 2568 1130 in
2596 1076 2849 1142 mari,ita
2872 1084 2926 1132 et
2946 1095 3048 1131 nos
3063 1079 3133 1132 ad
3153 1080 3351 1133 cellam
3367 1096 3557 1134 recur-

1958 1179 2082 1217 rere
2099 1183 2111 1229 ;
2128 1181 2198 1217 ne
2228 1164 2371 1219 forte
2392 1165 2526 1219 foris
2536 1166 2844 1232 tardantes,
2861 1166 3254 1221 obliviscamur
3275 1168 3559 1223 interioris

1959 1253 2243 1307 custodia.

2032 1340 2083 1397 ‘2.
2102 1342 2467 1397 Dixititerum
2486 1362 2496 1396 :
2521 1345 2628 1408 Qui
2643 1345 2802 1399 sedet
2817 1344 2875 1399 in
2894 1346 3215 1413 solitudine,
3233 1351 3289 1400 et
3303 1346 3557 1416 quiescit,

1961 1446 1993 1483 a
2022 1430 2200 1485 tribus
2233 1430 2389 1485 bellis
2412 1433 2650 1503 eripitur
2674 1434 2759 1500 ;id
2781 1440 2886 1499 est,
2920 1435 3165 1500 auditus,
3182 1435 3563 1499 locutionis,et

1962 1519 2109 1573 visus
2131 1539 2142 1586 ;
2161 1526 2215 1573 et
2228 1526 2423 1575 contra
2437 1538 2612 1576 unum
2632 1524 3021 1577 tantummodo
3033 1523 3262 1578 habebit
3288 1540 3556 1595 pugnam,

1962 1608 2017 1661 id
2048 1614 2151 1673 est,
2185 1610 2387 1663 cordis.

2035 1698 2085 1751 5.
2116 1698 2302 1753 Abbas
2330 1701 2598 1755 Arsenius
2622 1703 2786 1770 (Καθ’.
2812 1706 2849 1757 l.
2881 1717 3030 1756 nun.
3057 1702 3199 1769 190).
3219 1718 3345 1755 cum
3373 1702 3557 1758 adhuc

689 1803 898 1857 Chame
927 1818 1053 1856 cum
1082 1808 1228 1856 esset
1257 1802 1728 1868 moriturus,dixit
1740 1803 1872 1856 ﬁliis
1902 1763 2110 1840 Besset
2136 1787 2196 1841 in
2226 1789 2455 1859 Palatio,
2499 1790 2678 1843 ονανίῖ
2714 1791 2783 1843 ad
2814 1790 3136 1856 Dominum,
3182 1790 3401 1844 dicens:
3450 1791 3558 1845 ΠΟ·

271 1891 422 1948 suis:
446 1892 634 1946 Nolite
653 1891 908 1946 habitare
925 1908 1050 1945 cum
1074 1890 1349 1945 haereticis
1373 1912 1385 1954 ;
1415 1908 1597 1962 neque
1618 1891 1872 1947 habeatis

270 1980 538 2034 notitiam
552 1981 808 2051 judicum
834 1999 846 2047 ;
881 1997 1062 2052 neque
1082 1980 1197 2034 sint
1220 1996 1423 2034 manus
1439 1986 1637 2036 vestrae
1666 1986 1873 2055 apexjae

271 2069 345 2122 ad
370 2069 588 2141 aliquid
606 2070 1080 2140 congregandum,
1098 2069 1195 2123 sed
1218 2069 1332 2123 sint
1350 2068 1527 2140 magis
1544 2074 1782 2124 extensae
1802 2071 1874 2126 ad

269 2157 658 2212 tribuendum.

346 2247 438 2303 19.
472 2248 670 2302 Frater
719 2247 1085 2319 interrogavit
1112 2263 1305 2302 senem
1338 2264 1351 2304 :
1392 2247 1681 2312 Quomodo
1725 2250 1877 2303 venit

270 2336 449 2390 timor
462 2337 565 2391 Dei
578 2337 635 2391 in
651 2337 938 2391 hominem
954 2335 1060 2391 ‘?Et
1079 2337 1220 2391 dixit
1237 2352 1408 2391 senex
1424 2355 1435 2390 :
1459 2337 1517 2402 Si
1530 2337 1874 2393 habethomo

271 2425 655 2480 humilitatem
672 2431 730 2481 et
749 2430 1157 2497 paupertatem,
1174 2431 1231 2480 et
1248 2442 1361 2480 non
1376 2426 1592 2496 judicet
1610 2426 1869 2491 alterum,

271 2515 353 2570 sic
379 2514 536 2570 venit
560 2515 621 2570 in
650 2532 716 2569 eo
738 2516 907 2570 timor
932 2516 1155 2571 Domini
1183 2516 1428 2583 (Pasch.,
1462 2532 1506 2569 c.
1547 2515 1636 2582 21,
1687 2532 1745 2570 η.
1793 2515 1870 2578 ‘2).

343 2620 435 2679 20.
469 2623 619 2676 Dixit
647 2635 813 2677 senex
840 2642 851 2676 :
884 2623 1096 2689 Timor,
1129 2628 1187 2676 et
1214 2622 1522 2689 humilitas,
1564 2626 1621 2677 et
1651 2628 1873 2694 egestas

271 2712 623 2779 victualium,
648 2719 702 2767 et
720 2713 981 2785 planctus
1002 2717 1271 2767 maneant
1297 2712 1357 2766 in
1376 2718 1433 2766 te
1462 2713 1689 2782 (Pasch.,
1714 2730 1758 2766 c.
1782 2712 1871 2781 21,

275 2818 334 2855 η.
370 2800 449 2871 3).

339 2907 433 2965 ‘21.
462 2908 736 2963 Dicebant
762 2926 894 2979 ergo
915 2909 1144 2979 quidam
1172 2925 1371 2963 senum
1394 2928 1405 2962 :
1430 2909 1714 2981 Quidquid
1743 2912 1870 2966 odio

270 2997 466 3064 habes,
498 2999 595 3052 alii
622 3015 692 3053 ne
720 2998 888 3053 facias
914 3000 1172 3070 (Ruf/in.,
1210 3002 1247 3052 ι.
1280 3013 1363 3064 III,
1397 3015 1455 3053 η.
1494 2997 1621 3066 153;
1654 3001 1867 3067 Pasch.,

271 3105 317 3141 ε.
352 3086 443 3153 16,
474 3105 533 3142 n.
561 3086 636 3156 2).
671 3087 729 3142 Si
753 3088 874 3162 odis
902 3088 997 3158 qui
1019 3087 1119 3141 tibi
1140 3088 1287 3141 male
1310 3088 1577 3158 loquitur,

271 3177 423 3231 male
452 3177 700 3248 loquaris
729 3178 798 3231 de
818 3178 1006 3247 aliquo
1031 3178 1111 3245 ;si
1133 3176 1259 3231 odio
1289 3176 1461 3231 habes
1492 3177 1589 3247 qui
1629 3178 1732 3231 tibi
1781 3196 1870 3233 ca-

270 3267 550 3320 lumniam
572 3266 721 3333 facit,
751 3283 931 3337 neque
950 3272 1013 3320 tu
1042 3266 1211 3319 facias
1224 3266 1391 3320 alicui
1415 3266 1754 3321 calumniam
1780 3287 1791 3335 ;
1824 3269 1872 3322 si

270 3355 400 3409 odio
428 3355 605 3409 habes
635 3355 729 3426 qui
752 3361 805 3409 te
832 3355 890 3408 in
918 3356 1259 3409 calumniam
1288 3355 1464 3420 ducit,
1505 3338 1601 3410 a°ut
1645 3356 1871 3427 injuriis

270 3446 509 3516 appetit,
540 3451 640 3499 aut
668 3445 850 3500 aufert
878 3445 1027 3516 quod
1056 3450 1217 3499 tuum
1247 3450 1350 3511 est,
1383 3449 1483 3499 aut
1510 3446 1724 3517 aliquid
1758 3447 1870 3501 tale

270 3533 423 3601 facit,
455 3539 519 3587 tu
552 3535 692 3588 nihil
724 3535 923 3589 horum
951 3534 1123 3588 facias
1152 3535 1433 3605 cuiquam.
1468 3535 1574 3601 Qui
1604 3552 1737 3606 ergo
1768 3536 1873 3591 hoc

270 3624 508 3678 verbum
537 3623 819 3679 custodire
846 3629 1048 3695 potest,
1074 3623 1281 3678 sufﬁcit
1309 3624 1360 3678 ei
1392 3624 1463 3678 ad
1490 3625 1752 3681 salutem.

341 3727 432 3785 ‘2‘2.
466 3729 621 3784 Dixit
647 3747 848 3785 senex:
901 3731 1032 3785 Vita
1060 3730 1323 3785 monachi
1365 3731 1482 3786 haec
1525 3737 1629 3799 cst,
1678 3749 1866 3804 opera,

272 3817 617 3883 obedientia,
647 3819 958 3886 meditatio,
982 3824 1040 3873 et
1059 3825 1123 3874 ut
1140 3836 1252 3874 non
1269 3820 1506 3890 judicet,
1531 3826 1630 3876 aut
1642 3839 1757 3877 non
1779 3822 1871 3877 ob-

270 3907 558 3979 loquatur,
593 3914 692 3962 aut
718 3924 830 3962 non
867 3913 1202 3964 murmuret.
1238 3909 1520 3981 Scriptum
1548 3914 1634 3965 est
1677 3911 1864 3965 enim:

272 3995 379 4060 Qui
404 3996 644 4066 diligitis
675 3997 1000 4063 Dominum,
1033 3998 1183 4052 odite
1214 3999 1427 4053 malum
1483 4000 1645 4070 (Psal.
1701 4008 1867 4066 xcvl).

269 4084 535 4140 Monachi
563 4085 675 4139 vita
690 4085 808 4140 haec
837 4091 939 4153 est,
968 4102 1081 4141 non
1112 4087 1331 4157 ingredi
1363 4104 1492 4142 cum
1521 4088 1754 4159 injusto,
1777 4107 1872 4145 ne-

272 4191 379 4246 que
410 4174 603 4229 videre
631 4176 803 4230 oculis
837 4175 954 4229 suis
998 4177 1166 4243 mala,
1209 4192 1391 4248 neque
1428 4178 1644 4233 curiose
1683 4195 1869 4249 agere,

272 4280 459 4335 neque
488 4264 749 4331 scrutari,
768 4282 951 4336 neque
971 4265 1167 4320 audire
1182 4266 1393 4334 aliena;
1412 4283 1594 4339 neque
1613 4269 1873 4324 manibus

274 4353 612 4425 rapere,sed
625 4354 805 4424 magis
818 4354 1091 4413 tribuere;
1125 4372 1308 4427 neque
1344 4356 1634 4428 superbire
1664 4359 1828 4413 corde
1857 4379 1869 4427 ;

1954 1875 2318 1947 minc,dirige
2339 1894 2428 1932 me
2459 1879 2531 1932 ad
2547 1880 2805 1933 salutem.
2837 1880 2905 1933 Et
2924 1881 3074 1933 venit
3090 1880 3140 1933 ei
3168 1895 3288 1944 vox,
3322 1880 3511 1933 dicens
3538 1897 3549 1931 :

1954 1965 2172 2031 Arseni,
2192 1966 2325 2037 fuge
2350 1967 2627 2029 homines,
2645 1974 2702 2022 et
2714 1968 3035 2023 salvaberis.
3054 1970 3210 2023 Idem
3239 1969 3547 2039 ipsedisce-
3637 1990 3647 1997 δ

1955 2054 2093 2108 dens
2104 2055 2174 2109 ad
2191 2057 2564 2111 monachilem
2587 2058 2779 2123 vitam,
2813 2075 3039 2113 rursum
3067 2059 3264 2124 oravit,
3290 2057 3551 2112 eumdem

1957 2160 2274 2199 sermonem
2326 2144 2536 2200 dicens.
2610 2147 2948 2217 Audivitque
3017 2163 3208 2201 vocem
3273 2147 3555 2201 dicentem

1958 2232 2088 2286 sibi:
2127 2234 2342 2300 Arseni,
2373 2234 2523 2305 fuge,
2574 2241 2718 2303 tace,
2779 2236 3041 2306 quiesce;
3076 2236 3192 2290 haec
3234 2235 3384 2289 enim
3423 2239 3557 2290 sunt

1956 2322 2172 2377 radices
2198 2340 2310 2377 non
2339 2325 2623 2394 peccandi.

2029 2408 2081 2465 4.
2118 2411 2279 2465 Venit
2307 2412 2608 2484 aliquando
2661 2414 2833 2469 beatae
2886 2413 3171 2469 memoriae
3213 2413 3554 2485 Theophilus

1959 2499 2405 2572 archiepiscopus
2433 2502 2506 2555 ad
2537 2501 2797 2557 abbatem
2808 2503 3127 2569 Arsenium,
3153 2520 3281 2558 cum
3307 2503 3553 2574 quodam

1951 2588 2141 2658 judice
2166 2592 2354 2657 (Ruf/2,
2389 2595 2427 2645 ι.
2461 2606 2545 2657 m,
2580 2609 2638 2646 η.
2668 2590 2815 2656 19⁷1).
2862 2593 2931 2646 Et
2956 2593 3327 2663 interrogavit
3355 2597 3549 2658 564

1956 2692 2151 2731 senem
2180 2679 2648 2751 archiepiscopus,
2677 2682 2874 2737 ,volens
2903 2681 3097 2736 audire
3128 2680 3197 2734 ab
3237 2697 3303 2735 eo
3333 2697 3550 2735 sermo-

1956 2781 2106 2819 nem.
2123 2767 2418 2839 Paulisper
2428 2775 2617 2824 autem
2629 2776 2822 2824 tacens
2831 2786 3018 2838 senex,
3050 2775 3243 2841 postea
3263 2770 3557 2841 respondit

1957 2855 2027 2908 ad
2048 2871 2193 2921 eum,
2216 2857 2404 2911 dicens
2429 2878 2440 2913 :
2470 2858 2597 2913 Etsi
2636 2859 2826 2914 dixero
2858 2859 3028 2927 vobis,
3063 2860 3430 2915 custodietis?
3460 2860 3549 2915 llli

1956 2949 2145 2998 autem
2168 2948 2547 3016 promiserunt
2571 2966 2630 3002 se
2660 2949 2959 3003 custodire.
2985 2950 3054 3003 Et
3085 2949 3225 3003 dixit
3246 2950 3327 3004 eis
3356 2965 3544 3003 senex:

1955 3033 2282 3106 Ubicunque
2310 3037 2930 3096 audieritisArsenium.
2950 3038 3521 3108 noliteapproximare
3534 3080 3547 3094 .

1606 3095 1927 3198 “39:110qu
1947 3122 2071 3177 Alia
2094 3130 2283 3178 autem
2312 3125 2429 3179 vice
2466 3127 2655 3180 volens
2683 3127 3132 3198 archiepiscopus
3162 3126 3349 3180 videre
3388 3143 3537 3191 eum,

1954 3213 2107 3267 misit
2132 3214 2379 3284 primum
2401 3215 2927 3287 viderc,siaperiret
2953 3217 3031 3272 ei.
3072 3217 3140 3271 Et
3158 3216 3446 3270 mandavit
3474 3216 3545 3280 ei,

1954 3301 2169 3356 dicens:
2207 3305 2265 3357 Si
2302 3305 2474 3369 venis,
2511 3306 2701 3376 aperio
2740 3305 2861 3359 tibi.
2899 3306 3008 3359 Sed
3037 3305 3084 3359 si
3112 3305 3214 3359 tibi
3245 3321 3540 3376 aperuero,

1954 3392 2215 3447 omnibus
2246 3394 2457 3465 aperio,
2488 3400 2545 3447 et
2576 3400 2710 3449 tunc
2730 3396 2851 3464 jam
2874 3396 3025 3448 ultra
3052 3395 3143 3449 hic
3170 3411 3283 3449 non
3311 3394 3544 3452 sedebo.

1955 3482 2083 3534 Haec
2103 3499 2236 3552 ergo
2260 3483 2492 3536 audiens
2518 3484 2985 3554 archiepiscopus,
3010 3484 3173 3537 dixit:
3190 3484 3249 3538 Si
3275 3499 3403 3537 eum
3427 3500 3550 3555 per-

1954 3576 2246 3626 secuturus
2273 3572 2434 3639 vado,
2464 3589 2753 3643 nunquam
2780 3573 2979 3627 vadam
3009 3574 3081 3628 ad
3102 3573 3390 3628 hominem
3417 3588 3548 3627 san-

1952 3665 2125 3714 ctum.

2024 3749 2074 3803 5.
2094 3750 2256 3805 Venit
2274 3751 2577 3822 aliquando
2592 3751 2763 3807 abbas
2772 3753 3043 3808 Arsenius
3057 3753 3116 3807 in
3137 3753 3381 3825 quodam
3401 3754 3542 3817 loco,

1953 3844 2011 3893 et
2037 3844 2160 3893 erat
2186 3840 2261 3894 ibi
2291 3842 2708 3909 arundinetum,
2742 3847 2799 3897 et
2826 3847 3043 3897 motum
3072 3848 3159 3897 est
3178 3848 3224 3897 'a
3254 3847 3441 3899 vento.
3482 3843 3552 3897 Et

1954 3928 2093 3984 dixit
2121 3946 2290 3984 senex
2322 3931 2392 3985 ad
2428 3930 2630 3986 fratres
2653 3950 2664 3987 :
2700 3931 2836 3996 Quis
2865 3936 2952 3986 est
2966 3936 3152 3988 motus
3179 3930 3312 3985 hic?
3343 3931 3551 3986 Dicunt

1954 4018 2003 4072 ei
2032 4038 2043 4073 :
2073 4020 2394 4074 Arundines
2423 4026 2573 4074 sunt.
2600 4021 2749 4075 Dicit
2778 4021 2857 4075 eis
2884 4038 3055 4075 senex
3081 4040 3091 4074 :
3126 4022 3289 4087 Vere,
3346 4021 3481 4092 quia
3502 4021 3551 4075 si

1955 4108 2080 4180 quis
2107 4109 2265 4163 sedet
2290 4125 2416 4163 cum
2455 4110 2664 4181 quiete,
2706 4114 2764 4163 et
2784 4110 3030 4164 audierit
3056 4126 3248 4165 vocem
3272 4110 3409 4177 avis,
3434 4127 3548 4165 non

1955 4196 2185 4252 habebit
2209 4214 2305 4253 cor
2330 4199 2449 4268 ejus
2489 4198 2746 4253 eamdem
2793 4199 3059 4270 quietem,
3113 4203 3323 4270 quanto
3367 4199 3547 4270 magis

1954 4286 2224 4342 habentes
2251 4304 2454 4342 sonum
2476 4288 2819 4343 arundinum
2842 4288 3088 4342 harum?

2026 4372 2079 4432 6.
2112 4376 2382 4431 Dicebant
2408 4381 2598 4432 autem
2621 4378 2691 4431 de
2711 4393 2776 4431 eo
2798 4376 2929 4448 quia
2942 4380 3065 4431 erat
3082 4377 3223 4431 cella
3242 4378 3363 4446 ejus
3383 4377 3549 4448 longe

273 4457 461 4536 Πξὲίιυθ
492 4441 830 4536 εοῌίίέὶίίοῐξέ
869 4443 1168 4536 malignal‘i
1192 4463 1205 4511 ἰ
1248 4461 1432 4536 neque
1473 4451 1723 4501 Ventrem
1772 4448 1875 4503 im‘
1895 4436 2016 4521 Din
2044 4466 2223 4520 millia
2250 4466 2622 4536 trigintaduo,
2652 4471 2709 4521 et
2737 4482 2850 4520 non
2880 4465 3065 4520 exibat
3090 4466 3218 4533 cito,
3248 4466 3346 4520 sed
3377 4466 3472 4520 alii
3501 4466 3553 4521 ei

276 4532 463 4602 plere;
488 4531 590 4585 sed
613 4548 741 4586 cum
759 4532 1091 4588 discretione
1114 4534 1302 4588 omnia
1324 4552 1510 4605 agere.
1546 4536 1684 4591 Ecce
1716 4537 1774 4591 in
1786 4538 1875 4593 his

276 4626 365 4675 est
391 4620 720 4675 monachus.

345 4726 440 4784 ‘23.
473 4728 628 4783 Dixit
655 4746 857 4785 senex:
888 4731 1045 4802 Roga
1081 4732 1280 4801 Deum,
1321 4738 1387 4788 ut
1430 4735 1527 4789 det
1564 4736 1780 4793 luctum
1816 4739 1876 4793 in

272 4817 447 4872 corde
472 4824 570 4871 tuo
593 4823 650 4872 et
676 4818 1087 4889 humilitatem;
1125 4826 1183 4876 et
1208 4822 1420 4894 respice
1437 4841 1661 4896 semper
1679 4826 1737 4881 in
1753 4844 1879 4899 pec-

273 4907 423 4961 catis
450 4907 585 4972 tuis,
620 4912 676 4961 et
704 4924 817 4963 non
840 4909 1059 4978 judices
1098 4911 1270 4978 alios;
1316 4914 1413 4967 sed
1445 4920 1564 4969 esto
1589 4915 1874 4987 subjectus

274 4996 564 5061 omnibus,
598 5001 655 5051 et
668 5013 739 5051 ne
750 4997 957 5052 habeas
986 5000 1263 5055 amicitias
1278 5018 1405 5056 cum
1417 5004 1672 5072 muliere,
1693 5022 1874 5077 neque

273 5101 813 5157 cumpuero,neque
823 5104 948 5142 cum
962 5088 1255 5145 haereticis.
1287 5091 1566 5147 Abscinde
1587 5111 1620 5148 a
1644 5100 1701 5149 te
1730 5096 1875 5151 fidu-

272 5176 449 5242 ciam,
469 5179 529 5228 et
544 5175 987 5247 retinelinguam
1010 5182 1168 5233 tuam
1192 5184 1249 5233 et
1269 5187 1541 5247 ventrem,
1575 5189 1631 5237 et
1659 5184 1875 5240 abstine

272 5284 312 5319 a
341 5265 494 5319 vino.
512 5264 582 5318 Et
596 5265 643 5318 si
658 5265 783 5336 quis
797 5266 1048 5337 loquitur
1060 5273 1247 5323 tecum
1259 5270 1327 5324 de
1341 5288 1672 5343 quacunque
1685 5291 1872 5343 causa,

272 5356 397 5409 noli
447 5355 785 5408 contendere
840 5372 969 5410 cum
1001 5374 1084 5413 eo.
1133 5360 1240 5414 Sed
1289 5361 1337 5415 si
1378 5360 1517 5416 bene
1555 5364 1708 5430 dicit,
1748 5366 1871 5421 dic:

270 5445 487 5499 Etiam.
517 5444 575 5498 Si
596 5449 787 5499 autem
814 5447 1142 5515 male,dicei
1165 5469 1175 5503 :
1195 5451 1277 5505 Tu
1303 5450 1409 5505 scis
1425 5453 1573 5523 quod
1604 5434 1868 5526 loqueris.

266 5536 347 5589 Et
364 5550 438 5588 ne
466 5534 771 5589 contendas
801 5552 929 5590 cum
961 5553 1026 5591 eo
1055 5538 1124 5593 de
1152 5539 1239 5596 his
1271 5557 1394 5612 qua:
1425 5542 1643 5599 locutus
1673 5552 1776 5615 est,
1821 5552 1877 5602 et

268 5629 414 5678 tunc
442 5621 556 5678 erit
577 5638 735 5680 mens
763 5629 864 5682 tua
892 5625 1145 5697 paciﬁca.

1956 4554 2233 4610 faciebant
2244 4555 2578 4610 ministeria.
2608 4555 2841 4620 Quando
2861 4572 2992 4610 vero
3012 4555 3073 4609 in
3091 4554 3450 4610 solitudinem
3468 4572 3575 4622 res

1957 4645 2153 4699 dactus
2174 4650 2260 4700 est
2286 4645 2439 4700 locus
2470 4645 2566 4717 qui
2582 4651 2812 4699 vocatur
2826 4645 3038 4716 Scythi,
3065 4644 3231 4699 exivit
3244 4645 3471 4715 plorans
3495 4651 3554 4700 et

1957 4734 2147 4789 dicens
2173 4753 2183 4787 :
2210 4736 2462 4789 Perdidit
2489 4735 2734 4790 mundus
2762 4735 3017 4802 Romam,
3051 4739 3108 4789 et
3132 4734 3391 4789 monachi
3420 4735 3551 4808 Scy-

1958 4826 2060 4880 thi.

2032 4918 2084 4971 7.
2116 4916 2355 4972 Sedente
2387 4919 2582 4972 eodem
2622 4916 2823 4970 abbate
2861 4914 3098 4969 Arsenio
3138 4914 3438 4986 aliquando
3492 4915 3550 4970 in

1961 5012 2187 5080 CanOpo
2213 5009 2398 5075 (Rulli,
2426 5011 2463 5061 ι.
2494 5022 2573 5071 1n,
2606 5023 2664 5061 η.
2683 5002 2791 5075 65),
2811 5005 2963 5060 venit
2989 5022 3104 5060 una
3122 5011 3381 5061 matrona
3393 5006 3551 5079 virgo

1960 5100 2028 5154 de
2058 5100 2255 5163 Roma,
2286 5097 2438 5150 dives
2468 5096 2647 5161 valde,
2678 5100 2735 5148 et
2757 5095 2964 5149 timens
2994 5096 3194 5164 Deum,
3235 5100 3300 5151 ut
3336 5096 3553 5152 videret

1959 5206 2108 5254 eum,
2125 5192 2181 5241 et
2199 5187 2444 5257 suscepit
2458 5202 2583 5239 eam
2598 5184 2939 5257 TheOphilus
2953 5185 3422 5259 archiepiscopus.
3448 5187 3551 5242 Illa

1959 5282 2147 5332 autem
2171 5275 2388 5345 rogavit
2423 5291 2553 5330 eum
2599 5278 2663 5328 ut
2690 5280 2884 5345 ageret
2909 5292 3037 5330 cum
3066 5292 3217 5343 sene,
3250 5283 3316 5332 ut
3337 5278 3553 5332 videret

1960 5383 2106 5422 eum.
2141 5366 2247 5430 Qui
2274 5364 2466 5419 abiens
2479 5365 2550 5418 ad
2570 5381 2697 5419 eum
2709 5365 2945 5435 rogavit,
2959 5365 3148 5421 dicens
3175 5386 3186 5422 :
3211 5368 3418 5438 Aliqua
3434 5381 3551 5418 ma-

1957 5462 2123 5511 trona
2151 5454 2301 5509 venit
2324 5454 2392 5508 de
2416 5454 2612 5521 Roma,
2645 5460 2703 5509 et
2729 5456 2849 5510 vult
2874 5455 3061 5511 videre
3088 5462 3164 5511 te.
3196 5457 3374 5511 Senex
3414 5469 3555 5528 verq

1959 5563 2071 5601 non
2089 5543 2365 5616 acquievit
2387 5548 2453 5598 ut
2478 5543 2694 5599 veniret
2719 5545 2791 5599 ad
2816 5562 2965 5600 eum.
2988 5547 3130 5601 Cum
3159 5559 3295 5614 ergo
3311 5544 3427 5597 haec
3463 5557 3548 5596 re-

1959 5635 2217 5693 nuntiata
2238 5634 2475 5690 fuissent
2501 5635 2834 5709 supradictae
2862 5640 3152 5702 matronae,
3176 5632 3348 5706 jussit
3373 5632 3550 5688 sterni
