3966 6184
462 303 578 366 Βδθ

1602 316 1696 371 DE
1733 317 1923 374 VITIS
1961 312 2258 373 PATRUM
2295 313 2511 370 LIBER
2546 313 2613 367 V.

3570 322 3670 380 ὥθ’

456 436 743 503 animalia,
773 435 992 490 dicens:
1014 435 1193 491 Credo
1209 436 1270 492 in
1292 437 1491 506 Deum,
1521 439 1656 510 quia
1672 439 1868 496 videbo
1891 457 2042 496 eum.
2069 444 2122 504 Α
2136 455 2248 494 non
2271 437 2484 509 habens
2503 436 2816 505 mulierem,
2831 436 2941 492 nisi
2953 435 3098 492 forte
3119 437 3176 494 in
3203 439 3518 498 solitudine?
3536 445 3658 504 Dicit

458 528 606 583 Sunt
631 525 780 581 enim
807 527 865 579 et
891 524 951 579 in
971 523 1194 581 civitate
1213 533 1411 581 nostra
1438 528 1600 582 multi
1631 529 1885 584 homines
1913 549 1925 596 ;
1954 530 2052 585 sed

456 633 560 686 ego
589 615 714 668 veni
742 614 1044 686 prophetas
1071 615 1279 670 videre.
1334 617 1403 672 Et
1433 634 1560 671 cum
1607 619 1953 690 pervenisset
1981 619 2053 673 ad

455 703 654 757 cellam
676 703 929 774 ejusdem
949 703 1118 771 senis,
1129 705 1290 775 juxta
1303 705 1404 759 Dei
1425 707 1837 761 ordinationem
1866 707 2054 762 inven-

455 796 547 846 tus
569 796 654 846 est
674 796 987 863 opportune
1007 792 1141 847 foris
1167 793 1366 848 cellam
1378 811 1566 848 senex.
1579 795 1655 849 Et
1675 800 1738 849 ut
1758 796 1896 850 vidit
1924 813 2052 850 eum

453 881 778 952 supradicta
803 887 1082 949 matrona,
1112 882 1417 954 prostravit
1435 900 1495 937 se
1509 883 1579 937 ad
1599 885 1769 955 pedes
1787 885 1928 954 ejus.
1953 887 2052 939 Ille

455 974 648 1024 autem
674 969 878 1024 levavit
897 987 1022 1024 eam
1050 987 1177 1024 cum
1205 971 1592 1041 indignatione
1619 991 1630 1040 ;
1661 980 1718 1027 et
1747 973 1974 1028 intuens
1994 975 2054 1028 in

457 1074 604 1124 eam,
637 1058 810 1112 dixit:
843 1059 900 1113 Si
930 1045 1128 1113 i‘aciem
1157 1077 1340 1114 meam
1369 1061 1555 1115 videre
1587 1061 1682 1124 vis,
1729 1079 1853 1116 ecce
1910 1064 2050 1117 vide.

453 1147 562 1202 Illa
589 1150 783 1201 autem
812 1163 927 1218 prae
957 1149 1295 1202 verecundia
1323 1166 1436 1203 non
1457 1150 1830 1205 consideravit
1857 1151 2057 1206 faciem

458 1237 688 1307 ejus.Et
703 1236 844 1290 dixit
857 1236 908 1290 ei
926 1253 1093 1290 senex
1115 1257 1126 1292 :
1147 1239 1270 1292 Non
1304 1239 1510 1292 audisti
1539 1256 1710 1310 opera
1745 1241 1914 1294 mea?
1942 1243 2060 1296 haec

450 1324 604 1380 enim
630 1324 821 1380 videre
849 1341 1076 1380 necesse
1101 1332 1205 1381 est.
1237 1327 1530 1392 Quomodo
1559 1335 1751 1382 autem
1779 1345 2052 1400 praesum-

454 1413 620 1486 psisti
643 1418 862 1468 tantam
884 1415 1300 1486 navigationem
1329 1419 1652 1472 assumere?
1679 1418 1876 1472 Nescis
1921 1419 2056 1490 quia

457 1504 665 1560 mulier
687 1521 766 1572 es,
792 1510 850 1560 et
859 1521 972 1559 non
992 1505 1160 1560 debes
1177 1507 1326 1561 exire
1346 1508 1670 1578 quoquam?
1697 1510 1786 1562 An
1805 1513 1870 1563 ut
1886 1509 2056 1563 vadas

456 1593 712 1662 Romam,
747 1599 805 1648 et
835 1594 987 1649 dicas
1017 1595 1140 1649 aliis
1172 1595 1532 1666 mulieribus:
1570 1597 1713 1662 Quia
1742 1598 1855 1652 vidi
1885 1599 2053 1653 Arse-

451 1681 632 1750 nium,
665 1687 723 1736 et
749 1681 920 1738 facias
947 1700 1104 1738 mare
1119 1683 1266 1738 viam
1287 1686 1589 1740 mulierum
1619 1686 1964 1742 venientium
1984 1687 2055 1742 ad

2135 529 2186 583 ei
2210 545 2412 584 senex:
2446 529 2590 600 Ergo
2617 527 2676 582 in
2705 527 3071 582 solitudinem
3103 543 3191 582 me
3211 530 3360 586 tolle.

2211 617 2293 674 14.
2307 617 2462 672 Dixit
2484 617 2767 672 abbatissa
2784 621 3062 672 matrona:
3085 617 3244 672 Multi
3263 619 3319 674 in
3334 627 3504 678 monte
3515 626 3652 696 positi

2135 723 2203 761 ea
2221 724 2342 778 qua:
2362 706 2656 778 popularia
2675 711 2808 762 sunt
2817 711 3065 778 agentes,
3087 707 3386 778 perierunt.
3411 712 3583 768 Melius
3597 721 3666 769 est

2136 797 2287 850 enim
2308 802 2374 850 ut
2391 813 2518 850 cum
2540 796 2733 850 multis
2753 795 2850 861 sis,
2875 801 2931 850 et
2946 795 3252 852 solitariam
3266 797 3428 854 vitam
3443 817 3561 872 agas
3585 819 3661 858 vo-

2135 885 2372 953 luntate,
2405 902 2576 956 quam
2605 902 2736 940 cum
2756 886 2909 940 solus
2939 885 3034 952 sis,
3070 901 3190 941 esse
3209 903 3332 942 cum
3359 889 3666 947 multitudine

2136 975 2421 1046 proposito
2448 974 2672 1028 mentis.

2208 1063 2506 1130 56515.
2540 1063 2692 1118 Dixit
2721 1079 2923 1118 senex:
2958 1064 3193 1136 Semper
3222 1063 3380 1120 debet
3417 1068 3676 1125 monachus

2141 1168 2328 1206 emere
2349 1153 2595 1224 quietem
2610 1152 2737 1220 sibi,
2771 1157 2836 1207 ut
2851 1157 3175 1208 contemnat
3185 1153 3352 1210 etiam
3369 1155 3414 1209 si
3433 1159 3674 1228 corporale

2140 1241 2429 1312 contingat
2456 1243 2680 1296 evenire
2710 1242 3088 1313 dispendium.

2208 1331 2298 1386 16.
2317 1331 2582 1385 Narravit
2601 1330 2831 1402 quidam
2851 1349 2862 1384 :
2891 1331 3034 1396 Quia
3049 1337 3166 1386 tres
3185 1333 3412 1388 studiosi
3422 1333 3672 1405 diligentes

2136 1436 2214 1487 se,
2242 1419 2375 1474 facti
2398 1424 2532 1474 sunt
2553 1420 2909 1474 monachi.Et
2921 1436 3068 1475 unus
3081 1437 3147 1476 ex
3163 1421 3244 1476 eis
3263 1422 3423 1494 elegit
3438 1423 3676 1495 litigantes

2137 1508 2196 1562 in
2237 1525 2372 1580 pace
2419 1508 2703 1572 reducere,
2747 1509 2912 1579 juxta
2946 1508 3084 1563 illud
3124 1511 3273 1580 quod
3307 1511 3552 1583 scriptum
3577 1519 3670 1567 est:

2137 1597 2295 1651 Beati
2322 1597 2538 1668 paciﬁci
2571 1599 2781 1666 (Matth.
2813 1601 2890 1661 v).
2924 1597 3216 1653 Secundus
3244 1616 3367 1654 vero
3383 1601 3585 1656 visitare
3604 1602 3672 1657 in-

2137 1687 2348 1741 ﬁrmos.
2383 1687 2606 1742 Tertius
2644 1703 2775 1742 vero
2804 1686 2946 1742 abiit
2985 1688 3274 1759 quiescere
3302 1689 3355 1743 in
3397 1691 3672 1746 solitudine.

453 1781 546 1826 me
565 1771 591 1824 ’1
617 1771 722 1826 Illa
745 1776 937 1826 autem
967 1773 1141 1826 dixit:
1177 1773 1235 1828 Si
1263 1773 1501 1828 voluerit
1529 1791 1618 1828 me
1661 1776 1810 1830 Deus
1850 1765 2114 1830 revertiB
2141 1775 2364 1830 Primus
2400 1792 2533 1846 ergo
2569 1775 2833 1830 laborans
2859 1781 3090 1848 propter
3117 1777 3254 1832 lites
3278 1779 3566 1847 hominum,
3591 1796 3678 1836 non

454 1858 716 1928 Romam,
749 1877 864 1915 non
891 1861 1160 1932 permitto
1189 1861 1436 1933 aliquam
1450 1863 1642 1918 venire
1662 1865 1788 1920 huc.
1823 1865 1932 1919 Sed
1957 1882 2057 1920 ora
2136 1869 2358 1937 poterat
2375 1881 2572 1920 omnes
2598 1881 2819 1919 sanare.
2836 1865 3088 1920 Ettaedio
3107 1866 3312 1933 victus,
3336 1867 3678 1936 venitadeu,

455 1965 560 2022 pro
587 1965 699 2018 me,
732 1955 790 2004 et
813 1967 1030 2005 memor
1058 1956 1177 2006 esto
1205 1952 1316 2005 mei
1347 1969 1584 2024 semper.
1627 1953 1726 2008 Ille
1755 1959 1944 2009 autem
1971 1972 2056 2010 re-
2137 1954 2242 2026 qui,
2263 1953 2540 2008 serviebat
2564 1953 2890 2019 inﬁrmis,et
2906 1954 3124 2011 invenit
3140 1957 3312 2012 etiam
3340 1957 3509 2029 ipsum
3522 1957 3680 2012 animo

458 2038 742 2110 spondens
769 2039 910 2094 dixit
933 2039 984 2094 ei
1009 2057 1021 2093 :
1057 2040 1170 2095 Ora
1197 2041 1379 2095 Deum
1407 2046 1472 2096 ut
1500 2042 1684 2096 deleat
1722 2043 2054 2099 memoriam
2134 2043 2693 2110 deﬁcientem,etnon
2711 2044 3106 2115 praevalentem
3135 2046 3458 2101 mandatum
3483 2047 3678 2118 perﬁce-

459 2127 546 2182 tui
575 2129 646 2183 de
674 2128 840 2182 corde
867 2145 1014 2184 meo.
1046 2129 1182 2194 Quae
1205 2129 1441 2184 audiens
1491 2131 1627 2198 haec,
1685 2147 1917 2202 egressa
1967 2139 2054 2188 est

467 2215 714 2272 turbata.
747 2217 818 2272 Et
844 2233 974 2272 cum
998 2219 1242 2274 venisset
1277 2219 1336 2273 in
1355 2219 1659 2287 civitatem,
1691 2237 1806 2292 prie
1829 2221 2060 2276 tristitia

469 2305 673 2362 febrire
703 2307 892 2379 coepit.
925 2309 996 2363 Et
1022 2308 1345 2363 nuntiatum
1371 2314 1459 2363 est
1483 2309 1898 2382 archiepisc0po
1925 2311 2058 2382 quia

453 2395 878 2465 inﬂrmaretur;
918 2401 976 2452 et
1001 2397 1155 2452 venit
1203 2414 1328 2452 eam
1371 2399 1666 2464 consolari,
1697 2399 2054 2470 interrogans

455 2483 593 2556 quid
617 2484 870 2540 haberet.
901 2485 1000 2539 Illa
1027 2492 1218 2541 autem
1245 2486 1386 2542 dixit
1413 2487 1491 2542 ei:
1527 2488 1755 2542 Utinam
1788 2505 1901 2542 non
1923 2505 2054 2560 per-

452 2572 730 2628 venissem
756 2573 867 2628 huc
892 2573 904 2626 !
932 2573 1046 2628 dixi
1073 2573 1224 2628 enim
1254 2575 1398 2630 seni:
1443 2576 1658 2630 Memor
1682 2580 1802 2630 esto
1822 2577 1952 2632 mei.
1986 2578 2056 2632 Et

454 2660 598 2716 dixit
623 2661 788 2716 mihi:
823 2661 938 2716 Ora
966 2662 1146 2716 Deum
1173 2667 1239 2716 ut
1266 2663 1522 2718 deleatur
1565 2664 1840 2718 memoria
1870 2665 1952 2720 tui
1983 2667 2054 2721 de

457 2751 626 2808 corde
655 2767 802 2819 meo,
835 2755 893 2805 et
921 2767 1046 2808 ecce
1069 2767 1172 2822 ego
1191 2751 1314 2822 ipsa
1339 2769 1452 2823 prae
1470 2752 1707 2808 tristitia
1734 2754 1965 2809 morior.
1983 2755 2053 2810 Et

455 2841 598 2898 dixit
619 2841 672 2896 ei
697 2841 1186 2913 archiepiscopus:
1238 2841 1430 2896 Nescis
1461 2841 1593 2913 quia
1621 2842 1825 2898 mulier
1870 2860 1949 2910 es,
2000 2851 2058 2901 et

453 2934 717 2992 inimicus
735 2952 838 3007 per
861 2933 1125 2989 mulieres
1153 2940 1375 2990 sanctos
1403 2935 1551 2990 viros
1579 2935 2055 3008 impugnat?Pro-

2134 2149 2215 2187 re.
2235 2133 2305 2188 Et
2323 2132 2725 2188 concordantes
2744 2132 2803 2186 hi
2823 2133 2956 2200 duo,
2972 2132 3238 2190 abierunt
3255 2135 3436 2190 videre
3450 2135 3590 2190 illum
3603 2136 3678 2206 qui

2139 2222 2200 2276 in
2215 2238 2404 2277 eremo
2417 2222 3264 2294 discesserat,narraveruntque
3276 2223 3326 2278 ei
3338 2223 3676 2281 tribulationes

2140 2327 2292 2366 suas.
2317 2312 2384 2366 Et
2413 2315 2755 2382 rogaverunt
2779 2327 2930 2380 eum,
2960 2317 3026 2366 ut
3043 2312 3347 2368 dissereret
3362 2313 3440 2368 eis
3453 2312 3571 2384 quid
3585 2313 3680 2384 ipse

2137 2400 2530 2472 profeceritEt
2543 2401 2785 2456 reticens
2801 2401 3111 2472 paululum,
3129 2402 3506 2474 mittitaquam
3527 2401 3577 2456 in
3587 2417 3682 2472 scy-

2135 2491 2332 2561 phum,
2363 2494 2420 2544 et
2449 2489 2584 2544 dicit
2609 2489 2716 2544 eis:
2735 2489 3027 2545 Attendite
3062 2491 3123 2545 in
3148 2491 3570 2562 aquam.Eterat
3584 2495 3678 2544 tur-

2136 2578 2386 2634 bulenta.
2429 2579 2500 2633 Et
2525 2583 2653 2650 post
2689 2579 2972 2634 modicum
3013 2595 3216 2635 rursus
3258 2579 3418 2634 dicit:
3441 2578 3680 2634 Attendite

2135 2668 2323 2732 modo,
2345 2668 2624 2740 quomodo
2649 2667 2884 2740 limpida
2907 2667 3052 2724 facta
3073 2674 3162 2724 est
3189 2685 3354 2742 aqua.
3385 2669 3452 2724 Et
3473 2684 3586 2724 cum
3603 2667 3675 2722 in-

2134 2757 2431 2812 tenderent
2451 2757 2509 2812 in
2539 2774 2765 2827 aquam,
2805 2758 2999 2813 vident
3025 2759 3190 2829 quasi
3219 2759 3280 2814 in
3301 2757 3511 2830 speculo
3527 2756 3679 2810 vultus

2138 2863 2287 2902 suos.
2321 2847 2390 2900 Et
2412 2849 2545 2900 tunc
2573 2846 2714 2901 dixit
2741 2846 2820 2900 eis
2845 2865 2855 2899 :
2892 2847 2984 2902 Sic
3009 2851 3096 2901 est
3115 2847 3216 2918 qui
3239 2846 3299 2902 in
3325 2845 3498 2900 medio
3531 2842 3680 2898 homi-

2135 2934 2538 2990 numconsistit
2557 2935 2984 3002 ;aturbulentia
3006 2935 3162 2990 enim
3192 2951 3306 2990 non
3325 2934 3467 2989 videt
3486 2935 3675 3004 peccata

453 3025 649 3094 pterea
675 3021 783 3076 hoc
807 3020 950 3074 dixit
975 3037 1162 3087 senex,
1196 3036 1330 3074 nam
1359 3037 1461 3092 pro
1493 3021 1684 3075 anima
1706 3027 1807 3075 tua
1835 3039 2057 3094 semper
2079 3039 2258 3094 _sua;
2291 3040 2420 3077 cum
2452 3028 2645 3077 autem
2669 3023 2964 3094 quieverit,
2989 3028 3047 3079 et
3069 3024 3314 3079 maxime
3330 3023 3390 3079 in
3407 3019 3678 3084 solitudine,

387 3143 393 3148 -
453 3085 598 3166 orat.
630 3111 700 3166 Et
728 3110 811 3164 ita
837 3114 1034 3164 curata
1063 3085 1158 3165 est
1177 3125 1338 3164 mens
1360 3085 1512 3180 ejus.
1540 3109 1610 3164 Et
1635 3110 1890 3166 discessit
1919 3085 2047 3167 cum
2070 3085 2271 3168 cz“tunc
2297 3113 2504 3168 delicta
2541 3129 2644 3168 sua
2662 3085 2952 3185 cbnspicit.

451 3198 658 3273 gaudio
681 3199 754 3254 ad
782 3198 1030 3270 propria.

521 3287 578 3346 8.
608 3289 762 3344 Dixit
785 3287 958 3343 abbas
989 3288 1289 3359 Evagrius:
1337 3288 1615 3344 Abscinde
1643 3305 1676 3343 a
1705 3293 1762 3344 te
1801 3290 2052 3346 affectio-

450 3395 552 3436 nes
579 3378 910 3443 multorum,
943 3394 1014 3432 ne
1045 3393 1203 3432 mens
1221 3383 1322 3432 tua
1349 3379 1406 3432 in
1427 3378 1850 3450 perturbatione
1866 3381 1982 3449 ﬁat,
1999 3386 2057 3437 et

453 3468 660 3542 quietis
688 3467 925 3540 dissipet
947 3467 1197 3521 modum.

519 3557 576 3612 9.
606 3559 807 3613 Frater
824 3556 1054 3628 quidam
1084 3555 1356 3628 applicuit
1386 3555 1446 3610 in
1477 3557 1669 3628 Scythi
1697 3557 1768 3611 ad
1793 3557 2054 3613 abbatem

451 3649 704 3720 Moysen,
733 3651 931 3719 petens
958 3645 1029 3700 ab
1057 3662 1122 3700 eo
1154 3661 1490 3699 sermonem.
1516 3647 1584 3699 Et
1607 3645 1748 3699 dixit
1777 3646 1828 3700 ei
1863 3664 2048 3702 senex:

450 3737 607 3792 Vade
645 3740 704 3790 et
730 3736 862 3790 sede
885 3735 945 3789 in
975 3734 1178 3789 cellula
1209 3738 1327 3800 tua,
1363 3739 1421 3788 et
1451 3735 1591 3788 cella
1617 3739 1718 3788 tua
1745 3735 1968 3790 docebit
1993 3741 2052 3791 te

454 3825 735 3881 universa.

529 3911 614 3969 10.
644 3911 798 3968 Dixit
821 3910 992 3966 abbas
1022 3911 1270 3983 Moyses:
1306 3911 1486 3966 Homo
1514 3911 1736 3982 fugiens
1767 3912 2050 3968 hominem

453 4001 657 4058 similis
684 4007 772 4057 est
795 4018 916 4057 uvae
933 4006 1170 4056 maturae
1195 4019 1208 4068 ;
1229 4000 1325 4072 qui
1344 4005 1534 4056 autem
1565 4017 1694 4056 cum
1719 4001 2046 4060 hominibus

453 4097 832 4160 conversatur,
846 4092 993 4146 sicut
1014 4107 1122 4146 uva
1150 4089 1356 4146 acerba
1384 4095 1490 4146 est.

2585 3203 2932 3258 LIBELLUS
2959 3202 3288 3259 TERTIUS.

2659 3293 2731 3346 De
2763 3293 3213 3361 Compunctz'onc.

2213 3380 2260 3437 1.
2295 3380 2566 3436 Dicebant
2594 3381 2663 3435 de
2687 3381 2889 3436 abbate
2917 3381 3158 3436 Arsenio
3181 3379 3316 3453 quia
3327 3383 3440 3436 toto
3462 3382 3675 3449 tempore

2133 3469 2261 3524 vitae
2275 3487 2388 3526 sua;
2413 3471 2614 3525 sedens
2646 3471 2718 3525 ad
2739 3487 2880 3542 opus
2899 3487 3176 3525 manuum
3205 3486 3448 3537 suarum,
3469 3480 3679 3540 pannum

2135 3559 2380 3614 habebat
2406 3560 2465 3614 in
2489 3559 2615 3615 sinu
2636 3566 2868 3632 propter
2892 3559 3174 3632 lacrymas
3186 3575 3311 3632 quae
3326 3557 3508 3614 crebro
3532 3569 3684 3611 curre-

2135 3649 2273 3704 bant
2291 3667 2356 3703 ex
2386 3649 2563 3703 oculis
2605 3651 2728 3720 ejus
2754 3649 2946 3718 (Ru/f.,
2979 3651 3077 3704 lib.
3110 3663 3196 3716 III,
3230 3665 3387 3703 num.
3417 3643 3530 3712 163,
3553 3639 3677 3711 2H).

2205 3739 2462 3794 2.Frater
2473 3738 2704 3810 quidam
2719 3737 3086 3810 interrogavit
3095 3737 3358 3792 abbatem
3373 3737 3680 3790 Ammonem.

2134 3828 2358 3883 dicens:
2391 3827 2492 3882 Dic
2527 3826 2665 3882 mihi
2693 3827 2922 3898 aliquod
2957 3827 3214 3882 verbum.
3246 3827 3396 3882 Dixit
3429 3824 3477 3879 ei
3504 3837 3677 3878 senex:

2134 3916 2308 3985 Vade,
2341 3921 2398 3972 et
2424 3917 2597 3971 talem
2616 3915 2703 3971 fac
2723 3915 3124 3986 cogitationem
3150 3921 3329 3982 tuam,
3353 3914 3489 3970 sicut
3504 3909 3679 3966 faciunt

2133 4006 2311 4078 iniqui
2349 4006 2445 4078 qui
2470 4011 2603 4061 sunt
2629 4005 2688 4060 in
2715 4021 2956 4061 carcere.
2981 4005 3072 4060 Illi
3087 4005 3242 4060 enim
3262 4005 3591 4074 interrogant
3605 3999 3684 4052 ho-

2133 4095 2344 4150 mines:
2377 4095 2483 4150 Ubi
2511 4101 2597 4149 est
2614 4095 2804 4166 judex,
2836 4100 2893 4150 et
2923 4095 3148 4168 quando
3177 4094 3401 4150 veniet?
3429 4090 3552 4146 etin
3583 4088 3682 4159 ipsa

529 4180 615 4240 11.
648 4181 804 4237 Dixit
826 4180 998 4236 abbas
1009 4181 1171 4236 Nilus
1189 4200 1200 4235 :
1223 4179 1660 4252 Imperforabilis
1691 4187 1883 4236 manet
1901 4198 1934 4236 a
1956 4198 2049 4236 sa-
2130 4185 2541 4256 exspectatione
2554 4201 2845 4256 poenarum
2860 4201 3094 4240 suarum
3110 4183 3444 4256 plorant.lta
3454 4186 3507 4235 et
3521 4191 3676 4234 mona-

379 4251 384 4256 ’
451 4270 611 4343 gittis
629 4270 862 4340 inimici,
877 4271 973 4344 qui
993 4251 1432 4342 amatquietem:
1459 4270 1556 4342 qui
1576 4275 1766 4325 autem
1783 4270 2051 4326 miscetur

452 4361 826 4428 multitudini,
859 4359 1056 4417 crebra
1076 4361 1345 4432 suscipiet
1380 4361 1634 4415 vulnera.

2133 4274 2270 4330 chus
2291 4274 2458 4329 debet
2476 4291 2701 4346 semper
2724 4279 3015 4346 suspectus
3045 4290 3189 4342 esse,
3212 4279 3272 4330 et
3290 4272 3522 4327 animam
3541 4279 3680 4322 suam

2135 4363 2452 4436 objurgare,
2467 4363 2725 4418 dicendo:
2756 4364 2852 4418 Vae
2871 4363 3031 4431 mihi,
3047 4363 3328 4435 quomodo
3348 4359 3514 4416 habeo
3535 4361 3684 4411 astare

523 4450 616 4508 12.
649 4451 804 4506 Dixit
830 4450 1001 4506 abbas
1029 4450 1257 4506 Pastor:
1280 4449 1514 4506 Initium
1543 4450 1818 4504 malorum
1841 4451 1926 4505 est
1944 4451 2054 4505 dis-
2071 4447 2121 4508 D
2137 4459 2266 4509 ante
2295 4452 2543 4508 tribunal
2567 4453 2775 4508 Christi
2799 4471 2810 4521 ;
2837 4459 2894 4508 et
2913 4452 3193 4525 quomodo
3224 4451 3404 4506 habeo
3425 4448 3472 4504 ei
3491 4450 3683 4502 actuum

452 4540 684 4596 tendere
739 4545 1008 4596 mentem.
1039 4538 1269 4594 Dicebat
1288 4539 1496 4592 iterum
1518 4553 1532 4594 :
1555 4537 1701 4602 Quia
1730 4539 1938 4593 bonum
1971 4545 2056 4594 est

453 4630 648 4704 fugere
674 4629 1006 4704 corporalia.
1033 4630 1267 4694 Quando
1283 4628 1433 4682 enim
1455 4632 1540 4682 est
1567 4628 1732 4682 homo
1749 4629 1912 4698 juxta
1939 4644 2057 4682 cor-

453 4723 646 4794 porale
677 4721 908 4787 bellum,
943 4719 1288 4774 assimilatur
1317 4717 1430 4772 viro
1461 4717 1634 4771 stanti
1665 4733 1838 4788 supra
1870 4717 2056 4771 lacum

453 4812 976 4884 profundissimum,
1007 4816 1074 4864 ut
1101 4825 1212 4880 qua
1241 4809 1384 4862 hora
1413 4807 1593 4862 visum
1631 4807 1801 4860 fuerit
1830 4806 2057 4861 inimico

457 4903 600 4972 ejus,
629 4902 790 4956 facile
808 4917 938 4956 eum
963 4899 1226 4954 deorsum
1253 4897 1547 4968 impingat.
1583 4897 1641 4952 Si
1671 4900 1862 4950 autem
1884 4912 1917 4949 a
1941 4913 2061 4951 cor-

458 4989 748 5064 poralibus
777 4991 942 5061 longe
969 4989 1156 5056 fuerit,
1190 4986 1596 5042 assimilabitur
1619 4986 1740 5040 viro
1769 4987 1938 5056 longe
1967 5001 2062 5057 po-

461 5081 570 5136 sito
595 5096 630 5134 a
654 5085 843 5152 puteo,
867 5084 932 5134 ut
960 5080 1044 5134 vel
1072 5079 1119 5133 si
1140 5079 1331 5133 trahat
1351 5094 1483 5132 eum
1512 5077 1772 5132 inimicus
1789 5077 2060 5150 projicere

462 5171 747 5236 deorsum,
779 5169 915 5224 dum
941 5185 1070 5223 eum
1099 5167 1372 5223 violenter
1398 5167 1594 5236 trahit,
1625 5169 1773 5224 Deus
1798 5169 1850 5222 ei
1900 5165 2060 5223 auxi-

470 5260 610 5316 lium
639 5258 852 5329 dirigit.

541 5349 630 5406 i3.
645 5347 879 5405 Dicebat
897 5347 1198 5420 aliquando
1219 5348 1512 5406 Abraham
1526 5346 1830 5420 discipulus
1851 5345 2068 5402 abbatis

469 5441 646 5499 Sisois
671 5439 744 5494 ad
772 5454 902 5494 eum
927 5453 941 5494 :
973 5439 1160 5506 Pater,
1192 5440 1445 5506 senuisti,
1473 5453 1665 5492 eamus
1682 5454 1884 5511 parum
1907 5438 2070 5508 juxta

471 5531 764 5588 mundum.
788 5527 936 5584 Dicit
953 5521 1006 5584 ei
1033 5527 1206 5584 abbas
1227 5529 1398 5584 Sisois
1423 5545 1437 5584 :
1469 5527 1576 5584 Ubi
1599 5544 1714 5583 non
1735 5533 1823 5582 est
1843 5526 2066 5594 mulier,

467 5620 549 5679 ibi
568 5637 782 5680 eamus.
812 5617 962 5678 Dicit
975 5619 1026 5678 ei
1058 5618 1361 5692 discipulus
1389 5619 1547 5690 ejus:
1577 5619 1648 5674 Et
1674 5617 1770 5674 ubi
1799 5621 1886 5674 est
1913 5616 2070 5673 locus

2135 4559 2390 4598 meorum
2409 4543 2644 4597 reddere
2666 4541 2970 4596 rationem?
2993 4542 3050 4597 Si
3071 4542 3250 4612 igitur
3267 4555 3481 4612 semper
3505 4535 3574 4592 sic
3591 4546 3684 4587 me-

2137 4633 2346 4686 ditatus
2376 4631 2566 4695 fueris,
2595 4631 2806 4702 poteris
2835 4631 3020 4686 salvus
3049 4647 3190 4685 esse.

2211 4720 2261 4778 3.
2293 4719 2445 4775 Dixit
2469 4719 2641 4774 abbas
2660 4719 2958 4790 Evagrius:
2991 4719 3135 4774 Cum
3149 4718 3311 4774 sedes
3339 4717 3395 4772 in
3425 4714 3566 4777 cella,
3593 4707 3685 4766 col-

2138 4810 2250 4881 lige
2277 4811 2348 4864 ad
2379 4813 2433 4864 te
2463 4825 2694 4863 sensum
2713 4814 2973 4874 suum,et
2999 4824 3218 4862 memor
3242 4815 3362 4862 esto
3374 4804 3480 4860 diei
3502 4797 3682 4857 mortis.

2142 4901 2213 4954 Et
2237 4905 2374 4954 tunc
2390 4899 2603 4954 videbis
2619 4898 2866 4970 corporis
2893 4899 2980 4953 tui
2993 4897 3499 4952 mortiﬁcationem.
3525 4886 3688 4959 Cogita

2143 4989 2375 5055 cladem,
2408 4989 2628 5060 suscipe
2655 4988 2925 5043 dolorem.
2949 4987 3192 5042 Horreat
3206 4985 3311 5042 tibi
3343 4980 3526 5040 mundi
3555 4975 3687 5034 istius

2141 5079 2376 5134 vanitas.
2401 5079 2531 5134 Esto
2553 5078 2838 5132 modestus
2858 5082 2916 5132 et
2927 5077 3218 5144 sollicitus,
3241 5080 3307 5130 ut
3323 5072 3493 5146 possis
3505 5075 3690 5138 semper

2141 5169 2200 5224 in
2229 5169 2426 5223 eodem
2455 5167 2660 5240 quietis
2681 5167 2966 5240 proposito
2981 5181 3332 5238 permanere,
3360 5169 3416 5218 et
3439 5175 3542 5216 non
3565 5153 3689 5210 inﬁr-

2147 5257 2410 5312 maberis.
2437 5259 2742 5312 Memorare
2756 5255 2929 5312 etiam
2943 5272 3138 5312 eorum
3158 5254 3322 5326 quiin
3341 5251 3428 5307 inf
3429 5263 3551 5305 erae
3564 5245 3684 5299 sunt.

2149 5348 2350 5418 Cogita
2363 5347 2512 5418 apud
2532 5352 2588 5401 te
2603 5347 2788 5418 ipsum
2802 5345 3080 5418 quomodo
3102 5355 3235 5400 sunt
3245 5342 3324 5398 ibi
3343 5339 3500 5396 modo
3519 5334 3686 5390 anima:

2150 5441 2207 5491 et
2233 5437 2293 5491 in
2323 5453 2493 5508 quam
2523 5452 2716 5491 amaro
2747 5435 2988 5500 silentio,
3019 5437 3119 5489 aut
3139 5433 3197 5488 in
3227 5448 3338 5504 quo
3366 5427 3587 5516 pessimo

2151 5507 2409 5593 mitu,vel
2431 5525 2490 5579 in
2510 5525 2661 5596 quali
2683 5529 2838 5580 metu
2849 5529 3020 5596 atque
3031 5521 3360 5586 certamine,
3383 5521 3478 5574 aut
3493 5515 3545 5570 in
3567 5507 3690 5583 quali

2151 5615 2566 5690 exspectatione
2596 5619 2654 5671 et
2670 5614 2882 5681 dolore,
2906 5619 2964 5670 et
2983 5613 3107 5670 sine
3121 5598 3691 5684 mitigationeintinitas
