3966 6184
301 306 401 368 861

1598 325 1839 383 VERBA
1875 328 2266 386 SENIORUM.

3463 307 3573 367 862

297 437 578 510 lacrymas
594 437 866 494 habentes
884 441 1222 500 animae-Sed
1243 448 1301 500 et
1327 444 1437 501 diei
1455 452 1884 507 resurrectionis
1903 456 1951 516 Α
1969 454 2290 512 ceciderunt
2313 454 2477 526 proni
2496 452 2555 506 in
2582 450 2801 515 faciem,
2823 446 3072 501 dicentes
3095 459 3106 496 :
3133 442 3319 506 Pater,
3342 452 3442 491 ora
3458 450 3561 507 pro

296 543 516 581 memor
529 533 670 594 esto,
684 534 741 584 et
757 529 895 584 illud
908 531 1177 598 divinum,
1206 535 1568 605 horrendum,
1594 544 1762 611 atque
1780 546 1891 595 ter-

293 615 455 670 ribile
465 617 780 688 imaginare
801 620 1098 689 judicium.
1121 623 1317 678 Adduc
1328 625 1398 679 ad
1417 627 1663 682 medium
1683 630 1892 701 reposi-

288 710 403 759 tam
434 707 819 777 peccatoribus
839 710 1240 779 confusionem,
1260 730 1428 785 quam
1451 718 1669 786 passuri
1683 724 1816 773 sunt
1832 718 1891 774 in

288 800 592 867 conspectu
609 797 819 852 Christi
832 804 888 852 et
910 799 1029 867 Dei,
1055 807 1111 855 et
1131 818 1317 857 coram
1338 805 1552 875 angelis
1573 811 1629 860 et
1652 808 1891 862 archan-

286 885 450 955 gelis,
484 886 877 956 potestatibus,
913 893 969 943 et
1005 890 1283 947 universis
1321 894 1679 964 hominibus;
1704 898 1799 952 sed
1835 904 1892 951 et

288 974 567 1045 supplicia
605 977 813 1045 omnia,
846 977 1035 1048 ignem
1064 984 1356 1050 aeternum,
1390 999 1632 1039 vermem
1662 986 1891 1040 immor-

287 1063 481 1129 talem,
533 1069 883 1121 tartarorum
923 1068 1203 1136 tenebras,
1237 1075 1294 1124 et
1341 1089 1509 1143 super
1555 1074 1671 1128 haec
1699 1077 1889 1130 omnia

287 1152 547 1208 dentium
568 1154 855 1222 stridores,
889 1162 946 1211 et
972 1158 1225 1227 timores,
1259 1165 1316 1215 et
1343 1166 1643 1217 tormenta.
1693 1160 1888 1219 Adduc

287 1242 461 1296 etiam
479 1248 537 1296 et
549 1242 696 1298 bona
710 1261 834 1315 quae
853 1252 987 1301 sunt
1002 1248 1174 1317 justis
1191 1250 1453 1320 reposita,
1473 1252 1735 1307 ﬁduciam
1755 1258 1886 1308 ante

286 1331 467 1386 Deum
482 1333 709 1387 Patrem
731 1339 786 1389 et
801 1336 1087 1391 Christum
1102 1339 1150 1407 ej
1158 1354 1224 1391 us
1235 1338 1654 1407 Filium,coram
1673 1344 1888 1413 angelis

286 1426 346 1475 et
374 1421 746 1492 archangelis,
782 1429 838 1478 et
876 1426 1268 1496 potestatibus,
1304 1433 1472 1500 atque
1500 1432 1654 1485 omni
1683 1432 1844 1504 plebe
1870 1453 1882 1502 ;

287 1526 530 1581 regnum
545 1513 833 1581 calorum,
854 1519 912 1569 et
927 1515 1073 1569 dona
1094 1517 1233 1587 ejus,
1246 1518 1518 1588 gaudium
1536 1526 1592 1575 et
1610 1523 1883 1594 requiem.

280 1599 666 1673 Utrorumque
677 1603 877 1657 horum
891 1608 1482 1663 commemorationem
1492 1609 1635 1665 habe
1647 1613 1794 1682 apud
1807 1618 1882 1679 te,

282 1694 339 1743 et
358 1706 531 1761 super
534 1691 747 1761 judicia
762 1693 989 1763 quidem
1001 1701 1359 1765 peccatorum
1371 1697 1691 1768 ingemisce,
1705 1701 1880 1771 plora,

1971 544 2151 600 nobis.

2050 632 2130 690 10.
2179 633 2512 688 Praeterieris
2553 627 2853 700 aliquando
2883 624 3056 679 abbas
3084 621 3283 674 Pastor
3310 616 3369 670 in
3396 615 3567 686 Egy-

1973 727 2087 793 pto,
2123 723 2261 777 vidit
2308 722 2602 777 mulierem
2660 719 2720 772 in
2772 716 3135 769 monumento
3186 707 3474 762 sedentem
3512 706 3571 757 et

1974 812 2203 866 ﬂentem
2235 828 2443 877 amare,
2480 817 2537 865 et
2556 809 2696 864 dixit
2720 826 2730 861 :
2768 806 2826 861 Si
2856 802 3081 857 veniant
3108 797 3300 853 omnia
3323 794 3565 848 delecta-

1972 899 2112 954 bilia
2149 901 2345 955 mundi
2392 901 2581 971 hujus,
2624 914 2737 952 non
2764 892 3105 949 transferent
3135 887 3382 942 animam
3413 882 3566 936 illius

1971 1007 2005 1043 a
2033 991 2206 1045 luctu.
2238 992 2326 1044 Ita
2353 994 2408 1043 et
2438 987 2744 1043 monachus
2773 984 2938 1039 debet
2964 995 3187 1051 semper
3214 977 3430 1031 luctum
3467 972 3565 1025 ha-

1970 1077 2102 1133 bere
2126 1079 2185 1133 in
2212 1079 2532 1150 semetipso.

2044 1166 2101 1223 11
2117 1168 2259 1222 .Alia
2269 1169 2386 1223 vice
2404 1149 2679 1222 transibat
2692 1180 2819 1218 cum
2836 1161 3035 1216 abbate
3052 1155 3216 1213 Anub
3239 1155 3296 1209 in
3314 1149 3565 1224 partibus

1970 1256 2168 1323 Diolci,
2192 1263 2249 1312 et
2264 1258 2553 1312 venientes
2567 1256 2713 1309 circa
2736 1254 3119 1314 monumenta,
3154 1245 3415 1299 viderunt
3441 1254 3562 1338 mu:-

1969 1345 2166 1401 lierem
2204 1346 2373 1400 nimis
2409 1347 2712 1401 caedentem
2755 1359 2815 1395 se
2861 1346 2918 1395 et
2945 1341 3173 1393 ﬂentem
3200 1341 3411 1388 amare.
3453 1329 3562 1393 Qui

1970 1440 2182 1490 stantes
2203 1434 2569 1490 intendebant
2595 1435 2654 1487 in
2679 1449 2820 1487 eam.
2849 1428 3148 1485 Paululum
3161 1428 3351 1478 autem
3370 1432 3561 1490 proce-

1969 1525 2185 1591 dentes,
2212 1529 2576 1579 occurrerunt
2587 1523 2829 1588 cuidam,
2850 1525 2906 1573 et
2929 1512 3297 1585 interrogavit
3311 1523 3454 1607 eum.
3464 1506 3562 1607 ab-

1967 1612 2067 1667 bas
2090 1614 2307 1681 Pastor,
2342 1614 2531 1668 dicens
2552 1633 2562 1667 :
2591 1612 2737 1677 Quid
2752 1610 2923 1664 habet
2939 1607 3143 1661 mulier
3158 1604 3285 1667 ista,
3311 1597 3459 1671 quod
3478 1597 3560 1651 sic

1968 1703 2153 1773 plorat
2171 1704 2401 1757 amare?
2422 1703 2575 1757 Dixit
2593 1702 2644 1756 ei
2667 1720 2677 1755 :
2708 1702 2955 1756 Mortuus
2978 1700 3062 1750 est
3081 1693 3317 1749 maritus
3341 1690 3481 1759 ejus,
3505 1690 3563 1740 et

279 1779 487 1833 vestire
517 1779 770 1836 luctuum
789 1782 1113 1854 imaginem,
1149 1790 1405 1841 metuens
1425 1803 1496 1841 ne
1517 1793 1573 1842 et
1601 1793 1665 1843 tu
1685 1790 1804 1860 ipse
1824 1776 1946 1845 inB
1969 1791 2137 1857 ﬁlius,
2172 1796 2228 1845 et
2258 1792 2448 1846 frater.
2486 1793 2553 1846 Et
2596 1789 2941 1862 respondens
2972 1784 3143 1839 abbas
3172 1782 3388 1843 Pastor,
3422 1775 3561 1830 dixit

279 1867 370 1922 his
391 1884 835 1942 corruas;super
864 1871 1014 1927 bona
1041 1890 1172 1929 vero
1189 1875 1358 1945 justis
1386 1877 1652 1948 reposita,
1674 1880 1877 1948 gaude,

279 1957 518 2024 exsulta,
556 1963 613 2013 et
645 1959 855 2015 laetare.
880 1961 949 2016 Et
966 1962 1055 2017 his
1075 1964 1300 2035 quidem
1318 1964 1429 2019 frui
1456 1966 1755 2034 festina,ab
1771 1968 1883 2023 illis

279 2064 411 2102 vero
439 2048 583 2102 effici
615 2048 852 2105 alienus.
900 2051 1041 2107 Vide
1070 2069 1140 2107 ne
1169 2053 1513 2110 obliviscaris
1556 2057 1876 2127 aliquando,

276 2136 396 2191 sive
424 2138 579 2192 intra
605 2138 805 2195 cellam
829 2144 987 2195 tuam
1015 2141 1111 2209 sis,
1136 2142 1250 2196 sive
1270 2142 1406 2198 foris
1430 2143 1664 2214 alicubi;
1689 2151 1746 2200 et
1770 2163 1884 2202 me-

277 2227 525 2281 moriam
554 2228 760 2283 horum
788 2245 859 2283 ne
898 2229 1125 2300 abjiciat
1166 2248 1328 2287 mens
1376 2236 1494 2302 tua,
1545 2239 1610 2288 ut
1635 2252 1738 2306 per
1764 2236 1883 2291 hac

282 2315 488 2370 saltem
516 2317 769 2372 sordidas
800 2323 857 2373 et
884 2319 1078 2373 noxias
1101 2320 1469 2391 cogitationes
1499 2322 1753 2394 effugias.

351 2403 407 2460 4.
435 2405 585 2460 Dixit
612 2404 783 2461 abbas
812 2407 990 2463 Elias:
1013 2409 1129 2479 Ego
1154 2414 1270 2464 tres
1298 2427 1388 2465 res
1412 2411 1584 2466 timeo
1615 2414 1877 2483 (Append.

281 2496 474 2560 Mart,
512 2511 568 2548 η.
602 2492 688 2561 97,
720 2499 806 2549 tit.
849 2497 1048 2559 Senis).
1080 2499 1285 2566 Unam,
1331 2502 1553 2571 quando
1585 2519 1884 2573 egressura

278 2588 365 2638 est
384 2583 580 2637 anima
606 2600 734 2639 mea
762 2585 830 2639 de
860 2602 1120 2658 corpore;
1158 2587 1328 2642 aliam
1376 2591 1598 2659 quando
1627 2608 1883 2648 occursu-

276 2689 380 2727 rus
405 2689 530 2727 sum
557 2673 673 2728 Deo
696 2675 979 2743 ;tertiam,
1007 2677 1230 2747 quando
1260 2678 1557 2733 adversum
1587 2696 1677 2735 me
1703 2682 1883 2753 profe-

275 2763 455 2817 renda
485 2768 570 2817 est
599 2765 899 2819 sententia.

347 2852 403 2906 5.
438 2853 655 2907 Sanctae
709 2855 997 2909 memoria:
1042 2856 1384 2927 Theophilus
1434 2858 1882 2930 archiepiscopus

1964 1879 2153 1934 abbati
2172 1881 2367 1935 Anub:
2399 1880 2535 1935 Dico
2566 1879 2689 1945 tibi,
2728 1878 2859 1951 quia
2906 1876 3013 1931 nisi
3043 1875 3209 1929 homo
3239 1884 3433 1924 omnes
3468 1881 3559 1918 vo-

1963 1967 2212 2023 luntates
2229 1969 2413 2024 carnis
2441 1985 2558 2024 suae
2590 1965 3031 2030 mortiﬁcaverit,
3063 1967 3119 2016 et
3142 1954 3453 2055 pos—sederit
3474 1954 3560 2055 lu-

1964 2062 2119 2112 ctum
2139 2058 2305 2125 hunc,
2351 2075 2465 2113 non
2494 2062 2681 2130 potest
2710 2054 3018 2112 monachus
3046 2049 3190 2105 fieri.
3219 2048 3363 2103 Tota
3404 2048 3556 2098 enim

1963 2146 2078 2202 vita
2106 2147 2362 2203 mulieris
2382 2147 2547 2202 istius
2568 2153 2626 2202 et
2645 2163 2804 2201 mens
2823 2145 2883 2199 in
2910 2144 3066 2197 luctu
3097 2143 3200 2194 e'st.

2033 2236 2123 2293 12.
2152 2237 2305 2293 Dixit
2327 2237 2535 2292 iterum
2558 2236 2729 2291 abbas
2756 2236 2984 2289 Pastor:
3005 2232 3213 2286 Luctus
3234 2225 3438 2298 duplex
3472 2226 3573 2278 est

1966 2327 2062 2398 qui
2093 2333 2376 2399 operatur,
2412 2332 2470 2382 et
2486 2327 2747 2383 custodit.

2039 2413 2125 2474 13.
2149 2416 2725 2487 Fraterinterrogavit
2744 2431 2873 2469 eum
2894 2410 3156 2482 (Append.
3171 2408 3337 2462 Mart.
3349 2421 3428 2472 ,n.
3446 2401 3531 2473 34)
3543 2442 3556 2468 ,

1966 2505 2153 2560 dicens
2184 2525 2194 2559 :
2223 2506 2368 2570 Quid
2396 2505 2574 2560 facio?
2612 2505 2760 2560 Dicit
2786 2504 2837 2557 ei
2862 2521 2875 2557 :
2925 2498 3161 2566 Quando
3194 2495 3346 2551 venit
3377 2492 3558 2548 Abra-

1965 2594 2096 2647 ham
2126 2594 2183 2648 in
2226 2599 2436 2648 terram
2469 2592 2935 2666 repromissionis,
2986 2589 3418 2644 monumentum
3454 2580 3562 2636 sibi

1966 2684 2327 2754 comparavit,
2362 2689 2420 2738 et
2447 2701 2547 2755 per
2575 2685 2897 2755 sepulcrum
2923 2686 3137 2736 terram
3167 2678 3227 2731 in
3257 2672 3558 2730 haeredita-

1963 2776 2089 2825 tem‘
2120 2765 2388 2843 percepit.
2441 2773 2510 2827 Et
2563 2772 2702 2827 dixit
2727 2773 2779 2827 ei
2806 2773 3012 2826 frater:
3067 2766 3214 2832 Quid
3265 2767 3352 2819 est
3379 2759 3564 2833 sepule

1964 2860 2156 2913 crum?
2191 2862 2255 2914 Et
2282 2861 2420 2915 dixit
2444 2878 2638 2916 senex:
2672 2863 2850 2915 Locus
2878 2858 3052 2913 ﬂendi
3077 2861 3134 2910 et
3163 2852 3416 2925 lugendi.

2033 2947 2122 3004 14.
2150 2949 2366 3004 Sanctae
2396 2950 2677 3004 memoriae
2697 2948 3039 3003 Athanasius
3060 2943 3279 3014 rogavit
3297 2940 3558 2996 abbatem

1898 3054 1942 3115 ί]
1964 3038 2173 3093 Pambo
2196 3044 2258 3093 ut
2278 3039 2640 3094 descenderet
2659 3040 2727 3093 de
2757 3054 2946 3092 eremo
2967 3036 3038 3090 ad
3068 3031 3465 3088 Alexandriam
3487 3028 3505 3062 ί
3544 3046 3557 3093 ;

348 3120 405 3177 6.
429 3121 700 3176 Dicebant
715 3123 917 3177 fratres
938 3124 1070 3194 quia
1082 3126 1552 3182 manducantibus
1576 3128 1878 3200 aliquando
1965 3128 2059 3201 qui
2073 3145 2198 3182 cum
2219 3128 2613 3195 descendisset,
2636 3128 2773 3182 vidit
2792 3126 2867 3180 ibi
2886 3118 3557 3217 mulierem-theatricarn,

275 3211 547 3266 fratribus
568 3212 628 3265 in
657 3211 949 3279 charitate,
985 3214 1112 3268 risit
1138 3232 1286 3270 unus
1307 3216 1481 3271 frater
1510 3217 1581 3271 ad
1603 3234 1875 3272 mensam.
1963 3223 2020 3272 et
2042 3219 2384 3290 lacrymatus
2404 3222 2505 3271 est.
2526 3218 2910 3287 Interrogatus
2930 3218 3123 3307 autern
3145 3208 3302 3307 abiis
3432 3205 3561 3259 ade-

276 3301 345 3355 Et
370 3300 570 3355 videns
600 3318 729 3356 eum
759 3301 930 3357 abbas
959 3304 1224 3370 Joannes,
1260 3306 1431 3373 ﬂevit,
1468 3305 1687 3360 dicens:
1736 3307 1881 3371 Quid
1963 3312 2110 3374 rant,
2132 3323 2305 3376 quare
2326 3306 2495 3360 fuerit
2525 3306 2885 3377 lacrymatus,
2910 3302 3021 3393 ait
3054 3301 3209 3393 Duae,
3231 3297 3435 3393 inquit,
3470 3308 3561 3393 res

272 3394 444 3461 putas
470 3389 642 3444 habet
666 3390 843 3446 frater
859 3392 964 3446 iste
994 3393 1052 3447 in
1082 3394 1247 3447 corde
1272 3410 1394 3462 suo,
1427 3393 1558 3465 quia
1588 3394 1730 3462 risit,
1755 3412 1883 3450 cum
1964 3412 2055 3450 me
2084 3400 2398 3449 moverunt.
2443 3396 2567 3449 Una
2595 3394 2663 3448 de
2687 3393 2836 3447 illius
2864 3389 3218 3464 perditione;
3267 3385 3396 3451 alia,
3429 3385 3561 3454 quia

274 3478 569 3534 debuisset
604 3480 786 3552 magis
836 3483 989 3547 ﬂere,
1025 3483 1157 3553 quia
1185 3483 1519 3537 charitatem
1556 3485 1879 3539 manducat.
1965 3500 2067 3554 ego
2096 3501 2208 3538 non
2233 3483 2412 3538 habeo
2460 3482 2575 3537 tale
2619 3482 2870 3537 studium
2918 3478 3174 3553 placendi
3211 3477 3349 3541 Deo,
3395 3472 3561 3544 quale

350 3568 404 3625 7.
436 3568 589 3623 Dixit
615 3569 789 3624 abbas
818 3570 1056 3625 Jacobus
1084 3590 1093 3625 :
1116 3571 1259 3635 Quia
1276 3571 1422 3626 sicut
1440 3573 1670 3627 lucerna
1690 3573 1884 3629 obscu-
1964 3572 2135 3628 habet
2161 3574 2271 3627 ista
2300 3578 2364 3627 ut
2391 3571 2709 3627 hominibus
2736 3570 2998 3642 turpibus
3017 3569 3254 3641 placeat.

276 3674 406 3712 rum
434 3657 762 3713 cubibulum
790 3659 1090 3727 illuminat,
1122 3660 1205 3714 ita
1230 3661 1405 3715 timor
1438 3661 1560 3728 Dei,
1593 3661 1642 3715 si
1669 3663 1886 3718 venerit
2039 3660 2127 3717 15.
2171 3661 2358 3716 Abbas
2380 3662 2634 3717 Silvanus
2654 3661 2854 3716 sedens
2870 3657 3174 3731 aliquando
3206 3671 3334 3711 cum
3366 3652 3557 3707 fratria

276 3749 336 3802 in
366 3748 533 3803 corde
562 3748 826 3815 hominis,
860 3749 1144 3804 illuminat
1163 3766 1294 3805 eum
1308 3754 1364 3805 et
1385 3751 1546 3805 docet
1562 3767 1757 3807 omnes
1776 3753 1885 3807 vir-
1966 3751 2089 3820 bus,
2104 3752 2286 3807 factus
2308 3757 2393 3806 est
2407 3752 2466 3806 in
2486 3768 2712 3806 excessu
2733 3750 2956 3816 mentis,
2990 3753 3047 3804 et
3064 3747 3265 3803 cecidit
3285 3746 3343 3800 in
3365 3743 3561 3798 faciem

277 3843 429 3894 tutes
451 3843 509 3893 et
532 3839 800 3894 mandata
823 3839 946 3894 Dei.
1967 3858 2128 3896 suam
2160 3843 2342 3910 (Rulli,
2392 3843 2488 3897 lib.
2532 3856 2614 3907 III,
2663 3857 2822 3895 num.
2870 3838 2977 3894 205
3012 3858 3025 3907 ;
3076 3837 3318 3907 Append.
3369 3835 3559 3899 Mart,

349 3926 405 3985 8.
440 3929 938 4000 Interrogaverunt
966 3929 1196 4000 quidam
1223 3930 1457 3986 Patrum
1478 3930 1742 3987 abbatem
1764 3933 1879 3988 Ma-
1964 3946 2123 3985 num.
2155 3930 2268 3994 48).
2299 3931 2369 3984 Et
2396 3934 2523 4001 post
2547 3930 2789 3984 multum
2818 3944 3058 3999 surgens
3072 3925 3349 3998 plorabat.
3375 3923 3445 3978 Et
3466 3939 3559 3978 ro-

279 4017 496 4073 carium
519 4018 864 4090 Egyptium,
881 4018 1147 4074 dicentes:
1164 4020 1457 4085 Quomodo
1479 4038 1681 4092 corpus
1695 4026 1880 4092 tuum,
1962 4024 2237 4091 gaverunt
2261 4036 2389 4074 eum
2408 4019 2632 4086 fratres,
2667 4018 2945 4073 dicentes:
2966 4017 3113 4081 Quid
3141 4015 3332 4082 habes,
3367 4011 3564 4067 Pater?

278 4114 336 4162 et
354 4107 581 4179 quando
610 4108 936 4175 manducas,
961 4113 1018 4163 et
1029 4109 1252 4179 quando
1259 4110 1727 4180 jejunas,siccum
1749 4112 1879 4167 est?
1964 4109 2065 4164 Ille
2095 4114 2284 4164 autem
2307 4108 2528 4202 tacebat
2556 4114 2614 4162 et
2642 4107 2832 4202 ﬂebat.
2865 4103 3342 4202 Dnmpellentibus
3372 4107 3563 4202 autem

274 4198 345 4252 Et
375 4195 518 4250 dixit
546 4196 625 4250 eis
656 4213 857 4251 senex:
895 4197 1052 4251 Sicut
1075 4198 1294 4269 lignum
1319 4198 1379 4253 in
1409 4210 1583 4254 manu
1610 4201 1876 4268 hominis,
1963 4214 2112 4264 eum,
2136 4197 2276 4251 dixit
2303 4196 2445 4252 illis:
2480 4198 2594 4267 Ego
2625 4197 2697 4251 ad
2712 4195 2986 4267 judicium
3013 4198 3210 4265 raptus
3237 4206 3381 4256 sum,
3415 4194 3472 4243 et
3487 4194 3565 4244 vi-

272 4290 474 4353 586
507 4300 635 4340 cum
687 4302 797 4357 quo
843 4286 1074 4341 frutices
1111 4287 1171 4342 in
1226 4288 1357 4359 igne
1383 4294 1682 4344 versantur
1710 4296 1880 4362 atque
1963 4287 2020 4342 (li
2050 4287 2257 4341 multos
2288 4287 2357 4340 de
2397 4285 2595 4341 habitu
2623 4291 2814 4339 nostro
2842 4288 3039 4339 euntes
3070 4282 3141 4336 ad
3168 4283 3471 4344 tormenta,
3506 4281 3563 4332 et

274 4377 655 4441 reversantur,
690 4364 911 4445 semper
931 4373 1001 4429 ab
1023 4375 1568 4445 igne‘consumitur;
1593 4377 1670 4433 ita
1696 4378 1744 4432 si
1773 4378 1878 4432 ho-
1897 4377 2170 4475 I)multos
2200 4376 2493 4432 saeculares
2517 4380 2713 4430 euntes
2739 4374 2809 4429 ad
2839 4371 3202 4475 regnumfit
3230 4368 3563 4475 lugeb‘at‘se:

275 2958 410 2997 cum
440 2943 747 2998 moriturus
769 2949 935 3011 esset,
968 2945 1133 3000 dixit:
1161 2947 1368 3001 Beatus
1389 2964 1468 3014 es,
1493 2947 1638 3002 abba
1655 2949 1878 3017 Arseni,

277 3032 414 3104 quia
437 3049 659 3104 semper
679 3034 824 3087 hanc
846 3035 1042 3089 horam
1074 3035 1143 3090 ob
1169 3037 1359 3091 oculos
1384 3036 1652 3093 habuisti.

274 4479 368 4518 mo
397 4462 753 4517 mundaverit
780 4468 1029 4519 mentem
1067 4482 1229 4520 suam
1268 4465 1328 4519 in
1373 4465 1577 4521 timore
1607 4467 1728 4534 Dei,
1759 4467 1879 4539 ipse
1898 4455 2088 4526 unex,
2120 4471 2179 4521 et
2205 4465 2433 4520 nolebat
2460 4466 2722 4538 deinceps
2772 4464 2924 4519 exire
2952 4464 3020 4517 de
3047 4461 3189 4516 cella
3217 4475 3336 4515 sua.
3374 4456 3484 4513 Sed
3513 4455 3560 4511 si

282 4552 461 4607 timor
487 4552 590 4606 Dei
619 4553 790 4607 etiam
820 4570 948 4609 ossa
977 4555 1099 4625 ejus
1126 4555 1427 4610 consumit.

344 4640 400 4697 9.
442 4641 719 4696 Miserunt
752 4643 1052 4714 aliquando
1082 4661 1244 4700 senes
1276 4646 1344 4700 de
1372 4652 1563 4701 monte
1593 4646 1789 4702 Nitriaz
1809 4646 1881 4702 ad

268 4730 539 4787 abbatem
552 4732 859 4788 Macarium
880 4733 940 4788 in
960 4735 1173 4806 Scythi,
1199 4740 1463 4806 rogantes
1486 4742 1550 4791 ut
1563 4738 1780 4793 veniret
1809 4741 1880 4797 ad

270 4838 396 4889 eos;
418 4820 667 4893 alioquin
697 4822 865 4877 sciret
893 4840 1119 4878 omnem
1139 4825 1580 4895 multitudinem,
1602 4828 1649 4882 si
1669 4827 1683 4881 i
1690 4846 1787 4900 pse
1809 4830 1880 4884 ad

270 4929 378 4969 eos
408 4928 519 4965 non
542 4912 776 4977 veniret,
808 4913 878 4967 ad
906 4914 1091 4984 ipsum
1113 4932 1234 4970 esse
1261 4920 1579 4986 venturam,
1611 4919 1881 4988 quoniam

264 5000 675 5056 desiderabant
688 5002 874 5056 videre
888 5020 1015 5059 eum
1027 5008 1330 5076 antequam
1343 5006 1610 5077 migraret
1621 5008 1833 5063 adDom
1842 5009 1883 5062 i-

265 5106 435 5146 num.
466 5090 574 5155 Qui
603 5108 731 5145 cum
760 5092 1004 5147 venisset
1031 5094 1091 5148 in
1129 5099 1396 5160 montem,
1425 5102 1765 5168 congregata
1795 5104 1884 5153 est

266 5179 461 5237 omnis
490 5180 792 5235 multitudo
821 5182 1063 5237 fratrum
1094 5183 1166 5237 ad
1194 5200 1342 5238 eum.
1370 5185 1661 5257 Rogabant
1688 5191 1878 5242 autem

265 5286 409 5326 eum
440 5287 601 5324 senes
631 5275 697 5325 ut
724 5270 933 5326 faceret
963 5273 1191 5327 verbum
1221 5274 1293 5327 ad
1326 5274 1545 5329 fratres.
1568 5276 1667 5330 Ille
1689 5282 1880 5332 autem

264 5361 598 5432 lacrymans
614 5358 723 5413 ait:
752 5360 1062 5429 Ploremus,
1091 5361 1311 5431 fratres,
1338 5365 1715 5435 etproducant
1734 5367 1880 5423 oculi

268 5448 460 5506 nostri
475 5449 773 5521 lacrymas,
799 5455 1103 5523 antequam
1126 5470 1321 5509 eamus
1345 5453 1493 5521 hinc,
1506 5452 1601 5508 ubi
1621 5455 1880 5528 lacrymae

268 5545 484 5597 nostrae
514 5555 751 5612 corpora
783 5540 1135 5598 comburant.
1167 5544 1240 5599 Et
1266 5544 1545 5599 ﬂeverunt
1573 5561 1788 5614 omnes,
1822 5554 1879 5604 et

1964 4557 2113 4610 exire
2139 4556 2461 4626 cogebatur,
2494 4555 2783 4628 operiebat
2804 4554 3009 4627 capitio
3032 4551 3232 4606 faciem
3262 4564 3443 4613 suam,
3483 4546 3564 4600 di-

1963 4663 2123 4700 cens:
2160 4646 2305 4715 Quid
2334 4662 2560 4701 necesse
2584 4651 2671 4701 est
2700 4646 2890 4700 videre
2918 4645 3113 4699 lumen
3155 4638 3307 4694 istud
3336 4642 3558 4709 tempo-

1963 4736 2098 4803 rale,
2123 4736 2182 4790 in
2212 4753 2322 4807 quo
2354 4736 2496 4790 nihil
2517 4741 2597 4790 est
2627 4735 2765 4790 utile
2783 4734 2811 4788 ‘?

2032 4825 2121 4880 16.
2154 4826 2307 4880 Dixit
2334 4831 2539 4880 sanctae
2577 4825 2864 4880 memoriae
2893 4821 3238 4895 Syncletica:
3268 4816 3455 4874 Labor
3477 4822 3564 4872 est

1964 4919 2021 4969 et
2044 4932 2313 4985 magnum
2331 4920 2614 4969 certamen
2643 4913 2944 4985 impiorum
2965 4911 3061 4983 qui
3081 4907 3565 4965 convertunturad

1963 5005 2164 5072 Deum,
2197 5011 2255 5058 et
2278 5010 2473 5075 postea
2501 5002 2877 5057 inenarrabile
2904 5000 3193 5072 gaudium.
3228 4998 3385 5054 Sicut
3413 4996 3566 5053 enim

1967 5094 2066 5164 qui
2094 5094 2283 5164 ignem
2306 5094 2607 5148 accendere
2639 5092 2852 5158 volunt,
2883 5090 3039 5162 prius
3066 5090 3377 5156 fumantur,
3415 5091 3473 5143 et
3500 5102 3567 5141 ex

1961 5183 2102 5238 fumi
2123 5183 2379 5238 molestia
2403 5184 2803 5255 lacrymantur,
2825 5181 3015 5252 sicque
3035 5178 3291 5234 obtinent
3305 5177 3457 5250 quod
3476 5193 3569 5231 vo-

1964 5275 2106 5328 lunt.
2149 5273 2373 5328 Etenim
2396 5273 2667 5343 scriptum
2686 5276 2772 5326 est
2802 5289 2813 5325 :
2848 5270 2993 5336 Quia
3017 5269 3168 5326 Deus
3195 5274 3390 5324 noster
3407 5265 3564 5338 ignis

1964 5379 2297 5419 consumens
2330 5367 2449 5417 est:
2481 5361 2562 5416 ita
2608 5364 2831 5433 oportet
2868 5364 2926 5414 et
2947 5359 3063 5433 [nos
3089 5359 3339 5414 divinum
3378 5356 3568 5427 ignem

1962 5472 2089 5510 cum
2103 5454 2254 5525 lacry
2261 5452 2365 5506 mis
2377 5457 2545 5524 atque
2556 5449 2839 5506 laboribus
2849 5450 2908 5505 in
2919 5449 3080 5505 nobis
3092 5448 3227 5521 ipsis
3241 5444 3562 5502 accendere.

2036 5541 2124 5601 l7.
2166 5542 2317 5598 Dixit
2330 5541 2502 5598 abbas
2521 5540 2891 5616 Hyperichius
2918 5559 2929 5596 :
2954 5540 3127 5597 Nocte
3149 5543 3206 5594 et
3234 5536 3325 5593 die
3346 5533 3568 5591 labora-

351 5685 375 5720 ί
406 5683 578 5756 Ruth,
613 5684 711 5745 lib.
744 5700 831 5760 III,
862 5703 920 5746 n.
954 5688 1079 5752 164.
1115 5722 1181 5736 -
1213 5692 1406 5753 Simile
1437 5694 1497 5752 in
1523 5694 1640 5754 vita
1667 5692 1925 5765 Pelagiae,
1960 5707 2085 5766 cap-
2118 5690 2170 5751 3-
2252 5745 2276 5764 .
