3966 6184
375 325 478 384 863

1515 327 1609 381 DE
1645 324 1835 380 VITIS
1873 319 2170 378 PATRUM
2206 321 2420 376 LIBER
2455 321 2522 375 V.

3536 311 3646 370 864

373 451 685 509 monachus
711 450 965 522 vigilans,
989 451 1048 504 in
1063 451 1411 508 orationibus
1436 468 1772 524 permanens
1791 470 1804 518 ;
1823 465 1962 522 pun-
1975 447 2024 508 A
2041 463 2222 518 genus
2249 445 2576 501 intendere?
2600 445 2834 516 Propter
2876 443 3026 516 quod
3041 443 3124 499 sic
3140 441 3408 498 debemus
3433 439 3645 500 vivere.

371 559 512 615 gens
539 547 727 596 autem
757 556 854 594 cor
879 555 1044 594 suum
1062 541 1320 611 producit
1338 543 1636 614 lacrymas,
1660 541 1964 596 et'celerius

373 635 636 704 provocat
663 629 765 684 Dei
793 627 1254 688 misericordiam.

450 718 532 776 18.
555 719 961 790 Applicuerunt
980 717 1180 773 fratres
1199 719 1270 774 ad
1292 718 1549 775 abbatem
1569 721 1828 787 Felicem,
1861 722 1963 775 ha-
2026 780 2034 786 ι

374 807 571 862 bentes
597 823 787 862 secum
802 807 1022 878 aliquos
1043 809 1354 875 saeculares,
1375 815 1432 864 et
1461 816 1797 881 rogaverunt
1813 828 1961 878 eum,

372 901 438 951 ut
464 896 676 950 diceret
702 895 784 950 eis
813 913 1150 951 sermonem.
1183 899 1360 952 Senex
1382 904 1568 952 autem
1591 899 1828 954 tacebat.
1850 902 1965 955 Illis

371 991 564 1040 autem
587 985 800 1040 diutius
825 986 1154 1056 rogantibus
1183 987 1322 1040 dixit
1353 988 1424 1041 ad
1459 1005 1553 1042 eos
1581 1006 1591 1040 :
1639 990 1964 1044 Sermonem

372 1075 542 1129 vultis
565 1075 786 1129 audire?
807 1075 1338 1146 Quiresponderunt
1360 1094 1372 1132 :
1395 1077 1790 1143 Etiam,Pater.
1819 1080 1967 1134 Dixit

375 1180 510 1234 ergo
531 1180 725 1218 senex:
761 1163 1060 1219 Modo'non
1082 1171 1167 1219 est
1186 1183 1389 1221 sermo.
1413 1166 1647 1230 Quando
1670 1174 1858 1221 autem
1879 1169 1966 1222 in-

372 1252 810 1322 terrogabantur
852 1253 1116 1320 seniores,
1141 1259 1196 1308 et
1219 1251 1496 1309 faciebant
1519 1255 1718 1311 fratres
1749 1275 1872 1328 quae
1891 1258 1971 1312 di-

373 1341 578 1396 cebant
605 1342 702 1407 eis,
760 1342 1046 1396 tribuebat
1084 1344 1232 1396 Deus
1263 1345 1541 1414 quomodo
1569 1346 1957 1416 loquerentur.

373 1431 734 1486 Nuncautem
753 1431 1016 1502 quoniam
1030 1432 1163 1486 inte:
1177 1439 1377 1503 rogant
1391 1435 1639 1504 quidam,
1654 1451 1762 1488 non
1780 1443 1968 1491 autem

375 1519 590 1575 faciunt
614 1537 736 1591 quae
767 1521 1023 1586 audiunt,
1061 1522 1294 1575 abstulit
1313 1523 1473 1576 'Deus
1499 1525 1740 1594 gratiam
1773 1543 1806 1579 a
1826 1528 1970 1580 seni-

379 1608 502 1676 bus,
534 1614 599 1664 ut
619 1625 734 1664 non
760 1609 1050 1664 inveniant
1065 1611 1198 1681 quid
1233 1612 1554 1681 loquantur.
1583 1615 1848 1683 quoniam
1871 1617 1966 1686 qui

377 1694 763 1759 opereturnon
793 1695 896 1744 est.
920 1689 1055 1753 Quae
1085 1707 1212 1744 cum
1234 1692 1524 1746 audissent
1551 1693 1771 1755 fratres,
1806 1695 1965 1764 inge-

375 1783 662 1843 muerunt,
695 1777 970 1832 dicentes:
1007 1780 1117 1833 Ora
1150 1797 1250 1851 pro
1275 1781 1454 1846 nobis,
1489 1782 1672 1836 Pater.

453 1863 538 1922 19.
571 1867 957 1922 Narraverunt
984 1868 1052 1921 de
1081 1867 1284 1922 abbate
1317 1870 1432 1922 llor
1459 1867 1558 1940 (9),
1591 1877 1646 1924 et
1673 1871 1741 1924 de
1768 1872 1968 1928 abbate

374 1954 687 2022 Theodoro,
717 1956 850 2027 quia
877 1956 1162 2012 misissent
1185 1957 1471 2029 caprinam
1501 1959 1702 2030 pellem
1731 1960 1789 2014 in
1829 1963 1965 2017 cella

379 2047 503 2110 sua,
543 2049 602 2099 et
635 2043 900 2099 dixerunt
935 2045 1040 2100 sibi
1063 2047 1370 2100 adinvicem
1398 2065 1408 2100 :
1445 2047 1502 2102 Si
1531 2065 1634 2102 nos
1662 2049 1970 2107 visitaverit

379 2133 532 2188 Deus
543 2134 729 2200 modo,
755 2133 886 2206 quid
906 2135 1201 2190 faciemus?
1224 2137 1292 2190 Et
1314 2137 1513 2191 ﬂentes
1523 2139 1874 2209 reliquerunt
1891 2142 1970 2196 lo-

379 2238 508 2277 cum
553 2238 620 2277 ex
659 2221 948 2290 lateribus,
983 2229 1040 2278 et
1080 2225 1160 2279 sic
1197 2233 1550 2282 recesserunt
1587 2227 1644 2282 in
1684 2229 1837 2283 cellis
1860 2229 1976 2284 suis

380 2309 647 2380 (Append.
675 2313 866 2378 Mart,
898 2329 1053 2366 num.
1081 2313 1190 2382 47).

453 2387 543 2446 20.
567 2393 833 2447 Narravit
853 2393 1080 2464 quidam
1093 2411 1260 2449 senex
1277 2395 1422 2466 quod
1441 2396 1644 2468 aliquis
1658 2397 1833 2452 frater
1849 2415 1976 2453 cum

383 2481 632 2538 converti
659 2481 946 2548 voluisset,
985 2488 1044 2537 et
1071 2483 1392 2554 prohiberet
1444 2491 1628 2540 mater
1653 2503 1758 2540 sua
1792 2489 1975 2556 (Rulli,

384 2572 478 2625 lib.
503 2583 588 2636 III,
603 2586 662 2624 η.
684 2567 829 2642 216),
852 2570 946 2624 ille
963 2587 1072 2624 non
1087 2571 1408 2642 quiescebat
1427 2572 1498 2626 ab
1515 2573 1824 2629 intentione
1855 2592 1975 2639 sua.

383 2659 574 2714 dicens
595 2674 610 2714 :
635 2659 862 2714 Salvare
883 2660 1004 2714 volo
1020 2659 1266 2714 animam
1281 2666 1466 2727 δατ
1490 2679 1694 2717 meam.
1719 2665 1824 2718 Illa
1849 2681 1978 2719 vero

382 2749 625 2803 multum
644 2747 1062 2814 resistens,cum
1079 2749 1422 2804 desiderium
1435 2751 1558 2820 ejus
1577 2751 1849 2823 impedire
1867 2770 1980 2808 non

380 2841 588 2909 posset,
612 2842 808 2908 postea
827 2837 1102 2908 permisit.
1122 2837 1331 2892 Abiens
1359 2845 1549 2894 autem
1572 2840 1750 2894 factus
1780 2858 1978 2896 mona~

383 2925 520 2980 chus
541 2925 644 2980 sub
663 2925 1008 2996 negligentia
1037 2926 1206 2980 vitam
1237 2943 1397 2980 suam
1419 2929 1704 3000 expendit.
1729 2930 1976 3000 Contigit

383 3015 1042 3086 autem,utmateripsius
1065 3023 1396 3083 moreretur;
1416 3022 1472 3070 et
1492 3023 1618 3088 post
1631 3024 1854 3089 tempus
1873 3020 1980 3072 ali-

2046 539 2241 606 utpote
2263 535 2358 606 qui
2390 535 2458 589 de
2488 533 2724 604 singulis
2745 531 2990 588 motibus
3007 531 3215 588 nostris
3227 531 3502 587 rationem
3525 529 3652 584 exi-

2045 622 2212 692 gendi
2242 621 2422 676 simus
2444 637 2480 674 a
2509 621 2644 675 Deo.
3281 691 3292 694 _

2117 709 2788 779 2'2.Fraterinterrogavit
2807 725 3000 764 senem
3015 708 3200 774 (Pasch
3212 723 3300 771 .,c.
3315 705 3374 762 21
3389 722 3578 775 ,num.
3591 704 3645 768 4,

2045 800 2288 867 Append.
2319 801 2508 862 Mart,
2559 815 2716 852 num.
2739 796 2848 866 22),
2889 798 3080 852 dicens
3106 812 3120 851 :
3145 795 3306 851 Unde
3341 803 3448 861 est,
3478 793 3647 858 abba,

2047 903 2143 941 cor
2170 904 2358 941 meum
2389 887 2616 953 durum,
2637 891 2694 941 et
2724 903 2836 941 non
2860 885 3034 940 timeo
3054 885 3357 940 Dominum
3375 885 3400 937 ?
3431 883 3582 938 Dicit
3597 882 3650 936 ei

2048 993 2248 1030 senex:
2276 977 2438 1040 Puto,
2476 975 2608 1046 quia
2637 975 2685 1029 si
2713 975 2881 1029 homo
2905 979 3097 1028 teneat
3133 973 3194 1028 in
3231 973 3400 1027 corde
3429 988 3535 1026 suo
3562 971 3652 1026 in-

2048 1064 2425 1136 crepationem
2437 1064 2738 1135 ,possideat
2756 1062 3194 1117 timorem.Dicit
3207 1061 3469 1116 eifrater:
3504 1060 3654 1124 Quid

2051 1159 2135 1206 est
2161 1153 2469 1224 increpatio
2497 1152 2524 1205 ?
2568 1153 2717 1206 Dixit
2745 1157 2934 1206 autem
2963 1167 3163 1205 senex:
3218 1151 3294 1206 Ut
3321 1151 3380 1204 in
3407 1149 3565 1204 omni
3591 1167 3654 1202 re

2051 1242 2219 1295 homo
2252 1242 2504 1312 increpet
2532 1241 2778 1296 animam
2809 1257 2990 1306 suam,
3037 1240 3272 1294 dicendo
3313 1239 3392 1293 ei:
3437 1239 3656 1292 Memor

2054 1337 2172 1384 esto
2223 1331 2354 1402 quia
2409 1336 2464 1384 te
2497 1335 2719 1401 oportet
2755 1331 2870 1384 Deo
2894 1345 3206 1383 occurrere.
3251 1328 3352 1382 Dic
3373 1333 3568 1382 autem
3595 1331 3658 1380 et

2051 1421 2184 1474 hoc:
2205 1419 2350 1482 Quid
2379 1421 2502 1473 volo
2535 1435 2640 1487 ego
2670 1435 2799 1472 cum
2827 1418 3098 1472 homine?
3137 1417 3405 1471 Existimo
3435 1421 3653 1472 autem.

2052 1509 2186 1578 quia
2215 1509 2259 1561 si
2291 1509 2415 1579 quis
2457 1509 2515 1561 in
2546 1508 2635 1560 his
2673 1511 3020 1578 permaneat,
3069 1506 3222 1559 venit
3249 1513 3306 1559 et
3331 1505 3507 1560 timor
3535 1504 3662 1558 Dei.

2121 1597 2207 1653 ‘23.
2244 1597 2396 1650 Vidit
2424 1614 2593 1650 senex
2624 1580 2926 1667 quemdam
2962 1595 3260 1660 ridentem,
3294 1601 3352 1648 et
3392 1592 3530 1647 dicit
3558 1592 3611 1646 ei
3648 1609 3662 1644 :

2053 1688 2256 1740 Coram
2300 1685 2424 1740 θαιιὶ
2454 1693 2511 1740 et
2541 1692 2704 1740 terrae
2732 1684 2974 1739 Domino
3007 1684 3294 1737 rationem
3326 1682 3503 1736 totius
3535 1682 3665 1737 vitae

1991 1759 2258 1829 Bnostra:
2285 1773 2561 1828 reddituri
2589 1790 2803 1838 sumus,
2835 1778 2894 1827 et
2911 1779 2974 1827 tu
3006 1773 3156 1826 rides
3178 1772 3204 1823 ?

2125 1862 2214 1919 2'1.
2249 1863 2400 1918 Dixit
2421 1879 2588 1916 senex
2611 1881 2622 1916 :
2655 1861 3147 1927 Quemadmodum
3172 1859 3432 1914 umbram
3459 1875 3666 1929 corpo-

2053 1968 2182 2007 rum
2200 1957 2520 2007 nostrorum
2543 1950 2750 2023 ubique
2778 1949 3070 2006 nobiscum
3098 1947 3666 2010 circumferimus,sic

2051 2040 2320 2096 debemus
2364 2041 2561 2095 ﬂetum
2604 2047 2663 2094 et
2707 2039 3198 2111 compunctionem
3240 2035 3448 2090 habere
3474 2034 3667 2090 nobis-

2050 2147 2177 2184 cum
2206 2129 2523 2200 ubicunque
2550 2145 2764 2182 sumus.

2125 2220 2210 2274 25.
2249 2220 2448 2272 Frater
2473 2217 2841 2288 interrogavit
2861 2233 3073 2282 senem,
3106 2215 3299 2270 dicens
3327 2233 3339 2267 :
3369 2213 3551 2278 Abba,
3574 2213 3666 2267 dic

2059 2308 2200 2362 mihi
2232 2307 2458 2379 aliquod
2489 2305 2740 2362 verbum.
2777 2305 2926 2361 Dicit
2953 2305 3005 2360 ei
3035 2321 3203 2360 senex
3228 2322 3242 2358 :
3267 2303 3506 2368 Quando
3533 2319 3668 2374 per-

2059 2395 2234 2450 cussit
2252 2397 2402 2451 Deus
2433 2395 2758 2467 Egyptum,
2791 2411 2904 2450 non
2929 2399 3051 2448 erat
3076 2393 3278 2448 domus
3307 2407 3423 2446 non
3450 2389 3670 2446 habens

2059 2486 2297 2540 luctum.

2131 2573 2426 2630 26.Frater
2443 2573 2813 2645 interrogavit
2839 2573 3013 2628 alium
3039 2571 3458 2638 senem,dicens
3488 2569 3672 2634 :Quid

2061 2658 2240 2716 facio?
2272 2663 2420 2718 Dicit
2438 2663 2488 2717 ei
2508 2679 2711 2718 senex:
2746 2663 2906 2717 Flere
2932 2659 3202 2716 debemus
3229 2676 3468 2732 semper.

2135 2751 2383 2821 Contigit
2405 2752 2554 2805 enim
2581 2751 2881 2822 quemdam
2901 2765 3102 2804 senum
3121 2748 3264 2803 mori
3287 2747 3676 2820 aliquando,et

2062 2845 2191 2910 post
2218 2841 2454 2894 multam
2495 2841 2691 2894 horam
2721 2839 2928 2894 iterum
2957 2838 3019 2892 in
3047 2837 3416 2909 semetipsum
3430 2835 3672 2891 reverti.

2061 2929 2536 2998 Interrogawmus
2584 2945 2733 2995 eum,
2799 2928 3082 2982 dicentes:
3138 2925 3290 2990 Quid
3335 2925 3527 2980 vidisti
3575 2924 3681 2992 ibi,

2061 3016 2241 3071 abba?
2268 3019 2332 3071 Et
2360 3018 2610 3072 narravit
2639 3016 2798 3071 nobis
2819 3016 3076 3087 plorans:
3102 3014 3306 3069 Audivi
3337 3031 3529 3069 vocem
3559 3014 3681 3068 illic

384 3111 657 3178 quantum
672 3105 972 3176 etiamipse
987 3105 1400 3160 infirmatusest
1419 3106 1742 3161 infirmitate
1757 3125 1980 3178 magna.
2000 3096 2362 3176 C‘lugubicm
2409 3107 2529 3160 sine
2559 3106 2868 3160 cessatione
2915 3104 3192 3159 dicentem
3220 3120 3231 3156 :
3265 3102 3364 3156 Vae
3409 3102 3572 3168 mihi,
3599 3119 3681 3157 va:

384 3195 456 3250 Et
481 3211 610 3250 cum
637 3195 816 3249 factus
843 3194 1042 3249 fuisset
1081 3195 1141 3249 in
1172 3211 1397 3249 excessu
1423 3197 1647 3262 mentis,
1673 3203 1868 3268 raptus
1897 3204 1983 3251 est

389 3285 462 3338 ad
485 3283 784 3355 judicium,
819 3289 877 3338 et
905 3283 1118 3338 invenit
1157 3289 1397 3338 matrem
1428 3287 1588 3338 suam
1617 3302 1743 3339 cum
1771 3286 1855 3340 his
1885 3287 1983 3357 qui

381 3371 799 3444 judicabantur.
833 3372 936 3428 Illa
964 3377 1156 3426 autem
1178 3373 1391 3426 utvidit
1407 3390 1556 3439 eum,
1584 3367 1894 3446 obstupuit,
1927 3382 1984 3430 et

387 3461 560 3517 dixit:
601 3462 749 3526 Quid
769 3467 855 3516 est
871 3462 993 3526 hoc,
1027 3461 1150 3515 ﬁli?
1185 3462 1251 3516 Et
1269 3468 1331 3516 tu
1351 3462 1411 3517 in
1433 3463 1617 3518 locum
1653 3471 1804 3518 hunc
1851 3481 1984 3519 con-

387 3550 686 3606 demnatus
709 3552 902 3622 jussus
931 3567 991 3604 es
1017 3551 1254 3606 venire?
1287 3551 1395 3606 Ubi
1419 3558 1551 3606 sunt
1573 3570 1858 3607 sermones
1878 3555 1980 3618 tui,

389 3655 529 3711 quos
544 3637 883 3709 loquebaris,
899 3639 1108 3694 dicens:
1133 3639 1222 3693 Sal
1232 3656 1357 3693 vare
1371 3641 1492 3695 volo
1510 3640 1756 3694 animam
1775 3643 1989 3696 meam?

391 3726 670 3783 Confusus
697 3727 956 3781 autemin
976 3727 1064 3781 his
1085 3744 1210 3798 quae
1226 3728 1501 3794 audierat,
1526 3729 1648 3800 ipso
1669 3729 1858 3784 dolore
1874 3736 1988 3786 stu-

388 3815 554 3888 pidus
573 3815 751 3870 factus
771 3821 875 3882 est,
899 3821 956 3869 et
967 3814 1154 3870 stabat
1171 3831 1285 3870 non
1303 3815 1514 3870 habens
1537 3817 1672 3888 quid
1685 3818 1852 3872 matri
1874 3836 1986 3874 suae

391 3903 730 3975 respondere
750 3909 960 3975 posset.
987 3905 1156 3958 Juxta
1175 3903 1651 3975 dispensationem
1676 3911 1867 3962 autem
1887 3909 1988 3962 mi-

393 3991 710 4048 sericordiae
740 3993 861 4058 Dei,
895 3997 1262 4064 posteaquam
1303 3993 1420 4048 haec
1461 3995 1618 4061 vidit,
1664 3997 1898 4068 contigit
1924 4004 1989 4053 ut

393 4085 772 4154 repararetur,
806 4085 864 4136 et
885 4081 1150 4136 evaderet
1177 4081 1248 4137 ab
1272 4083 1506 4138 instanti
1537 4085 1886 4141 inﬁrmitate.
1920 4087 1990 4142 Et

391 4170 647 4242 cogitans
675 4171 824 4244 apud
851 4188 931 4237 se,
981 4170 1251 4226 divinitus
1277 4172 1484 4227 factam
1513 4189 1636 4228 esse
1667 4175 1986 4245 hujusmodi

390 4259 684 4328 visionem,
704 4259 995 4315 includens
1008 4277 1069 4315 se
1093 4260 1164 4315 de
1193 4266 1393 4316 caatero
1422 4261 1670 4330 sedebat,
1699 4269 1756 4318 et
1782 4265 1990 4335 cogita-

391 4348 490 4404 bat
517 4349 586 4404 de
615 4350 796 4404 salute
825 4367 946 4417 sua,
1000 4350 1283 4422 pcenitens
1311 4358 1369 4406 et
1395 4351 1621 4422 plorans
1651 4352 1719 4407 de
1749 4353 1834 4408 his
1867 4371 1990 4426 quae

392 4445 586 4510 egerat
616 4438 720 4494 sub
747 4430 1092 4511 negligentia
1125 4441 1301 4512 prius.
1338 4441 1519 4496 Tanta
1542 4447 1733 4498 autem
1755 4448 1878 4498 erat
1899 4445 1989 4499 in-

391 4529 592 4596 tentio,
625 4534 690 4583 ut
737 4545 866 4583 cum
896 4529 1061 4583 multi
1094 4546 1223 4584 eum
1262 4537 1530 4600 rogarent
1555 4530 1852 4602 indulgere
1882 4533 1988 4588 sibi

393 4618 710 4690 paululum,
743 4633 814 4672 ne
841 4617 985 4672 forte
1025 4617 1306 4672 laesionem
1335 4619 1582 4690 aliquam
1611 4625 1903 4692 pateretur
1921 4621 1990 4676 de

394 4709 552 4775 fletu,
586 4723 753 4779 quem
775 4723 944 4778 supra
961 4708 1193 4761 modum
1222 4707 1560 4774 effundebat,
1592 4710 1868 4764 consolari
1896 4727 1993 4764 no-

393 4797 518 4865 luit,
546 4797 772 4852 dicens:
808 4797 866 4852 Si
885 4796 1290 4868 imprOperium
1320 4797 1516 4851 matris
1544 4815 1683 4852 meae
1713 4800 1990 4856 sustinere

397 4901 511 4940 non
539 4886 714 4958 potui,
746 4887 1025 4957 quomodo
1055 4885 1262 4940 Christi
1309 4891 1366 4940 et
1413 4891 1736 4942 sanctorum
1769 4890 1992 4959 angelo-

397 4991 524 5028 rum
577 4976 699 5045 ejus
728 4976 1023 5030 adversum
1054 4992 1145 5030 me
1173 4975 1559 5030 confusionem
1587 4983 1782 5048 potero
1813 4978 1872 5032 in
1900 4979 1990 5033 die

391 5064 591 5136 judicii
617 5066 895 5120 sustinere
909 5065 936 5119 ?

467 5145 558 5200 21.
583 5145 734 5199 Dixit
760 5161 960 5200 senex:
988 5146 1048 5202 Si
1077 5145 1338 5218 possibile
1365 5153 1513 5202 esset
1533 5148 1591 5202 in
1631 5149 1872 5203 adventu
1893 5151 1997 5204 Dei

399 5239 528 5306 post
552 5233 1021 5288 resurrectionem
1043 5251 1156 5305 pra:
1185 5235 1387 5290 timore
1408 5235 1639 5290 interire
1661 5237 1878 5292 animas
1900 5239 2000 5294 ho-

399 5323 639 5390 minum,
673 5323 854 5377 omnis
883 5324 1126 5378 mundus
1167 5331 1484 5380 moreretur
1522 5342 1555 5380 a
1587 5331 1801 5382 terrore
1825 5333 1996 5399 atque

399 5412 718 5469 formidine.
751 5412 926 5476 Quale
969 5417 1055 5466 est
1084 5413 1232 5468 enim
1275 5415 1461 5470 videre
1491 5417 1658 5471 caelos
1685 5417 1906 5484 scissos,
1939 5424 1997 5472 et

399 5505 579 5560 Deum
596 5502 905 5558 revelatum
932 5518 1060 5556 cum
1076 5502 1162 5556 ira
1177 5509 1234 5557 et
1247 5504 1650 5575 indignatione,
1686 5512 1743 5561 et
1765 5507 1997 5562 militias

399 5591 838 5650 innumerabiles
859 5591 1206 5663 angelorum,
1232 5598 1288 5648 et
1299 5597 1482 5664 totum
1505 5595 1672 5650 simul
1694 5596 1993 5652 hominum

2065 3195 2224 3250 mihi.
2257 3195 2345 3250 Sic
2377 3202 2434 3249 et
2462 3213 2562 3250 nos
2592 3211 2816 3266 semper
2843 3194 3027 3248 dicere
3056 3192 3346 3246 debemus.

2135 3284 2224 3341 ‘27.
2283 3285 2660 3354 Interrogavit
2697 3284 2871 3338 frater
2910 3283 3138 3354 quidam
3187 3297 3401 3347 senem,
3436 3280 3672 3335 dicens:

2065 3373 2354 3438 Quomodo
2381 3373 2660 3428 desiderat
2678 3373 2869 3426 anima
2888 3389 3016 3426 mea
3037 3369 3486 3442 lacrymas,sicut
3504 3370 3676 3424 audio

2067 3479 2230 3516 senes
2261 3463 2654 3530 lacrymantes,
2675 3467 2734 3516 et
2759 3477 2872 3516 non
2902 3461 3152 3526 veniunt,
3177 3465 3234 3514 et
3253 3457 3536 3513 tribulant
3553 3460 3683 3514 ani-

2069 3567 2219 3604 mam
2245 3567 2428 3605 meam
2449 3549 2478 3604 ?
2509 3551 2576 3605 Et
2599 3551 2740 3604 dixit
2756 3566 2954 3604 senex:
3009 3549 3136 3603 Filii
3163 3548 3338 3603 Israel
3369 3553 3501 3619 post
3529 3564 3674 3618 qua-

2070 3639 2334 3710 draginta
2360 3657 2536 3694 annos
2564 3639 2915 3694 intraverant
2941 3637 3001 3692 in
3037 3643 3250 3692 terram
3277 3637 3676 3709 repromissio-

2074 3728 2180 3782 nis.
2216 3730 2504 3800 Lacrymae
2534 3729 2710 3799 igitur
2749 3733 2883 3783 sunt
2917 3727 3065 3781 sicut
3106 3731 3261 3781 terra
3284 3725 3680 3798 repromissio-

2069 3817 2177 3884 nis,
2211 3818 2282 3872 ad
2315 3835 2453 3889 quas
2482 3817 2530 3872 si
2559 3817 3034 3889 perveneris,jam
3055 3832 3168 3870 non
3182 3814 3412 3870 timebis
3439 3814 3675 3869 bellum.

2070 3907 2158 3961 Ita
2185 3906 2336 3960 enim
2360 3907 2482 3960 vult
2508 3907 2658 3961 Deus
2687 3905 2862 3976 afﬂigi
2895 3905 3165 3972 animam,
3195 3909 3263 3959 ut
3280 3919 3508 3976 semper
3534 3902 3681 3958 desi-

2069 3995 2227 4050 deret
2253 3995 2472 4066 ingredi
2501 3996 2560 4050 in
2586 4000 2800 4050 terram
2827 3994 3006 4050 illam.

2495 4085 2840 4140 LIBELLUS
2883 4081 3238 4149 QUARTUS.

2635 4176 2709 4230 De
2733 4175 3096 4229 continentia.

2150 4262 2196 4319 1.
2234 4263 2461 4318 Fratres
2483 4263 2656 4335 aliqui
2677 4264 2926 4317 volentes
2959 4263 3150 4316 venire
3170 4261 3242 4315 ad
3270 4258 3536 4316 abbatem
3566 4265 3680 4317 An-

2081 4352 2301 4406 tonium
2340 4353 2409 4406 de
2430 4352 2553 4406 loco
2571 4352 2783 4424 Scythi,
2803 4351 3040 4422 ingressi
3063 4355 3198 4406 sunt
3213 4365 3438 4416 navem,
3454 4361 3520 4405 ut
3529 4351 3678 4405 irent

2071 4441 2141 4495 ad
2159 4458 2288 4497 eum
2311 4461 2322 4509 ;
2348 4446 2404 4495 et
2418 4441 2755 4496 invenerunt
2773 4439 2832 4494 in
2865 4440 2988 4512 ipsa
3008 4439 3135 4494 navi
3151 4455 3362 4506 senem,
3397 4439 3496 4510 qui
3523 4439 3675 4494 idem

2073 4530 2144 4584 ad
2172 4530 2478 4584 Antonium
2509 4531 2590 4584 ire
2619 4528 2862 4585 volebat.
2876 4527 3222 4599 Ignorabant
3249 4533 3446 4582 autem
3473 4527 3677 4583 fratres

2075 4635 2223 4674 eum.
2238 4619 2307 4674 Et
2327 4619 2585 4674 sedentes
2607 4619 2666 4672 in
2685 4618 2814 4672 navi
2843 4617 3218 4689 loquebantur
3235 4633 3560 4672 sermonem
3575 4617 3678 4672 Pa-

2074 4712 2246 4774 trum,
2277 4711 2334 4761 et
2361 4707 2429 4762 de
2453 4707 2775 4778 Scripturis,
2811 4711 2868 4761 et
2894 4722 3090 4760 rursus
3117 4706 3188 4760 de
3204 4722 3373 4778 opere
3401 4722 3680 4761 manuum

2075 4813 2326 4852 suarum.
2360 4797 2460 4852 Ille
2486 4801 2676 4850 autem
2704 4811 2872 4851 senex
2899 4812 3001 4867 per
3029 4795 3221 4850 omnia
3246 4793 3494 4850 tacebat.
3533 4796 3676 4851 Cum

2073 4891 2263 4940 autem
2276 4885 2561 4940 venissent
2583 4886 2653 4940 ad
2678 4888 3347 4957 portum,agnoveruntet
3367 4884 3558 4955 ipsum
3586 4901 3679 4940 se-

2072 4991 2202 5029 nem
2231 4974 2503 5046 proficisci
2555 4975 2626 5029 ad
2659 4973 2922 5029 abbatem
2949 4973 3279 5028 Antonium.
3313 4974 3456 5028 Cum
3487 4978 3680 5029 autem

2076 5063 2358 5118 venissent
2377 5064 2447 5118 ad
2473 5080 2622 5130 eum,
2649 5063 2787 5117 dicit
2806 5063 2886 5117 eis
2909 5060 3084 5116 abbas
3113 5061 3390 5116 Antonius
3411 5059 3425 5115 ἑ
3460 5061 3682 5117 Bonum

2080 5153 2342 5207 comitem
2371 5152 2590 5209 itineris
2605 5151 2894 5206 invenistis
2916 5167 3110 5206 senem
3131 5150 3462 5205 hunc.Dixit
3489 5157 3684 5206 autem

2081 5246 2139 5296 et
2157 5243 2276 5296 seni
2299 5261 2312 5296 :
2335 5242 2518 5296 Bonos
2531 5241 2731 5296 fratres
2752 5239 3016 5295 invenisti
3036 5245 3244 5305 tecum,
3258 5238 3421 5294 abba.
3446 5238 3605 5295 Dixit
3630 5240 3684 5295 ei

2084 5347 2280 5385 senex:
2303 5330 2443 5385 Boni
2469 5336 2604 5385 sunt
2631 5330 2879 5402 quidem,
2913 5329 3008 5384 sed
3037 5328 3313 5383 habitatio
3343 5345 3544 5383 eorum
3568 5345 3683 5384 non

2085 5419 2255 5474 habet
2269 5421 2526 5491 januam.
2576 5419 2903 5490 Quicunque
2932 5419 3072 5484 vult,
3093 5418 3270 5472 intrat
3289 5417 3349 5472 in
3369 5417 3680 5482 stabulum,

2081 5514 2138 5563 et
2167 5509 2330 5563 solvit
2358 5509 2600 5564 asinum.
2627 5509 2744 5563 Hoc
2769 5513 2960 5563 autem
2989 5506 3206 5563 dicebat
3231 5507 3367 5578 quia
3394 5507 3686 5578 quodcun-

2080 5614 2188 5668 que
2220 5598 2298 5652 eis
2330 5597 2667 5654 ascendebat
2693 5597 2750 5652 in
2773 5613 2888 5664 cor,
2915 5596 2974 5651 in
3003 5613 3100 5652 ore
3129 5595 3528 5669 loquebantur.
