3976 6186
310 271 422 329 865

1626 273 1860 328 VERBA
1898 269 2286 327 SENIORUM.

3480 263 3587 319 866

383 399 439 452 (ἰ.
460 397 694 453 Dicebat
720 396 892 451 abbas
929 397 1125 451 Daniel
1153 397 1223 450 de
1252 396 1452 452 abbate
1482 398 1740 460 Arsenio,
1778 398 1909 468 quia
1927 396 2051 457 Ain
2080 397 2221 450 lecto
2252 386 2511 463 plurimis
2541 384 2703 439 annis
2734 384 3093 454 decumbens,
3117 402 3409 458 nunquam
3437 389 3585 444 rela-

310 492 540 542 noctem
565 487 802 557 vigilans
820 485 1189 556 pertransiret
1213 488 1394 553 [Ra/ﬂ,
1426 489 1521 541 lib.
1554 502 1633 549 m,
1672 504 1729 540 η.
1762 486 1908 546 2111.

309 576 458 630 Tota
484 576 640 630 enim
668 579 831 629 nocte
860 574 1147 644 vigilabat,
1179 579 1236 627 et
1266 576 1488 644 quando
1519 575 1737 629 volebat
1764 576 1915 629 circa

309 680 484 718 mane
502 668 733 734 propter
751 663 931 734 ipsam
961 668 1226 717 naturam
1258 663 1751 730 dormire,dicebat
1771 681 1916 718 som-

311 769 390 807 no
414 772 426 807 :
459 752 622 818 Veni,
660 768 817 806 serve
846 751 1009 816 male,
1050 757 1237 817 538
1256 757 1313 805 et
1342 752 1690 823 subripiebat
1715 770 1916 824 parum

311 841 502 895 somni
532 840 777 895 sedendo
810 859 823 907 ;
856 847 914 894 et
934 840 1129 894 statim
1152 840 1434 910 surgebat.

388 928 441 984 3.
474 928 707 984 Dicebat
735 927 909 983 abbas
940 929 1211 982 Arsenius
1237 948 1247 982 :
1285 930 1505 983 Sufﬁcit
1535 931 1830 995 monacho,
1871 931 1919 984 si

312 1018 619 1073 dormierit
646 1034 816 1071 unam
839 1018 1059 1083 horam,
1087 1018 1135 1070 si
1155 1022 1347 1071 tamen
1370 1024 1650 1089 pugnator
1671 1025 1773 1073 est.

387 1105 443 1163 4.
468 1106 702 1161 Dicebat
729 1106 799 1160 de
830 1122 894 1160 eo
925 1105 1097 1161 abbas
1127 1107 1326 1161 Daniel
1362 1127 1372 1160 :
1399 1107 1545 1170 Quia
1563 1108 1736 1161 tantis
1757 1107 1920 1161 annis

314 1196 531 1250 mansit
556 1194 866 1260 nobiscum,
899 1200 956 1249 et
997 1211 1319 1249 mensuram
1351 1212 1580 1266 parvam
1612 1196 1790 1250 victus
1819 1197 1920 1250 da-

314 1284 519 1340 bamus
544 1284 597 1338 ei
626 1284 686 1338 in
711 1300 859 1337 anno
891 1301 903 1336 :
965 1289 1023 1337 et
1053 1283 1274 1354 quoties
1301 1283 1677 1349 veniebamus,
1722 1285 1919 1339 exinde

316 1371 751 1428 comedebamus
783 1378 837 1426 et
866 1388 990 1426 nos.

396 1463 448 1516 5.
482 1461 635 1515 Dixit
656 1461 883 1527 iterum,
917 1461 1065 1531 quod
1097 1462 1206 1514 nisi
1230 1463 1403 1516 semel
1424 1463 1484 1515 in
1509 1478 1655 1515 anno
1675 1479 1788 1516 non
1802 1479 1922 1517 mu-

316 1548 483 1603 tabat
493 1565 695 1620 aquam
710 1550 1151 1620 palmarum,sed
1160 1554 1383 1604 tantum
1400 1549 1698 1620 adjiciebat
1724 1550 1918 1618 (Rulli,

318 1639 505 1703 lib.m,
538 1653 697 1693 num.
729 1636 838 1703 39).
870 1636 1133 1691 Faciebat
1162 1654 1384 1708 quoque
1426 1639 1665 1708 plectam
1693 1639 1762 1692 de
1782 1639 1916 1709 ipsis

1994 486 2142 539 xavit
2170 482 2420 537 animum
2437 491 2621 540 suum,
2642 480 2706 528 ut
2732 474 3050 529 intenderet
3064 475 3126 529 in
3150 475 3422 532 interiora
3434 479 3586 534 cella

1996 590 2127 637 suae,
2157 576 2214 624 et
2238 568 2455 621 videret
2512 563 2645 633 quid
2696 562 2945 617 haberet.
2980 566 3159 619 Multa
3187 566 3338 620 enim
3376 567 3587 623 defere-

1997 660 2204 714 bantur
2232 658 2281 711 ei
2310 655 2460 709 velut
2490 652 3588 728 infirmo;sedintroeuntediscipulosuo

1998 750 2212 803 Joanne
2238 752 2295 801 et
2316 747 2573 806 exeunte,
2591 740 2887 794 claudebat
2902 744 3089 798 oculos
3116 761 3265 812 suos,
3288 762 3362 799 ne
3376 746 3590 801 videret

2001 838 2133 910 quid
2173 834 2429 890 faciebat.
2465 828 2687 884 Sciebat
2714 830 2864 883 enim
2899 832 3031 901 quia
3057 832 3240 889 ﬁdelis
3282 836 3591 891 monachus

2002 932 2166 980 esset.

2078 1014 2160 1071 ‘12.
2193 1015 2342 1069 Dixit
2370 1016 2543 1070 abbas
2582 1014 2897 1086 Benjamin,
2942 1013 3038 1083 qui
3066 1018 3188 1067 erat
3215 1013 3507 1086 presbyter
3530 1015 3591 1070 in

2003 1104 2186 1169 Cellis,
2223 1105 2356 1175 quia
2383 1122 2510 1159 cum
2541 1104 2901 1176 applicuisset
2923 1103 2983 1156 in
3002 1102 3194 1174 Scythi
3210 1103 3592 1174 adquemdam

2003 1210 2213 1257 senem,
2266 1198 2323 1247 et
2364 1195 2629 1248 voluisset
2678 1194 2731 1247 ei
2779 1194 2913 1247 dare
2943 1191 3225 1245 modicum
3256 1191 3382 1258 olei,
3415 1192 3509 1247 ille
3538 1192 3592 1247 ei
3686 1214 3700 1225 ι

2003 1282 2221 1335 dixerit:
2248 1282 2385 1336 Ecce
2406 1282 2502 1336 ubi
2519 1284 2673 1353 jacet
2686 1282 2825 1336 illud
2841 1282 3137 1352 parvulum
3148 1280 3435 1335 vasculum
3445 1280 3596 1352 quod

2003 1370 2241 1424 attulisti
2270 1370 2409 1423 mihi
2439 1376 2570 1424 ante
2598 1377 2715 1425 tres
2742 1386 2948 1437 annos;
2971 1374 3026 1423 et
3048 1369 3328 1440 quomodo
3351 1368 3591 1440 posuisti

2006 1460 2163 1525 illud,
2197 1459 2275 1513 sic
2304 1459 2593 1514 remansit.
2627 1460 2934 1513 Audientes
2978 1463 3170 1512 autem
3200 1474 3302 1512 nos
3327 1458 3593 1513 admirati

2002 1564 2197 1601 sumus
2227 1548 2707 1602 conversationem
2738 1548 2907 1602 senis.

2076 1635 2158 1691 13.
2194 1637 2576 1691 Narraverunt
2603 1638 2671 1690 de
2695 1636 2896 1690 abbate
2920 1636 3184 1690 Dioscoro
3209 1636 3278 1689 de
3289 1635 3589 1703 Namisias,

318 1725 528 1797 palmis
552 1723 644 1795 (8),
677 1731 734 1779 et
756 1725 989 1780 cusabat
1014 1724 1095 1794 (9)
1136 1743 1311 1797 usque
1356 1728 1427 1781 ad
1455 1728 1648 1781 horam
1681 1733 1915 1781 sextam.
1940 1750 1984 1809 Β
2003 1725 2135 1795 quia
2162 1724 2324 1795 panis
2355 1726 2405 1779 ei
2436 1726 2777 1779 hordeaceus
2825 1731 2964 1789 erat,
2998 1730 3056 1779 et
3081 1724 3264 1779 farina
3288 1724 3589 1793 lenticula,

318 1816 822 1885 Interrogaverunt
839 1831 972 1885 ergo
989 1831 1119 1869 eum
1146 1815 1414 1879 seniores,
1434 1834 1534 1870 cur
1553 1833 1663 1870 non
1676 1823 1922 1870 mutaret

318 1919 532 1973 aquam
557 1903 889 1973 palmarum,
926 1919 1050 1974 quae
1101 1902 1326 1957 fetebat.
1363 1905 1430 1958 Et
1467 1905 1607 1958 dixit
1654 1905 1732 1959 eis
1766 1924 1776 1959 :
1812 1906 1920 1959 Pro

318 1991 698 2063 thymiamate
737 1998 795 2045 et
836 1991 1099 2046 odoribus
1151 1997 1589 2062 unguentorum,
1629 1994 1830 2064 quibus
1860 1995 1919 2047 in

318 2080 532 2135 saeculo
561 2097 696 2134 usus
715 2097 861 2146 sum,
896 2097 1035 2151 opus
1068 2086 1154 2133 est
1181 2081 1264 2134 uti
1282 2097 1371 2134 me
1403 2098 1551 2136 nunc
1568 2082 1743 2136 fetore
1786 2082 1913 2137 isto.

398 2169 451 2224 6.
476 2170 692 2224 Iterum
721 2169 886 2223 dixit:
911 2168 1054 2233 Quia
1082 2169 1306 2240 quando
1330 2170 1544 2224 audivit
1562 2171 1709 2241 quod
1732 2177 1918 2225 matu-

318 2263 511 2311 rasset
535 2273 702 2311 omne
741 2274 921 2328 genus
950 2273 1266 2328 pomorum,
1308 2258 1446 2312 dixit
1475 2278 1485 2312 :
1516 2259 1724 2313 Afferte
1755 2259 1914 2313 mihi.

320 2346 393 2399 Et
417 2345 667 2415 gustavit
703 2346 878 2400 semel
908 2351 1129 2400 tantum
1160 2364 1361 2417 parum
1391 2364 1454 2401 ex
1486 2347 1764 2414 omnibus,
1788 2365 1920 2419 gra-

319 2434 435 2487 tias
455 2450 629 2504 agens
648 2434 784 2488 Deo.

400 2524 452 2576 7.
478 2522 751 2577 Dicebant
787 2524 857 2577 de
884 2522 1085 2577 abbate
1113 2525 1409 2595 Agathone
1444 2544 1455 2579 :
1487 2526 1630 2590 Quia
1640 2527 1923 2598 pertrien-

321 2612 488 2666 nium
517 2611 762 2682 lapidem
782 2613 842 2666 in
872 2628 968 2666 ore
998 2629 1099 2667 suo
1121 2612 1397 2682 mittebat,
1428 2615 1604 2670 donec
1627 2616 1924 2671 taciturni-

317 2703 507 2755 tatem
530 2699 789 2755 disceret.
1282 2768 1288 2774 '

395 2787 453 2843 8.
486 2789 804 2860 Aliquando
827 2788 938 2844 iter
952 2790 1158 2860 agebat
1184 2790 1356 2847 abbas
1390 2793 1653 2863 Agathon
1681 2811 1810 2849 cum
1839 2795 1920 2849 di-

320 2876 559 2948 scipulis
588 2877 706 2932 suis
737 2879 994 2949 (Append.
1018 2885 1211 2947 mart.,
1241 2897 1298 2934 η.
1332 2880 1403 2951 6).
1437 2882 1505 2936 Et
1534 2882 1747 2938 invenit
1774 2900 1921 2938 unus

323 2982 397 3021 ex
418 2966 499 3020 eis
530 2984 764 3036 parvum
790 2967 1114 3023 fasciculum
1142 2969 1425 3025 cicercula
1452 2970 1643 3026 viridis
1669 2972 1726 3027 in
1750 2973 1924 3039 via,et

2002 1831 2102 1885 per
2129 1814 2380 1883 singulos
2410 1831 2588 1869 annos
2618 1813 2977 1885 ponebatsibi
2997 1814 3180 1883 legem
3208 1814 3592 1885 cujuscunque

2002 1903 2170 1956 unius
2198 1902 2563 1957 observantia
2588 1923 2599 1956 :
2636 1903 2691 1956 id
2721 1908 2822 1969 est,
2873 1908 2973 1957 aut
3000 1919 3113 1957 non
3143 1918 3435 1957 occurrere
3477 1919 3593 1957 uno

2002 2008 2150 2045 anno
2175 1992 2359 2057 alicui,
2384 1997 2483 2045 aut
2508 2008 2619 2045 non
2650 1992 2821 2062 loqui,
2856 1998 2954 2045 aut
2981 2008 3093 2045 non
3118 1997 3348 2062 gustare
3382 1991 3595 2063 aliquid

2001 2087 2238 2147 coctum,
2272 2086 2373 2134 aut
2401 2097 2513 2134 non
2543 2081 2835 2134 comedere
2887 2080 3100 2151 aliquid
3146 2097 3463 2151 pomorum,
3495 2086 3596 2136 aut

2001 2169 2172 2234 olera,
2224 2175 2280 2223 et
2307 2169 2364 2223 in
2393 2170 2546 2223 omni
2572 2186 2738 2240 opere
2767 2186 2868 2223 suo
2897 2169 2978 2223 ita
3022 2169 3277 2223 faciebat.
3333 2170 3402 2223 Et
3430 2170 3595 2241 perfi-

2001 2258 2155 2312 ciens
2193 2250 2635 2329 unumquodque
2647 2258 2727 2312 sic
2743 2258 2896 2312 aliud
2916 2257 3256 2325 assumebat,
3282 2263 3339 2312 et
3366 2258 3471 2313 hoc
3492 2274 3595 2330 per

2002 2362 2178 2400 annos
2205 2346 2453 2416 singulos
2483 2345 2738 2400 faciebat.

2078 2434 2160 2490 14.
2187 2435 2337 2489 Dixit
2365 2434 2536 2488 abbas
2566 2436 2853 2505 Evagrius,
2878 2436 3011 2506 quia
3030 2435 3235 2490 dixerit
3258 2437 3596 2493 senex:Pro-

2003 2528 2198 2594 pterea
2235 2529 2465 2594 amputo
2522 2540 2557 2577 a
2607 2540 2698 2578 me
2758 2524 3156 2579 delectationes
3201 2526 3473 2593 carnales,
3531 2532 3597 2582 ut

2005 2613 2176 2667 etiam
2206 2612 2509 2667 iracundia
2534 2613 2851 2667 occasiones
2880 2612 3232 2673 abscindam.
3273 2614 3398 2669 Scio
3445 2615 3598 2669 enim

2005 2718 2130 2756 eam
2161 2718 2383 2773 semper
2410 2701 2707 2757 adversum
2739 2719 2827 2756 me
2859 2719 3113 2774 pugnare
3148 2719 3253 2774 pro
3279 2702 3600 2759 delectatio-

2006 2790 2191 2856 nibus,
2222 2796 2281 2845 et
2298 2790 2634 2845 conturbare
2663 2796 2909 2846 mentem
2929 2808 3135 2858 meam,
3168 2797 3226 2847 et
3251 2791 3599 2850 intellectum
3647 2824 3656 2835 κ

2002 2896 2191 2934 meum
2211 2880 2513 2950 expellere.

2072 2968 2161 3024 15.
2194 2968 2346 3023 Misit
2375 2968 2675 3038 aliquando
2689 2968 3035 3040 Epiphanius
3046 2968 3339 3041 episcopus
3359 2972 3597 3042 Cyprius

322 3055 474 3109 dixit
500 3055 623 3109 seni
658 3075 670 3110 :
694 3056 881 3123 Pater,
906 3057 952 3110 si
975 3056 1160 3127 jubes,
1191 3059 1327 3112 tollo
1340 3059 1497 3113 illud.
1523 3061 1770 3116 Intendit
1791 3078 1922 3116 vero
1941 3065 1984 3127 ο
2005 3058 2075 3111 ad
2100 3056 2362 3111 abbatem
2390 3056 2756 3120 Hilarionem,
2807 3072 3013 3126 rogans
3044 3072 3195 3123 eum,
3241 3062 3300 3111 et
3355 3058 3547 3113 dicens
3578 3075 3595 3115 :

321 3160 519 3211 senex,
550 3144 858 3213 admirans,
890 3150 949 3199 et
969 3145 1104 3200 dicit
1136 3166 1146 3200 :
1206 3148 1290 3201 Tu
1320 3148 1458 3202 illud
1492 3148 1769 3219 posuisti?
1819 3150 1920 3204 Re-

323 3233 557 3305 spondit
591 3233 643 3288 ei
672 3234 766 3288 ille
813 3234 1023 3288 frater:
1070 3236 1213 3290 Non.
1248 3236 1317 3289 Et
1346 3236 1484 3291 dixit
1529 3254 1696 3293 senex
1738 3257 1748 3291 :
1783 3239 1929 3303 Quo-

324 3322 503 3376 modo
524 3322 606 3376 vis
633 3322 850 3390 tollere,
884 3323 1033 3394 quod
1063 3340 1176 3378 non
1199 3325 1434 3395 posuisti
1457 3326 1480 3378 Τ

402 3412 458 3465 9.
504 3411 676 3465 Venit
721 3412 1022 3483 aliquando
1054 3413 1282 3484 quidam
1313 3431 1509 3469 senum
1552 3417 1621 3469 ad
1668 3416 1928 3470 abbatem

325 3499 609 3554 Achillem
641 3502 826 3568 (Ra/ﬁ,
861 3503 955 3555 lib.
988 3516 1071 3567 IlI,
1100 3520 1257 3556 num.
1288 3501 1398 3569 90‘,
1431 3510 1485 3557 et
1534 3504 1672 3558 vidit
1692 3521 1817 3558 eum
1845 3507 1930 3575 ja-

327 3592 582 3643 ctantem
609 3589 942 3659 sanguinem
962 3591 1030 3645 de
1059 3607 1155 3645 ore
1185 3597 1368 3654 su0,et
1391 3594 1757 3664 interrogavit
1777 3611 1928 3664 eum,

331 3676 526 3731 dicens
552 3696 562 3729 :
589 3676 737 3741 Quid
765 3682 851 3733 est
870 3679 993 3741 hoc,
1018 3680 1186 3734 Pater
1210 3681 1314 3735 ?Et
1329 3681 1469 3735 dixit
1497 3698 1666 3736 senex
1696 3701 1707 3735 :
1734 3683 1929 3737 Sermo

332 3770 423 3819 est
451 3766 747 3836 cujusdam
765 3767 974 3833 fratris,
1000 3769 1096 3839 qui
1124 3770 1590 3838 mecontristavit,
1614 3776 1671 3825 et
1699 3771 1928 3826 omnino

330 3859 574 3912 conatus
597 3871 724 3910 sum
751 3872 1077 3912 conservare
1106 3858 1240 3913 illud
1263 3859 1411 3930 apud
1442 3876 1549 3914 me.
1575 3861 1643 3914 Et
1664 3860 1932 3931 depreca-

330 3950 430 3998 tus
458 3960 587 3998 sum
637 3944 817 3999 Deum
846 3950 912 4001 ut
950 3947 1267 4002 auferretur
1303 3965 1338 4003 a
1375 3965 1487 4015 me,
1533 3954 1590 4003 et
1627 3950 1805 4003 factus
1848 3956 1934 4005 est

331 4049 521 4087 sermo
549 4032 647 4086 ille
661 4034 890 4104 sanguis
918 4035 976 4089 in
999 4052 1094 4090 ore
1125 4053 1270 4091 meo.
1304 4037 1440 4092 Ecce
1467 4038 1854 4109 exspuiillum,
1876 4045 1932 4094 et

333 4121 605 4192 requievi,
633 4126 691 4175 et
718 4122 966 4178 dolorem
985 4125 1145 4179 illum
1175 4125 1380 4180 oblitus
1401 4144 1545 4181 sum.

410 4208 495 4266 1ο.
526 4209 699 4264 Venit
725 4211 1029 4283 aliquando
1057 4212 1229 4269 abbas
1255 4215 1497 4270 Achilles
1525 4216 1583 4270 in
1614 4217 1811 4270 cellam
1839 4217 1933 4271 ab-

336 4297 486 4354 batis
516 4298 694 4365 Isaia,
721 4300 781 4354 in
804 4301 923 4356 loco
940 4302 1153 4374 Scythi,
1178 4303 1461 4359 etinvenit
1478 4321 1606 4358 eum
1636 4306 1933 4360 comeden-

2009 3145 2170 3213 Veni,
2194 3151 2257 3199 ut
2279 3162 2382 3199 nos
2408 3145 2717 3210 videamus,
2749 3149 3055 3215 antequam
3086 3145 3156 3198 de
3181 3161 3412 3217 corpore
3440 3163 3599 3202 exea-
3632 3206 3636 3211 ,

2011 3251 2153 3289 mus.
2179 3234 2285 3298 Qui
2314 3251 2440 3288 cum
2470 3233 2753 3288 venissent
2771 3233 3102 3301 adinvicem,
3127 3235 3598 3292 manducantibus

2011 3322 2092 3377 eis
2112 3324 2344 3377 allatum
2376 3327 2461 3377 est
2508 3323 2577 3377 de
2637 3322 2828 3376 avibus
2876 3322 3189 3392 quiddam;
3233 3324 3381 3395 quod
3400 3329 3599 3381 tenens

2011 3412 2323 3483 episcOpus,
2351 3411 2506 3465 dedit
2519 3409 2706 3465 abbati
2723 3410 3019 3464 Hilarioni.
3052 3411 3122 3465 Et
3134 3412 3272 3466 dicit
3298 3413 3380 3467 illi
3409 3430 3597 3470 senex:

2011 3502 2241 3571 Ignosce
2275 3500 2427 3566 mihi,
2462 3501 2642 3564 Pater,
2678 3499 2809 3570 quia
2857 3516 2922 3553 ex
2974 3516 3084 3570 quo
3114 3501 3302 3572 accepi
3344 3502 3602 3558 habitum

2012 3590 2202 3656 istum,
2234 3606 2346 3644 non
2358 3588 2692 3643 manducavi
2708 3588 2981 3659 quidquid
3006 3589 3272 3644 occisum.
3290 3591 3359 3644 Et
3385 3591 3526 3646 dixit
3539 3592 3593 3647 ei

2013 3679 2374 3750 Epiphanius:
2394 3679 2508 3749 Ego
2521 3682 2709 3732 autem
2725 3694 2791 3731 ex
2807 3694 2916 3748 quo
2954 3679 3140 3749 accepi
3158 3678 3411 3734 habitum
3430 3681 3604 3736 istum

2013 3785 2125 3822 non
2146 3768 2333 3822 dimisi
2359 3768 2602 3839 aliquem
2625 3767 2870 3821 dormire
2891 3767 2987 3838 qui
3013 3767 3256 3823 habebat
3282 3770 3494 3841 aliquid
3508 3770 3605 3825 ad-

2013 3874 2235 3912 versum
2279 3874 2388 3923 me,
2420 3873 2602 3928 neque
2624 3874 2727 3927 ego
2759 3856 2995 3911 dormivi
3023 3857 3237 3928 aliquid
3268 3858 3479 3913 habens
3504 3860 3608 3915 ad-

2013 3962 2234 4001 versum
2264 3946 2527 4017 aliquem.
2570 3947 2639 4000 Et
2668 3946 2803 3999 dicit
2832 3945 2883 3999 ei
2909 3962 3113 4000 senex:
3180 3947 3414 4017 Ignosce
3436 3949 3599 4018 mihi,

2015 4036 2149 4107 quia
2174 4041 2274 4089 tua
2297 4035 2640 4090 conversatio
2672 4036 2856 4105 major
2883 4040 2969 4088 est
2995 4052 3139 4089 mea.

2088 4124 2174 4180 16.
2203 4123 2475 4178 Dicebant
2502 4124 2570 4177 de
2619 4123 2818 4176 abbate
2862 4123 3075 4177 Elladio
3109 4123 3216 4194 (11)
3250 4126 3384 4197 quia
3410 4126 3605 4182 fecerit

2012 4212 2211 4284 viginti
2239 4229 2416 4267 annos
2451 4213 2509 4266 in
2548 4212 2704 4278 cella,
2739 4217 2795 4265 et
2822 4227 2934 4266 non
2965 4212 3229 4267 levaverit
3255 4215 3445 4270 oculos
3472 4232 3602 4271 suos

2014 4318 2256 4368 sursum,
2279 4307 2344 4356 ut
2386 4301 2600 4358 videret
2627 4305 2838 4354 tectum
2866 4301 3008 4371 ejus.

325 4390 472 4442 tem.
515 4388 748 4442 Miserat
775 4390 926 4444 enim
952 4391 1010 4445 in
1031 4391 1278 4446 catinulo
1302 4393 1384 4447 sal
1415 4399 1472 4448 et
1493 4384 2002 4465 aquam.VidensD
2086 4395 2278 4457 569
2307 4388 2391 4445 17-
2444 4388 2629 4444 Abbas
2655 4391 2840 4444 Zenon
2869 4389 3162 4444 ambulans
3194 4391 3496 4463 aliquando
3542 4391 3603 4450 in

331 4483 529 4533 autem
555 4477 689 4547 quia
730 4478 1022 4534 abscondit
1047 4481 1185 4536 illud
1218 4486 1345 4553 post
1371 4483 1579 4554 plectas
1608 4482 1677 4537 de
1707 4484 1929 4555 palmis,

331 4564 475 4622 dicit
500 4566 585 4620 illi
616 4584 630 4618 :
664 4567 761 4621 Dic
791 4567 929 4622 mihi
960 4569 1094 4640 quid
1132 4571 1544 4626 manducabas?
1573 4573 1673 4627 Ille
1698 4590 1930 4644 respon-

331 4655 419 4710 dit
453 4674 465 4708 :
498 4655 728 4725 Ignosce
760 4657 919 4723 mihi,
952 4658 1114 4726 abba,
1147 4660 1280 4729 quia
1296 4661 1509 4731 palmas
1534 4662 1933 4723 incidebam,et

329 4744 565 4799 ascendi
586 4744 644 4798 in
671 4761 873 4799 cauma
898 4744 1007 4813 (10)
1045 4766 1056 4799 :
1104 4754 1162 4802 et
1202 4754 1503 4820 propterea
1529 4749 1735 4805 intinxi
1766 4752 1930 4805 modo

326 4833 646 4889 buccellam
668 4834 726 4888 in
756 4835 890 4901 sale,
921 4842 979 4890 et
998 4835 1125 4890 misi
1149 4837 1207 4891 in
1229 4854 1324 4892 ore
1346 4855 1503 4907 meo;
1544 4840 1675 4910 quia
1705 4858 1932 4895 exarue-

327 4932 473 4978 runt
499 4921 689 4977 fauces
725 4939 864 4978 mea
896 4943 908 4991 ;
929 4929 987 4979 et
1006 4925 1138 4996 quia
1154 4943 1268 4980 non
1293 4927 1665 4982 descendebat
1686 4928 1932 4983 buccella

328 5027 509 5083 quam
529 5011 589 5064 in
609 5027 704 5065 ore
718 5028 844 5067 meo
858 5013 1447 5086 miseram,propterea
1475 5018 1792 5088 compulsus
1804 5035 1930 5072 sum

320 5100 740 5172 superfundere
763 5102 1048 5157 modicum
1073 5120 1232 5175 aqua
1255 5105 1313 5158 in
1343 5106 1477 5172 sale,
1500 5113 1565 5160 ut
1585 5107 1669 5160 vel
1699 5107 1778 5160 sic
1806 5124 1931 5178 pos-

2014 4479 2315 4534 Palastina
2336 4481 2516 4546 (Rulli,
2551 4481 2647 4533 lib.
2681 4493 2910 4545 11,num.
2938 4480 3011 4549 7),
3035 4496 3161 4534 cum
3180 4480 3602 4550 laborasset,re-

2014 4569 2159 4624 sedit
2195 4575 2259 4623 ut
2290 4567 2651 4622 manducaret
2674 4569 2838 4638 juxta
2873 4568 3342 4626 cucumerarium.
3394 4572 3603 4628 Suade-

2015 4659 2111 4713 bat
2129 4663 2319 4712 autem
2345 4657 2397 4711 ei
2425 4657 2649 4711 animus
2664 4674 2798 4712 suus
2822 4656 3057 4712 dicendo
3090 4676 3101 4711 :
3129 4659 3284 4713 Tolle
3308 4658 3412 4714 tibi
3425 4677 3603 4719 unum

2014 4764 2387 4813 cucumerem,
2413 4752 2471 4801 et
2496 4747 2791 4800 manduca.
2826 4747 3112 4810 Quantum
3141 4753 3331 4803 autem
3359 4750 3470 4805 est?
3493 4752 3603 4816 Qui

2013 4837 2354 4908 respondens
2373 4836 2701 4906 cogitationi
2713 4853 2826 4891 sua
2843 4836 3006 4890 dixit:
3031 4837 3205 4892 Fures
3228 4839 3300 4892 ad
3318 4844 3603 4896 tormenta

2014 4926 2240 4980 vadunt.
2275 4925 2457 4980 Proba
2486 4943 2617 4996 ergo
2664 4925 2909 4996 teipsum
2934 4924 2994 4979 in
3021 4926 3145 4993 hoc,
3181 4927 3229 4981 si
3266 4933 3426 4999 potes
3452 4929 3601 4987 ferre

2012 5020 2310 5069 tormenta.
2346 5015 2454 5078 Qui
2483 5031 2825 5085 consurgens
2853 5014 3008 5069 stetit
3044 5016 3104 5071 in
3125 5032 3326 5072 cauma
3355 5019 3607 5091 quinque

2016 5103 2230 5167 diebus,
2264 5108 2320 5157 et
2347 5103 2627 5173 defrigens
2657 5103 2904 5174 seipsum
2929 5104 2987 5158 in
3016 5105 3150 5173 sole,
3198 5107 3420 5162 dicebat
3443 5108 3605 5181 quasi

325 5206 457 5243 sem
503 5189 748 5259 glutire:
800 5192 898 5246 sed
926 5192 1152 5263 ignosce
1201 5194 1359 5250 mihi.
1394 5195 1462 5249 Et
1508 5194 1729 5252 dicebat
1763 5196 1934 5252 abbas
2018 5193 2240 5247 animus
2278 5194 2400 5262 ejus
2446 5193 2517 5245 ad
2547 5192 2832 5262 seipsum:
2878 5194 3002 5247 Non
3037 5212 3265 5265 possum
3313 5198 3460 5252 ferre
3497 5204 3609 5254 tor-

326 5277 615 5333 Achilles:
652 5279 852 5334 Venite
882 5286 940 5335 et
982 5282 1162 5337 videte
1200 5283 1405 5338 Isaiam
1433 5285 1819 5339 comedentem
1847 5287 1937 5357 ju-
2018 5288 2226 5337 menta.
2261 5281 2410 5336 Dixit
2429 5298 2560 5351 ergo
2590 5282 2660 5335 ad
2682 5282 2933 5336 animum
2967 5301 3133 5340 suum
3171 5306 3182 5340 :
3231 5287 3291 5341 Si
3318 5305 3430 5342 non
3452 5292 3612 5358 potes

325 5366 576 5423 asellum
630 5368 690 5423 in
732 5370 942 5442 Scythi.
997 5371 1054 5427 Si
1083 5374 1177 5443 jus
1210 5373 1550 5429 manducare
1578 5374 1675 5441 vis,
1713 5375 1848 5430 vade
1876 5376 1936 5431 in
2021 5364 2246 5444 portare
2267 5375 2566 5436 tormenta,
2599 5388 2730 5441 ergo
2759 5388 2871 5426 non
2885 5374 3074 5444 rapias
3103 5381 3167 5430 ut
3180 5377 3500 5433 manduces.

326 5454 680 5528 Egyptum.
2102 5458 2186 5517 18.
2209 5460 2360 5515 Dixit
2388 5459 2558 5514 abbas
2571 5461 2895 5516 Theodorus
2928 5464 3059 5536 [Al.,
3093 5465 3457 5534 Theodotus]:
3490 5463 3615 5519 Ino-

412 5543 497 5601 11.
532 5544 805 5603 Dicebant
829 5547 900 5604 de
926 5548 1127 5608 abbate
1144 5551 1544 5623 Ammoy,quia
1563 5556 1949 5625 agrotaret,et
2030 5551 2125 5623 pia
2151 5550 2311 5622 panis
2351 5548 2616 5606 tabefacit
2663 5552 2921 5608 monachi
2965 5569 3188 5627 corpus.
3238 5554 3397 5611 Alter
3431 5558 3623 5613 autem
