3976 6186
290 204 398 262 869

1594 217 1832 272 VERBA
1870 220 2261 276 SENIORUM.

3455 220 3561 278 870

288 331 372 387 ita
391 336 448 387 et
476 332 782 404 corporalis
812 333 970 404 quies
998 333 1259 388 timorem
1298 337 1523 393 Domini
1561 341 1788 412 expellit
1812 341 1883 396 ab
1900 347 1946 403 A
1966 344 2112 410 Non,
2145 352 2324 415 pater.
2358 344 2591 399 Dicebat
2620 351 2809 400 autem
2833 362 3029 401 senex:
3055 346 3113 402 Si
3137 347 3381 403 necdum
3399 363 3559 403 man-

294 420 505 489 anima,
535 428 593 475 et
621 421 803 477 aufert
830 422 899 475 ab
921 439 988 475 ea
1015 439 1181 477 omne
1211 441 1350 496 apus
1369 426 1598 482 bonum.

369 518 460 574 33.
492 519 760 576 Narravit
779 519 1007 591 quidam
1029 537 1229 575 senum
1257 523 1326 577 de
1348 523 1550 579 abbate
1570 527 1801 582 Pastore
1832 533 1890 582 et

288 612 563 670 fratribus
581 611 724 680 ejus,
750 608 847 679 qui
874 608 1198 665 habitarent
1223 611 1281 666 in
1304 614 1549 685 [Egypto
1578 616 1759 682 (lin/ﬂ,
1789 619 1883 671 lib.

288 718 379 769 ιιι,
414 716 573 756 nam.
601 696 750 767 154).
776 698 847 751 Et
865 714 994 752 cum
1015 698 1364 755 desideraret
1382 708 1566 756 mater
1582 720 1777 759 eorum
1804 706 1888 759 vi-

284 793 421 847 dere
447 806 562 855 eos,
587 792 646 843 et
672 803 785 841 non
811 793 1017 858 posset,
1057 787 1371 845 observavit
1396 808 1511 846 una
1530 793 1641 859 die;
1673 799 1730 848 et
1754 811 1887 848 eun-

290 880 443 936 tibus
459 879 572 933 illis
599 877 671 932 ad
690 876 1004 943 ecclesiam,
1028 876 1233 932 obtulit
1258 896 1317 933 se
1337 880 1436 934 eis.
1479 882 1567 936 llli
1594 888 1783 937 autem
1811 884 1887 936 vi-

291 971 492 1026 dentea
514 983 659 1032 eam,
688 971 1083 1020 converterunt
1108 984 1169 1020 se
1197 968 1268 1021 ad
1286 970 1502 1037 cellam,
1527 976 1584 1025 et
1611 972 1886 1027 intrantes

292 1059 622 1115 clauserunt
663 1055 869 1109 ostium
912 1055 970 1108 in
1002 1055 1201 1109 faciem
1243 1059 1385 1126 ejus.
1426 1060 1531 1123 Illa
1574 1066 1763 1115 autem
1813 1063 1885 1117 ad

286 1147 497 1204 ostium
525 1150 703 1212 stans,
720 1142 1019 1210 clamabat,
1043 1144 1269 1214 plorans
1289 1164 1415 1201 cum
1446 1148 1621 1203 nimia
1646 1151 1883 1205 misera-

285 1238 460 1293 tione.
492 1233 740 1290 Audiens
772 1238 966 1289 autem
993 1250 1119 1288 eam
1142 1234 1315 1288 abbas
1340 1236 1522 1303 Anub,
1555 1238 1787 1293 intravit
1811 1240 1881 1294 ad

293 1324 560 1380 abbatem
605 1324 920 1386 Pastorem,
956 1322 1181 1377 dicens:
1217 1324 1360 1388 Quid
1391 1326 1660 1382 faciemus
1687 1329 1886 1383 vetula:

297 1414 413 1480 isti,
442 1414 524 1467 ita
542 1418 674 1467 ante
695 1411 903 1465 ostium
923 1411 1107 1465 ﬂenti?
1129 1413 1377 1483 Surgens
1398 1422 1585 1470 autem
1598 1416 1769 1471 abbas
1788 1418 1889 1472 Pa-

1969 433 2311 501 ducavimus,
2346 435 2501 499 affer,
2536 436 2958 491 manducemus.

2040 520 2289 579 39.Dixit
2300 524 2603 595 aliquando
2614 542 2741 578 cum
2757 526 2826 579 [id
2836 526 2959 579 ucia
2974 524 3146 579 abbas
3165 525 3331 581 Sisoi:
3354 526 3554 595 Crede,

1970 610 2103 680 quia
2133 628 2257 664 ecce
2286 611 2521 681 triginta
2549 630 2726 667 annos
2756 613 2932 668 habeo
2965 614 3114 685 quod
3144 630 3257 669 non
3290 615 3561 686 deprecor

1970 700 2149 753 Deum
2180 706 2408 771 propter
2438 707 2745 771 peccatum,
2795 702 2890 756 sed
2919 719 3087 757 orans
3114 703 3218 757 hoc
3248 703 3403 758 dico:
3439 704 3556 758 Do-

1967 788 2117 841 mine
2137 790 2164 842 J
2170 806 2269 843 esu
2295 790 2536 853 Christe,
2560 796 2789 861 protege
2812 808 2899 845 me
2924 809 2958 845 a
2976 791 3168 862 lingua
3197 808 3343 847 mea.
3370 793 3441 848 Et
3469 809 3560 847 us-

1969 893 2075 946 que
2096 894 2245 932 nunc
2271 895 2373 948 per
2400 879 2650 954 singulos
2671 880 2788 934 dies
2817 898 3015 936 corrua
3044 898 3144 952 per
3160 881 3343 953 ipsam
3365 881 3476 952 (14)
3504 886 3563 936 et

1968 964 2253 1037 delinqua.

2035 1051 2123 1109 40.
2152 1055 2442 1110 Venerunt
2462 1056 2765 1127 aliquando
2781 1056 2952 1111 abbas
2968 1057 3226 1112 Silvanus
3248 1062 3306 1114 et
3326 1058 3568 1130 discipu—

1966 1141 2052 1196 lus
2074 1142 2194 1212 ejus
2224 1144 2520 1201 Zacharias
2548 1146 2618 1201 ad
2641 1147 2923 1217 quoddam
2950 1148 3376 1213 monasterium,
3411 1152 3470 1202 et
3488 1148 3566 1203 te-

1966 1237 2165 1285 cerunt
2189 1249 2285 1287 eos
2309 1240 2538 1304 gustare
2558 1235 2840 1291 modicum
2871 1241 3177 1307 antequam
3201 1235 3557 1291 ambularent

1972 1320 2154 1387 (Ra/f1,
2188 1324 2283 1375 lib.
2319 1336 2399 1382 In.
2435 1339 2591 1377 num.
2627 1322 2737 1392 4‘5).
2764 1325 2833 1378 Et
2858 1324 3192 1380 exeuntibus
3221 1324 3321 1392 eis,
3351 1322 3565 1379 invenit

1970 1408 2275 1479 discipulus
2287 1411 2408 1480 ejus
2426 1428 2631 1482 aquam
2662 1412 2719 1466 in
2730 1412 2837 1480 via,
2852 1419 2909 1468 et
2939 1412 3379 1468 volebatbibere.
3402 1411 3559 1468 Dixit

296 1510 437 1567 stop,
477 1502 633 1556 venit
658 1500 730 1554 ad
768 1499 996 1565 ostium,
1049 1507 1106 1555 et,
1134 1501 1282 1556 intro
1311 1509 1486 1571 stans,
1520 1506 1733 1560 audivit
1762 1523 1889 1561 eam
1971 1496 2141 1551 abbas
2172 1499 2463 1554 Silvanus:
2495 1501 2780 1569 Zacharia,
2805 1503 3087 1572 jejunium
3118 1508 3205 1557 est
3232 1502 3418 1557 hodie.
3451 1501 3557 1557 Cui

284 1592 620 1665 .plarantem
663 1588 1058 1644 miserabiliter
1094 1591 1299 1658 nimis;
1351 1599 1408 1646 et
1447 1594 1617 1649 dixit:
1639 1596 1783 1659 Quid
1811 1596 1892 1649 sic
1972 1585 2065 1639 ille
2095 1587 2260 1641 dixit:
2282 1590 2407 1643 Non
2434 1591 2891 1645 manducavimus
2903 1591 3086 1658 hodie,
3112 1590 3306 1645 Pater?
3334 1589 3488 1645 Dixit
3507 1589 3559 1644 ei

301 1682 536 1747 clamas,
566 1678 799 1733 vetula?
830 1679 932 1733 Illa
961 1685 1151 1733 autem
1171 1697 1297 1736 cum
1328 1699 1517 1737 vocem
1545 1686 1667 1754 ejus
1698 1686 1890 1739 audis-
1911 1672 1956 1731 Β
1972 1692 2137 1729 senex
2160 1694 2170 1728 :
2193 1677 2337 1731 Illud
2357 1680 2716 1745 manducare,
2741 1680 2985 1734 charitas
3003 1679 3129 1747 fuit,
3155 1694 3259 1734 nos
3279 1683 3473 1734 autem
3485 1682 3568 1733 te-

306 1776 419 1835 set,
446 1769 625 1823 multo
649 1767 829 1838 magis
844 1768 1138 1835 clamabat,
1169 1770 1394 1839 plorans
1425 1776 1483 1825 et
1511 1772 1724 1827 dicens:
1752 1774 1890 1827 Vola

294 1876 397 1913 vos
418 1858 628 1923 videre,
673 1856 776 1910 ﬁlii
806 1856 935 1910 mei.
969 1858 1115 1920 Quid
1159 1863 1247 1911 est
1276 1860 1423 1913 enim
1454 1861 1500 1914 si
1525 1861 1714 1915 videro
1744 1879 1840 1916 vos
1867 1863 1891 1915 ’ἶ

302 1947 561 2019 nunquid
587 1962 700 2000 non
732 1962 855 2001 sum
877 1952 1059 2000 mater
1083 1948 1296 2001 vestra?
1314 1954 1415 2003 aut
1432 1966 1544 2004 non
1574 1967 1676 2020 ego
1691 1952 1891 2005 lactavi

296 2054 414 2102 vos,
445 2044 505 2090 et
531 2040 651 2090 tota
680 2051 805 2088 sum
830 2035 952 2104 jam
974 2035 1128 2089 canis
1168 2038 1370 2106 plena?
1404 2039 1512 2093 Sed
1560 2045 1617 2093 et
1656 2040 1890 2094 audiens

292 2141 493 2180 vocem
519 2128 697 2189 tuam,
729 2122 957 2177 turbata
985 2140 1130 2178 sum.
1166 2125 1313 2180 Dicit
1343 2127 1395 2180 ei
1424 2143 1623 2181 senex:
1659 2129 1761 2182 Hic
1788 2146 1890 2183 nos

296 2215 380 2269 vis
398 2214 609 2280 videre,
640 2229 713 2267 an
737 2212 796 2265 in
818 2213 915 2266 illo
936 2214 1176 2267 saeculo?
1208 2214 1352 2268 Dicit
1373 2215 1425 2269 ei
1450 2234 1460 2269 :
1495 2217 1565 2271 Et
1588 2217 1636 2271 si
1676 2234 1788 2272 non
1818 2218 1893 2291 vi-

293 2304 434 2358 dero
454 2320 551 2357 vos
569 2301 677 2368 hic,
711 2300 909 2355 videbo
928 2319 1025 2355 vos
1044 2302 1175 2368 illic,
1202 2303 1302 2357 filii
1327 2305 1338 2357 !
1371 2304 1519 2360 Dicit
1542 2306 1621 2359 ei:
1658 2307 1716 2361 Si
1736 2312 1892 2378 potes

294 2390 695 2464 aquanimiter
711 2390 878 2456 ferre,
894 2390 1059 2443 uthic
1080 2408 1181 2444 nos
1206 2408 1319 2446 non
1336 2394 1769 2461 videas,videbis
1789 2413 1892 2450 nos

292 2482 431 2536 illic.
455 2480 529 2535 Et
544 2480 627 2534 ita
646 2478 906 2534 discessit
933 2479 1164 2546 mulier,
1187 2482 1460 2550 gaudens,
1495 2489 1552 2537 et
1580 2484 1771 2539 dicens
1794 2503 1806 2538 :
1832 2485 1891 2540 Si

294 2568 531 2626 omnino
556 2567 746 2623 visura
767 2584 864 2622 vos
894 2584 992 2622 era
1020 2568 1149 2636 illic,
1180 2570 1310 2624 nolo
1336 2588 1433 2625 vos
1460 2572 1647 2627 videre
1673 2573 1781 2629 hic.

369 2665 460 2723 34.
493 2665 764 2721 Dicebant
781 2665 851 2719 de
870 2664 1071 2720 abbate
1100 2666 1249 2733 Pior,
1270 2668 1416 2738 quia
1435 2669 1774 2725 ambulando
1800 2687 1893 2726 co-

300 2754 562 2809 mederet
593 2754 773 2823 (Rulli,
810 2754 907 2808 tib.
940 2767 1023 2821 ιιι,
1068 2771 1229 2809 num.
1262 2755 1369 2826 31).
1411 2757 1482 2811 Et
1510 2758 1893 2829 interrogante

299 2858 437 2897 eum
446 2842 693 2913 quadam
718 2857 891 2912 quare
900 2842 981 2897 sic
998 2843 1384 2909 manducaret,
1394 2847 1681 2917 respondit
1702 2864 1761 2901 se
1781 2864 1894 2902 non

289 2933 402 2986 hoc
429 2932 511 2983 vel
521 2936 583 2984 nt
601 2947 742 3001 opus
768 2930 996 3001 aliquod
1015 2948 1206 3003 agere,
1234 2934 1332 2988 sed
1352 2935 1505 2989 velut
1520 2936 1789 3007 quiddam
1804 2953 1895 2992 su—

1972 1781 2206 1819 neamus
2226 1767 2504 1836 jejunium
2535 1774 2811 1835 nostrum,
2841 1769 2941 1824 ﬁli.

2043 1860 2163 1919 ὅτ
2182 1861 2218 1919 1
2243 1853 2333 1910 41.
2363 1856 2515 1909 Dixit
2540 1863 2734 1911 sancta
2778 1858 3116 1929 Syncletica:
3162 1857 3307 1922 Quia
3335 1859 3557 1928 oportet

1974 1958 2094 2007 nos,
2124 1942 2218 2012 qui
2235 1943 2558 2013 hujusmodi
2586 1947 2935 2017 propositum
2963 1947 3326 2018 sumpsimus,
3342 1945 3565 2001 castita-

1972 2037 2105 2096 tem,
2142 2048 2264 2102 quae
2292 2049 2516 2087 summa
2539 2041 2641 2101 est,
2670 2036 2933 2090 retinere.
2965 2035 3188 2090 Etenim
3220 2035 3371 2106 apud
3399 2050 3569 2090 secu-

1972 2119 2118 2173 lares
2147 2120 2366 2174 videtur
2382 2122 2608 2176 castitas
2629 2122 2942 2177 observari:
2976 2123 3075 2178 sed
3088 2124 3250 2177 adest
3271 2122 3323 2176 ei
3344 2127 3403 2176 et
3424 2121 3567 2177 stul-

1971 2206 2116 2273 titia,
2149 2214 2379 2279 propter
2395 2226 2564 2280 quam
2588 2211 2711 2265 aliis
2732 2211 2990 2267 omnibus
3012 2211 3267 2269 sensibus
3294 2215 3554 2282 peccant;

1973 2312 2106 2349 nam
2135 2302 2192 2350 et
2225 2298 2506 2368 aspiciunt
2530 2299 2873 2367 indecenter,
2907 2308 2965 2356 et
2992 2301 3180 2355 rident
3199 2300 3520 2355 inordinate
3542 2344 3557 2359 .

2044 2384 2132 2441 42.
2164 2386 2313 2440 Dixit
2330 2387 2537 2442 iterum
2551 2406 2673 2460 quae
2692 2408 2896 2461 supra:
2932 2390 3076 2455 Quia
3107 2390 3253 2445 sicut
3285 2405 3564 2445 venenosa

1975 2475 2245 2529 animalia
2290 2476 2510 2531 acriora
2548 2479 2959 2534 medicamenta
2987 2496 3021 2534 a
3058 2496 3119 2535 se
3143 2479 3446 2551 expellunt,
3478 2479 3564 2534 ita

1975 2565 2372 2635 cogitationem
2400 2567 2684 2622 sordidam
2708 2569 2994 2639 jejunium
3022 2585 3154 2624 cum
3190 2567 3443 2624 oratione
3472 2567 3572 2622 de-

1977 2653 2139 2724 pellit
2165 2653 2235 2708 ab
2254 2655 2463 2709 anima.

2056 2741 2321 2797 '43.\Dixit
2345 2744 2578 2798 iterum:
2611 2746 2738 2800 Non
2750 2750 2807 2800 te
2837 2746 3111 2802 seducant
3127 2746 3371 2802 divitum
3396 2746 3570 2817 hujus

1974 2831 2159 2885 saeculi
2178 2831 2404 2897 deliciae,
2420 2831 2689 2904 tanquam
2712 2835 2848 2889 utile
2870 2835 3082 2907 aliquid
3103 2835 3375 2890 habentes
3398 2835 3459 2889 in
3479 2851 3562 2890 se.

1975 2919 2193 2973 Etenim
2215 2920 2294 2973 illi
2329 2921 2712 2977 delectationis
2740 2940 2912 2979 causa
2939 2929 3122 2978 artem
3145 2924 3367 2979 diversa
3394 2923 3561 2977 modo

290 3019 689 3092 ρθιυίιωλωυιί,
718 3018 830 3074 Am
843 3024 1036 3075 autem
1055 3020 1124 3075 de
1141 3022 1246 3076 hoc
1267 3004 1643 3094 interroggnﬁ
1663 3042 1893 3096 respon.
1915 3004 1957 3063 C
1974 3008 2270 3064 condiendi
2288 3010 2440 3064 cibos
2466 3010 2761 3066 honorant:
2791 3018 2853 3067 tu
2883 3017 3074 3069 autem
3093 3013 3314 3084 jejunio
3334 3016 3392 3067 et
3418 3010 3568 3081 abje—

288 3109 409 3164 dit:
442 3109 518 3164 Ut
551 3124 665 3163 non
693 3109 778 3163 vel
802 3109 865 3163 in
892 3110 1236 3165 comedenda
1266 3113 1617 3183 corporalem
1635 3113 1889 3169 delecta-

297 3198 514 3253 tionem
544 3196 751 3252 habeat
776 3197 984 3252 anima.

369 3302 463 3361 35.
504 3302 777 3358 Dicebant
802 3304 872 3357 de
901 3303 1102 3359 abbate
1131 3306 1317 3374 Petro,
1362 3314 1731 3379 cognomento
1763 3310 1894 3365 Pro-

302 3394 421 3462 nia,
477 3392 575 3464 qui
606 3396 729 3446 erat
754 3392 813 3446 in
847 3393 1033 3460 Cellis,
1067 3394 1201 3465 quia
1249 3397 1441 3451 vinum
1488 3415 1601 3452 non
1648 3398 1891 3458 bibebat.

292 3481 538 3547 Quando
558 3486 748 3536 autem
759 3482 964 3549 senuit,
987 3483 1265 3552 rogabant
1276 3502 1408 3540 eum
1429 3492 1494 3541 ut
1515 3492 1765 3542 sumeret
1782 3506 1898 3542 mo-

290 3572 487 3627 dicum
514 3570 651 3625 vini.
670 3570 776 3634 Qui
790 3587 918 3625 cum
944 3587 1056 3626 non
1070 3574 1466 3644 acquiesceret,
1486 3577 1896 3647 tepefaciebant

292 3676 526 3733 aquam.
582 3665 640 3714 et
677 3659 757 3713 ita
808 3660 859 3713 ei
888 3660 1212 3729 offerebant,
1271 3669 1329 3717 et
1374 3664 1625 3719 dicebat:
1671 3667 1896 3722 Credite

288 3750 464 3816 mihi,
497 3749 618 3815 filii,
653 3747 785 3820 quia
818 3749 973 3804 velut
999 3767 1100 3821 pro
1131 3752 1357 3807 condita
1384 3753 1523 3807 illud
1552 3755 1790 3826 accipio.
1830 3757 1898 3810 Et

310 3837 660 3911 adjndicavit
688 3854 749 3892 se
774 3837 965 3909 tepida
991 3854 1138 3920 aqua
1166 3856 1288 3895 esse
1309 3846 1654 3898 contentum.

381 3944 473 4001 36.
503 3944 675 3999 Facta
716 3947 803 3999 est
839 3944 1141 4015 aliquando
1169 3947 1470 4003 celebratio
1503 3950 1800 4005 missarum
1842 3951 1899 4006 in

308 4038 507 4091 mante
535 4032 754 4088 abbatis
773 4034 1385 4103 Antanii,etinventum
1408 4044 1493 4093 est
1520 4038 1597 4093 ibi
1619 4040 1900 4095 modicum

313 4124 455 4178 vini.
490 4123 561 4178 Et
578 4121 779 4177 tollens
799 4139 945 4177 unus
965 4123 1033 4177 de
1054 4125 1367 4180 senioribus
1386 4144 1620 4198 parvum
1649 4129 1897 4197 calicem,

306 4211 562 4285 portavit
596 4211 669 4265 ad
701 4210 962 4265 abbatem
990 4213 1152 4280 Sisoi,
1182 4220 1240 4268 et
1258 4215 1413 4270 dedit
1436 4216 1513 4284 ei;
1550 4222 1607 4271 et
1634 4217 1776 4272 bibit
1813 4236 1903 4272 se-

301 4303 450 4370 mel;
501 4307 560 4356 et
583 4300 831 4355 secundo
858 4302 1089 4373 accepit,
1115 4308 1173 4357 et
1221 4303 1362 4358 bibit
1386 4322 1398 4357 :
1433 4306 1627 4360 attulit
1656 4306 1825 4361 etiam
1853 4308 1905 4362 ei
1924 4326 1971 4383 D

302 4390 479 4447 tertio
508 4410 519 4459 ;
555 4389 654 4444 sed
668 4405 780 4444 non
813 4390 1044 4462 accepit,
1061 4391 1250 4447 dicens
1273 4410 1284 4447 :
1308 4394 1561 4462 Quiesce,
1595 4396 1787 4463 frater,
1832 4414 1905 4452 an

306 4480 492 4537 nescis
520 4478 657 4551 quia
679 4479 917 4533 Satanas
948 4485 1035 4535 est
1059 4479 1089 4533 ?

380 4587 475 4643 37.
503 4588 704 4642 Frater
730 4586 958 4657 quidam
980 4588 1345 4660 interrogavit
1357 4590 1615 4647 abbatem
1636 4594 1798 4660 Sisoi,
1824 4595 1911 4649 di-

311 4695 450 4733 cens
476 4692 491 4732 :
522 4675 670 4740 Quid
698 4675 880 4729 facio?
918 4677 1051 4748 quia
1076 4695 1204 4733 cum
1235 4696 1462 4734 accurro
1493 4682 1562 4735 ad
1589 4683 1901 4750 ecclesiam,

310 4766 642 4838 frequenter
672 4764 877 4819 fratres
900 4783 1003 4838 pro
1022 4767 1297 4822 charitate
1330 4770 1401 4823 ad
1438 4769 1621 4825 cibum
1663 4773 1911 4828 retinent

310 4873 425 4911 me.
458 4855 613 4910 Dixit
664 4854 715 4908 ei
760 4871 964 4910 senex:
1000 4856 1253 4912 Onerosa
1294 4875 1383 4912 res
1433 4848 1536 4913 est.
1585 4861 1734 4915 Dicit
1777 4879 1909 4934 ergo

311 4944 606 5000 Abraham
625 4947 933 5020 discipulus
964 4947 1119 5016 ejus:
1151 4946 1209 5000 Si
1240 4949 1553 5002 occurritur
1580 4949 1638 5003 in
1670 4950 1911 5006 Sabbato

313 5039 372 5089 et
400 5034 698 5091 Dominica
727 5037 798 5092 ad
827 5035 1138 5102 ecclesiam,
1168 5040 1225 5089 et
1250 5035 1455 5092 biberit
1480 5038 1652 5093 frater
1676 5045 1791 5093 tres
1817 5057 1912 5095 ca-

309 5123 468 5191 lices,
502 5143 574 5178 ne
602 5125 846 5181 multum
876 5125 997 5180 est?
1028 5126 1095 5179 Et
1124 5124 1263 5180 dixit
1289 5142 1483 5180 senex.
1525 5128 1582 5182 Si
1616 5145 1728 5183 non
1762 5135 1914 5185 esset

312 5213 577 5281 Satanas,
602 5231 715 5270 non
742 5219 890 5271 esset
918 5215 1180 5269 multum.

384 5318 475 5377 38.
503 5321 856 5394 Frequenter
892 5321 1113 5376 dicebat
1138 5321 1334 5377 abbati
1369 5322 1512 5377 Sisoi
1553 5324 1860 5396 discipulus
1896 5344 1909 5380 :

314 5408 516 5481 Surge,
540 5409 706 5480 abba,
719 5412 1143 5468 manducemus.
1168 5410 1271 5467 Ille
1293 5417 1484 5468 autem
1505 5412 1746 5469 dicebat:
1772 5416 1917 5481 Quia

314 5498 501 5557 adhuc
528 5516 647 5558 non
675 5501 1154 5570 manducavimus,
1170 5501 1287 5557 ﬁli?
1316 5503 1386 5558 Et
1405 5502 1500 5558 ille
1522 5504 1911 5575 respondebat:

1972 3098 2153 3152 ctione
2208 3098 2457 3153 ciborum
2514 3099 2917 3156 abundantiam
2955 3101 3284 3156 deliciarum
3337 3101 3566 3155 illarum

1972 3187 2376 3258 supergredere
2404 3208 2416 3256 ς
2441 3189 2538 3243 sed
2595 3207 2697 3245 nec
2716 3191 2939 3246 satieris
2969 3207 3133 3263 pane,
3158 3207 3261 3245 nec
3283 3189 3569 3246 desideres

1975 3275 2184 3331 vinum.

2043 3364 2132 3421 44.
2182 3366 2335 3420 Dixit
2379 3366 2549 3422 abbas
2604 3368 2773 3423 Sisoi:
2810 3369 2917 3432 Qui
2965 3368 3346 3440 peregrinatio
3375 3371 3574 3424 nostra

1978 3459 2081 3521 est,
2127 3461 2189 3508 ut
2216 3461 2408 3510 teneat
2438 3457 2603 3511 homo
2631 3475 2692 3512 as
2734 3475 2902 3513 suum
2936 3460 3163 3530 (Pasch.,
3190 3475 3235 3515 ο.
3271 3455 3360 3526 3‘2,
3402 3473 3564 3513 num.

1980 3545 2039 3611 4;
2068 3546 2308 3612 Append.
2336 3547 2523 3611 Mart.,
2559 3563 2718 3601 num.
2749 3546 2855 3617 7‘2).

2049 3631 2138 3689 45.
2160 3633 2311 3688 Dixit
2348 3634 2517 3689 abbas
2550 3636 2938 3707 Hyperichius:
2967 3637 3111 3702 Quia
3137 3636 3282 3691 sicut
3309 3636 3398 3691 lea
3416 3635 3581 3691 terri-

1979 3722 2106 3777 bilis
2133 3725 2472 3794 estanagris,
2497 3725 2576 3779 sic
2604 3727 2911 3781 monachus
2936 3726 3204 3799 probatus
3222 3724 3579 3797 cogitationi-

1980 3810 2083 3866 bus
2097 3814 2579 3884 concupiscentiae.

2050 3900 2137 3957 46.
2163 3903 2313 3957 Dixit
2332 3904 2572 3960 iterum:
2607 3906 2895 3975 Jejunium
2922 3906 3148 3960 frenum
3186 3911 3271 3960 est
3295 3904 3570 3960 monacho

1983 3990 2247 4045 adversus
2277 3999 2587 4063 peccatum.
2614 3995 2720 4057 Qui
2740 4001 2928 4049 autem
2954 3995 3147 4065 abjicit
3165 3994 3470 4065 jejunium,
3487 4010 3583 4048 ve-

1983 4079 2069 4133 lut
2095 4097 2271 4150 equus
2312 4081 2530 4136 fervens
2560 4082 2838 4137 desideria
2869 4084 3090 4139 feminae
3118 4083 3358 4155 rapitur.

2056 4167 2144 4224 47.
2175 4169 2325 4223 Dixit
2350 4170 2559 4225 iterum
2586 4190 2595 4223 :
2631 4172 2908 4226 Siccatum
2925 4173 3141 4242 jejunio
3168 4188 3369 4242 corpus
3390 4187 3582 4227 mona-

1984 4257 2075 4312 chi
2103 4258 2353 4312 animam
2394 4260 2462 4312 de
2505 4260 2782 4331 profundo
2829 4261 3026 4328 elevat,
3061 4267 3119 4315 et
3166 4261 3339 4315 siccat
3364 4260 3583 4314 fistulas

1984 4347 2417 4402 delectatianum
2437 4348 2718 4418 jejunium
2745 4351 3023 4404 monachi.

2056 4434 2144 4492 48.
2179 4436 2329 4491 Dixit
2374 4436 2612 4491 iterum:
2647 4439 2846 4493 Castus
2876 4441 3182 4495 monachus
3210 4441 3271 4495 in
3299 4444 3456 4495 terra
3481 4439 3579 4493 ha-

1994 4524 2306 4594 norabitur,
2349 4531 2406 4580 et
2434 4526 2492 4580 in
2522 4526 2673 4581 caelis
2706 4544 2912 4583 corona
2938 4528 3009 4583 ab
3038 4529 3266 4584 Excelsa
3301 4526 3591 4584 coronabi-

1994 4619 2105 4668 tur.

2059 4703 2148 4759 49.
2178 4704 2331 4759 Idem
2376 4705 2495 4776 ipse
2526 4706 2695 4761 dixit:
2738 4708 3062 4775 Monachus,
3098 4708 3195 4780 qui
3237 4724 3351 4763 non
3379 4706 3589 4762 retinet

1990 4791 2240 4862 linguam
2268 4793 2326 4847 in
2358 4798 2608 4866 tempore
2638 4796 2844 4850 furoris
2882 4794 3010 4865 (l5),
3048 4812 3231 4867 neque
3257 4795 3587 4868 passionum

1992 4882 2367 4952 corporalium
2396 4889 2647 4938 retentor
2666 4884 2774 4939 erit
2801 4885 3123 4957 aliquando.

2064 4968 2152 5027 50.
2189 4972 2339 5025 Dixit
2364 4972 2569 5027 iterum
2605 4992 2615 5025 :
2648 4974 2893 5028 Verbum
2924 4976 3140 5029 malum
3178 4975 3590 5049 nanﬂpraferat

1997 5077 2059 5116 os
2085 5066 2269 5129 tuum,
2303 5063 2570 5132 quoniam
2593 5063 2723 5118 vitis
2745 5080 2856 5118 non
2884 5066 3047 5119 affert
3059 5065 3268 5136 spinas.

2069 5147 2155 5205 51.
2183 5149 2332 5204 Dixit
2356 5151 2563 5206 iterum
2590 5170 2600 5205 :
2634 5154 2852 5208 Bonum
2879 5159 2966 5209 est
2993 5156 3335 5211 manducare
3366 5171 3595 5213 carnem

1999 5244 2057 5293 et
2086 5238 2274 5293 bibere
2296 5239 2503 5308 vinum,
2530 5259 2700 5311 quam
2732 5244 3074 5299 manducare
3102 5245 3162 5300 in
3190 5245 3593 5302 obtrectatione

1998 5346 2193 5383 carnes
2220 5329 2457 5384 fratrum
2495 5333 2676 5401 (Rulli,
2709 5334 2805 5387 lib.
2840 5347 2922 5401 ιιι,
2956 5351 3014 5389 η.
3046 5333 3188 5406 134).

2073 5418 2160 5473 52.
2192 5418 2342 5472 Dixit
2368 5418 2590 5475 iterum:
2630 5422 2940 5478 Susurrans
2969 5442 3199 5497 serpens
3228 5426 3298 5480 ad
3322 5424 3494 5479 Evam
3523 5423 3593 5478 de

2001 5508 2261 5580 paradiso
2284 5510 2758 5580 ejeciteam.Huic
2777 5530 2911 5585 ergo
2924 5516 3127 5575 similis
3136 5516 3334 5589 estqui
3342 5512 3601 5589 proximo
