3976 6186
512 223 610 282 871

1650 226 1744 280 DE
1781 225 1970 283 VITIS
2009 227 2306 284 PATRUM
2343 227 2556 283 LIBER
2591 228 2658 281 V.

3601 239 3685 299 87‘2

515 369 618 408 suo
648 351 1000 423 obloquitur;
1053 349 1317 421 quoniam
1347 354 1403 404 et
1439 353 1721 410 audientis
1769 372 1828 410 se
1857 357 2106 410 animam
2131 365 2174 421 Α
2193 356 2480 410 lucernam
2510 357 2832 426 proﬁceret.
2883 356 3102 411 Erravit
3139 362 3317 414 autem
3350 359 3515 432 frater,
3541 374 3587 422 et
3607 386 3688 440 pro

516 442 722 513 perdit,
755 447 812 495 et
839 455 998 493 suam
1030 455 1142 492 non
1173 439 1371 494 salvat.

589 531 672 585 53.
712 530 881 582 Facta
931 533 1018 582 est
1049 527 1356 600 aliquando
1384 529 1658 586 festivitas
1700 531 1758 586 in
1811 533 2022 604 Scythi,
2055 537 2112 586 et

513 619 793 674 dederunt
820 617 942 672 seni
971 617 1030 670 in
1062 617 1232 672 calice
1261 617 1450 672 vinum
1477 637 1490 685 ;
1521 619 1670 690 quod
1709 619 1996 690 abjiciens,
2023 621 2110 674 di-

510 707 594 762 xit
617 726 629 760 :
652 708 808 762 Tolle
837 723 872 760 a
908 723 1000 760 me
1035 711 1274 760 mortem
1305 707 1492 760 istam.
1532 708 1692 772 Quod
1735 709 1986 764 videntes
2014 709 2111 764 alii

512 796 609 867 qui
633 812 762 850 cum
789 795 910 866 ipso
939 793 1197 862 edebant,
1223 811 1325 849 nec
1345 795 1450 866 ipsi
1470 795 1752 852 biberunt.

581 885 669 941 54.
701 883 829 938 Alia
867 884 985 938 vice
1023 883 1256 938 allatum
1299 889 1385 938 est
1431 884 1510 939 ibi
1548 886 1836 940 vasculum
1879 887 1993 941 vini
2037 887 2106 941 de

515 973 800 1046 primitiis,
853 977 918 1027 ut
943 973 1176 1028 daretur
1202 972 1474 1028 fratribus
1501 974 1572 1028 ad
1606 973 1856 1045 singulos
1884 975 2102 1030 calices.

509 1064 580 1118 Et
597 1063 920 1118 introeunte
948 1061 1192 1134 quodam
1218 1061 1410 1127 fratre,
1437 1067 1494 1116 et
1515 1063 1738 1118 vidente
1763 1064 1893 1135 quia
1917 1065 2106 1120 vinum

507 1153 840 1225 acciperent,
865 1151 1010 1222 fugit
1030 1151 1092 1204 in
1119 1155 1318 1222 crypta
1350 1191 1365 1218 ,
1399 1167 1522 1221 quae
1550 1158 1750 1224 crypta
1786 1153 2006 1208 cecidit.
2037 1155 2108 1208 Et

509 1258 635 1297 cum
665 1241 954 1296 audissent
977 1245 1502 1304 sonum,currentes
1523 1241 1860 1296 invenerunt
1873 1242 2106 1296 fratrem

511 1331 900 1387 semianimem
925 1331 1224 1400 jacentem,
1249 1333 1306 1383 et
1321 1334 1612 1400 coeperunt
1639 1347 1768 1384 eum
1779 1329 2097 1401 objurgare,

511 1421 788 1476 dicentes:
824 1421 975 1474 Bene
1003 1417 1106 1472 tibi
1145 1417 1398 1489 contigit,
1452 1419 1585 1491 quia
1620 1435 1822 1474 vanam
1861 1419 2102 1490 gloriam

507 1510 774 1565 habuisti.
806 1509 990 1565 Abbas
1015 1513 1204 1563 autem
1235 1508 1487 1562 refovens
1518 1525 1667 1574 eum,
1699 1509 1871 1563 dixit:
1903 1509 2104 1564 Dimit-

505 1600 609 1654 tite
639 1597 819 1653 ﬁlium
845 1615 1055 1664 meum,
1079 1597 1290 1651 bonum
1311 1613 1449 1668 opus
1479 1597 1626 1652 fecit.
1648 1599 1716 1651 Et
1745 1597 1876 1652 vivit
1906 1599 2101 1652 Domi-

2191 445 2356 498 melle
2373 445 2442 498 de
2461 444 2813 516 raphanelaeo
2825 445 2981 500 misit
2998 445 3057 499 in
3077 446 3424 516 pulmentum.
3441 459 3595 520 δας
3615 458 3690 513 se.

2191 549 2298 586 nex
2322 549 2452 587 vero
2479 549 2608 587 cum
2629 540 2932 603 gustasset,
2972 534 3115 588 nihil
3142 535 3345 592 locutus
3371 545 3462 606 est,
3481 543 3562 597 sed
3577 547 3695 600 taci-

2193 625 2284 674 tus
2297 621 3059 694 manducavit.Compellebat
3074 627 3170 678 aut
3177 640 3260 678 em
3277 641 3394 680 eum
3404 628 3558 684 adhuc
3574 649 3694 688 man~

2191 708 2416 764 ducare.
2452 710 2522 764 Et
2543 695 2878 782 extorquens
2909 709 3015 765 sibi
3045 712 3400 779 manducavit,
3420 723 3472 770 et
3497 717 3638 773 dabat
3656 721 3696 775 ei

2191 797 2378 852 tertio.
2403 797 2503 852 Ille
2525 804 2716 853 autem
2745 799 2972 854 nolebat
3013 801 3340 856 manducare
3366 803 3556 859 dicens:
3586 807 3698 862 Vere

2189 901 2302 940 non
2333 902 2576 956 possum,
2601 887 2700 941 ﬁli.
2726 887 3043 959 Discipulus
3062 894 3247 944 autem
3270 890 3566 948 hortabatur
3579 911 3697 958 eum,

2191 979 2248 1028 et
2275 973 2522 1027 dicebat:
2556 975 2776 1029 Bonum
2805 979 2908 1042 est,
2933 975 3098 1040 abba,
3123 993 3244 1032 ecce
3271 995 3366 1048 ego
3388 981 3626 1035 manduco
3641 987 3702 1036 tc-

2189 1076 2336 1115 cum.
2367 1060 2618 1124 Quicum
2641 1068 2943 1132 gustasset,
2959 1070 3017 1118 et
3034 1064 3371 1136 cognovisset
3390 1067 3701 1137 quidfecemt,

2187 1148 2388 1203 cecidit
2423 1165 2634 1219 pronus
2670 1151 2730 1204 in
2771 1151 2988 1218 faciem,
3023 1153 3238 1208 dicens:
3268 1155 3358 1209 Vae
3383 1156 3525 1224 mihi,
3555 1158 3703 1225 Pater,

2188 1237 2323 1307 quia
2349 1237 2522 1291 occidi
2553 1244 2629 1304 te,
2678 1245 2736 1292 et
2771 1244 2834 1293 tu
2863 1245 3157 1311 peccatum
3197 1241 3298 1296 hoc
3331 1244 3543 1313 posuisti
3569 1262 3704 1318 super

2185 1341 2294 1391 me,
2329 1325 2461 1396 quia
2479 1343 2592 1380 non
2619 1345 2680 1382 es
2709 1329 2947 1383 locutus.
2966 1329 3035 1384 Et
3053 1329 3193 1383 dixit
3207 1330 3258 1384 ei
3284 1347 3466 1387 senex:
3487 1333 3598 1389 Non
3611 1350 3712 1389 con-

2183 1412 2444 1481 tristeris,
2461 1415 2568 1482 ﬁli;
2599 1415 2647 1468 si
2659 1416 2923 1470 voluisset
2937 1417 3107 1482 Deus,
3129 1423 3195 1472 ut
3217 1419 3328 1472 mel
3347 1420 3706 1488 manducarem,

2184 1502 2296 1555 mel
2333 1501 2578 1558 habuisti
2601 1505 2828 1560 mittere
2848 1505 2907 1560 in
2941 1505 3193 1578 zippulas
3221 1507 3372 1563 istas.

2252 1585 2340 1644 60.
2371 1591 2759 1648 Narraverunt
2784 1595 2854 1648 de
2897 1611 3031 1650 sene
3059 1597 3318 1668 quodam,
3350 1599 3439 1668 qui
3466 1598 3706 1654 desidera-

505 1705 612 1743 nus
640 1688 773 1760 quia
800 1704 915 1742 non
942 1685 1375 1740 reaediﬁcabitur
1402 1692 1600 1757 crypta
1621 1687 1736 1740 haec
1753 1687 2101 1758 temporibus
2117 1680 2164 1740 B
2186 1676 2263 1730 vit
2281 1679 2583 1750 aliquando
2601 1683 2941 1738 manducare
2969 1685 3512 1756 cucumerem(Ru/f-,
3539 1690 3619 1742 lib-
3643 1701 3714 1752 ιιι,

505 1777 667 1846 meis.
692 1783 758 1832 ut
797 1780 1097 1846 cognoscat
1123 1774 1387 1840 mundus,
1433 1775 1566 1845 quia
1614 1781 1844 1846 propter
1873 1776 2100 1831 calicem

503 1866 617 1920 vini
644 1866 848 1920 cecidit
875 1869 1071 1936 crypta
1100 1864 1157 1916 in
1189 1863 1402 1934 Scythi.

585 1956 677 2015 55.
716 1953 982 2009 Ascendit
1009 1951 1310 2024 aliquando
1348 1951 1642 2023 presbyter
1683 1953 1752 2008 de
1797 1954 1988 2025 Scythi
2029 1955 2102 2009 ad

506 2044 830 2116 episcopum
854 2042 1310 2098 Alexandrinum.
1336 2041 1406 2094 Et
1425 2041 1648 2112 quando
1663 2058 1918 2097 reversus
1944 2043 2102 2098 estin

506 2132 718 2206 Scythi,
749 2133 1229 2202 interrogaverunt
1265 2146 1392 2184 eum
1421 2129 1658 2184 fratres:
1693 2131 1984 2195 Quomodo
2012 2137 2099 2188 est

500 2221 738 2278 civitas?
766 2222 866 2276 Ille
889 2226 1081 2276 autem
1111 2219 1252 2274 dixit
1290 2219 1402 2273 eis:
1431 2219 1654 2274 Credite
1683 2219 1841 2286 mihi,
1875 2220 2092 2286 fratres,

501 2329 605 2386 ego
634 2312 712 2366 ibi
740 2311 938 2365 faciem
961 2309 1206 2364 hominis
1217 2308 1424 2362 nullius
1441 2308 1572 2373 vidi,
1601 2307 1710 2362 nisi
1733 2313 1954 2362 tantum
1984 2309 2099 2380 epi-

499 2401 668 2474 scopi.
699 2400 788 2456 Illi
815 2405 1006 2454 autem
1035 2397 1346 2463 audientes,
1379 2397 1570 2450 mirati
1587 2401 1721 2450 sunt
1741 2402 1799 2450 et
1812 2397 2092 2452 dixerunt:

499 2491 644 2557 Quid
674 2495 840 2562 putas
855 2488 1002 2544 facta
1027 2492 1114 2542 est
1132 2486 1314 2541 omnis
1335 2485 1433 2538 illa
1451 2485 1778 2540 multitudo?
1796 2485 2096 2558 Presbyter

495 2596 628 2635 vero
647 2578 846 2634 refovit
861 2577 987 2631 illos
997 2575 1340 2640 haesitantes,
1366 2573 1576 2628 dicens:
1597 2574 1819 2628 Extorsi
1841 2575 2094 2631 animum

499 2685 710 2736 meum,
732 2683 804 2722 ne
821 2666 1072 2720 intuerer
1094 2663 1294 2718 faciem
1306 2661 1571 2716 hominis.
1589 2662 1666 2716 Ex
1689 2678 1800 2733 qua
1822 2663 2094 2718 relatione

497 2758 852 2832 profecerunt
863 2754 1084 2818 fratres,
1117 2757 1176 2808 et
1194 2751 1652 2808 custodieruntse
1679 2751 1750 2805 ab
1772 2751 2093 2808 extollentia

499 2847 788 2902 oculorum
817 2859 1070 2899 suorum.

569 2933 654 2992 56.
687 2935 863 2990 Venit
910 2931 1212 3003 aliquando
1241 2929 1472 3001 quidam
1500 2945 1668 2984 senex
1701 2929 1772 2983 ad
1797 2929 1974 2984 alium
2002 2946 2092 2985 se-

2187 1783 2346 1820 num.
2371 1768 2480 1838 50).
2513 1771 2692 1833 Quem
2703 1788 2832 1826 cum
2853 1773 3178 1844 accepisset,
3205 1775 3583 1846 appenditeum
3594 1777 3716 1847 prius

2185 1861 2316 1910 ante
2343 1857 2533 1912 oculos
2561 1875 2711 1914 suos.
2735 1861 2806 1914 Et
2823 1877 2952 1915 cum
2980 1878 3092 1916 non
3113 1869 3262 1918 esset
3286 1863 3454 1918 victus
3465 1864 3715 1928 desiderio,

2183 1945 2419 2002 domans
2439 1949 2686 2020 seipsum
2723 1951 3114 2021 pcenitentiam
3140 1952 3360 2023 agebat,
3389 1953 3468 2006 vel
3479 1953 3596 2022 quia
3620 1969 3716 2007 om-

2183 2037 2317 2092 nino
2341 2039 2736 2096 desiderasset.

2251 2125 2338 2181 61.
2373 2129 2571 2184 Frater
2598 2131 2898 2203 aliquando
2918 2131 3058 2187 abiit
3084 2133 3314 2190 visitare
3337 2150 3570 2190 sororem
3591 2149 3719 2188 suam

2179 2213 2238 2268 in
2283 2219 2624 2272 monasterio
2662 2226 3032 2290 aegrotantem
3082 2224 3280 2292 (Buff.,
3317 2225 3408 2278 lib.
3443 2237 3522 2288 ιιι,
3549 2240 3598 2276 η.
3626 2221 3716 2294 33).

2179 2302 2315 2358 Erat
2323 2313 2514 2360 autem
2534 2308 2956 2365 fidelissima.Et
2967 2327 3080 2366 non
3095 2312 3452 2384 acquiescens
3469 2309 3724 2382 aliquando

2178 2391 2363 2448 videre
2392 2395 2591 2464 virum,
2624 2415 2807 2470 neque
2827 2401 3181 2456 occasionem
3209 2402 3347 2456 dare
3376 2400 3525 2454 fratri
3562 2416 3647 2454 suo
3669 2405 3718 2452 ut

2179 2487 2408 2553 propter
2436 2483 2592 2540 illam
2607 2487 2824 2543 veniret
2835 2488 2894 2543 in
2908 2489 3092 2544 medio
3104 2490 3525 2558 feminarum,et
3534 2489 3727 2543 manda-

2177 2569 2255 2622 vit
2277 2570 2439 2627 fratri
2466 2591 2594 2630 suo:
2639 2577 2812 2644 Vade,
2843 2577 3035 2645 frater,
3070 2595 3174 2634 ora
3203 2596 3304 2652 pro
3334 2596 3441 2646 me,
3469 2579 3590 2650 quia
3615 2592 3717 2631 cum

2174 2661 2360 2729 gratia
2387 2662 2596 2720 Christi
2623 2665 2819 2721 videbo
2849 2672 2907 2722 te
2932 2667 2992 2722 in
3020 2684 3201 2740 regno
3231 2669 3519 2724 calorum.

2247 2746 2340 2808 62.
2370 2751 2667 2808 Monachus
2696 2755 2940 2810 occurrit
2965 2755 3188 2811 ancillis
3207 2757 3313 2812 Dei
3334 2757 3392 2811 in
3413 2757 3596 2810 itinere
3616 2769 3729 2825 quo-

2173 2835 2324 2890 dam.
2357 2839 2572 2903 Quibus
2597 2843 2730 2898 visis
2760 2843 2988 2899 divertit
3001 2850 3163 2900 extra
3191 2847 3364 2901 viam.
3393 2845 3494 2900 Cui
3518 2843 3640 2899 dixit
3658 2841 3733 2896 ab-

2175 2921 2422 2980 batissa:
2451 2929 2534 2983 Tu
2565 2930 2612 2984 si
2641 2930 2918 3001 perfectus
2946 2934 3264 2988 monachus
3278 2950 3448 2999 esses,
3463 2949 3567 2986 non
3587 2929 3732 3000 respi-

496 3043 646 3082 nem.
675 3024 775 3080 Ille
793 3030 984 3078 autem
1017 3021 1158 3074 dixit
1177 3018 1452 3090 discipulo
1479 3035 1581 3072 suo
1606 3037 1616 3072 :
1653 3019 1763 3072 Fac
1794 3017 1956 3072 nobis
1975 3036 2092 3074 mo-
2113 3037 2154 3096 ί]
2172 3026 2328 3068 ceres
2375 3032 2478 3071 nos
2523 3019 2622 3085 sic,
2655 3025 2719 3074 ut
2749 3037 3080 3092 agnosceres
3107 3023 3248 3094 quia
3274 3022 3494 3077 feminae
3523 3034 3729 3074 eramus.

495 3117 684 3172 dicum
713 3113 1010 3168 lenticulae.
1051 3109 1121 3164 Et
1148 3108 1300 3163 fecit.
1342 3108 1411 3162 Et
1436 3107 1666 3162 infunde
1703 3107 1864 3162 nobis
1895 3125 2084 3179 panes.

496 3207 566 3262 Et
578 3202 880 3259 infudit.Et
897 3203 1230 3254 manserunt
1247 3196 1329 3252 sic
1343 3213 1520 3268 usque
1543 3196 1614 3250 ad
1627 3197 1796 3251 aliam
1818 3196 1967 3252 diem
1989 3198 2086 3252 ho-

491 3312 559 3350 ra
595 3299 770 3359 sexta,
802 3292 1097 3362 loquentes
1132 3287 1201 3341 de
1231 3285 1618 3358 spiritualibus
1649 3287 1836 3343 rebus.
1871 3289 2086 3341 Iterum

492 3383 635 3440 dixit
650 3397 820 3437 senex
845 3377 1115 3449 discipulo
1127 3393 1228 3430 suo
1255 3393 1265 3428 :
1299 3375 1408 3429 Fac
1427 3375 1588 3429 nobis
1616 3375 1896 3430 modicum
1925 3376 2086 3430 lenti-

491 3473 648 3539 cula,
680 3471 780 3525 ﬁli.
808 3469 908 3524 Ille
936 3465 1247 3537 respondit:
1281 3464 1367 3518 Ab
1391 3465 1654 3518 hesterno
1667 3464 1757 3518 die
1777 3463 1902 3518 feci.
1919 3466 1987 3520 Et
2004 3465 2085 3520 ita

491 3565 788 3632 surgentes
806 3559 1170 3628 sumpserunt
1193 3553 1397 3608 cibum.

561 3646 653 3704 57.
679 3648 838 3702 Alter
872 3645 1103 3716 quidam
1141 3659 1310 3697 senex
1337 3641 1492 3696 venit
1541 3642 1612 3694 ad
1645 3641 1944 3712 quemdam
1973 3643 2081 3697 Pa—

487 3743 663 3792 trum.
691 3737 792 3791 llle
819 3739 1010 3789 autem
1037 3732 1184 3788 coxit
1213 3730 1494 3785 modicum
1513 3730 1812 3798 lenticulae,
1837 3737 1895 3784 et
1921 3731 2075 3786 dixit:

487 3825 782 3879 Faciamus
827 3839 967 3894 opus
994 3822 1114 3889 Dei,
1157 3827 1215 3875 et
1247 3824 1558 3891 gustemus.
1584 3821 1654 3874 Et
1679 3836 1825 3874 unus
1855 3820 2082 3891 quidem

491 3930 687 3970 eorum
711 3911 1008 3985 complevit
1042 3915 1224 3965 totum
1255 3908 1587 3981 psalterium
1620 3927 1633 3975 ;
1676 3911 1819 3964 alter
1845 3926 1974 3965 vero
2013 3927 2080 3965 ex

489 4002 657 4060 corde
682 4001 798 4075 (16)
813 4001 955 4056 duos
964 4003 1272 4073 prophetas
1290 3999 1531 4070 majores
1545 3999 1764 4054 lectoris
1791 3999 1987 4054 ordine
1997 4016 2080 4055 re-

490 4091 703 4148 citavit.
737 4091 808 4146 Et
829 4090 976 4146 facto
1009 4105 1178 4144 mane
1205 4089 1462 4143 discessit
1480 4105 1649 4144 senex
1674 4089 1768 4142 ille
1798 4088 1894 4160 qui
1923 4105 2084 4144 vene-

489 4188 597 4252 rat,
621 4187 680 4238 et
709 4181 868 4236 obliti
889 4186 1022 4236 sunt
1039 4195 1263 4236 sumere
1282 4177 1485 4244 cibum,

559 4270 648 4330 58.
675 4271 888 4327 Esuriit
927 4270 1160 4342 quidam
1199 4267 1372 4322 frater
1399 4283 1434 4321 a
1469 4283 1654 4334 mane,
1704 4272 1762 4321 et
1815 4268 2086 4339 pugnavit

2246 3104 2334 3160 63.
2366 3106 2726 3162 Intraverunt
2737 3109 3040 3180 aliquando
3055 3111 3265 3166 fratres
3286 3112 3345 3166 in
3374 3109 3726 3165 Alexandriam

2167 3197 2388 3251 invitati
2408 3213 2442 3250 a
2467 3197 2775 3268 Theophila
2813 3199 3261 3272 archiepiscopo,
3303 3205 3369 3255 ut
3397 3196 3726 3272 praesentibus

2166 3286 2256 3340 his
2284 3286 2429 3340 facta
2451 3286 2704 3340 oratione
2724 3288 2934 3358 templa
2961 3288 3290 3344 destrueret
3304 3303 3652 3362 paganorum.
3675 3285 3728 3338 Et

2167 3375 2637 3432 manducantibus
2677 3375 2756 3429 eis
2799 3393 2929 3431 cum
2958 3378 3407 3450 archiepiscopo,
3441 3377 3735 3431 ministrata

2166 3469 2299 3518 sunt
2311 3481 2506 3519 carnes
2515 3464 2778 3532 vitulinae,
2787 3471 2844 3519 et
2855 3467 3282 3522 manducabant
3294 3466 3435 3522 nihil
3449 3466 3733 3520 discernen-

2165 3555 2343 3610 tes.Et
2364 3553 2640 3626 accipiens
2657 3555 3103 3629 archiepiscopus
3121 3574 3311 3612 unum
3331 3555 3613 3628 capadium
3627 3550 3730 3616 (19!,

2163 3643 2320 3698 dedit
2333 3644 2496 3714 juxta
2525 3660 2584 3698 se
2617 3643 2964 3699 recumbenti
2993 3647 3140 3713 seni,
3171 3647 3373 3701 dicens
3407 3665 3418 3699 :
3451 3645 3581 3700 Ecce
3605 3638 3732 3696 istud

2163 3731 2372 3787 bonum
2401 3732 2697 3804 copadium
2726 3738 2829 3800 est,
2845 3735 3146 3803 manduca,
3173 3734 3439 3790 abba.Illi
3466 3737 3639 3788 autem
3659 3743 3735 3782 re-

2163 3822 2502 3893 spondentes
2531 3822 2810 3877 dixerunt:
2839 3824 2956 3878 Nos
2975 3841 3160 3896 usque
3186 3825 3363 3880 modo
3389 3821 3737 3880 credebamnsy

2165 3911 2296 3982 quia
2315 3912 2468 3966 olera
2478 3911 2969 3967 manducaremus.
3001 3901 3153 3968 Nam
3173 3915 3228 3969 si
3249 3931 3453 3970 carnes
3481 3917 3619 3978 sunt,
3647 3922 3738 3962 non

2163 4001 2585 4056 manducamus.
2642 4001 2711 4055 Et
2739 4001 2890 4057 ultra
2915 4019 3082 4058 nemo
3117 4020 3193 4058 ex
3220 4005 3308 4060 eis
3361 4000 3632 4076 acquievit
3653 4012 3740 4068 gu-

2165 4095 2334 4146 stare.

2235 4177 2324 4236 64.
2353 4179 2549 4234 Frater
2564 4180 2794 4252 quidam
2812 4179 3003 4236 attulit
3014 4197 3201 4252 panes
3224 4187 3488 4238 recentes
3505 4177 3743 4236 incellam

2165 4273 2223 4323 et
2250 4269 2504 4324 invitavit
2525 4269 2598 4324 ad
2613 4286 2866 4324 mensam
2891 4270 3167 4328 seniores.
3189 4273 3265 4327 Et
3283 4289 3418 4328 cum
3443 4269 3742 4326 manducas-

485 4380 613 4419 cum
642 4362 830 4416 animo
872 4377 992 4426 suo,
1023 4375 1095 4413 ne
1139 4357 1523 4423 manducaret,
1553 4356 1730 4410 donec
1759 4357 1919 4412 ﬁeret
1939 4355 2143 4414 horaD
2162 4363 2289 4412 sent
2314 4359 2563 4429 singulos
2592 4360 2920 4430 paximates,
2962 4367 3383 4431 pausaverunt.
3419 4361 3609 4416 Frater
3633 4370 3740 4410 vero

484 4451 654 4508 tertia
696 4451 888 4523 (Rufri,
941 4450 1036 4503 lib.
1091 4462 1171 4514 Ill,
1211 4463 1369 4501 num.
1405 4447 1478 4515 4).
1537 4447 1608 4500 Et
1648 4445 1795 4500 facta
1827 4451 1916 4500 est
1943 4447 2082 4502 hora

484 4541 671 4607 tertia,
695 4539 881 4610 exegit
907 4555 942 4592 a
969 4555 1029 4592 se
1060 4542 1125 4591 ut
1149 4538 1309 4590 fieret
1336 4541 1509 4589 sexta.
1561 4534 1770 4589 Infudit
1796 4552 1999 4606 panem
2024 4542 2084 4591 et

484 4633 647 4700 sedit,
679 4635 746 4686 ut
773 4628 1157 4684 manducaret.
1189 4626 1392 4679 Postea
1417 4641 1544 4678 vero
1573 4623 1831 4689 surrexit,
1857 4625 2075 4679 dicens:

483 4719 711 4778 Manebo
722 4720 802 4774 sic
820 4733 998 4788 usque
1009 4716 1080 4771 ad
1093 4715 1290 4770 horam
1304 4729 1528 4767 nonam.
1557 4714 1708 4767 Hora
1719 4718 1911 4767 autem
1931 4730 2080 4768 nona

484 4809 615 4864 fecit
653 4809 985 4874 orationem,
1021 4810 1080 4860 et
1105 4804 1244 4858 vidit
1271 4819 1412 4874 Opus
1441 4802 1649 4856 diaboli
1678 4802 1824 4856 sicut
1857 4801 2078 4857 fumum

487 4903 779 4953 exeuntem
804 4913 838 4950 a
866 4913 944 4962 se,
978 4902 1034 4951 et
1063 4895 1144 4950 ita
1177 4892 1414 4948 cessavit
1433 4891 1646 4946 esuries
1671 4892 1815 4961 ejus.

554 4986 987 5042 59.1nfirmatus
1027 4991 1114 5040 est
1154 4982 1385 5054 quidam
1407 4998 1608 5036 senum
1640 4980 1824 5052 (Ra/I2,
1863 4983 1958 5035 lib.
1991 4996 2072 5050 ιιι,

483 5091 640 5131 num.
671 5075 792 5146 5i);
825 5080 884 5129 et
904 5091 1032 5130 cum
1064 5090 1176 5128 non
1204 5076 1392 5144 posset
1419 5087 1642 5125 sumere
1673 5069 1860 5124 cibum
1883 5071 2076 5126 multis

479 5163 694 5230 diebus,
728 5162 1033 5232 rogabatur
1054 5179 1088 5216 a
1115 5160 1388 5232 discipulo
1413 5176 1514 5214 suo
1529 5164 1594 5214 ut
1609 5159 1768 5213 fieret
1780 5159 1832 5212 ei
1859 5159 2072 5229 aliquid

477 5261 536 5310 et
561 5255 904 5308 reficeretur.
936 5251 1088 5306 Abiit
1105 5256 1293 5305 autem
1320 5255 1378 5304 et
1402 5249 1532 5303 fecit
1554 5249 1623 5302 de
1643 5247 1884 5302 farinula
1909 5248 2072 5303 lenti-

475 5347 680 5413 culam,
701 5349 760 5400 et
771 5342 1022 5416 zippulas
1046 5341 1176 5412 (l7).
1193 5343 1325 5396 Erat
1344 5340 1624 5396 autemibi
1635 5341 1920 5395 vasculum
1939 5357 2071 5412 pen-

473 5437 632 5506 dens,
659 5435 719 5490 in
747 5449 858 5506 quo
880 5435 1003 5488 erat
1029 5431 1312 5486 modicum
1343 5430 1526 5486 mellis
1553 5449 1564 5484 :
1597 5435 1654 5485 et
1679 5431 1834 5488 aliud
1858 5430 1917 5484 in
1959 5447 2070 5502 quo

475 5531 598 5584 erat
623 5523 1044 5599 raphaneleum
1075 5519 1205 5594 (18),
1239 5525 1296 5575 et
1323 5520 1548 5588 fetebat,
1583 5520 1731 5591 quod
1751 5525 1975 5576 tantum
1995 5521 2068 5576 ad

2161 4447 2341 4502 sciens
2359 4447 2610 4502 laborem
2631 4447 2982 4504 abstinentiae
3003 4451 3420 4522 eorum,c(epit
3443 4466 3568 4506 cum
3590 4443 3744 4502 humi-

2161 4536 2319 4591 litate
2341 4537 2673 4608 supplicare,
2707 4537 2928 4592 dicens:
2957 4538 3206 4610 Propter
3228 4541 3416 4595 Deum
3441 4535 3742 4594 manducate

2161 4625 2325 4680 hodie
2343 4626 2518 4680 donec
2550 4626 2848 4680 satiemini.
2883 4627 2953 4681 Et
2979 4629 3486 4685 manducaverunt
3509 4629 3638 4682 alios
3662 4624 3744 4676 de-

2159 4730 2260 4768 nos
2296 4715 2624 4785 paximates.
2659 4715 2796 4769 Ecce
2847 4715 3021 4784 igitur
3050 4723 3348 4788 quantum
3381 4734 3553 4790 supra
3595 4725 3742 4786 quam

2159 4819 2298 4874 opus
2327 4808 2467 4871 erat,
2500 4805 2980 4859 manducaverunt
3016 4812 3265 4877 propter
3295 4809 3485 4864 Deum
3515 4805 3620 4860 veri
3645 4817 3746 4858 mo-

2159 4892 2324 4947 nachi
2351 4900 2405 4947 et
2435 4893 2764 4964 simpliciter
2791 4893 3165 4950 abstinentes.

2229 4979 2317 5036 65.
2347 4981 2656 5052 Egi'omvit
2670 4983 2898 5054 quidam
2918 4999 3120 5038 senum
3142 4985 3470 5058 aliquando
3492 4987 3548 5040 in
3571 4997 3749 5052 magna

2157 5069 2508 5138 infirmitate,
2537 5070 2617 5124 ita
2649 5077 2710 5125 ut
2737 5071 2806 5125 de
2843 5073 3152 5128 visceribus
3194 5077 3456 5131 multum
3485 5067 3746 5144 sanguinis

2155 5161 2504 5230 egereret.Et
2531 5160 2722 5214 attulit
2759 5161 2987 5231 quidam
3017 5162 3204 5218 frater
3230 5166 3402 5220 nixas
3437 5167 3607 5221 siccas
3642 5157 3748 5233 (20),

2155 5254 2212 5304 et
2230 5248 2360 5304 fecit
2387 5249 2588 5320 pultes,
2613 5255 2670 5304 et
2694 5250 2847 5304 misit
2875 5267 2969 5305 eas
2996 5251 3093 5318 ibi,
3132 5259 3197 5308 et
3224 5255 3441 5310 obtulit
3459 5255 3650 5317 seni,et
3675 5265 3750 5302 ro-

2151 5338 2322 5410 gabat
2341 5356 2490 5406 eum,
2525 5339 2744 5395 dicens:
2777 5341 3038 5408 Comede,
3069 5343 3218 5412 quia
3247 5344 3403 5401 forte
3417 5338 3749 5416 expedittibi.

2153 5429 2382 5484 Intuens
2393 5433 2585 5484 autem
2607 5429 2666 5484 in
2692 5446 2822 5484 eum
2845 5448 3014 5486 senex
3037 5431 3291 5501 diutius,
3327 5436 3475 5490 dixit
3498 5455 3514 5488 :
3532 5433 3663 5487 Vere
3683 5429 3752 5482 di-

2150 5535 2233 5588 co,
2269 5520 2404 5592 quia
2431 5518 2681 5574 volebam
2705 5525 2772 5576 ut
2799 5537 2889 5576 me
2917 5521 3250 5580 dimitteret
3270 5525 3433 5582 Deus
3459 5523 3520 5581 in
3557 5523 3654 5578 hac
3683 5519 3754 5575 in-
