3964 6206
370 225 442 286 73

1639 242 1877 299 VERBA
1913 237 2307 299 SENIORUM.

3502 232 3608 295 874

333 355 606 414 firmitate
633 374 756 416 esse
783 360 925 417 alios
956 362 1191 433 triginta
1230 379 1425 419 annos.
1474 364 1544 419 Et
1575 366 1728 421 nullo
1760 367 1926 422 modo
1943 365 2234 436 Aquidam
2265 366 2452 417 motus
2478 360 2822 417 certantibus
2850 361 2909 416 in
2941 360 3359 417 conversatione
3380 378 3446 417 ex
3468 361 3610 416 insi-

335 446 614 517 acquievit
632 465 804 503 senex
828 450 887 504 in
916 452 1017 505 tali
1045 452 1378 522 aegritudine
1410 454 1491 508 vel
1521 455 1805 511 modicum
1833 473 1930 511 su-
2012 454 2120 509 diis
2150 458 2207 508 et
2235 452 2443 507 invidia
2467 451 2785 506 daemonum
2804 452 3050 505 veniens.
3084 451 3282 522 Itaque
3315 451 3459 506 scire
3483 468 3611 507 con-

338 550 492 590 mere
523 537 728 605 cibum,
770 538 851 593 ita
876 545 942 594 ut
966 541 1193 595 tolleret
1215 540 1390 596 frater
1431 544 1580 615 quod
1609 550 1933 616 apportave-
2012 543 2166 597 venit
2189 542 2324 613 quia
2336 547 2452 596 tres
2477 545 2611 597 sunt
2638 541 2953 611 corporales
2978 546 3184 595 motus.
3208 541 3361 596 Unus
3386 542 3613 613 quidem

334 629 445 689 rat,
479 631 538 680 et
563 627 777 683 rediret
798 628 870 683 ad
897 629 1096 684 cellam
1125 646 1307 685 suam.

2014 631 2318 698 naturalis;
2342 630 2486 685 alius
2513 634 2701 684 autem
2721 645 2786 683 ex
2815 627 3173 700 plenitudine
3194 630 3447 685 ciborum
3472 637 3614 699 ;ter-

410 710 500 769 66.
532 715 693 769 Alter
710 732 880 771 senex
908 717 1141 773 sedebat
1171 720 1332 790 longe
1362 721 1421 775 in
1445 738 1654 788 eremo,
1679 728 1736 777 et
1764 724 1937 778 conti—
2016 721 2131 776 tius
2160 737 2288 775 vero
2318 737 2383 774 ex
2413 718 2777 774 daemonibus.

338 802 427 873 git
453 802 686 859 fratrem
722 806 915 860 venire
944 807 1014 861 ad
1047 824 1199 874 eum,
1231 814 1289 864 et
1315 809 1565 865 invenire
1602 828 1730 866 eum
1777 813 1936 867 inﬁr-

343 897 615 947 mantem.
639 894 747 957 Qui
767 895 960 949 lavans
980 897 1029 966 ej
1038 913 1102 950 us
1124 897 1342 961 faciem,
1360 899 1490 953 fecit
1509 900 1557 954 ei
1580 900 1937 957 refectionem

343 997 413 1035 ex
438 981 527 1034 his
552 998 676 1052 quae
704 983 989 1038 attulerat.
1023 985 1183 1049 Quod
1219 1004 1347 1041 cum
1377 988 1606 1043 vidisset
1634 1006 1822 1057 senex,
1858 990 1940 1044 di-

344 1069 428 1123 xit
453 1087 466 1122 :
488 1070 652 1135 Vere,
670 1069 860 1137 frater,
886 1072 1092 1129 oblitus
1121 1074 1356 1143 fueram,
1386 1077 1519 1147 quia
1546 1077 1820 1133 haberent
1849 1080 1944 1133 ho-

346 1158 531 1212 mines
568 1159 637 1213 de
678 1159 800 1214 cibo
842 1162 1124 1216 solatium.
1174 1163 1390 1218 Obtulit
1417 1166 1588 1220 etiam
1627 1167 1677 1221 ei
1713 1167 1939 1222 calicem

345 1247 665 1312 vini..Quod
692 1265 819 1304 cum
847 1250 1093 1313 vidisset,
1120 1253 1374 1323 ploravit,
1404 1254 1595 1310 dicens
1618 1275 1629 1309 :
1658 1258 1782 1311 Non
1811 1273 1939 1328 spe-

350 1335 546 1391 rabam
577 1354 666 1393 me
690 1354 867 1409 usque
896 1340 962 1394 ad
996 1346 1235 1396 mortem
1260 1341 1567 1398 bibiturum
1596 1345 1808 1400 vinum.

422 1422 515 1481 67.
544 1425 757 1481 Statuit
790 1429 1018 1499 quidam
1059 1446 1228 1485 senex
1258 1438 1320 1486 ut
1348 1434 1724 1505 quadraginta
1748 1436 1945 1492 diebus

351 1531 466 1569 non
494 1514 729 1571 biberet.
762 1518 832 1572 Et
858 1517 905 1570 si
927 1519 1149 1588 quando
1178 1520 1350 1575 fiebat
1369 1539 1586 1590 cauma,
1610 1524 1833 1580 lavabat
1850 1544 1946 1582 su-

352 1604 616 1659 risculam
644 1604 772 1675 (21),
802 1611 859 1659 et
878 1605 1146 1678 implebat
1174 1625 1296 1664 eam
1320 1627 1484 1681 aqua,
1516 1618 1574 1666 et
1595 1614 1950 1685 appendebat

2089 810 2143 866 2.
2172 809 2322 863 Dixit
2347 808 2520 863 abbas
2558 807 2859 862 Gerontius
2889 806 3167 861 Petrensis
3200 826 3210 860 :
3262 808 3405 873 Quia
3452 808 3613 865 multi

2021 899 2222 953 tentati
2251 915 2285 951 a
2314 896 2695 970 corporalibus
2722 895 3185 951 delectationibus
3215 914 3342 951 cum
3374 914 3486 952 non
3514 915 3616 969 ap-

2021 987 2403 1058 proximarent
2458 985 2803 1057 corporibus,
2855 988 3040 1039 mente
3083 985 3337 1040 fornicati
3386 992 3537 1053 sunt,
3563 993 3620 1041 et

2024 1076 2369 1147 corporalem
2400 1074 2778 1144 virginitatem
2819 1079 3122 1137 servantes,
3167 1074 3470 1129 secundum
3501 1075 3621 1130 ani-

2023 1181 2179 1218 mum
2202 1165 2572 1219 fornicantur.
2606 1164 2822 1217 Bonum
2850 1167 2936 1216 est
2961 1178 3112 1233 ergo,
3138 1162 3503 1231 dilectissimi,
3535 1164 3620 1220 ta-

2022 1268 2149 1307 cere
2177 1253 2322 1323 quod
2352 1253 2620 1323 scriptum
2644 1256 2727 1305 est
2755 1270 2765 1304 :
2792 1250 2959 1306 Omni
2981 1250 3233 1305 custodia
3255 1268 3625 1323 unumquem-

2027 1358 2135 1412 que
2165 1358 2262 1396 cor
2297 1359 2461 1396 suum
2491 1357 2713 1396 servare
2734 1341 2917 1409 (Prov.
2946 1347 3019 1408 v).

2090 1436 2146 1503 3,
2209 1431 2360 1487 Dixit
2415 1430 2585 1484 abbas
2644 1429 2947 1484 Cassianus
3006 1430 3296 1496 (Cassium,
3340 1432 3522 1486 collat.
3568 1443 3620 1484 ιι.

2031 1541 2147 1594 cap.
2179 1522 2293 1592 10),
2318 1519 2450 1595 quia
2485 1517 2688 1572 dixerit
2728 1517 2887 1571 nobis
2917 1516 3088 1571 abbas
3117 1517 3336 1588 Moyses
3362 1535 3374 1569 :
3408 1518 3629 1572 Bonum

2031 1619 2117 1668 est
2145 1628 2253 1667 non
2293 1608 2632 1664 abscondere
2656 1605 3043 1677 cogitationes,
3072 1605 3169 1659 sed
3201 1604 3429 1660 senibus
3462 1606 3630 1677 spiri-

352 1710 477 1748 eam
507 1699 638 1749 ante
661 1695 851 1750 oculos
869 1711 1017 1750 suos.
1042 1696 1149 1760 Qui
1169 1715 1293 1752 cum
1317 1699 1761 1771 interrogaretur
1782 1721 1817 1758 a
1845 1704 1951 1757 fra-
1977 1688 2018 1747 Β
2038 1700 2284 1758 tualibus
2301 1697 2759 1752 etdiscretionem
2784 1692 3116 1748 habentibus
3140 1694 3498 1748 manifestare
3511 1711 3625 1759 eas,

350 1782 534 1837 tribus
561 1800 737 1854 quare
756 1784 860 1837 hoc
883 1784 1109 1849 faceret,
1142 1788 1448 1858 respondit.
1465 1789 1686 1844 dicens:
1725 1792 1798 1847 Ut
1824 1809 1950 1847 cum

355 1871 549 1926 videns
572 1872 718 1943 quod
757 1873 1170 1939 desiderabam,
1204 1893 1316 1930 non
1338 1884 1654 1947 gustavero,
1680 1882 1952 1951 majorem

355 1963 617 2017 ardorem
646 1964 972 2029 sustineam,
1006 1971 1063 2020 et
1094 1972 1324 2036 propter
1359 1968 1462 2022 hoc
1505 1959 1774 2039 majorem
1803 1988 1951 2026 mer-

356 2052 548 2107 cedem
580 2069 614 2106 a
640 2053 879 2107 Domino
908 2054 1172 2125 consequi
1209 2071 1447 2109 merear.

432 2138 522 2197 68.
545 2140 743 2195 Frater
768 2141 997 2212 quidam
1015 2141 1121 2196 iter
1139 2159 1331 2213 agens,
1355 2144 1596 2199 habebat
1623 2163 1809 2201 secum
1839 2164 1954 2202 ma-

362 2235 507 2283 trem
530 2246 710 2294 suam,
724 2231 842 2300 jam
858 2248 1069 2285 senem.
1089 2232 1197 2296 Qui
1216 2249 1344 2286 cum
1376 2234 1657 2289 venissent
1675 2236 1745 2290 ad
1765 2253 1958 2307 quem-

361 2319 494 2373 dam
516 2318 771 2384 ﬂuvium,
795 2336 909 2374 non
936 2326 1158 2392 poterat
1177 2321 1361 2376 vetula
1380 2322 1476 2377 illa
1504 2324 1764 2379 transire.
1791 2326 1958 2380 Ettu-

2036 1807 2148 1845 non
2176 1789 2262 1843 his
2291 1786 2388 1858 qui
2416 1791 2638 1840 tantum
2666 1790 2918 1854 tempore
2957 1799 3123 1836 senes
3172 1788 3322 1848 sunt,
3364 1783 3630 1854 quoniam

2037 1879 2197 1934 multi
2224 1877 2294 1931 ad
2333 1881 2555 1931 aetatem
2599 1872 2978 1943 respicientes.
3021 1876 3078 1925 et
3104 1871 3469 1941 cogitationes
3501 1889 3632 1926 suas

2036 1970 2286 2023 dicentes
2313 1965 2395 2018 eis
2443 1962 2539 2034 qui
2565 1961 3006 2033 experimentum
3038 1976 3151 2015 non
3196 1959 3496 2025 habebant,
3532 1977 3633 2032 pro

2033 2054 2412 2112 consolatione
2423 2052 2492 2106 ad
2505 2049 2954 2122 desperationem
2971 2048 3226 2103 ultimam
3239 2055 3629 2120 pervenerunt,

2104 2145 2160 2199 4.
2193 2144 2327 2198 Erat
2371 2140 2597 2211 quidam
2644 2139 2819 2192 frater
2851 2137 3080 2191 omnino
3126 2137 3184 2191 in
3215 2137 3635 2192 conversatione

2039 2233 2312 2289 sollicitus
2330 2231 2624 2293 (Cassium,
2656 2230 2837 2281 collat.
2863 2240 2924 2291 Il,
2957 2242 3074 2294 cap.
3113 2224 3214 2291 I3).
3246 2227 3314 2280 Et
3332 2242 3458 2280 cum
3490 2226 3635 2281 male

2040 2340 2075 2377 a
2104 2318 2488 2377 fornicationis
2516 2317 2767 2371 daemone
2798 2314 3141 2376 turbaretur,
3175 2314 3326 2368 venit
3344 2314 3415 2367 ad
3445 2331 3638 2387 quem-

361 2408 429 2463 lit
456 2408 607 2463 ﬁlius
635 2409 758 2479 ejus
778 2409 1011 2480 pallium
1029 2415 1277 2476 suum,et
1291 2412 1523 2467 involvit
1541 2414 1740 2468 exinde
1761 2432 1957 2469 manus
2040 2412 2168 2467 dam
2184 2425 2395 2474 senem,
2420 2412 2476 2462 et
2497 2405 2690 2460 retulit
2709 2404 2760 2458 ei
2780 2403 3146 2474 cogitationes
3156 2420 3307 2457 suas.
3327 2403 3426 2458 Ille
3446 2410 3636 2459 autem

361 2514 513 2564 suas,
529 2512 605 2552 ne
622 2497 809 2569 aliquo
831 2498 997 2552 modo
1017 2500 1365 2571 contingeret
1383 2518 1585 2574 corpus
1600 2504 1800 2557 matris
1820 2520 1952 2566 suae,

362 2594 422 2642 et
437 2588 518 2642 ita
541 2593 771 2658 portans
800 2603 923 2642 eam
945 2590 1294 2660 transposuit
1315 2591 1569 2645 ﬂuvium.
1599 2592 1747 2646 Dixit
1766 2599 1955 2649 autem

2036 2501 2272 2559 audiens
2301 2497 2434 2570 quia
2461 2511 2658 2567 expers
2687 2497 2826 2558 erat,
2850 2491 3174 2562 indignatus
3205 2495 3309 2558 est,
3333 2498 3391 2546 et
3411 2493 3638 2547 misera-

2037 2589 2203 2644 bilem
2236 2586 2456 2642 dicebat
2482 2600 2602 2638 esse
2634 2583 2864 2637 fratrem
2894 2581 3071 2644 illum,
3105 2585 3163 2634 et
3192 2580 3489 2651 indignum
3510 2598 3634 2635 mo-

363 2677 416 2731 ei
437 2684 620 2732 mater
639 2678 874 2732 suazUt
893 2678 1025 2748 quid
1054 2679 1132 2733 sic
1151 2681 1420 2751 operuisti
1443 2697 1642 2735 manus
1669 2687 1817 2746 tuas,
1842 2681 1958 2735 ﬁli?
2040 2678 2203 2733 nachi
2258 2676 2486 2741 habitu;
2538 2673 2743 2744 quippe
2787 2670 2887 2742 qui
2937 2669 3214 2740 ejusmodi
3271 2669 3637 2741 cogitationes

362 2766 465 2822 Ille
494 2771 682 2821 autem
708 2766 851 2820 dixit
880 2785 891 2819 :
920 2766 1065 2831 Quia
1087 2784 1287 2839 corpus
1316 2769 1569 2823 mulieris
1590 2770 1735 2841 ignis
1765 2775 1868 2825 est.
1891 2770 1960 2824 Et
2040 2766 2335 2837 reciperet.
2359 2758 2496 2818 Haec
2523 2761 2758 2816 audiens
2789 2759 2978 2825 frater,
3012 2757 3317 2830 desperans
3368 2757 3635 2829 seipsum,

363 2872 432 2911 ex
456 2872 522 2910 eo
550 2856 671 2927 ipso
701 2872 812 2926 quo
839 2860 896 2910 te
924 2856 1335 2926 contingebam,
1359 2858 1620 2913 veniebat
1647 2859 1784 2913 mihi
1805 2876 1958 2913 com-
2039 2854 2269 2925 reliquit
2306 2851 2592 2924 propriam
2624 2849 2842 2914 cellam,
2888 2853 2945 2901 et
2981 2847 3051 2901 ad
3101 2847 3365 2901 saeculum
3396 2845 3635 2901 redibat.

361 2944 695 3000 memoratio
724 2944 963 2999 aliarum
994 2945 1331 3002 feminarum
1358 2947 1415 3001 in
1448 2948 1656 3003 animo.

2040 2942 2358 2999 Secundum
2370 2956 2499 2994 vero
2513 2938 2613 2993 Dei
2636 2935 3107 3008 dispensationem
3132 2927 3376 2989 occurrit
3393 2934 3444 2989 ei
3465 2934 3636 2991 abbas

432 3034 525 3090 69.
550 3033 785 3089 Dicebat
807 3034 1037 3106 quidam
1067 3035 1336 3089 Patrum:
1372 3036 1517 3100 Quia
1535 3037 1703 3090 sciret
1730 3003 2273 3102 fratremCApollo;
2324 3036 2383 3083 et
2428 3028 2620 3081 videns
2667 3003 2795 3080 eum
2841 3023 3252 3096 perturbatum,
3296 3028 3353 3077 et
3397 3024 3633 3079 nimium

360 3124 422 3179 in
442 3125 581 3178 cella
593 3125 943 3195 jejunantem
965 3129 1084 3178 tota
1102 3125 1453 3179 hebdomada
1478 3127 1716 3180 Paschze.
1745 3126 1954 3180 Etcum

357 3212 607 3269 Sabbato
625 3230 751 3268 sero
781 3213 1026 3267 venisset
1054 3213 1126 3267 ad
1151 3214 1369 3281 missas,
1388 3215 1809 3269 communicans
1830 3230 1957 3267 mox

354 3301 626 3373 fugiebat,
642 3318 713 3356 ne
733 3307 1028 3372 cogeretur
1045 3318 1081 3356 a
1099 3302 1364 3358 fratribus
1388 3304 1446 3358 in
1472 3303 1702 3358 ecclesia
1726 3303 1888 3357 mand
1898 3320 1957 3358 u-

357 3407 508 3446 care.
540 3391 703 3462 Apud
731 3407 791 3444 se
829 3396 1019 3445 autem
1049 3397 1273 3446 tantum
1316 3393 1563 3447 modicas
1599 3392 1755 3447 betas
1786 3392 1957 3447 elixas

356 3496 492 3536 cum
528 3480 645 3535 sale
668 3478 1046 3535 manducabat
1071 3481 1193 3535 sine
1217 3498 1383 3552 pane.

432 3567 515 3625 70.
546 3569 770 3624 Fratres
804 3569 1090 3624 convocati
1117 3576 1248 3625 sunt
1289 3571 1349 3625 in
1379 3570 1588 3643 Scythi,
1622 3576 1688 3625 ut
1718 3570 1953 3625 mandu-

354 3663 554 3714 carent
579 3658 813 3730 palmas,
846 3663 906 3712 et
922 3664 1047 3713 erat
1071 3659 1274 3731 aliquis
1291 3659 1553 3715 inﬁrmus
1568 3661 1637 3714 de
1657 3660 1838 3715 nimia
1862 3659 1957 3714 ab-

356 3748 647 3812 stinentia,
671 3747 764 3819 qui
778 3746 1021 3802 tussiens
1035 3748 1360 3803 exscreabat
1382 3750 1665 3821 phlegma,
1686 3749 1835 3821 quod
1855 3766 1957 3803 no-

356 3838 512 3894 lente
537 3854 602 3892 eo
622 3836 776 3891 venit
801 3852 972 3908 super
998 3836 1171 3892 alium
1198 3837 1448 3893 fratrem.
1472 3838 1580 3903 Qui
1604 3854 1731 3892 cum
1752 3855 1786 3892 a
1806 3840 1957 3909 cogi-

358 3927 577 3982 tatione
612 3942 717 3981 sua
740 3926 1169 3998 compelleretur
1196 3926 1381 3982 dicere
1421 3927 1473 3982 ei
1509 3945 1520 3980 :
1556 3927 1790 3992 Quiesce
1814 3927 1955 3997 jam,

362 4022 424 4070 et
451 4032 564 4070 non
581 4031 832 4070 exscrees
851 4031 1023 4087 super
1042 4032 1151 4081 me,
1182 4020 1248 4071 ut
1274 4021 1569 4088 superaret
1590 4015 1958 4085 cogitationes

361 4120 514 4172 suas,
544 4104 678 4159 tulit
714 4104 862 4175 quod
887 4111 1286 4171 exscreavcrat,
1308 4111 1365 4159 et
1390 4105 1619 4159 mittens
1638 4104 1697 4158 in
1716 4121 1813 4158 ore
1830 4121 1952 4169 suo,

358 4193 555 4249 statim
573 4192 816 4248 comedit
830 4193 988 4248 illud.
1013 4193 1082 4248 Et
1097 4202 1156 4262 ὃ
1166 4199 1217 4259 τ
1227 4199 1286 4261 3
1298 4199 1432 4248 tunc
1442 4194 1610 4265 cmpit
1620 4193 1691 4247 ad
1710 4193 1955 4264 seipsum

360 4282 549 4338 dicere
580 4301 593 4335 :
618 4282 734 4336 Aut
760 4297 873 4336 non
899 4282 1054 4337 dicas
1081 4280 1241 4337 fratri
1276 4288 1374 4337 tuo
1417 4283 1564 4354 quod
1588 4299 1716 4338 eum
1748 4282 1956 4337 contri-

361 4376 498 4438 stet,
526 4375 625 4426 aut
652 4370 930 4425 manduca
958 4372 1107 4441 quod
1138 4372 1354 4426 horres.

805 4460 1149 4515 LIBELLUS
1179 4460 1513 4525 QUINTUS.

916 4550 988 4603 De
1023 4550 1413 4617 fornicatione.

433 4636 586 4692 Dixit
611 4636 782 4693 abbas
805 4638 1083 4693 Antonius
1117 4656 1129 4691 :
1158 4637 1394 4694 Estimo
1424 4638 1572 4709 quod
1602 4637 1805 4692 habeat
1832 4654 1957 4692 cor-

360 4741 471 4797 pus
486 4731 700 4782 motum
716 4726 1031 4781 naturalem
1052 4743 1412 4798 conspersum
1437 4728 1495 4782 in
1516 4744 1595 4791 se,
1621 4727 1715 4798 qui
1734 4727 1959 4781 nolente

359 4813 551 4871 animo
566 4832 678 4871 non
698 4820 981 4887 operatur,
1003 4816 1102 4870 sed
1122 4816 1512 4872 tantummodo
1538 4816 1887 4887 signilicatur
1903 4815 1959 4869 in

359 4918 615 4975 corpore,
661 4903 820 4975 quasi
869 4904 1230 4976 impassibilis
1279 4911 1484 4960 motus.
1532 4906 1630 4960 Est
1674 4910 1864 4960 autem
1903 4909 1961 4957 et

359 4992 508 5049 alius
545 4997 732 5047 motus
760 5009 826 5047 ex
856 5009 940 5060 eo,
970 4994 1118 5064 quod
1146 4996 1396 5050 nutritur
1423 4999 1482 5048 et
1516 4993 1734 5049 fovetur
1761 5008 1961 5064 corpus

359 5078 503 5138 cibis
521 5085 581 5136 et
609 5080 854 5152 potibus,
880 5086 938 5136 et
963 5098 1030 5138 ex
1059 5081 1262 5153 quibus
1277 5083 1430 5138 calor
1450 5081 1740 5153 sanguinis
1761 5080 1965 5135 excitat

359 5186 565 5242 corpus
585 5169 659 5224 ad
677 5170 1045 5241 operandam.
1065 5172 1302 5242 Propter
1312 5172 1461 5243 quod
1473 5171 1611 5226 dicit
1630 5169 1959 5241 Apostolus:

357 5258 548 5314 Nolite
574 5258 845 5314 inebriari
874 5260 1019 5326 vino,
1055 5259 1113 5315 in
1143 5277 1253 5332 quo
1283 5267 1370 5317 est
1403 5260 1623 5315 luxuria
1652 5259 1861 5328 (Ep/ws.
1889 5258 1960 5327 v).

2039 3121 2278 3184 tristem,
2332 3114 2697 3186 interrogavit
2749 3130 2896 3179 eum,
2948 3112 3178 3167 dicens:
3225 3111 3350 3177 Fili,
3384 3129 3508 3183 quae
3552 3117 3638 3167 est

2038 3225 2207 3262 causa
2235 3212 2405 3261 tantae
2426 3204 2669 3259 tristitiae
2693 3202 2841 3256 tute?
2862 3202 2961 3256 Ille
2984 3206 3173 3255 autem
3195 3200 3353 3272 prius
3376 3217 3441 3255 ex
3457 3201 3637 3254 multa

2038 3296 2358 3352 confusione
2387 3293 2563 3348 animi
2599 3292 2686 3346 sui
2726 3308 2838 3345 non
2877 3289 3165 3362 respondit
3194 3289 3247 3344 ei
3276 3288 3585 3361 quidquam
3617 3307 3630 3359 ;

2040 3393 2232 3458 postea
2260 3390 2449 3439 autem
2480 3398 2607 3436 cum
2647 3380 2888 3434 multum
2925 3384 3224 3449 rogaretur
3253 3395 3288 3431 a
3323 3393 3476 3444 sene,
3511 3394 3634 3449 qua

2037 3477 2185 3530 circa
2215 3492 2276 3528 se
2304 3476 2625 3543 agerentur,
2657 3468 2943 3523 confessus
2968 3472 3068 3531 est,
3107 3467 3299 3522 dicens
3327 3484 3338 3520 :
3372 3465 3519 3532 Quia
3547 3483 3634 3521 co-

2036 3564 2336 3636 gitationes
2363 3558 2794 3615 fornicationum
2823 3556 3142 3633 inquietant
3171 3572 3260 3610 me
3284 3574 3298 3624 ;
3331 3555 3480 3627 quod
3506 3572 3635 3610 con-

2040 3656 2217 3708 fessus
2240 3646 2365 3705 sum
2396 3650 2475 3704 illi
2505 3648 2643 3712 seni.
2677 3653 2752 3712 et,
2795 3645 3105 3700 secundum
3147 3643 3317 3699 verba
3344 3645 3487 3715 ejus,
3510 3646 3632 3716 jam

2039 3758 2151 3796 non
2177 3746 2263 3794 est
2282 3738 2420 3793 mihi
2449 3753 2575 3808 spes
2594 3734 2818 3802 salutis;
2843 3733 3147 3805 desperans
3168 3749 3301 3805 ergo
3331 3733 3628 3805 meipsum,

2040 3831 2111 3885 ad
2149 3829 2415 3884 saeculum
2457 3826 2644 3881 redeo.
2678 3824 2809 3878 Haec
2852 3828 3046 3877 autem
3098 3821 3269 3877 Pater
3296 3822 3495 3894 Apollo
3529 3839 3633 3878 au-

2040 3920 2218 3983 diens,
2252 3919 2405 3973 velut
2447 3915 2671 3988 sapiens
2720 3911 2970 3966 medicus
3011 3911 3252 3966 multum
3293 3911 3541 3983 rogabat,
3576 3916 3634 3967 et

2041 4007 2305 4063 monebat
2322 4022 2471 4070 eum,
2496 4004 2712 4059 dicens:
2730 4002 2856 4056 Noli
2877 4000 3092 4068 mirari,
3111 4001 3209 4068 fili,
3230 4018 3413 4072 neque
3441 4001 3636 4073 despe-

2039 4114 2129 4152 res
2159 4097 2227 4150 de
2245 4096 2446 4166 teipse.
2475 4095 2589 4162 Ego
2619 4091 2768 4147 enim
2799 4090 2856 4144 in
2887 4090 2993 4144 hac
3016 4095 3180 4144 aetate
3212 4095 3382 4161 atque
3409 4105 3627 4144 conver-

2040 4186 2256 4240 satione
2266 4183 2430 4245 valde
2450 4181 2519 4234 ab
2541 4175 3309 4251 hujusmodicogitationibus
3327 4176 3626 4249 inquietor.

2040 4276 2122 4330 Ne
2151 4290 2284 4343 ergo
2313 4270 2540 4326 deﬁcias
2568 4268 2626 4322 in
2670 4266 2990 4337 hujusmodi
3033 4265 3340 4331 occasione,
3373 4283 3495 4338 quae
3520 4282 3632 4319 non

1982 4362 2257 4420 Dtantum
2282 4362 2534 4414 humana
2552 4354 2947 4421 sollicitudine,
2970 4359 3244 4425 quantum
3273 4354 3373 4408 Dei
3403 4354 3633 4408 misera-

2039 4453 2193 4507 tione
2221 4456 2469 4506 curatur.
2490 4448 2733 4503 Tantum
2767 4443 2933 4498 hodie
2963 4443 3112 4496 dona
3139 4442 3279 4495 mihi
3304 4441 3451 4513 quod
3480 4447 3629 4513 peto,

2042 4547 2101 4596 et
2121 4546 2400 4595 revertere
2425 4537 2497 4593 ad
2517 4536 2711 4590 cellam
2734 4538 2910 4588 tuam.
2935 4531 3092 4585 Fecit
3120 4536 3308 4585 autem
3336 4530 3509 4584 frater
3532 4530 3627 4585 sic.

2040 4629 2227 4684 Abbas
2277 4633 2465 4682 autem
2512 4623 2709 4696 Apollo
2750 4619 3044 4675 discedens
3070 4618 3140 4673 ab
3179 4635 3245 4672 eo
3292 4618 3536 4690 perrexit
3563 4618 3635 4673 ad

2041 4720 2237 4774 cellam
2267 4716 2417 4771 illius
2446 4713 2614 4777 senis,
2649 4711 2744 4784 qui
2774 4710 2825 4765 ei
2854 4707 3302 4781 desperationem
3328 4707 3558 4775 fecerat;
3580 4712 3637 4761 et

2042 4813 2197 4863 stans
2226 4806 2374 4860 foras
2403 4803 2734 4874 deprecatus
2753 4804 2838 4852 est
2864 4796 3166 4852 Dominum
3188 4812 3314 4850 cum
3345 4795 3632 4868 lacrymis,

2042 4898 2261 4953 dicens:
2295 4893 2551 4957 Domine,
2579 4889 2673 4962 qui
2696 4886 3037 4943 tentationes
3061 4884 3277 4940 utiliter
3296 4885 3484 4951 infers,
3510 4902 3639 4941 con-

2043 4992 2195 5042 verte
2222 4984 2431 5040 bellum
2462 4981 2608 5053 quod
2630 4978 2844 5051 patitur
2870 4974 3045 5029 frater
3066 4975 3161 5028 ille
3190 4974 3247 5028 in
3276 4975 3381 5031 hoc
3402 4993 3556 5043 sene,
3573 4983 3639 5032 ut

2045 5094 2145 5149 per
2161 5073 2606 5146 experimentum
2624 5068 2682 5122 in
2708 5069 2994 5120 senectute
3013 5081 3117 5118 sua
3139 5063 3316 5119 discat
3336 5065 3483 5138 quod
3501 5071 3641 5121 tem-

2010 5190 2015 5193 -
2045 5181 2181 5239 pore
2202 5165 2365 5233 longo
2387 5176 2499 5214 non
2524 5156 2737 5220 didicit,
2756 5158 3033 5225 quatenus
3048 5154 3421 5224 compatiatur
3440 5155 3526 5208 his
3545 5155 3641 5226 qui

2047 5250 2369 5324 hujusmodi
2385 5244 2789 5303 tentationibus
2812 5241 3228 5314 perturbantur.
3247 5242 3353 5306 Qui
3374 5260 3501 5298 cum
3523 5260 3645 5299 ora-

314 5374 323 5381 -
361 5348 431 5403 Et
450 5364 676 5404 rursum
696 5347 1038 5404 Dominusin
1052 5350 1348 5422 Evangelio
1362 5349 1650 5421 discipulis
1668 5347 1963 5412 mandans,
2047 5344 2258 5398 tionem
2286 5337 2638 5408 complesset,
2673 5332 2813 5387 vidit
2844 5331 3163 5402 ZEthiopem
3207 5336 3448 5422 stantem
3486 5333 3650 5402 juxta

362 5437 506 5494 dixit
538 5456 552 5491 :
583 5437 801 5500 Videte,
836 5455 906 5494 ne
937 5440 1161 5511 quando
1183 5419 1685 5512 graventur—corda
1704 5441 1890 5493 vestra
1908 5435 1966 5490 in
2050 5432 2267 5496 cellam,
2300 5431 2356 5481 et
2382 5425 2618 5497 sagittas
2646 5422 3196 5512 inittentechontra
3227 5419 3388 5475 illum
3431 5437 3648 5512 senem,

364 5528 605 5601 crapula.
623 5532 679 5581 et
710 5507 983 5583 ebrietate
1012 5507 1349 5597 (Lucz'xn).
1384 5529 1478 5585 Est
1510 5534 1700 5585 autem
1738 5532 1796 5584 et
1824 5526 1969 5582 alius
2052 5520 2254 5594 quibus
2293 5515 2452 5589 quasi
2493 5512 2825 5587 perforatas,
2860 5509 3053 5566 statim
3082 5513 3351 5581 tanquam
3402 5507 3591 5566 ebrius
3624 5538 3659 5579 ιι

754 5629 1019 5699 PATROL.
1052 5628 1326 5690 LXXIII.

3264 5605 3342 5668 28
