3964 6206
440 287 548 345 875

443 422 591 486 vino,
622 423 729 475 huc
755 423 922 488 atque
957 411 1086 466 illuc
1115 407 1416 463 ferebatur.
1451 407 1519 460 Et
1545 421 1672 459 cum
1703 419 1815 458 non
1845 407 2035 475 posset

442 491 704 572 tolerare,
733 518 989 576 egressus
1021 507 1106 554 est
1133 499 1204 552 de
1223 497 1380 563 cella,
1411 501 1468 552 et
1494 495 1690 550 eadem
1711 493 1816 552 via.
1837 507 1950 563 qua
1977 497 2034 546 et

441 599 535 654 ille
551 595 771 669 juvenis
792 594 862 647 ad
882 590 1144 651 smeulum
1168 585 1403 641 redibat.
1427 582 1613 638 Abbas
1631 587 1819 636 autem
1835 580 2032 652 Apollo

441 687 762 756 intelligens
787 680 934 754 quod
979 679 1187 732 factum
1230 680 1370 736 erat,
1399 672 1642 728 occurrit
1670 671 1741 726 ei.
1771 671 1840 724 Et
1876 686 2031 724 acce-

441 778 580 832 dens
608 775 678 829 ad
706 788 854 837 eum,
887 767 1031 824 dixit
1061 785 1072 820 :
1107 767 1228 831 Quo
1257 763 1455 818 vadis?
1486 768 1543 817 et
1583 777 1707 832 qua:
1735 764 1824 814 cst
1863 775 2033 813 causa

435 861 774 922 turbationis
786 877 908 932 quae
924 856 1167 912 obtinuit
1183 859 1240 909 te
1253 854 1277 908 ?
1288 853 1387 909 Ille
1408 857 1598 906 autem
1611 848 1876 914 sentiens,
1902 847 2035 918 quia

440 949 779 1008 intellexerit
805 951 1034 1003 sanctus
1065 943 1146 998 vir
1181 959 1304 1014 quae
1327 941 1378 995 ei
1406 942 1724 1002 evenerant,
1747 953 1861 1008 prae
1884 951 2035 990 vere-

441 1041 649 1098 cundia
668 1039 810 1094 nihil
841 1035 1076 1090 dicebat.
1108 1032 1260 1087 Dixit
1288 1035 1476 1084 autem
1510 1028 1562 1082 ei
1591 1027 1760 1081 abbas
1788 1025 1986 1096 Apollo
2013 1041 2024 1076 :

437 1133 738 1187 Revertere
766 1127 825 1180 in
853 1125 1050 1180 cellam
1074 1129 1251 1186 tuam,
1284 1125 1341 1173 et
1364 1119 1432 1172 de
1461 1122 1660 1172 caetero
1685 1130 1923 1186 agnosce
1951 1113 2032 1167 in-

435 1220 759 1276 firmitatem
775 1221 952 1280 tuam,
968 1219 1022 1267 et
1049 1210 1193 1266 habe
1221 1209 1368 1280 apud
1381 1207 1763 1276 temetipsum;
1782 1202 1913 1274 quia
1931 1207 2032 1257 aut

430 1311 724 1382 ignoratus
738 1307 816 1361 sis
838 1321 871 1359 a
885 1301 1108 1360 diabolo
1129 1315 1306 1370 usque
1328 1296 1513 1360 modo,
1539 1299 1639 1348 aut
1651 1297 2025 1362 contemptus,

439 1381 669 1473 prOpter
687 1395 836 1468 quod
853 1409 953 1448 nec
978 1389 1232 1446 meruisti
1257 1385 1564 1442 secundum
1590 1383 1739 1437 viros
1757 1381 2028 1436 virtutum

437 1468 644 1544 habere
653 1491 845 1540 contra
858 1480 1141 1536 diabolum
1158 1479 1518 1532 luctamenta.
1539 1473 1686 1537 Quid
1705 1475 1892 1526 autem
1905 1468 2030 1524 dico

433 1574 812 1632 luctamenta?
843 1571 936 1644 qui
969 1586 1072 1624 nec
1099 1583 1212 1623 uno
1263 1565 1354 1620 die
1393 1562 1812 1635 aggressionem
1851 1559 2030 1630 ipsius

432 1671 658 1738 portare
685 1661 1064 1736 potuisti.Hoc
1091 1664 1283 1712 autem
1311 1654 1414 1710 tibi
1435 1652 1689 1722 contigit,
1723 1649 1856 1720 quia
1872 1649 2030 1718 juve-

428 1771 560 1810 nem
575 1735 735 1808 illum
757 1769 789 1806 a
805 1748 1090 1806 communi
1109 1743 1427 1800 adversario
1447 1743 1842 1811 impugnatum
1857 1735 2029 1791 susci-

427 1845 606 1917 piens,
631 1859 758 1897 cum
783 1838 1072 1894 debuisses
1097 1851 1225 1890 eum
1257 1838 1452 1887 contra
1476 1829 1812 1884 diabolicum
1841 1830 2022 1882 certa-

429 1950 561 1988 men
587 1927 976 1987 consolatoriis
1000 1925 1182 1980 verbis
1219 1937 1456 1992 ungere,
1479 1919 1649 1974 etiam
1681 1918 1739 1972 in
1765 1917 2024 1987 despera-

426 2022 638 2076 tionem
668 2019 893 2082 misisti,
930 2031 1043 2070 uon
1073 2012 1322 2084 cogitans
1367 2009 1508 2064 illud
1545 2005 2022 2079 sapientissimum

425 2115 788 2185 praeceptum,
821 2122 932 2178 quo
957 2102 1224 2175 jubemur
1251 2099 1467 2171 eripere
1497 2114 1593 2152 eos
1623 2095 1719 2167 qui
1738 2095 2024 2148 ducuntur

425 2181 497 2256 ad
527 2203 784 2262 mortem,
830 2200 888 2249 et
925 2209 1039 2248 non
1085 2189 1337 2261 negligas
1378 2186 1653 2242 redimere
1691 2181 2021 2238 occidendos

429 2293 614 2358 (Prov.
644 2289 746 2356 xiv)
766 2304 777 2338 :
799 2284 898 2339 sed
926 2299 1109 2353 neque
1129 2278 1454 2352 parabolam
1476 2274 1779 2331 Salvatoris
1817 2271 2014 2336 nostri,

425 2377 664 2434 dicentis
693 2374 904 2440 (Matth.
944 2376 1038 2436 xu)
1073 2389 1085 2426 :
1134 2368 1482 2424 Arundinem
1535 2368 1859 2436 quassatam
1907 2377 2020 2416 non

426 2471 615 2533 514
627 2463 830 2519 debere
843 2460 1202 2529 confringi,et
1211 2458 1390 2512 linum
1407 2455 1684 2525 fumigans
1693 2468 1809 2506 non
1821 2449 2024 2506 exstin-

422 2556 540 2628 gui.
569 2555 747 2608 Nemo
791 2551 942 2606 enim
985 2549 1131 2604 ferre
1179 2552 1368 2619 posset
1406 2543 1641 2625 insidias
1688 2539 2013 2598 adversarii,

423 2660 606 2716 neque
621 2641 906 2698 bullientis
935 2645 1151 2694 naturae
1180 2637 1368 2708 ignem
1389 2633 1746 2704 exstinguere
1776 2630 1860 2684 vel
1880 2629 2016 2684 reti-

423 2749 578 2790 nere.
593 2732 704 2787 nisi
727 2729 914 2803 gratia
923 2728 1025 2784 Dei
1044 2728 1400 2782 conservaret
1415 2721 1803 2778 inﬁrmitatem
1821 2719 2017 2772 huma-

421 2839 577 2891 nam,
595 2837 762 2894 quem
781 2819 840 2874 in
859 2817 1018 2873 nobis
1047 2814 1281 2870 salutari
1310 2810 1728 2884 dispensatione
1757 2807 2017 2863 omnibus

421 2909 770 2968 orationibus
786 2906 1090 2963 Dominum
1105 2904 1560 2975 deprecemur,ut
1571 2905 1629 2954 et
1643 2897 1939 2952 adversum
1959 2901 2016 2951 te

420 2999 719 3056 dimissum
739 2997 1023 3068 ﬂagellum
1047 2997 1281 3058 avertat,
1306 2989 1574 3062 quoniam
1594 2987 1714 3059 ipse
1743 2990 1801 3040 et
1824 2985 2015 3040 dolere

417 3089 570 3156 facit,
601 3093 660 3142 et
684 3087 890 3142 iterum
921 3083 1089 3139 saluti
1111 3080 1358 3138 restituit
1391 3098 1402 3133 :
1433 3076 1695 3150 percutit,
1727 3082 1785 3132 et
1811 3089 2016 3129 manus

418 3177 598 3251 ipsius
617 3180 810 3242 sanat;
835 3172 1099 3229 humiliat
1112 3176 1170 3226 et
1181 3169 1409 3230 exaltat.
1434 3165 1736 3220 mortiﬁcat
1758 3170 1816 3220 et
1845 3162 2016 3216 viviti-

419 3272 528 3334 cat,
559 3264 788 3320 deducit
832 3262 906 3316 ad
948 3261 1156 3316 inferos
1201 3263 1256 3312 et
1287 3255 1505 3310 reducit
1527 3255 1577 3318 (Ῑ
1599 3255 1719 3322 Reg.
1755 3253 1838 3318 ιι).
1884 3251 2016 3306 Haec

417 3356 623 3421 dicens,
657 3351 968 3408 orationem
1006 3346 1274 3420 implevit,
1305 3350 1362 3400 et
1401 3342 1594 3398 statim
1624 3341 1694 3396 ab
1722 3341 1876 3396 illato
1905 3339 2012 3394 sibi

416 3443 563 3498 bello
618 3457 788 3497 senex
833 3439 928 3494 ille
965 3437 1235 3492 liberatus
1287 3439 1390 3490 est.
1442 3433 1620 3498 Quem
1667 3429 2014 3485 commonuit

419 3531 591 3587 abbas
619 3530 818 3602 Apollo
849 3533 914 3583 ut
942 3529 1162 3600 peteret
1197 3523 1301 3580 sibi
1351 3538 1387 3578 a
1422 3522 1539 3577 Deo
1593 3519 1718 3574 dari
1759 3518 2011 3589 linguam

419 3619 722 3688 eruditam,
753 3623 819 3674 ut
840 3617 1010 3673 sciret
1036 3621 1260 3686 tempus
1288 3627 1398 3684 quo
1421 3613 1678 3683 oporteat
1707 3607 1860 3679 loqui
1890 3623 2010 3662 ser-

417 3726 662 3766 monem.

489 3798 542 3852 5.
567 3798 648 3852 De
667 3795 1008 3866 cogitatione
1031 3787 1418 3846 fornicationis
1445 3786 1824 3857 interrogatus
1844 3783 2015 3840 abbas

419 3889 596 3959 Syrus
625 3883 767 3959 [Al.,
799 3880 1006 3954 Cyrus]
1028 3877 1456 3943 Alexandrinus,
1489 3876 1569 3930 ita
1599 3874 1920 3946 respondit:
1957 3874 2016 3928 Si

417 3973 784 4048 cogitationes
803 3987 916 4025 non
943 3969 1135 4034 habes,
1155 3983 1310 4040 spem
1325 3982 1439 4020 non
1451 3963 1623 4020 habes
1645 3983 1658 4018 :
1679 3964 1945 4036 quoniam
1965 3963 2010 4018 si

417 4063 784 4135 cogitationes
805 4076 918 4116 non
936 4056 1127 4124 habes,
1144 4071 1317 4128 opera
1335 4054 1530 4110 habes.
1550 4055 1667 4110 Hoc
1691 4057 1882 4108 autem
1903 4057 2007 4120 est,

417 4153 550 4226 quia
569 4151 666 4224 qui
686 4148 1025 4222 cogitatione
1044 4146 1310 4202 adversus
1331 4147 1622 4216 peccatum
1643 4159 1753 4198 non
1772 4146 2004 4214 pugnat,

415 4257 598 4314 neque
625 4237 974 4305 contradicit,
1008 4233 1374 4308 corporaliter
1416 4238 1627 4304 peccat.
1673 4232 1780 4297 Qui
1817 4236 2006 4286 autem

413 4329 776 4402 corporaliter
803 4331 1012 4400 peccat,
1044 4323 1447 4396 cogitationum
1493 4321 1779 4378 molestias
1824 4321 2008 4376 nullas
2023 4356 2072 4416 υ

414 4419 600 4475 habet.

482 4505 535 4565 6.
560 4507 934 4578 Interrogavit
963 4511 1153 4560 autem
1187 4503 1415 4574 quidam
1448 4515 1614 4554 senex
1641 4499 1892 4565 fratrem,
1919 4498 2009 4552 di-

413 4616 544 4656 cens
569 4598 682 4652 :Ne
699 4593 1166 4650 consuetudinem
1197 4591 1372 4646 habes
1401 4588 1642 4660 colloqui
1665 4587 1887 4642 mulieri
1904 4587 2010 4643 ?Et

413 4689 553 4744 dixit
574 4687 778 4742 frater:
803 4685 948 4740 Non.
978 4683 1046 4737 Et
1067 4681 1160 4735 ille
1173 4679 1311 4734 dixit
1329 4698 1343 4736 :
1364 4679 1597 4732 Veteres
1611 4681 1670 4731 et
1692 4676 1820 4730 novi
1839 4676 2010 4748 picto-

411 4795 502 4834 res
555 4781 690 4832 sunt
744 4772 1114 4845 cogitationes
1151 4786 1310 4835 meae,
1351 4773 1408 4822 et
1445 4766 2008 4822 commemorationes

409 4866 683 4938 quaedam,
700 4862 1079 4935 inquietantes
1097 4876 1187 4914 me
1207 4875 1272 4912 ex
1295 4856 1670 4912 similitudine
1684 4854 2002 4910 mulierum.

411 4956 589 5010 Senex
614 4959 802 5007 autem
822 4951 962 5006 dixit
985 4950 1057 5004 ad
1083 4966 1211 5004 eum
1235 4967 1246 5002 :
1271 4948 1524 5003 Mortuos
1546 4962 1657 5000 non
1673 4944 1892 5010 timeas,
1909 4945 2006 5000 sed

407 5044 657 5098 viventes
676 5040 806 5112 fuge
835 5059 847 5094 :
871 5041 976 5094 hoc
997 5051 1102 5099 est.
1122 5052 1460 5093 consensum
1487 5041 1545 5090 et
1571 5050 1744 5107 opera
1771 5033 2002 5105 peccati,

412 5138 469 5188 et
498 5129 733 5186 extende
754 5128 932 5200 magis
958 5127 1269 5182 orationem
1298 5131 1476 5180 tuam.

469 5221 522 5277 ‘7.
555 5217 787 5275 Dicebat
811 5217 982 5272 abbas
1011 5215 1249 5271 Mathois
1280 5215 1429 5286 quod
1455 5213 1682 5286 quidam
1714 5212 1892 5268 frater
1916 5229 2002 5266 ve-

407 5312 567 5367 niens
595 5307 800 5364 dixerit
825 5305 1157 5361 deteriorem
1189 5321 1311 5359 esse
1359 5305 1454 5376 qui
1479 5301 1800 5374 obloquitur
1827 5317 1996 5372 quam

407 5401 503 5476 qui
529 5398 853 5456 fornicatur.
887 5396 956 5450 Et
987 5395 1276 5466 respondit
1305 5413 1316 5447 :
1350 5396 1538 5449 Durus
1563 5399 1648 5448 est
1669 5391 1760 5446 hic
1789 5407 1994 5445 sermo.

405 5492 558 5548 Dixit
583 5507 715 5562 ergo
733 5489 783 5544 ei
811 5485 1012 5541 frater:
1041 5485 1110 5539 Et
1133 5483 1410 5556 quomodo
1430 5484 1512 5538 vis
1533 5499 1654 5538 esse
1674 5483 1819 5536 hanc
1831 5497 1948 5534 rem
1972 5478 1996 5531 Τ

405 5582 558 5638 Dixit
592 5596 762 5637 senex
791 5598 803 5634 :
854 5573 1148 5634 Oblocutio
1183 5572 1414 5645 quidem
1444 5573 1592 5628 mala
1620 5575 1724 5639 est,
1755 5570 1995 5626 celerem

1589 273 1682 327 DE
1718 270 1906 326 VITIS
1945 267 2240 324 PATRUM
2277 267 2490 324 LIBER
2525 265 2592 318 V.

3563 261 3650 320 876

2046 403 2094 460 Α
2115 398 2304 448 tamen
2347 391 2559 446 invenit
2595 402 2808 452 curam,
2843 389 2900 440 et
2937 384 3264 456 plerumque
3313 385 3651 456 paenitentiam

2115 483 2250 552 agit,
2277 481 2376 552 qui
2404 479 2694 534 oblocutus
2739 481 2842 540 est,
2879 473 3102 528 dicens:
3135 474 3278 528 Male
3305 473 3505 528 locutus
3529 492 3650 543 sum,

2115 577 2172 625 et
2199 569 2420 625 transit.
2445 565 2762 623 Fornicatio
2791 568 2982 618 autem
3005 562 3335 617 naturaliter
3349 579 3488 616 mors
3503 570 3594 618 est.

2183 658 2244 716 8.
2282 659 2441 714 Dixit
2467 656 2638 712 abbas
2663 656 2892 709 Pastor:
2915 651 3070 706 Sicut
3091 651 3402 722 spatharius
3427 651 3654 724 principis

2115 749 2327 804 assistit
2363 747 2416 802 ei
2449 762 2672 818 semper
2713 747 2966 815 paratus,
2998 740 3081 794 ita
3116 745 3333 811 oportet
3367 745 3422 794 et
3445 741 3654 796 animam

2114 854 2338 910 semper
2364 853 2486 892 esse
2520 839 2773 908 paratam
2817 831 3084 886 adversus
3126 829 3425 884 daemonem
3461 830 3656 884 fornica-

2113 927 2283 982 tionis
2316 927 2499 996 (Ruﬁ‘.,
2526 925 2620 979 lib.
2645 937 2728 987 ιιι,
2757 936 2920 976 num.
2963 919 3080 986 59).

2195 1033 2245 1092 9.
2277 1033 2448 1088 Venit
2477 1029 2780 1102 aliquando
2804 1028 2981 1082 frater
3004 1025 3074 1080 ad
3102 1023 3356 1080 abbatem
3386 1025 3654 1094 Pastorem,

2113 1129 2171 1178 et
2199 1123 2339 1178 dixit
2365 1122 2417 1176 ei
2451 1139 2462 1174 :
2487 1120 2634 1186 Quid
2660 1117 2820 1184 facio,
2854 1116 3060 1170 Pater?
3081 1115 3212 1186 quia
3237 1113 3450 1184 afﬂigar
3471 1131 3502 1168 a
3521 1114 3658 1170 fomi-

2111 1212 2330 1267 catione
2378 1211 2561 1284 (Ruf/1,
2621 1209 2716 1262 lib.
2773 1220 2852 1271 ιιι,
2919 1221 3076 1258 mun.
3134 1199 3233 1270 63;
3293 1203 3492 1268 Pasch,
3529 1219 3569 1256 ε.
3615 1203 3652 1270 ι,

2114 1317 2270 1355 num.
2301 1299 2377 1366 9).
2412 1300 2482 1354 Et
2511 1295 2729 1369 perrexi
2779 1294 2850 1348 ad
2899 1293 3156 1348 abbatem
3210 1290 3586 1363 Hybistionem,
3611 1297 3659 1346 et

2111 1390 2252 1444 dixit
2277 1387 2416 1443 mihi
2450 1406 2462 1441 :
2492 1387 2619 1442 Non
2647 1383 2821 1440 debes
2847 1399 2970 1437 eam
2993 1383 3160 1452 longo
3187 1387 3433 1452 tempore
3460 1379 3657 1451 permit-

2109 1483 2229 1533 tere
2255 1477 2509 1532 habitare
2537 1475 2597 1530 in
2626 1479 2701 1529 te.
2733 1472 2887 1528 Dixit
2915 1471 2964 1527 ei
2992 1470 3162 1525 abbas
3193 1470 3390 1524 Pastor
3417 1487 3429 1522 :
3459 1468 3658 1524 Abbatis

2110 1565 2457 1640 Hybistionis
2483 1567 2644 1619 actus
2662 1578 2886 1617 sursum
2907 1561 2964 1615 in
2993 1560 3132 1614 coelo
3153 1562 3288 1613 sunt
3313 1573 3433 1612 cum
3461 1558 3657 1628 angelis,

2111 1662 2170 1712 et
2193 1657 2334 1711 latet
2356 1671 2516 1722 eum;
2541 1669 2644 1724 ego
2667 1656 2854 1706 autem
2877 1655 2933 1704 et
2951 1655 3012 1702 tu
3033 1649 3089 1702 in
3101 1646 3460 1702 fornicatione
3477 1662 3659 1702 sumus.

2111 1745 2170 1800 Si
2189 1760 2321 1816 ergo
2341 1746 2535 1798 teneat
2558 1739 2865 1795 monachus
2883 1743 3136 1792 ventrem
3153 1741 3214 1791 et
3231 1736 3489 1806 linguam,
3503 1741 3554 1790 et
3569 1752 3663 1790 ma-

2108 1840 2238 1888 neat
2271 1833 2332 1888 in
2364 1831 2688 1897 solitudine,
2725 1827 2972 1884 conﬁdat
3001 1827 3132 1898 quia
3161 1842 3277 1880 non
3305 1825 3546 1880 moritur.

2185 1939 2266 1998 10.
2286 1941 2673 1996 Narraverunt
2688 1937 2757 1991 de
2783 1935 3068 1990 abbatissa
3087 1935 3246 1999 Sara,
3277 1933 3406 2004 quia
3435 1932 3670 1987 manserit

2109 2031 2377 2087 tredecim
2407 2027 2572 2083 annis
2601 2025 2822 2080 fortiter
2853 2042 2888 2078 a
2908 2022 3368 2078 fornicationibus
3392 2021 3664 2075 dzemonum

2104 2121 2454 2192 impugnata.
2491 2117 2560 2172 Et
2586 2130 2877 2185 nunquam
2907 2111 3090 2167 oravit
3119 2116 3186 2166 ut
3215 2111 3490 2166 recederet
3525 2108 3586 2164 ab
3609 2125 3663 2163 ea

2103 2207 2428 2281 hujusmodi
2456 2221 2673 2278 pugna:
2705 2202 2804 2257 sed
2821 2201 3002 2256 solum
3031 2201 3135 2255 hoc
3155 2199 3376 2254 dicebat
3399 2218 3412 2252 :
3435 2199 3658 2263 Domine,

2102 2297 2175 2352 da
2201 2297 2341 2352 mihi
2368 2295 2776 2352 fortitudinem.

2193 2405 2271 2460 ll.
2295 2405 2568 2460 Dixerunt
2595 2405 2694 2462 iter
2707 2423 2804 2462 um
2831 2406 2902 2460 de
2922 2422 2990 2460 ea
3009 2405 3142 2476 quia
3169 2403 3425 2459 infestior
3441 2401 3487 2456 ei
3503 2401 3658 2456 fuerat

2105 2493 2407 2564 aliquando
2435 2493 2739 2550 imminens
2765 2495 2970 2550 fortius
2997 2494 3146 2548 idem
3177 2491 3546 2548 fornicationis
3568 2491 3658 2545 dae-

2101 2599 2254 2648 mon,
2280 2583 2512 2638 mittens
2541 2583 2597 2638 in
2619 2583 3015 2655 cogitationem
3038 2584 3159 2654 ejus
3187 2582 3376 2637 saeculi
3403 2581 3658 2635 vanitates.

2103 2671 2206 2726 Illa
2231 2675 2422 2726 autem
2446 2687 2559 2726 non
2587 2671 2844 2728 relaxans
2873 2671 3125 2726 animum
3153 2687 3190 2725 a
3219 2671 3416 2726 timore
3436 2669 3542 2734 Dei,
3571 2674 3658 2722 ets

2101 2760 2385 2832 proposito
2433 2759 2785 2816 abstinentiae
2841 2777 2974 2826 suae,
3017 2759 3276 2814 ascendit
3304 2758 3469 2813 semel
3517 2771 3658 2827 super

2097 2849 2306 2904 lectum
2329 2865 2496 2904 suum
2514 2866 2695 2916 orare,
2719 2856 2777 2905 et
2795 2849 3058 2922 apparuit
3077 2848 3128 2904 ei
3149 2847 3508 2920 corporaliter
3527 2845 3660 2917 spiri-

2097 2948 2190 2997 tus
2230 2943 2636 3011 fornicationis,
2671 2948 2730 2998 et
2756 2943 2898 2998 dixit
2927 2944 2978 2998 ei
3010 2960 3024 2999 :
3068 2943 3153 2998 Tu
3184 2959 3278 2998 me
3306 2942 3496 3002 vicisti,
3525 2941 3657 2994 Sara.

2032 3039 2076 3099 ο
2100 3033 2204 3088 Illa
2229 3036 2422 3086 autem
2438 3032 2728 3104 respondit
2751 3049 2764 3086 :
2788 3033 2904 3104 Ego
2927 3049 3038 3086 non
3065 3037 3121 3087 te
3146 3032 3281 3101 vici,
3311 3031 3407 3087 sed
3425 3028 3660 3086 Dominus

2099 3137 2258 3176 meus
2289 3120 2568 3176 Christus.

2173 3225 2256 3284 12.
2283 3228 2483 3282 Frater
2505 3227 2737 3300 quidam
2760 3227 3158 3282 stimulabatur
3177 3245 3214 3282 ει
3241 3225 3600 3290 fornicatione,
3614 3228 3661 3278 et

2094 3322 2220 3371 erat
2245 3315 2504 3371 stimulus
2531 3317 2682 3372 velut
2698 3316 2846 3388 ignis
2860 3317 3064 3372 ardens
3090 3317 3150 3372 in
3167 3318 3339 3372 corde
3359 3317 3474 3387 ejus
3500 3314 3580 3368 die
3604 3327 3658 3364 ac

2094 3410 2276 3460 nocte.
2309 3405 2509 3460 Frater
2535 3411 2726 3460 autem
2745 3405 3070 3461 decertabat
3097 3422 3214 3460 non
3244 3401 3656 3461 condescendens

2093 3493 2180 3548 vel
2200 3494 2556 3549 consentiens
2575 3493 2904 3566 cogitationi
2929 3511 3062 3550 suae.
3087 3495 3229 3550 Post
3245 3495 3478 3550 multum
3494 3496 3655 3547 autem

2093 3588 2318 3654 tempus
2367 3581 2622 3638 discessit
2655 3581 2726 3637 ab
2769 3599 2836 3638 eo
2877 3583 3161 3648 stimulus,
3194 3583 3338 3638 nihil
3385 3579 3656 3654 praevalens

2097 3676 2324 3744 propter
2349 3672 2824 3744 perseverantiam
2843 3672 3053 3728 fratris.
3083 3673 3154 3728 Et
3185 3673 3379 3728 statim
3399 3673 3487 3726 lux
3507 3683 3654 3741 appa-

2097 3761 2212 3816 ruit
2239 3761 2297 3816 in
2319 3761 2486 3816 corde
2515 3763 2658 3833 ejus.

2171 3867 2262 3923 13.
2292 3867 2451 3923 Alius
2474 3868 2650 3923 frater
2677 3867 3000 3924 stimulatus
3019 3874 3108 3924 est
3141 3886 3176 3923 a
3203 3867 3572 3924 fornicatione.
3601 3862 3657 3917 Et

2093 3972 2329 4028 surgens
2355 3963 2519 4012 nocte
2549 3957 2878 4030 perrexitad
2905 3975 3118 4026 senem,
3153 3961 3213 4012 et
3235 3957 3374 4012 dixit
3399 3956 3447 4010 ei
3473 3953 3654 4024 cogita-

2091 4045 2304 4100 tionem
2331 4062 2510 4110 suam,
2543 4050 2599 4100 et
2620 4046 2940 4101 consolatus
2967 4051 3054 4100 est
3083 4061 3215 4100 eum
3245 4060 3430 4100 senex.
3461 4043 3532 4097 Ex
3563 4053 3656 4110 qua

2091 4134 2470 4191 consolatione
2489 4135 2808 4207 proﬁciens,
2831 4149 3090 4190 reversus
3103 4139 3189 4189 est
3207 4133 3268 4188 in
3287 4132 3478 4188 cellam
3500 4142 3653 4185 suam.

2094 4225 2162 4280 Et
2195 4241 2321 4279 ecce
2348 4223 2554 4279 iterum
2581 4223 2816 4297 spiritus
2857 4223 3246 4279 fornicationis
3277 4219 3504 4277 tentavit
3528 4231 3651 4272 eum.

2091 4313 2192 4368 Ille
2211 4319 2401 4370 autem
2424 4313 2630 4368 iterum
2654 4313 2795 4368 abiit
2809 4313 2882 4369 ad
2902 4329 3115 4368 senem.
3136 4312 3370 4368 Factum
3390 4315 3472 4366 est
3491 4310 3652 4362 autem

2089 4402 2194 4458 hoc
2221 4403 2563 4474 frequenter.
2595 4402 2776 4458 Senex
2812 4418 2944 4478 vero
2989 4417 3104 4456 non
3147 4398 3492 4457 contristavit
3524 4409 3649 4458 eum,

2089 4492 2188 4546 sed
2216 4491 2551 4562 loquebatur
2575 4491 2627 4546 ei
2651 4507 2774 4563 quae
2799 4491 2871 4546 ad
2899 4490 3198 4546 utilitatem
3233 4489 3410 4561 ipsius
3438 4483 3651 4559 pertine-

2090 4585 2234 4647 rent,
2262 4579 2452 4634 dicens
2478 4598 2490 4634 :
2513 4581 2640 4635 Non
2657 4580 2929 4635 concedas
2948 4578 3190 4646 diabolo,
3205 4595 3310 4634 nec
3333 4577 3538 4632 relaxes
3553 4567 3650 4626 ani-

2090 4685 2246 4724 mum
2257 4673 2418 4724 tuum
2435 4687 2448 4736 ;
2467 4669 2566 4724 sed
2587 4668 2786 4740 magis,
2809 4668 3028 4741 quoties
3047 4667 3319 4723 molestus
3340 4671 3425 4720 est
3441 4663 3648 4718 daemon.

2088 4757 2214 4813 veni
2239 4759 2309 4812 ad
2339 4773 2450 4824 me,
2482 4761 2540 4813 et
2573 4757 2896 4830 increpatus
2928 4757 3210 4812 abscedet.
3238 4754 3394 4811 Nihil
3425 4751 3560 4808 enim
3586 4745 3652 4802 sic

2090 4847 2352 4902 extmdiat
2377 4847 2689 4902 daemonem
2719 4845 3123 4912 fornicationis,
3148 4843 3428 4918 quomodo
3455 4841 3499 4896 si
3524 4850 3654 4893 reve-

2088 4937 2278 4992 lontur
2305 4936 2717 4992 stimulationes
2732 4937 2874 5008 ejus.
2896 4935 2966 4990 Et
2980 4935 3123 4990 nihil
3153 4950 3283 4990 eum
3312 4931 3392 4988 sic
3417 4927 3650 4990 laetiﬁcat,

2089 5025 2370 5097 quomodo
2399 5025 2448 5080 si
2482 5025 2898 5081 abscondantur
2923 5023 3312 5096 cogitationes.
3353 5019 3514 5075 Venit
3539 5026 3652 5084 ergo

2083 5113 2260 5170 frater
2271 5115 2341 5170 ad
2357 5131 2549 5170 senem
2562 5114 2850 5184 undecies,
2863 5129 3132 5170 accusans
3149 5110 3508 5184 cogitationes
3519 5116 3648 5160 suas.

2085 5204 2288 5260 Postea
2307 5209 2498 5260 autem
2518 5203 2659 5259 dixit
2675 5203 2852 5260 frater
2873 5203 2994 5260 seni
3015 5221 3026 5257 :
3053 5201 3300 5259 Ostende
3323 5197 3646 5255 cbaritatem,

2085 5293 2248 5362 abba,
2288 5300 2347 5348 et
2373 5295 2463 5350 dic
2492 5284 2631 5349 mihi
2670 5293 2928 5350 verbum.
2962 5293 3108 5349 Dicit
3137 5292 3190 5346 ei
3218 5305 3386 5346 senex
3419 5305 3432 5340 :
3471 5279 3644 5343 Crede.

2081 5382 2178 5450 ﬁli,
2217 5383 2349 5456 quia
2390 5384 2437 5438 si
2484 5383 2838 5456 permitteret
2881 5383 3032 5438 Deus
3089 5379 3453 5452 cogitationes
3493 5385 3642 5433 meas.

2081 5473 2282 5546 quibus
2312 5473 2534 5528 animus
2563 5472 2907 5538 stimulatur,
2935 5473 2994 5526 in
3020 5477 3078 5526 te
3105 5467 3394 5526 transferri
3433 5479 3536 5518 non
3563 5471 3644 5513 eas

2078 5569 2352 5636 portares,
2378 5564 2477 5620 sed
2516 5563 2746 5620 omnino
2771 5577 3062 5618 corrueres
3093 5560 3374 5616 deorsum.
3405 5555 3526 5610 Haec
3552 5563 3642 5604 au-
