3964 6206
328 325 434 383 877

1628 330 1866 388 VERBA
1904 327 2294 385 SENIORUM.

3488 333 3595 396 878

327 458 442 508 tem
472 452 690 508 dicente
719 469 872 519 sene,
896 459 1125 525 propter
1145 452 1377 509 nimiam
1399 454 1775 509 humilitatem
1800 456 1922 525 ejus
1939 451 2392 524 Apsalmodiam,
2444 468 2584 524 Opus
2622 469 2909 521 manuum,
2944 456 3257 514 orationem
3287 465 3346 515 et
3372 467 3591 531 caetera,

330 542 545 613 quievit
574 543 835 597 stimulus
864 542 1249 597 fornicationis
1279 560 1314 597 a
1336 542 1528 599 fratre.

405 630 491 688 14.
525 632 683 687 Idem
721 632 866 686 alius
904 630 1224 687 stimulatus
1252 648 1287 686 a
1334 632 1718 699 fornicatione,
1760 631 1929 703 cmpit

330 720 620 775 decertare
642 727 698 776 et
722 721 1020 776 extendere
1040 720 1435 776 abstinentiam
1456 738 1637 785 suam,
1659 738 1760 792 per
1785 736 1926 792 qua-

330 810 643 864 tuordecim
675 826 852 865 annos
879 810 1275 881 cogitationem
1297 828 1459 865 suam
1488 811 1826 876 custodiens,
1858 825 1929 863 ne

334 899 682 954 consentiret
715 899 1178 970 concupiscentiae
1208 917 1339 955 suae.
1376 901 1577 954 Postea
1614 905 1804 953 autem
1834 916 1928 952 ve—

333 988 497 1042 niens
538 993 729 1055 ῖ)αὸ
772 988 844 1043 ad
885 988 1202 1056 ecclesiam,
1246 989 1625 1043 manifestavit
1657 988 1929 1042 universae

334 1077 684 1132 multitudini
714 1078 862 1148 quod
896 1077 1231 1149 patiebatur.
1266 1079 1336 1133 Et
1354 1078 1549 1132 datum
1581 1083 1667 1131 est
1697 1077 1931 1131 manda-

334 1171 479 1231 tum,
521 1171 578 1221 et
627 1183 821 1221 omnes
867 1166 1191 1221 afflixerunt
1213 1185 1273 1221 se
1302 1185 1402 1238 pro
1452 1184 1517 1221 eo
1559 1165 1929 1231 hebdomada,

330 1255 550 1325 jugiter
576 1261 800 1310 orantes
820 1256 1140 1311 Dominum.
1174 1261 1232 1310 et
1260 1256 1469 1327 quievit
1498 1255 1759 1309 stimulus
1789 1255 1932 1324 ejus.

408 1343 498 1400 15.
532 1344 613 1400 De
641 1344 978 1415 cogitatione
1006 1343 1387 1398 fornicationis
1416 1344 1556 1397 dixit
1585 1342 1815 1413 quidam
1847 1357 1936 1395 se-

338 1449 475 1487 nex:
512 1432 761 1488 Eremita
787 1433 1091 1500 dormiens,
1128 1433 1207 1487 vis
1237 1432 1485 1487 salvari?
1517 1432 1690 1499 Vade,
1724 1429 1933 1495 labora,

338 1521 477 1575 vade
493 1522 762 1592 affligere,
783 1522 939 1587 vade,
957 1539 1141 1593 quaere
1164 1528 1219 1575 et
1240 1520 1506 1588 invenies;
1531 1521 1721 1592 vigila,
1755 1519 1935 1590 pulsa,

342 1620 401 1664 et
430 1611 718 1682 aperietur
744 1610 865 1668 tibi.
900 1611 1045 1665 Sunt
1069 1611 1220 1665 enim
1248 1610 1307 1665 in
1340 1610 1542 1665 saeculo
1577 1607 1941 1681 pancratiarii

343 1698 478 1771 (2‘2),
515 1700 611 1771 qui
641 1716 766 1754 cum
794 1700 962 1753 nimis
999 1700 1129 1754 czesi
1160 1700 1439 1765 steterint,
1483 1703 1540 1754 et
1567 1699 1737 1752 fortes
1766 1712 1941 1768 appa-

2008 557 2131 612 quze
2156 546 2288 596 sunt
2316 540 2701 597 fundamenta.
2726 544 2833 608 Qui
2853 552 3043 601 autem
3056 564 3250 603 recens
3272 555 3358 605 est
3380 551 3440 607 in
3462 571 3597 609 con-

2008 630 2280 697 versione,
2312 631 2487 687 donec
2516 632 2624 686 ista
2651 632 2834 700 discit,
2868 634 2961 689 ille
2991 635 3048 690 in
3069 638 3313 707 primum
3342 642 3597 697 ordinem

2009 719 2213 773 veniet.

2092 808 2168 864 I9.
2204 810 2401 863 Frater
2431 811 2681 881 quidam,
2726 830 2853 866 cum
2878 813 2937 867 in
2982 813 3366 872 fornicationis
3398 819 3600 891 spiritu

2010 904 2318 965 teneretur,
2365 901 2608 970 perrexit
2638 901 2707 954 ad
2757 903 3055 972 quemdam
3087 922 3276 960 senem
3309 924 3600 978 magnum,

2012 992 2068 1040 et
2090 986 2323 1057 rogabat
2349 1004 2497 1054 eum,
2520 988 2710 1043 dicens
2756 1008 2766 1041 :
2813 992 3059 1047 Ostende
3084 995 3414 1051 charitatem
3434 1004 3492 1052 et
3506 1015 3605 1053 ora

2016 1092 2114 1146 pro
2147 1093 2259 1145 me,
2289 1077 2421 1147 quia
2450 1094 2483 1130 a
2510 1078 2877 1133 fornicatione
2901 1081 3362 1152 sollicitortRu/f.,
3391 1089 3487 1141 lib.
3522 1102 3602 1156 ιιι,

2019 1182 2075 1218 η.
2115 1164 2213 1227 13).
2251 1167 2427 1220 Senex
2457 1173 2645 1221 autem
2675 1168 3007 1239 deprecatus
3045 1178 3131 1225 est
3162 1172 3490 1233 Dominum.
3540 1177 3610 1231 Et

2018 1253 2221 1308 iterum
2253 1256 2497 1309 secundo
2525 1256 2747 1311 veniens
2778 1258 2846 1311 ad
2869 1275 3082 1323 senem,
3114 1262 3375 1315 eumdem
3403 1281 3613 1320 sermo-

2019 1359 2149 1397 nem
2179 1343 2319 1397 dixit
2350 1362 2360 1396 :
2399 1344 2671 1399 Similiter
2694 1352 2749 1399 et
2786 1363 2953 1401 senex
2993 1365 3104 1402 non
3143 1351 3387 1421 neglexit
3414 1370 3515 1424 pro
3545 1370 3612 1409 eo

2020 1448 2220 1501 rogare
2239 1432 2541 1487 Dominum
2558 1434 2779 1488 dicens:
2813 1436 3069 1501 Domine,
3097 1439 3282 1493 revela
3304 1440 3442 1495 mihi
3463 1443 3612 1497 unde

2022 1520 2080 1574 in
2104 1520 2208 1573 hoc
2238 1521 2408 1575 fratre
2439 1523 2688 1593 operatio
2711 1530 2797 1578 est
2823 1524 2930 1578 ista
2950 1525 3196 1580 diaboli?
3226 1530 3488 1600 quoniam
3519 1531 3613 1585 de-

2026 1616 2287 1680 precatus
2311 1626 2436 1664 sum
2467 1617 2541 1672 te.
2568 1618 2624 1665 et
2646 1613 2894 1683 requiem
2918 1615 3154 1669 necdum
3177 1615 3406 1674 invenit.
3436 1620 3503 1675 Et
3531 1637 3615 1674 re-

2028 1698 2230 1751 velavit
2250 1699 2520 1754 Dominus
2539 1717 2659 1770 quae
2685 1701 3154 1770 agebanturcirca
3178 1705 3409 1761 fratrem
3430 1707 3611 1763 illum.

340 1787 577 1853 ruerint,
595 1804 829 1842 coronas
845 1788 1143 1860 accipiunt.
1172 1788 1480 1859 Aliquoties
1504 1794 1690 1842 autem
1716 1793 1773 1840 et
1794 1798 1943 1839 unus
1964 1771 2009 1829 Β
2031 1787 2098 1840 Et
2126 1787 2265 1840 vidit
2293 1804 2421 1841 eum
2447 1806 2613 1842 senex
2645 1789 2953 1856 sedentem,
2983 1798 3041 1846 et
3070 1794 3332 1864 spiritum
3372 1796 3615 1852 fornica-

340 1892 374 1929 a
395 1875 612 1931 duobus
639 1877 890 1943 caeditur,
917 1884 973 1930 et
994 1878 1337 1932 confortatus
1367 1877 1544 1948 plagis
1569 1876 1845 1929 caedentes
1875 1891 1935 1927 se

344 1965 532 2020 vincit.
566 1966 764 2021 Vidisti
796 1972 1064 2037 quantam
1095 1967 1363 2021 virtutem
1392 1983 1489 2037 per
1517 1965 1701 2019 carnis
1734 1964 1940 2018 exeici-

342 2053 489 2109 tium
519 2054 813 2126 acquisivit
831 2055 858 2108 ‘3
884 2056 953 2109 Et
972 2061 1033 2110 tu
1068 2063 1173 2121 sta,
1202 2060 1260 2110 et
1295 2055 1637 2111 confortare;
1672 2060 1729 2107 et
1758 2052 1943 2107 Domi-

341 2159 451 2197 nus
482 2150 771 2215 expugnat
798 2162 900 2216 pro
929 2151 985 2199 te
1013 2144 1324 2199 inimicum.

414 2232 504 2287 16.
541 2233 621 2287 De
650 2233 844 2287 eadem
866 2234 990 2305 ipsa
1020 2234 1357 2304 cogitatione
1375 2231 1775 2296 fomicationis,
1804 2230 1947 2284 dixit

344 2323 492 2377 alter
509 2339 708 2376 senex:
744 2323 876 2377 Esto
902 2324 1051 2377 velut
1080 2323 1176 2395 qui
1197 2323 1403 2378 transit
1424 2323 1486 2377 in
1498 2323 1706 2394 platea,
1731 2328 1831 2374 aut
1849 2336 1947 2390 per

347 2411 662 2473 tabernam,
719 2417 776 2466 et
803 2412 953 2484 capit
982 2414 1365 2484 cujuscunque
1411 2417 1648 2465 coctum:
1693 2410 1942 2474 odorem,

345 2505 448 2555 aut
461 2501 698 2572 alicujus
722 2502 1088 2557 assaturaeEt
1108 2503 1202 2573 qui
1222 2503 1355 2567 vult,
1382 2500 1699 2571 ingreditur
1720 2505 1776 2553 et
1793 2515 1947 2552 man-

346 2589 555 2655 ducat;
590 2589 684 2661 qui
724 2596 914 2644 autem
955 2607 1066 2645 non
1099 2591 1235 2656 vult,
1270 2591 1535 2645 odoratus
1576 2594 1662 2643 est
1700 2594 1942 2652 tantum,

348 2684 520 2749 atque
550 2679 817 2750 prmterit.
853 2680 939 2734 Ita
959 2685 1015 2733 et
1041 2685 1104 2733 tu
1133 2684 1329 2734 excute
1357 2696 1391 2733 a
1415 2685 1469 2733 te
1501 2678 1756 2743 fetorem,
1780 2692 1946 2747 surge

349 2773 411 2822 et
441 2784 560 2834 ora,
608 2768 799 2822 dicens
826 2786 837 2819 :
864 2768 1098 2823 Domine
1130 2768 1234 2823 Fili
1274 2769 1394 2835 Dei,
1429 2768 1631 2838 adjuva
1662 2783 1775 2823 me.
1829 2767 1946 2820 Hoc

347 2862 538 2910 autem
570 2855 655 2910 fac
681 2856 851 2911 etiam
885 2856 1150 2911 adversus
1181 2856 1321 2911 alias
1342 2855 1729 2926 cogitationes.
1753 2855 1947 2925 Neque

349 2945 503 2998 enim
534 2944 914 3000 eradicatores
945 2962 1139 3001 sumus
1167 2945 1591 3017 cogitationum.
1625 2943 1722 2997 sed
1766 2943 1947 2996 lucta-

345 3040 500 3088 tores
528 3033 794 3088 adversus
824 3034 1049 3090 easdem
1079 3035 1467 3106 cogitationes.

423 3122 507 3176 17.
542 3122 700 3177 Alter
745 3140 915 3177 senex
965 3123 1131 3177 dixit:
1168 3125 1300 3177 Hiec
1324 3124 1393 3178 de
1424 3122 1768 3194 negligentia
1800 3121 1945 3193 pati-

347 3228 497 3265 mur.
528 3211 673 3265 Nam
705 3211 752 3266 si
774 3212 1194 3267 consideremus
1218 3213 1351 3284 quia
1373 3213 1521 3267 Deus
1538 3211 1755 3266 habitat
1776 3211 1831 3264 in
1858 3228 1952 3265 no-

352 3298 458 3363 bis,
495 3316 605 3354 non
636 3300 880 3354 alienum
913 3318 1005 3354 vas
1027 3301 1332 3356 inferemus
1350 3302 1497 3355 intra
1530 3318 1649 3355 nos.
1680 3300 1952 3354 Dominus

351 3389 504 3443 enim
550 3389 809 3443 Christus
841 3388 1099 3445 habitans
1128 3391 1184 3444 in
1236 3390 1396 3445 nobis
1426 3396 1593 3461 atque
1624 3388 1953 3443 cohabitans

350 3477 533 3544 nobis,
570 3477 796 3548 respicit
828 3478 996 3532 vitam
1032 3486 1303 3533 nostram.
1337 3478 1495 3533 Unde
1518 3484 1575 3531 et
1605 3495 1703 3531 nos
1728 3482 1955 3548 portan-

351 3572 439 3621 tes
472 3582 600 3621 eum
631 3572 689 3620 et
714 3568 1180 3639 contemplantes,
1215 3567 1498 3638 negligere
1519 3583 1631 3622 non
1662 3566 1950 3631 debemus,

352 3655 453 3710 sed
505 3655 854 3710 sanctificare
900 3657 1293 3728 nosmetipsos,
1344 3657 1491 3711 sicut
1516 3661 1575 3711 et
1600 3656 1695 3709 ille
1726 3659 1955 3709 sanctus

355 3750 461 3799 est.
498 3745 722 3799 Stemus
754 3761 924 3816 super
951 3751 1192 3817 petram,
1234 3751 1292 3801 et
1327 3751 1622 3818 rumpetur
1647 3745 1947 3815 malignus.

355 3834 483 3889 Non
497 3833 783 3898 formides,
805 3840 862 3889 et
879 3851 992 3889 non
1022 3835 1335 3890 committet
1351 3835 1647 3889 adversum
1675 3839 1752 3889 te.
1771 3833 1952 3887 Psalle

1967 3089 2011 3149 Ο

2019 1875 2189 1930 tionis
2210 1877 2373 1946 juxta
2389 1877 2567 1943 illum,
2599 1884 2656 1931 et
2679 1879 2838 1949 quasi
2867 1879 3158 1936 ludentem
3174 1900 3299 1937 cum
3323 1901 3408 1949 eo,
3432 1894 3489 1939 et
3514 1901 3617 1940 an-

2021 1966 2180 2035 gelus
2211 1965 2395 2019 stabat
2426 1966 2629 2021 missus
2657 1967 2727 2021 ad
2747 1968 3092 2039 adjutorium
3116 1972 3256 2042 ejus,
3286 1979 3343 2027 et
3365 1974 3619 2045 indigna-

2026 2053 2195 2108 batur
2211 2054 2278 2108 ad
2288 2071 2475 2109 versus
2486 2056 2715 2110 fratrem
2738 2057 2915 2123 illum,
2936 2060 3070 2128 quia
3091 2077 3201 2115 non
3225 2078 3284 2115 se
3302 2069 3617 2133 prosterne-

2027 2141 2125 2195 bat
2150 2144 2290 2197 Deo:
2314 2144 2410 2197 sed
2428 2145 2585 2215 quasi
2617 2145 3001 2201 delectabatur
3028 2149 3459 2219 cogitationibus
3480 2153 3616 2221 suis,

2028 2236 2203 2286 totam
2258 2240 2503 2287 mentem
2535 2250 2693 2288 suam
2720 2236 2791 2289 ad
2823 2236 2926 2290 hoc
2955 2237 3249 2293 inclinans.
3284 2241 3353 2295 Et
3395 2242 3624 2312 agnovit

2028 2338 2196 2374 senex
2212 2321 2343 2392 quia
2363 2339 2532 2376 causa
2546 2323 2722 2393 magis
2743 2324 2811 2378 ab
2834 2326 3030 2380 eodem
3048 2327 3228 2381 fratre
3250 2335 3414 2394 esset,
3449 2336 3507 2385 et
3525 2348 3623 2385 an-

2028 2410 2307 2464 nuntiavit
2338 2411 2406 2476 ei,
2456 2412 2644 2466 dicens
2669 2431 2679 2466 :
2710 2413 2791 2467 Tu
2829 2416 3111 2470 consentis
3137 2417 3463 2488 cogitationi
3488 2426 3618 2480 tuae.

2030 2499 2099 2552 Et
2127 2499 2455 2554 docuiteum
2481 2502 2760 2571 quomodo
2781 2502 2987 2557 talibus
3004 2505 3436 2575 cogitationibus
3460 2510 3627 2565 debe-

2030 2595 2114 2642 ret
2144 2587 2432 2642 obsistere.
2465 2589 2532 2643 Et
2558 2589 2841 2661 respirans
2870 2590 3045 2648 frater
3075 2611 3174 2665 per
3203 2594 3518 2653 doctrinam
3542 2617 3626 2655 se-

2030 2679 2118 2731 nis
2150 2678 2297 2733 illius
2318 2684 2374 2753 et
2399 2679 2731 2748 orationem,
2753 2680 2964 2737 invenit
2978 2684 3229 2755 requiem
3257 2702 3293 2740 a
3311 2688 3626 2744 tentatione

2029 2782 2150 2819 sua.

2098 2853 2187 2909 ‘20.
2219 2854 2489 2908 Tentatus
2510 2860 2596 2910 est
2609 2855 2911 2928 aliquando
2936 2859 3244 2932 discipulus
3264 2865 3415 2920 senis
3437 2865 3629 2938 magni

2029 2960 2063 2996 a
2093 2942 2477 2999 fornicatione.
2494 2943 2671 2998 Senex
2694 2961 2821 2999 vero
2842 2962 2971 3002 cum
2989 2948 3204 3004 videret
3220 2968 3347 3006 eum
3373 2953 3633 3011 laboran-

2029 3038 2163 3096 tem,
2196 3031 2337 3085 dixit
2366 3032 2451 3085 ei:
2498 3032 2591 3086 Vis
2621 3050 2756 3103 rogo
2786 3035 3110 3102 Dominum,
3144 3044 3206 3093 ut
3235 3040 3486 3097 sublevet
3512 3061 3547 3098 a
3571 3050 3628 3100 te

2035 3120 2349 3174 molestiam
2396 3120 2602 3175 istam?
2641 3122 2741 3177 Ille
2773 3129 2960 3178 autem
3006 3125 3154 3181 dixit
3186 3148 3199 3181 .-
3231 3128 3426 3195 Video,
3460 3131 3624 3200 abba,

2034 3208 2166 3278 quia
2186 3208 2232 3262 si
2254 3208 2464 3275 laboro,
2496 3214 2687 3264 tamen
2714 3227 2782 3265 ex
2811 3212 3056 3282 pondere
3076 3214 3283 3270 laboris
3304 3217 3475 3288 hujus
3498 3236 3628 3276 con-

2034 3296 2218 3349 sidero
2248 3295 2585 3351 fructiﬁcare
2628 3314 2737 3351 me.
2768 3299 2874 3353 Sed
2903 3300 3007 3355 hoc
3037 3319 3174 3373 rogo
3205 3304 3383 3359 Deum
3410 3306 3600 3363 inora-

2037 3384 2280 3439 tionibus
2318 3385 2448 3449 tuis,
2490 3392 2553 3440 ut
2588 3386 2687 3441 det
2732 3387 2869 3441 mihi
2896 3389 3281 3459 tolerantiam,
3312 3411 3415 3465 per
3459 3412 3631 3468 quam

2036 3473 2361 3528 sustineam.
2409 3474 2556 3529 Dicit
2585 3475 2635 3529 ei
2664 3474 2835 3530 abbas
2866 3493 3029 3533 suus:
3065 3480 3232 3536 Nunc
3259 3484 3461 3552 agnovi
3498 3485 3632 3557 quia

2036 3563 2095 3617 in
2126 3579 2329 3633 magno
2356 3564 2606 3635 profectu
2637 3581 2716 3631 es,
2744 3565 2842 3629 fili,
2874 3571 2931 3621 et
2956 3571 3380 3640 supergrederis
3408 3591 3519 3629 me.

2106 3651 2193 3709 '21.
2230 3651 2501 3707 Dicebant
2521 3653 2590 3707 de
2629 3653 2873 3724 quodam
2906 3671 3058 3723 sene,
3102 3659 3235 3729 quia
3255 3660 3544 3719 descendit
3572 3663 3630 3720 in

2034 3742 2245 3813 Scythi,
2276 3749 2333 3797 et
2356 3741 2598 3797 habebat
2627 3743 2804 3798 filium
2833 3745 3015 3801 adhuc
3041 3755 3339 3818 sugentem
3365 3752 3487 3822 lac;
3534 3756 3631 3827 qui

2037 3831 2303 3902 quoniam
2330 3832 2389 3886 in
2411 3832 2752 3887 monasterio
2784 3835 3033 3890 nutritus
3059 3843 3305 3911 estquae
3331 3849 3629 3902 essentmu

357 3940 489 3978 cum
510 3923 733 3989 virtute,
750 3923 971 3979 dicens:
996 3924 1104 3989 Qui
1125 3924 1415 3979 confidunt
1435 3924 1493 3978 in
1521 3924 1778 3989 Domino,
1809 3922 1955 3977 sicut
2036 3920 2202 3974 lieres
2227 3919 2529 3975 nesciebat.
2566 3921 2669 3985 Qui
2701 3938 2828 3976 cum
2856 3922 3035 3979 factus
3065 3933 3216 3983 esset
3241 3929 3341 3997 vir,
3376 3934 3633 3989 ostende-

358 4026 523 4065 mons
554 4011 716 4079 Sion;
742 4028 854 4067 non
877 4012 1320 4068 commovebitur
1333 4015 1391 4068 in
1416 4018 1715 4078 aeternum,
1740 4011 1836 4083 qui
1857 4012 1953 4066 ha-

357 4099 503 4155 bitat
528 4099 588 4155 in
616 4101 928 4157 Jerusal‘em
956 4101 1125 4170 (Psal.
1148 4105 1350 4172 cxx1v).

2035 4008 2173 4063 bant
2183 4009 2234 4062 ei
2265 4013 2425 4063 nocte
2446 4009 2727 4064 daemones
2754 4010 2975 4068 habitus
2997 4015 3319 4086 mulierum,
3334 4025 3391 4074 et
3408 4024 3632 4079 nuntia-

2036 4098 2115 4151 vit
2139 4097 2285 4169 patri
2308 4114 2427 4163 suo,
2456 4104 2513 4151 et
2533 4097 2859 4154 mirabatur.
2878 4101 3193 4173 Aliquando
3220 4122 3355 4177 ergo
3378 4113 3630 4167 ascendit

431 4188 520 4244 18.
555 4189 752 4246 Frater
772 4190 1141 4263 interrogavit
1166 4207 1377 4258 senem,
1420 4190 1637 4246 dicens:
1673 4190 1732 4246 Si
1762 4189 1956 4244 incur-
2036 4204 2163 4242 cum
2212 4194 2371 4258 patre
2416 4203 2517 4241 suo
2552 4186 2609 4241 in
2651 4188 2975 4259 Egyptum,
3024 4196 3083 4246 et
3121 4192 3311 4249 videns
3341 4199 3625 4268 mulieres,

359 4277 500 4333 rerit
527 4280 835 4335 monachus
864 4279 921 4335 in
951 4286 1265 4352 peccatum,
1299 4280 1569 4351 afﬂigitur
1590 4279 1741 4333 velut
1759 4279 1854 4350 qui
1882 4278 1952 4333 de
2036 4276 2178 4331 dixit
2206 4276 2353 4347 patri
2399 4291 2501 4329 suo
2534 4292 2545 4328 :
2578 4275 2754 4342 Abba,
2801 4293 2926 4331 ecce
2966 4277 3087 4334 istae
3130 4287 3261 4336 sunt
3291 4301 3413 4355 quae
3445 4289 3629 4344 venie-

357 4367 612 4441 profectu
642 4368 701 4423 in
727 4369 1065 4424 deteriorem
1080 4374 1288 4425 statum
1306 4370 1640 4441 pervenerit,
1663 4374 1720 4423 et
1737 4367 1991 4447 laborat‘
2038 4365 2176 4420 bant
2203 4365 2274 4419 ad
2315 4380 2403 4418 me
2433 4368 2593 4418 nocte
2637 4365 2693 4418 in
2725 4365 2955 4437 Scythi,
2975 4367 3042 4422 Et
3070 4368 3209 4424 dixit
3228 4371 3279 4425 ei
3308 4391 3319 4426 :
3366 4375 3463 4429 Isti
3492 4385 3629 4433 sunt
3660 4440 3669 4447 ,

356 4458 538 4513 donec
568 4464 829 4530 resurgat
853 4477 865 4512 :
897 4458 991 4530 qui
1007 4464 1195 4514 autem
1223 4460 1467 4514 asaeculo
1488 4458 1659 4525 venit,
1683 4457 1833 4512 velut
1854 4445 2019 4528 quiD
2037 4453 2300 4509 monachi
2325 4453 2393 4508 de
2421 4454 2639 4520 saeculo,
2674 4453 2772 4512 fili.
2804 4455 2929 4509 Alio
2949 4463 3136 4512 autem
3161 4458 3359 4516 habitu
3389 4470 3630 4521 utuntur

357 4547 591 4602 initium
624 4547 832 4614 fecerit,
854 4548 1092 4619 proficit.
1127 4549 1196 4603 Et
1222 4548 1564 4620 respondens
1593 4563 1760 4601 senex
1790 4545 1947 4600 dixit:

358 4637 669 4692 Monachus
695 4637 753 4691 in
767 4637 1135 4692 tentationem
1153 4637 1463 4703 incurrens,
1482 4636 1561 4690 sic
1574 4642 1660 4691 est
1678 4642 1951 4706 tanquam

357 4726 561 4781 domus
578 4743 700 4797 quae
719 4726 886 4783 cadit.
920 4726 989 4780 Et
1015 4727 1061 4780 si
1090 4725 1306 4781 sobrius
1335 4725 1505 4780 fuerit
1534 4725 1590 4778 in
1613 4723 1951 4794 cogitatione

361 4831 485 4881 sua,
519 4815 821 4870 reedificat
849 4832 973 4869 eam
1004 4832 1127 4887 qua:
1172 4820 1461 4869 corruerat
1501 4815 1729 4869 domum
1755 4832 1767 4880 ;
1798 4813 1952 4867 inve-

359 4903 524 4959 niens
546 4905 812 4959 materias
841 4905 909 4959 ad
926 4904 1221 4960 aedificium
1244 4905 1585 4976 profuturas,
1610 4903 1821 4957 habens
1849 4919 1949 4974 po-

358 4995 473 5049 sita
517 4993 901 5062 fundamenta,
934 5000 991 5050 et
1018 4994 1249 5067 lapides,
1294 4999 1351 5048 et
1386 5010 1635 5057 arenam,
1664 4999 1721 5048 et
1748 4998 1951 5046 caetera

358 5099 485 5155 quae
514 5088 648 5138 sunt
672 5084 905 5138 aedificio
932 5084 1264 5149 necessaria,
1291 5090 1460 5155 atque
1481 5084 1560 5137 ita
1584 5082 1846 5137 velociter
1873 5081 1951 5135 fa-

359 5172 514 5227 brica
537 5173 774 5245 proficit.
809 5173 909 5228 Ille
934 5179 1123 5229 autem
1149 5174 1244 5245 qui
1261 5190 1362 5228 nec
1390 5173 1599 5240 effodit,
1627 5189 1729 5227 nec
1757 5172 1953 5226 funda-

357 5268 615 5317 mentum
648 5263 820 5323 misit,
853 5280 955 5317 nec
993 5262 1162 5317 habet
1190 5263 1401 5334 aliquid
1447 5279 1641 5317 eorum
1669 5278 1791 5334 quae
1820 5266 1953 5315 sunt

355 5351 696 5419 necessaria;
715 5352 812 5407 sed
831 5352 887 5406 in
905 5369 1003 5423 spe
1018 5352 1380 5418 dimittens,si
1401 5351 1680 5421 quomodo
1701 5351 1951 5422 aliquan-

359 5443 432 5498 do
455 5440 892 5512 perficiatur.lta
913 5447 999 5496 est
1017 5446 1074 5496 et
1090 5442 1416 5507 monachus,
1434 5441 1482 5496 si
1507 5440 1564 5495 in
1582 5440 1949 5495 tentationem

358 5530 642 5599 ceciderit,
678 5537 736 5586 et
771 5547 1072 5586 conversus
1108 5531 1278 5587 fuerit
1320 5531 1391 5585 ad
1430 5530 1753 5596 Dominum,
1784 5528 1954 5585 habet

357 5619 664 5692 plurimum
713 5628 1067 5694 apparatum,
1098 5620 1520 5676 meditationem
1551 5620 1748 5675 divina:
1789 5618 1947 5689 legis.

2034 4545 2403 4610 isti,5zq;et
2422 4542 2669 4597 eremitze
2692 4543 2820 4598 alio.
2851 4543 2920 4599 Et
2943 4546 3182 4602 miratus
3202 4556 3288 4604 est
3305 4568 3472 4607 senex
3493 4571 3628 4627 quo-

2034 4633 2198 4688 modo
2238 4632 2295 4686 in
2347 4630 2535 4703 Scythi
2564 4632 2925 4688 ostenderent
2957 4634 3008 4689 ei
3041 4635 3322 4693 daemones
3351 4641 3625 4715 imagines

2037 4722 2354 4786 mulierum,
2381 4728 2438 4775 et
2458 4721 2649 4776 statim
2670 4722 2876 4776 reversi
2902 4729 3036 4778 sunt
3054 4723 3112 4779 in
3139 4726 3337 4782 cellam
3367 4747 3548 4788 suam.

2103 4810 2192 4867 22.
2226 4812 2424 4866 Frater
2460 4810 2689 4881 quidam
2741 4816 2864 4865 erat
2911 4812 3179 4883 probatus
3220 4819 3626 4882 tentationibus

2036 4901 2094 4955 in
2125 4900 2337 4972 Scythi,
2371 4904 2429 4953 et
2455 4897 2797 4953 immittebat
2827 4899 2879 4953 ei
2908 4900 3262 4959 adversarius
3289 4912 3620 4971 memoriam

2033 4989 2285 5044 mulieris
2313 4988 2604 5059 cujusdam
2633 4988 2879 5058 pulchra:
2908 4988 2967 5043 in
2996 4990 3206 5060 animo,
3241 5001 3299 5050 et
3333 4996 3624 5072 affligebat

2032 5096 2161 5134 eum
2191 5078 2349 5131 valde
2365 5078 2557 5148 (Ruf/2,
2591 5078 2686 5132 lib.
2720 5089 2803 5141 Ill,
2839 5093 2894 5131 η.
2935 5076 3040 5146 11).
3064 5079 3131 5134 Et
3148 5084 3401 5156 contigit,
3428 5106 3624 5148 secun-

2033 5170 2166 5223 dum
2207 5167 2309 5222 Dei
2342 5165 2784 5237 dispositionem,
2817 5170 2881 5220 ut
2907 5167 3051 5222 alter
3078 5169 3254 5225 frater
3280 5174 3623 5238 descendens

2033 5259 2102 5313 de
2154 5258 2420 5329 .IEgypto,
2449 5254 2757 5326 applicaret
2804 5255 2860 5309 in
2896 5256 3111 5328 Scythi.
3164 5261 3234 5316 Et
3260 5279 3388 5320 cum
3427 5268 3621 5341 loque-

2033 5353 2248 5412 rentur,
2281 5343 2559 5399 nuntiavit
2588 5343 2639 5397 ei
2657 5343 2877 5398 dicens:
2906 5345 3057 5401 Uxor
3084 5347 3234 5405 illius
3264 5362 3486 5411 mortua
3514 5367 3619 5415 est.

2034 5439 2169 5493 Erat
2199 5441 2387 5490 autem
2417 5435 2540 5505 ipsa
2579 5432 2799 5501 mulier,
2831 5433 2900 5489 de
2933 5452 3044 5506 qua
3081 5436 3502 5510 inquietabatur
3527 5447 3622 5504 ille

2033 5530 2225 5583 frater.
2258 5524 2419 5590 Quod
2439 5540 2563 5579 cum
2582 5523 2851 5591 audisset,
2880 5525 3014 5580 tulit
3040 5527 3435 5588 vestimentum
3456 5552 3622 5596 suum

2034 5623 2217 5684 nocte,
2274 5620 2331 5670 et
2395 5612 2643 5669 ascendit
2689 5611 2784 5669 ubi
2840 5629 2962 5669 eam
3015 5615 3295 5689 sepultam
3348 5623 3621 5685 audierat.
