3964 6206
433 270 542 328 879

1564 273 1658 328 DE
1695 273 1885 330 VITIS
1922 271 2221 330 PATRUM
2257 274 2473 330 LIBER
2508 275 2576 330 V.

3455 281 3464 290 ’
3551 283 3631 340 880

498 398 719 454 Etfodit
735 397 936 460 locum,
965 397 1020 448 et
1036 393 1267 448 extersit
1281 409 1535 450 cruorem
1559 397 1874 468 putredinis
1895 399 2018 469 ejus
2036 399 2088 458 A
2109 402 2268 452 satur
2292 417 2304 464 ;
2339 403 2397 453 et
2426 413 2530 470 ego
2563 396 2697 470 quid
2724 395 2864 452 facio
2897 437 2910 462 ,
2955 396 3086 468 quia
3115 395 3220 451 hac
3250 402 3400 454 nocte
3425 402 3566 458 cecidi
3586 405 3632 460 in

425 488 482 542 in
505 487 834 542 vestimento
855 487 981 547 suo,
1002 486 1058 536 et
1087 499 1342 538 reversus
1369 483 1613 540 habebat
1641 486 1781 542 illud
1804 487 1858 540 in
1886 488 2026 542 cella
2106 485 2532 542 fornicationem
2555 487 2581 539 ’ἶ
2627 485 2732 542 Cui
2762 485 3054 557 respondit
3077 503 3089 538 :
3124 485 3193 540 Et
3218 502 3318 557 ego
3344 491 3556 560 cognovi.
3579 493 3635 548 Et

423 593 544 631 sua.
578 577 648 630 Et
670 590 796 628 cum
818 571 986 626 nimis
1014 571 1234 638 feteret,
1259 571 1504 643 ponebat
1523 574 1650 629 illos
1669 575 1872 630 fetores
1893 582 2024 630 ante
2105 575 2241 630 dicit
2269 577 2320 630 ei
2345 593 2356 628 :
2411 577 2496 630 Tu
2533 575 2682 630 unde
2725 573 2874 628 scis?
2904 572 3010 638 Qui
3041 572 3182 627 dixit
3209 589 3222 624 :
3257 573 3568 633 Dormiebam
3590 579 3634 634 in

422 681 502 732 se,
545 668 601 718 et
643 664 1032 735 imprOperans
1073 661 1402 730 cogitationi
1432 679 1566 729 suae,
1596 663 1817 719 dicebat
1845 683 1856 718 :
1887 665 2023 720 Ecce
2105 665 2335 736 templo,
2353 669 2410 718 et
2433 663 2620 718 audivi
2637 664 2918 718 daemones
2940 663 3234 734 loquentes
3263 662 3329 717 de
3355 668 3420 718 te.
3450 666 3508 720 Et
3528 666 3636 723 dixit

424 752 766 807 desiderium
797 750 947 822 quod
978 749 1285 822 quaerebas.
1322 751 1506 808 Habes
1534 753 1692 819 illud,
1721 755 1928 808 satiare
1958 771 2023 808 ex
2105 769 2304 808 senex:
2334 753 2470 808 Ecce
2501 769 2603 824 ego
2631 752 2772 806 vado
2788 751 2856 806 ad
2889 751 3174 806 saeculum.
3205 751 3303 806 Ille
3323 759 3490 807 autem
3512 773 3638 826 roga-

422 857 508 896 eo.
543 841 614 896 Et
632 841 712 896 ita
731 857 798 894 ex
814 837 1092 910 ejusmodi
1121 838 1296 895 fetore
1321 842 1633 912 castigabat
1653 843 2018 915 semetipsum

419 931 597 986 donec
627 934 1022 984 emorerentur
1056 930 1522 1001 concupiscentiae
1553 932 1695 1002 ejus.

488 1019 580 1078 23.
607 1019 779 1074 Venit
813 1019 1042 1091 quidam
1086 1017 1142 1070 in
1175 1019 1368 1090 Scythi
1397 1021 1718 1092 aliquando,
1763 1026 1827 1076 ut
1857 1014 2019 1076 fieret

419 1109 746 1165 monachus.
771 1110 878 1174 Qui
899 1111 1070 1164 etiam
1087 1111 1277 1166 attulit
1293 1110 1472 1164 filium
1485 1127 1651 1184 suum
1668 1127 1848 1182 nuper
1867 1110 2018 1165 abla-

417 1201 653 1254 ctatum.
677 1197 784 1262 Qui
809 1215 936 1252 cum
961 1198 1140 1254 factus
1169 1204 1314 1254 esset
1336 1198 1575 1269 juvenis,
1609 1205 1898 1270 coeperunt
1918 1200 2018 1254 im-

419 1303 674 1358 pugnare
702 1284 988 1342 dzemones
1021 1293 1078 1342 et
1106 1280 1405 1342 sollicitare
1427 1305 1575 1343 eum.
1613 1289 1682 1342 Et
1701 1288 1842 1343 dixit
1868 1289 2015 1360 patri

417 1392 549 1430 suo:
587 1375 736 1430 Vado
764 1376 835 1430 ad
872 1377 1160 1444 smculum,
1195 1376 1330 1448 quia
1363 1393 1477 1431 non
1503 1393 1730 1448 possum
1763 1378 2016 1432 carnales

416 1465 899 1538 concupiscentias
929 1467 1226 1522 sustinere.
1253 1467 1421 1521 Pater
1449 1471 1639 1520 autem
1674 1467 1795 1536 ejus
1825 1483 2016 1522 cnnso-

421 1553 646 1609 labatur
669 1571 818 1609 eum.
850 1555 1002 1610 Dixit
1027 1572 1158 1627 ergo
1188 1555 1281 1610 ille
1296 1555 1554 1626 juvenis:
1589 1556 1713 1610 Jam
1737 1557 2016 1611 sustinere

419 1658 534 1698 non
565 1644 740 1712 valeo,
773 1647 974 1715 pater;
1009 1645 1232 1698 dimitte
1280 1661 1370 1698 me
1400 1643 1584 1698 redire
1623 1645 1696 1698 ad
1725 1646 2012 1700 saeculum.

2102 842 2200 898 bat
2254 859 2401 910 eum,
2432 842 2658 897 dicens:
2683 840 2830 909 Noli,
2860 846 3040 914 pater,
3069 840 3166 894 sed
3197 857 3448 912 permane
3473 843 3518 898 in
3545 844 3638 898 loco

2101 936 2200 986 tuo
2227 950 2240 999 ;
2265 931 2559 986 mulierem
2579 947 2708 985 vero
2729 929 2949 984 dimitte
2978 929 3107 984 hinc
3137 947 3149 997 ;
3183 929 3284 984 hoc
3327 929 3460 984 enim
3487 949 3541 985 ex
3567 951 3638 987 oc-

2101 1037 2267 1076 cursu
2295 1019 2509 1075 inimici
2529 1019 2788 1090 contigit.
2835 1019 2957 1084 Quo
2987 1017 3180 1072 audito
3209 1035 3372 1073 senex
3394 1021 3638 1086 sustinuit,

2102 1110 2408 1165 extendens
2434 1116 2493 1164 et
2519 1125 2834 1181 aggravans
2859 1107 3334 1164 conversationem
3369 1125 3510 1164 suam
3541 1127 3642 1166 cum

2097 1199 2384 1271 lacrymis,
2417 1199 2595 1255 donec
2619 1197 2832 1253 rediret
2853 1198 2909 1252 in
2941 1197 3114 1270 priori
3143 1196 3336 1252 ordine
3354 1214 3463 1253 suo.

2169 1288 2258 1344 25.
2289 1287 2440 1344 Dixit
2467 1304 2666 1343 senex:
2716 1287 2862 1352 Quia
2897 1286 3190 1353 securitas,
3235 1292 3292 1340 et
3318 1287 3640 1356 taciturnitas,

2099 1383 2157 1432 et
2183 1379 2403 1432 occulta
2431 1375 2722 1433 meditatio
2752 1376 2982 1448 pariunt
3009 1375 3346 1430 castitatem.

2170 1465 2258 1522 ‘26.
2290 1467 2488 1522 Frater
2507 1466 2736 1538 quidam
2761 1465 3128 1536 interrogavit
3155 1481 3362 1530 senem,
3379 1465 3572 1521 dicens:
3596 1467 3642 1522 Si

2099 1556 2388 1628 contingat
2418 1555 2705 1610 hominem
2737 1555 2796 1610 in
2823 1554 3197 1610 tentationem
3223 1554 3433 1620 cadere,
3457 1555 3572 1627 quid
3593 1555 3645 1610 ﬁt

2098 1650 2330 1718 propter
2357 1661 2452 1700 eos
2489 1645 2586 1717 qui
2621 1643 3072 1700 scandalizentur
3114 1643 3172 1697 in
3202 1643 3304 1697 eo?
3337 1643 3400 1698 Et
3433 1643 3645 1700 narravit

415 1731 570 1786 Dixit
599 1732 650 1787 ei
684 1738 846 1805 pater
874 1749 1013 1788 suus
1037 1752 1047 1786 :
1082 1733 1229 1788 Audi
1259 1749 1368 1798 me,
1394 1733 1492 1798 ﬁli,
1519 1733 1702 1788 adhuc
1731 1735 1927 1799 semel,
1957 1739 2014 1788 et
2031 1751 2284 1814 Bsenex,
2316 1735 2508 1790 dicens
2533 1753 2546 1804 ;
2579 1733 2859 1789 Diaconus
2889 1732 3116 1805 quidam
3147 1738 3270 1787 erat
3297 1732 3646 1789 nominatusin

412 1819 547 1876 tolle
571 1821 674 1876 tibi
687 1821 1088 1892 quadringinta
1108 1839 1300 1894 panes,
1335 1826 1393 1876 et
1409 1821 1541 1876 folia
1557 1823 1871 1894 palmarum
1895 1823 2014 1877 die-
2097 1825 2440 1879 monasterio
2451 1822 2696 1896 Egypti.
2719 1823 2866 1878 Dum
2887 1827 3076 1877 autem
3093 1821 3320 1894 quidam
3332 1821 3534 1877 curialis
3556 1819 3647 1890 ('23)

415 1926 541 1966 rum
571 1911 950 1982 quadraginta
977 1917 1034 1966 et
1055 1911 1192 1965 vade
1218 1911 1276 1966 in
1297 1928 1486 1966 eremo
1501 1910 1790 1975 interiore,
1821 1917 1878 1966 et
1893 1917 2012 1967 esto

419 1998 497 2054 ibi
547 1999 922 2072 quadraginta
965 1999 1180 2067 diebus,
1215 2005 1272 2055 et
1319 2001 1576 2055 voluntas
1617 2001 1718 2055 Dei
1749 2001 1864 2055 ﬁet.
1905 2000 2014 2066 Qui

415 2087 680 2143 obediens
720 2089 868 2160 patri
911 2105 1031 2156 suo,
1077 2088 1320 2144 surrexit
1360 2095 1417 2142 et
1457 2089 1596 2143 abiit
1627 2089 1685 2144 in
1714 2106 1925 2144 eremo:
1957 2095 2015 2144 et

415 2177 626 2232 mansit
641 2177 739 2243 ibi,
765 2177 1028 2232 laborans
1047 2183 1104 2232 et
1127 2177 1338 2233 faciens
1353 2178 1562 2250 plectas
1591 2178 1660 2232 de
1681 2179 1884 2250 palmis
1903 2179 2010 2234 sic-

409 2266 508 2334 cis,
543 2271 600 2322 et
627 2283 830 2338 panem
855 2266 1065 2322 siccum
1093 2267 1408 2322 comedens.
1443 2268 1512 2322 Et
1540 2284 1668 2322 cum
1709 2267 1785 2322 ibi
1813 2267 2010 2323 diebus

408 2355 607 2426 viginti
627 2356 959 2427 quiesceret,
990 2373 1114 2410 ecce
1138 2356 1278 2411 vidit
1303 2373 1444 2427 Opus
1466 2357 1748 2428 quoddam
1770 2356 2007 2412 diaboli-

413 2460 541 2499 cum
570 2445 759 2500 venire
783 2461 953 2518 super
977 2461 1070 2513 se;
1101 2451 1158 2500 et
1173 2445 1333 2500 stetit
1351 2463 1540 2500 coram
1569 2446 1692 2517 ipso
1707 2446 1860 2500 velut
1885 2463 2008 2501 mu-

407 2537 516 2592 lier
540 2534 900 2606 fEthiopissa,
919 2534 1092 2589 fetida
1119 2541 1176 2589 et
1196 2534 1374 2606 turpis
1399 2540 1647 2606 aspectu,
1674 2534 1753 2589 ita
1773 2542 1836 2590 ut
1863 2535 2006 2590 feto-

407 2642 530 2680 rem
549 2625 672 2696 ejus
691 2623 924 2678 suﬂ'erre
939 2639 1050 2678 non
1079 2629 1286 2696 posset,
1319 2629 1376 2679 et
1392 2623 1691 2696 abjiciebat
1712 2641 1834 2680 eam
1859 2642 1894 2679 a
1923 2642 2001 2679 se.

409 2713 480 2770 Et
495 2714 592 2769 illa
603 2702 823 2768 dicebat
837 2713 908 2768 ei:
926 2713 1040 2783 Ego
1060 2729 1186 2766 sum
1207 2729 1330 2783 quae
1348 2712 1410 2768 in
1426 2713 1685 2768 cordibus
1713 2714 2006 2768 hominum

407 2803 586 2858 dulcis
615 2818 861 2876 appareo
895 2820 908 2870 ;
936 2802 1036 2856 sed
1063 2807 1293 2873 propter
1323 2801 1703 2858 obedientiam
1731 2808 1908 2870 tuam,
1949 2809 2006 2858 et

407 2891 659 2948 laborem
679 2907 845 2963 quem
869 2890 1131 2956 sustines,
1156 2906 1268 2948 non
1287 2907 1378 2945 me
1400 2891 1655 2962 permisit
1674 2891 1824 2947 Deus
1845 2892 2006 2947 sedu-

407 2998 533 3038 cere
564 2986 637 3049 te,
670 2979 768 3036 sed
798 2979 1016 3034 innotui
1042 2979 1145 3034 tibi
1165 2979 1400 3034 fetorem
1429 2997 1638 3035 meum.
1683 2981 1782 3035 Ille
1807 2986 2001 3036 autem

2094 1913 2287 1968 insecu
2295 1913 2506 1968 tionem
2515 1912 2722 1984 judicis
2733 1916 3040 1984 pateretur,
3064 1911 3217 1966 venit
3225 1928 3352 1965 cum
3363 1911 3502 1966 omni
3512 1911 3648 1965 domo

2095 2019 2198 2057 sua
2243 2003 2315 2057 ad
2365 2001 2790 2057 monasterium.
2823 2001 2894 2056 Et
2921 2007 3192 2072 operante
3234 2000 3422 2072 iniquo
3449 2000 3649 2054 incurrit

2095 2091 2364 2146 diaconus
2384 2091 2479 2145 ille
2509 2091 2568 2144 in
2589 2091 2885 2145 mulierem
2913 2091 3058 2160 ejus,
3091 2090 3305 2144 etfacta
3325 2095 3408 2144 est
3429 2089 3648 2144 omnibus

2094 2179 2362 2234 fratribus
2383 2179 2654 2234 confusio.
2669 2179 2770 2235 llle
2796 2184 2986 2233 autem
3016 2177 3154 2233 abiit
3171 2178 3242 2232 ad
3271 2177 3552 2249 quemdam
3575 2194 3644 2232 se-

2093 2285 2242 2332 nem,
2267 2273 2324 2322 et
2349 2267 2617 2323 indicavit
2645 2269 2696 2322 ei
2715 2285 2856 2323 rem.
2872 2268 3052 2324 Senex
3078 2284 3206 2322 vero
3227 2267 3465 2322 habebat
3491 2267 3643 2322 occul—

2091 2364 2208 2412 tam
2219 2358 2417 2413 cellam
2436 2355 2784 2412 interiorem.
2802 2357 2982 2422 Quam
3007 2373 3134 2412 cum
3163 2357 3392 2411 vidisset
3420 2355 3647 2410 diaconus

2089 2445 2202 2512 ille,
2235 2445 2406 2500 dixit:
2436 2449 2620 2512 εστ
2655 2445 2840 2517 Sepeli
2867 2462 2958 2500 me
2986 2445 3078 2499 hic
3098 2445 3305 2512 vivum,
3337 2451 3392 2499 et
3413 2461 3514 2500 non
3533 2443 3650 2498 indi-

2089 2551 2179 2589 ces
2199 2535 2479 2606 cuiquam.
2501 2535 2571 2589 Et
2581 2533 2811 2588 intravit
2828 2534 2888 2588 in
2909 2534 3316 2589 obscuritatem
3335 2535 3478 2588 cellae
3501 2533 3643 2598 illius,

2089 2628 2147 2679 et
2174 2623 2288 2694 egit
2301 2623 2413 2678 illic
2435 2623 2824 2695 paenitentiam
2846 2639 2913 2678 ex
2931 2624 3186 2680 veritate.
3211 2623 3644 2694 Contigitautem,

2089 2719 2153 2768 ut
2183 2718 2307 2784 post
2328 2713 2571 2768 multum
2580 2719 2806 2785 tempus
2827 2729 2940 2768 non
2966 2713 3300 2768 ascenderet
3319 2729 3461 2784 aqua
3485 2712 3535 2766 in
3563 2712 3646 2765 ilu-

2089 2802 2240 2856 mine
2250 2801 2475 2856 Nilo.Et
2492 2818 2618 2856 cum
2631 2818 2826 2857 omnes
2838 2801 3086 2856 Litanias
3097 2802 3366 2868 facerent,
3375 2801 3644 2856 revelatum

2087 2896 2174 2944 est
2219 2890 2442 2945 cuidam
2489 2895 2812 2946 sanctorum
2841 2890 2975 2962 quia
3003 2891 3113 2945 nisi
3143 2891 3366 2946 venerit
3389 2891 3643 2954 diaconus,

2086 2979 2182 3050 qui
2212 2978 2515 3034 absconsus
2535 2984 2620 3034 est
2641 2979 2792 3063 apud
2812 2979 2972 3034 illum
2998 2980 3166 3034 talem
3183 2979 3528 3044 monachum,
3551 2993 3644 3032 non

407 3069 666 3138 surrexit,
713 3074 771 3124 et
811 3069 1024 3140 gratias
1067 3085 1240 3140 agens
1287 3069 1421 3134 Deo,
1466 3069 1618 3124 venit
1663 3070 1736 3124 ad
1775 3074 1996 3141 patrem
2021 3068 2384 3134 Cascendent
2409 3068 2658 3123 ﬂuminis
2686 3085 2866 3140 aquae.
2899 3067 3060 3134 Quod
3087 3085 3216 3124 cum
3239 3069 3540 3134 audissent,
3563 3065 3646 3121 ad-

407 3176 592 3220 suum,
614 3163 672 3214 et
687 3158 828 3213 dixit
855 3158 908 3213 ei
932 3177 943 3212 :
976 3158 1102 3213 Jam
1121 3157 1251 3212 nolo
1280 3157 1363 3212 ire
1389 3157 1463 3212 ad
1492 3159 1779 3225 seaculum,
1815 3165 1998 3231 pater.

405 3248 533 3304 Vidi
555 3249 704 3303 enim
729 3246 1113 3319 operationem
1141 3245 1346 3300 diaboli
1376 3251 1436 3301 et
1452 3245 1691 3302 fetorem
1721 3247 1864 3318 ejus.
1897 3247 2002 3303 Co-

402 3341 676 3410 gnoverat
693 3340 885 3391 autem
914 3340 971 3390 et
980 3339 1142 3396 pater
1165 3335 1288 3406 ejus
1303 3333 1372 3389 de
1389 3334 1494 3389 hoc
1513 3335 1654 3407 ipso,
1689 3339 1746 3390 et
1773 3335 1915 3390 dixit
1927 3335 1995 3391 ei:

403 3427 464 3482 Si
481 3425 784 3482 mansisses
809 3424 1185 3496 quadraginta
1203 3423 1343 3490 dies,
1376 3428 1434 3478 et
1459 3423 1800 3479 custodisses
1822 3441 2000 3496 usque

401 3519 462 3572 in
481 3518 652 3572 ﬁnem
683 3513 1015 3570 mandatum
1035 3530 1245 3578 meum,
1266 3514 1486 3584 majora
1512 3512 1758 3568 habuisti
1782 3514 1996 3570 videre.

468 3605 560 3662 24.
609 3605 788 3660 Senex
827 3603 1058 3676 quidam
1086 3602 1318 3664 sedebat
1362 3603 1421 3656 in
1447 3602 1756 3674 longinqua
1785 3619 1996 3673 eremo,

403 3695 500 3769 qui
526 3691 771 3749 habebat
797 3708 970 3748 unam
997 3695 1308 3764 parentem,
1343 3706 1467 3761 quae
1485 3690 1843 3747 desiderabat
1870 3709 1999 3748 eum

405 3783 592 3838 videre
619 3787 746 3853 post
785 3781 992 3835 multos
1021 3796 1217 3846 annos,
1267 3784 1326 3834 et
1369 3779 1622 3850 quaesivit
1649 3778 1708 3835 in
1737 3797 1848 3851 quo
1877 3781 1996 3836 loco

403 3871 705 3938 habitaret;
735 3874 794 3924 et
815 3867 1057 3924 surrexit
1093 3873 1150 3923 et
1177 3868 1330 3922 venit
1355 3869 1416 3923 in
1445 3868 1590 3923 viam
1619 3870 1796 3924 eremi
1841 3870 1994 3927 illius

409 3961 596 4030 (Ruﬂ‘..
624 3961 719 4015 lib.
751 3972 814 4024 II,
848 3974 905 4012 η.
943 3955 1045 4028 14).
1081 3957 1150 4012 Et
1183 3956 1474 4012 inveniens
1503 3957 1853 4027 camelarios,
1891 3960 1994 4015 ad-

399 4049 588 4120 junxit
607 4064 668 4103 se
692 4063 818 4102 cum
829 4046 956 4114 illis,
985 4051 1043 4102 et
1065 4046 1321 4118 ingressa
1347 4036 1514 4102 estin
1539 4063 1726 4103 eremo
1743 4064 1870 4104 cum
1893 4049 1992 4104 eis.

403 4138 536 4194 Haec
563 4136 713 4192 enim
743 4135 1127 4190 trahebatura
1154 4134 1396 4191 diabolo.
1433 4135 1566 4201 Quae
1595 4153 1724 4192 cum
1753 4137 2000 4194 venisset

403 4227 476 4283 ad
495 4227 734 4300 januam
763 4224 932 4293 senis,
965 4225 1134 4297 ctepit
1146 4223 1320 4296 signis
1338 4225 1590 4280 indicare
1618 4226 1880 4298 seipsam,
1914 4226 1996 4281 di-

403 4333 536 4373 cens
558 4335 570 4370 :
605 4317 720 4386 Ego
733 4314 832 4370 illa
849 4329 1054 4386 parens
1075 4319 1194 4380 tua,
1218 4318 1278 4368 et
1293 4314 1504 4369 mansit
1521 4315 1670 4386 apud
1696 4331 1844 4370 eum.
1860 4317 1998 4372 Erat

2083 3157 2272 3212 mirati
2300 3163 2450 3225 sunt,
2484 3163 2544 3212 et
2566 3157 2854 3212 venientes
2884 3157 3172 3228 ejecerunt
3193 3174 3327 3213 eum
3367 3157 3433 3212 de
3457 3156 3563 3212 loco
3605 3155 3653 3208 in

2084 3263 2195 3319 quo
2224 3252 2375 3301 erat:
2409 3251 2467 3301 et
2510 3245 2710 3312 oravit,
2761 3251 2819 3301 et
2857 3246 3110 3302 ascendit
3137 3263 3292 3318 aqua
3346 3247 3413 3302 Et
3440 3245 3526 3318 qui
3566 3243 3654 3298 ali-

2085 3336 2308 3409 quando
2363 3335 2725 3390 scandalizati
2753 3335 2812 3390 in
2853 3352 2918 3390 eo
2945 3334 3191 3403 fuerant,
3226 3335 3485 3390 tediﬁcati
3534 3337 3652 3387 sunt

2083 3432 2278 3498 postea
2296 3424 2356 3480 in
2387 3423 2718 3497 paenitentia
2743 3425 2884 3496 ejus,
2907 3429 2966 3478 et
2990 3424 3453 3496 glorificaverunt
3477 3424 3650 3478 Deum.

2152 3514 2241 3572 27.
2271 3513 2394 3569 Duo
2422 3513 2624 3569 fratres
2643 3520 3008 3586 perrexerunt
3035 3513 3107 3569 ad
3134 3513 3442 3580 civitatem,
3466 3518 3525 3568 ut
3544 3528 3652 3566 ven-

2082 3603 2281 3658 derent
2299 3602 2447 3674 quod
2469 3601 2695 3657 fuerant
2721 3602 2970 3676 Operati;
2996 3617 3126 3658 cum
3157 3620 3191 3658 a
3219 3620 3284 3658 se
3327 3602 3554 3658 invicem
3602 3599 3650 3654 in

2081 3692 2366 3748 civitatem
2411 3691 2651 3746 fuissent
2679 3691 2864 3762 divisi,
2895 3691 3136 3747 incurrit
3162 3708 3318 3748 unus
3350 3693 3408 3747 in
3435 3690 3651 3746 fornica-

2079 3782 2290 3838 tionem
2322 3782 2516 3850 (Ruf/2,
2564 3783 2603 3836 ι.
2647 3795 2730 3845 III,
2768 3780 2964 3850 n.1‘2).
2989 3780 3234 3836 Veniens
3267 3787 3458 3838 autem
3485 3783 3656 3853 postea

2075 3870 2250 3926 frater
2276 3870 2417 3942 ejus,
2439 3868 2580 3923 dixit
2603 3869 2654 3923 ei
2673 3887 2684 3922 :
2705 3869 3073 3924 Revertamur
3087 3869 3158 3924 ad
3180 3869 3386 3925 cellam
3405 3875 3648 3930 nostram,

2078 3958 2270 4016 frater.
2303 3958 2403 4014 Ille
2428 3963 2619 4013 autem
2649 3954 2957 4029 respondit,
2982 3957 3209 4013 dicens:
3241 3959 3374 4014 Non
3401 3959 3574 4022 venio.
3595 3955 3654 4010 Et

2080 4047 2465 4120 interrogabat
2480 4063 2609 4103 eum
2635 4047 2746 4115 ille,
2769 4047 2984 4102 dicens:
3019 4047 3223 4114 Quare,
3248 4047 3462 4104 frater?
3489 4048 3553 4102 Et
3575 4045 3654 4100 ille

2079 4137 2401 4210 respondit:
2433 4136 2576 4202 Quia
2622 4153 2750 4192 cum
2780 4135 3128 4192 discessisses
3156 4154 3191 4192 a
3221 4155 3336 4206 me,
3367 4136 3565 4193 incurri
3601 4134 3650 4188 in

2075 4226 2464 4294 tentationem,
2517 4231 2576 4280 et
2601 4225 2905 4282 fornicatus
2933 4242 3079 4281 sum.
3114 4226 3213 4282 Ille
3259 4231 3454 4283 autem
3479 4225 3650 4280 volens

2076 4332 2205 4372 eum
2233 4315 2460 4381 lucrari,
2487 4313 2867 4387 coepitdicere.
2891 4313 3035 4379 Quia
3061 4322 3119 4370 et
3136 4315 3279 4372 mihi
3304 4315 3388 4372 sic
3414 4312 3642 4384 contigit:

400 4411 588 4462 autem
619 4403 764 4458 alius
781 4403 1094 4458 monachus
1107 4402 1380 4458 sedensin
1408 4402 1660 4458 inferiori
1685 4410 1864 4476 parte,
1897 4405 1994 4477 qui
2011 4433 2059 4492 Β
2077 4404 2300 4478 quando
2321 4409 2615 4476 separatus
2643 4419 2770 4458 sum
2801 4420 2836 4458 a
2861 4409 2938 4470 te,
2970 4403 3183 4459 incurri
3195 4410 3255 4460 et
3291 4422 3398 4477 ego
3428 4405 3484 4460 in
3505 4403 3651 4458 furni.

399 4493 673 4567 implebat
683 4491 790 4547 sibi
809 4491 1142 4546 surisculam
1163 4507 1342 4562 aquae,
1359 4492 1500 4547 hora
1522 4508 1634 4564 qua
1651 4493 1993 4548 manducare

398 4584 693 4650 voluisset;
712 4587 770 4637 et
790 4579 974 4635 subito
995 4579 1324 4634 versabatur
1349 4580 1643 4646 suriscula,
1667 4585 1725 4636 et
1749 4599 1996 4638 reversa-

399 4671 568 4727 batur
595 4687 760 4742 aqua;
777 4669 873 4742 qui
897 4668 1208 4740 inspirante
1220 4669 1334 4723 Deo
1357 4668 1496 4722 dixit
1515 4669 1574 4723 in
1604 4670 1992 4742 semetipsum:

396 4760 691 4832 Ingrediar
717 4759 775 4813 in
803 4775 1076 4824 eremum,
1108 4763 1167 4812 et
1187 4757 1308 4812 dico
1335 4758 1438 4813 hoc
1467 4758 1616 4830 quod
1644 4759 1784 4813 mihi
1812 4761 1996 4816 evenit

397 4848 468 4903 de
495 4864 643 4920 aqua
670 4847 1001 4902 senioribus.
1034 4847 1102 4901 Et
1115 4862 1352 4918 surgens
1377 4845 1543 4912 abiit;
1559 4852 1755 4902 etcum
1773 4865 1898 4903 sero
1918 4849 1994 4904 fa-

396 4943 550 4992 ctum
579 4941 744 5003 esset,
785 4935 1048 4990 dormivit
1086 4935 1145 4990 in
1189 4935 1399 5008 templo
1439 4936 1684 5007 quodam
1710 4936 1988 4994 idolorum

388 5026 553 5098 juxta
564 5023 729 5092 viam,
759 5028 817 5078 et
842 5024 1055 5080 audivit
1073 5030 1235 5079 nocte
1251 5025 1553 5092 daemones,
1572 5025 1848 5080 dicentes:
1874 5027 1990 5082 Ista

395 5119 558 5170 nocte
576 5112 1042 5184 praecipitavimus
1061 5113 1221 5168 illum
1245 5113 1584 5168 monachum
1601 5113 1660 5168 in
1674 5115 1993 5171 fornicatio-

395 5220 545 5259 nem.
566 5201 728 5267 Quod
745 5218 873 5256 cum
901 5201 1170 5269 audisset,
1196 5203 1564 5258 contristatus
1589 5208 1693 5271 est,
1719 5209 1778 5259 et
1803 5221 1992 5277 perve-

393 5293 556 5350 niens
583 5291 656 5346 ad
681 5306 894 5356 senem,
927 5289 1141 5346 invenit
1169 5307 1297 5346 eum
1343 5291 1584 5357 tristem,
1619 5297 1676 5347 et
1720 5293 1860 5349 dicit
1889 5294 1939 5348 ei
1974 5313 1986 5348 :

391 5383 537 5450 Quid
555 5381 718 5449 facio,
743 5377 921 5434 abba?
943 5379 1075 5450 quia
1105 5379 1312 5452 impleo
1327 5381 1466 5436 mihi
1485 5382 1774 5436 vasculum
1803 5399 1984 5454 aquae,

388 5479 447 5530 et
472 5473 614 5528 hora
642 5467 1018 5526 inanducandi
1048 5469 1376 5526 effunditur.
1419 5471 1490 5524 Et
1517 5470 1656 5525 dicit
1684 5473 1735 5526 ei
1764 5488 1936 5527 senex
1969 5491 1981 5526 :

385 5559 472 5620 Tu
498 5559 700 5618 venisti
717 5557 1068 5631 interrogare
1096 5573 1205 5626 me,
1243 5573 1415 5628 quare
1443 5559 1714 5616 suriscula
1739 5565 1838 5615 tua
1859 5577 1979 5616 ver-

2075 4495 2373 4550 cationem.
2392 4493 2502 4549 Sed
2517 4509 2728 4559 eamus,
2761 4497 2820 4548 et
2833 4492 3003 4548 simul
3015 4495 3412 4564 penitentiam
3440 4506 3650 4564 agamus

2075 4600 2204 4638 cum
2233 4581 2385 4638 omni
2415 4581 2622 4649 labore,
2655 4586 2714 4636 et
2742 4581 2892 4637 Deus
2917 4581 3168 4654 ignoscet
3196 4584 3362 4640 nobis
3377 4579 3648 4657 peccatori-

2074 4671 2198 4726 bus.
2234 4670 2483 4736 Quicum
2493 4669 2774 4725 venissent
2783 4669 2854 4725 ad
2865 4669 3084 4738 cellam,
3099 4672 3426 4728 retulerunt
3444 4668 3650 4726 senibus

2077 4761 2228 4832 quod
2266 4759 2346 4814 eis
2385 4758 2720 4829 contigerat,
2753 4763 2812 4814 et
2837 4758 3117 4814 dederunt
3153 4761 3235 4816 eis
3265 4761 3352 4817 illi
3385 4759 3647 4823 mandata,

2075 4849 2318 4921 qualiter
2343 4847 2734 4920 paenitentiam
2757 4855 3006 4920 agerent.
3039 4848 3140 4905 Ille
3161 4854 3358 4906 tamen
3385 4867 3526 4906 unus
3555 4863 3651 4902 non

2073 4954 2175 5010 pro
2203 4954 2281 5004 se,
2309 4937 2409 4992 sed
2435 4953 2536 5009 pro
2561 4936 2658 4992 illo
2687 4936 2798 4992 alio
2817 4936 2992 4993 fratre
3019 4939 3418 5010 penitentiam
3446 4936 3648 5011 agebat,

2073 5032 2344 5098 tanquam
2372 5025 2420 5080 si
2459 5031 2518 5080 et
2565 5025 2687 5098 ipse
2713 5033 3017 5098 peccasset.
3052 5027 3262 5084 Videns
3293 5035 3486 5084 autem
3514 5027 3649 5082 Deus

2073 5114 2324 5171 laborem
2353 5119 2411 5170 et
2437 5114 2774 5170 charitatem
2802 5117 2946 5187 ejus,
2977 5115 3130 5172 intra
3159 5134 3373 5190 paucos
3401 5118 3518 5174 dies
3544 5130 3651 5170 ma-

2072 5204 2355 5260 nifestavit
2383 5203 2484 5259 uni
2507 5204 2576 5260 de
2603 5203 2848 5274 senibus,
2881 5205 3030 5277 quod
3057 5223 3158 5279 pro
3185 5207 3374 5262 multa
3400 5205 3652 5262 charitate

2071 5293 2223 5349 illius
2247 5293 2436 5348 fratris
2467 5293 2563 5366 qui
2591 5309 2706 5348 non
2751 5302 3076 5365 peccaverat
3103 5295 3424 5352 indulserat
3459 5293 3539 5351 illi
3564 5290 3651 5365 qui

2070 5382 2374 5438 fornicatus
2412 5388 2516 5438 est.
2559 5382 2705 5438 Vere
2732 5381 2839 5438 hoc
2875 5388 2962 5438 est
2987 5400 3196 5456 ponere
3221 5385 3478 5441 animam
3504 5397 3646 5439 suam

2067 5489 2169 5544 pro
2198 5471 2370 5526 fratre
2395 5487 2518 5526 suo.

2136 5559 2224 5619 28.
2256 5560 2426 5616 Venit
2463 5559 2764 5631 aliquando
2793 5560 2970 5616 frater
3006 5563 3077 5618 ad
3109 5563 3414 5636 quemdam
3446 5578 3645 5628 senem,
