3976 6186
386 197 487 257 881
1701 199 1942 254 VERBA

2051 198 2377 255 lNIORUM.
3560 203 3665 262 882

388 325 582 381 dicens
609 325 662 380 ei
686 342 698 379 :
728 324 926 380 Frater
953 341 1113 380 meus
1132 325 1297 380 solvit
1325 341 1414 381 me
1444 324 1737 396 egrediens
1756 325 1879 379 ~huc
1908 324 2192 385 at-Avale
2242 324 2531 379 discedens
2555 341 2566 376 :
2613 325 2712 380 sed
2758 324 2988 380 obsecro
3033 332 3109 394 te,
3159 334 3224 383 ut
3274 329 3663 402 interpreteris

388 431 499 487 que
524 414 695 482 illuc;
726 419 782 468 et
810 430 911 486 pro
939 414 1044 468 hoc
1074 431 1176 485 ego
1204 414 1447 485 affligar.
1483 416 1553 469 Et
1581 414 1818 486 rogabat
1855 431 1986 469 eum
2070 414 2211 468 mihi
2240 414 2520 485 quomodo
2551 431 2841 486 nunquam
2878 416 3210 472 sollicitatus
3239 419 3315 474 sis
3344 436 3378 474 a
3421 419 3662 476 fornica-

386 520 579 573 senex,
603 504 824 558 dicens:
855 503 1268 575 Equanimiter
1294 509 1475 576 porta,
1510 504 1719 569 frater;
1755 508 1812 558 et
1838 504 1987 559 Deus
2070 502 2239 558 tione.
2279 503 2415 562 Dicit
2439 503 2490 557 ei
2518 520 2713 559 senex:
2749 504 2891 569 Quia
2918 523 2985 560 ex
3015 522 3123 577 quo
3154 506 3331 562 factus
3365 526 3490 564 sum
3535 527 3660 565 mo-

384 594 582 649 videns
602 591 850 648 laborem
874 593 1299 648 sustentationis
1319 600 1450 661 tuae,
1472 593 1752 648 revocabit
1768 610 1897 648 eum
1914 593 1984 648 ad
2067 592 2300 658 nachus,
2324 609 2437 647 non
2457 610 2583 647 sum
2603 593 2840 648 satiatus
2866 611 3029 665 pane,
3063 612 3246 667 neque
3269 614 3439 670 aqua,
3481 616 3664 672 neque

384 690 459 737 te.
494 683 693 754 Neque
719 682 869 737 enim
886 682 1149 754 possibile
1169 688 1255 737 est
1272 688 1338 737 ut
1357 699 1484 738 cum
1502 681 1712 737 duritia
1727 687 1784 737 et
1801 687 1985 737 auste-
2066 698 2279 746 somno,
2318 686 2374 737 et
2406 682 2657 753 appetitu
2686 682 2888 737 horum
2909 690 3095 751 ὅτε
3117 686 3318 756 quibus
3353 689 3654 759 pascimur,

385 772 556 826 ritate
582 771 743 826 facile
764 770 834 825 ab
849 770 1160 826 intentione
1181 787 1284 826 sua
1302 771 1508 843 aliquis
1531 776 1839 838 revocetur,
1856 772 1988 844 quia
2067 770 2321 827 crucians
2348 787 2455 837 me,
2490 787 2601 825 non
2631 771 2997 843 permittebar
3038 774 3245 829 sentire
3274 776 3662 834 fornicationis

384 877 490 915 nec
522 861 742 915 daemon
771 860 999 932 exPellit
1027 860 1340 915 daemonem
1364 879 1377 929 ;
1410 861 1509 916 sed
1533 860 1713 932 magis
1731 859 1988 932 benigni-
2068 860 2347 914 stimulos.
2366 858 2437 914 Et
2462 860 2595 915 exiit
2622 860 2799 915 frater
2817 860 2930 929 ille,
2956 863 3253 933 proﬁciens
3278 882 3343 919 ex
3386 867 3660 923 relatione

385 954 504 1005 tate
530 949 819 1005 revocabis
844 966 972 1005 eum
1000 949 1071 1004 ad
1099 955 1174 1004 te.
1206 950 1484 1015 Quoniam
1522 954 1579 1005 et
1619 951 1769 1005 Deus
1796 954 1989 1005 noster
2068 949 2236 1004 senis.

385 1038 750 1106 consulendo,
784 1038 856 1093 ad
891 1055 951 1093 se
972 1038 1231 1094 homines
1264 1039 1459 1093 trahit.
1499 1038 1569 1093 Et
1613 1039 1865 1094 narravit
1910 1040 1980 1105 ei,
2140 1036 2226 1095 32.
2259 1038 2459 1093 Frater
2480 1038 2709 1109 quidam
2736 1038 3106 1111 interrogavit
3126 1044 3426 1114 quemdam
3448 1062 3659 1115 senem,

386 1129 578 1183 dicens
607 1128 659 1183 ei
686 1148 698 1182 :
729 1127 875 1193 Quia
895 1128 1125 1183 fuerunt
1152 1128 1208 1183 in
1238 1128 1526 1183 Thebaida
1555 1128 1666 1183 duo
1684 1128 1907 1196 fratres,
1931 1134 1988 1183 et
2068 1126 2291 1183 dicens:
2322 1128 2467 1192 Quid
2501 1128 2684 1183 facio?
2713 1129 2847 1200 quia
2886 1130 3150 1201 cogitatio
3194 1149 3321 1187 mea
3348 1151 3570 1207 semper
3605 1137 3663 1190 in

387 1234 514 1273 cum
543 1233 690 1272 unus
722 1217 1052 1272 incurrisset
1079 1234 1144 1271 ex
1175 1217 1264 1271 his
1291 1217 1353 1272 in
1379 1216 1823 1285 fornicationem,
1844 1217 1989 1273 dice-
2069 1216 2437 1271 fornicatione
2454 1223 2540 1271 est
2566 1218 2803 1283 intenta,
2819 1222 2876 1271 et
2888 1234 2998 1272 non
3021 1219 3258 1274 dimittit
3273 1239 3362 1276 me
3380 1224 3664 1294 quiescere

385 1306 482 1361 bat
511 1308 583 1361 ad
613 1307 823 1362 alium:
852 1307 1124 1361 Revertor
1146 1306 1218 1361 ad
1244 1308 1529 1362 saeculum.
1553 1308 1713 1361 Alter
1732 1324 1860 1361 vero
1873 1308 1989 1379 plo-
2069 1306 2353 1372 unahora,
2372 1311 2428 1360 et
2443 1305 2903 1377 afﬂigiturexhoc
2915 1308 3240 1364 animamea
3260 1312 3554 1380 (Ruf/in.,l.
3579 1328 3661 1379 m,

388 1395 567 1463 rabat,
601 1397 793 1450 dicens
819 1414 829 1448 :
866 1396 992 1451 Non
1021 1402 1079 1450 te
1108 1390 1351 1464 dimitto,
1378 1396 1572 1463 frater,
1604 1396 1907 1462 discedere,
1930 1401 1989 1451 et
2071 1411 2129 1448 η.
2166 1393 2274 1466 40).
2310 1396 2407 1450 Ille
2428 1401 2617 1449 autem
2633 1395 2771 1449 dixit
2794 1396 2844 1449 ei
2872 1397 3137 1461 :Quando
3158 1399 3440 1455 daemones
3458 1403 3668 1473 cogita-

386 1485 619 1557 perdere
649 1485 898 1539 laborem
935 1491 1118 1552 tuum,
1150 1490 1208 1541 et
1243 1485 1625 1557 virginitatem
1655 1491 1834 1541 tuam.
1882 1486 1984 1541 Ille
2066 1483 2315 1539 tionesin
2340 1484 2615 1539 cordetuo
2636 1485 2935 1551 seminant,
2954 1492 3011 1541 et
3030 1488 3204 1542 sentis
3219 1489 3341 1556 hoc,
3367 1506 3479 1545 non
3495 1492 3665 1546 collo-

387 1591 517 1629 vero
547 1590 662 1629 non
690 1574 1097 1646 acquiescebat,
1126 1575 1346 1630 dicens:
1380 1576 1508 1630 Non
1537 1574 1628 1629 hic
1656 1575 1843 1643 sedeo,
1886 1575 1984 1630 sed
2011 1646 2045 1652 _
2067 1574 2257 1644 quaris
2276 1589 2403 1628 cum
2417 1574 2604 1628 animo
2617 1579 2735 1640 tuo,
2752 1575 3017 1646 quoniam
3034 1576 3351 1632 daemonum
3365 1587 3453 1634 est
3466 1597 3666 1652 sugge-

385 1665 545 1718 vado.
575 1665 692 1719 Aut
721 1664 847 1720 veni
869 1680 1110 1733 mecum,
1142 1669 1199 1718 et
1226 1663 1433 1719 iterum
1462 1664 1630 1719 redeo
1657 1668 1863 1730 tecum,
1888 1669 1987 1719 aut
2011 1646 2430 1717 Brere.Etlicet
2444 1679 2555 1717 non
2571 1663 2985 1734 negliganthaec
3003 1664 3328 1733 immittere,
3346 1646 3661 1725 tamennon

386 1759 536 1809 certe
565 1753 790 1808 dimitte
819 1770 928 1820 me,
957 1758 1014 1808 et
1042 1770 1405 1825 permaneam
1430 1754 1489 1808 in
1517 1753 1738 1809 saeculo.
1760 1754 1984 1809 Vadens
2067 1753 2712 1823 extorquentdaemones.
2730 1753 2790 1807 In
2807 1758 2863 1807 te
2875 1759 2960 1807 est
2986 1770 3118 1824 ergo
3143 1755 3426 1827 suscipere
3459 1763 3515 1812 et
3551 1776 3666 1815 non

386 1846 574 1897 autem
603 1842 796 1909 frater,
838 1841 1118 1897 nuntiavit
1162 1843 1268 1898 hoc
1316 1843 1540 1897 cuidam
1584 1842 1705 1897 seni
1753 1859 1977 1914 magno.
2066 1840 2368 1913 suscipere.
2404 1842 2767 1913 Respondens
2791 1846 2981 1897 autem
3010 1843 3204 1911 frater,
3240 1844 3379 1900 dixit
3406 1847 3561 1901 seni:
3596 1848 3667 1904 Et

383 1931 535 1987 Dixit
562 1937 753 1987 autem
776 1932 827 1987 ei
852 1948 1054 1988 senex:
1076 1932 1232 1987 Vade
1253 1932 1537 2004 eumipsa,
1564 1936 1623 1987 et
1651 1933 1802 1987 Deus
1822 1932 1981 1987 illum
2066 1930 2199 2001 quid
2213 1930 2434 1997 faciam,
2456 1931 2587 2002 quia
2606 1930 2821 2002 fragilis
2837 1948 2982 2000 sum,
3016 1937 3073 1987 et
3097 1939 3328 2005 superat
3358 1952 3448 1990 me
3476 1937 3662 2008 passio

382 2037 483 2093 per
510 2021 759 2077 laborem
790 2026 953 2077 tuum
981 2037 1093 2076 non
1123 2021 1374 2077 dimittet
1397 2037 1679 2077 corruere.
1711 2021 1819 2086 Qui
1848 2038 1981 2076 con-
2063 2018 2185 2074 haec
2200 2021 2225 2073 ?
2248 2020 2347 2074 Ille
2364 2025 2554 2075 autem
2568 2020 2707 2075 dixit
2726 2020 2777 2075 ei
2797 2039 2809 2074 :
2831 2021 3087 2076 Intentus
3100 2028 3220 2077 esto
3231 2024 3302 2079 ad
3318 2024 3663 2096 hujusmodi.

384 2127 621 2182 surgens
646 2110 785 2165 abiit
812 2127 939 2166 cum
959 2128 1025 2166 eo
1054 2111 1125 2166 ad
1156 2112 1440 2167 szeculum.
1459 2111 1529 2166 Et
1558 2127 1684 2165 cum
1700 2111 1981 2183 pervenis-
2066 2109 2185 2163 Scis
2224 2114 2415 2165 autem
2445 2109 2578 2181 quid
2617 2109 2851 2164 fecerint
2895 2111 3218 2167 Madianitae
3237 2112 3263 2165 ?
3307 2113 3665 2170 Ornaverunt

380 2206 467 2255 set
495 2201 567 2255 ad
598 2200 899 2273 quemdam
922 2201 1125 2271 vicum,
1145 2200 1338 2255 videns
1357 2201 1507 2256 Deus
1524 2199 1774 2255 laborem
1804 2200 1974 2268 illius,
2062 2197 2204 2252 filias
2237 2215 2385 2266 suas,
2418 2205 2476 2253 et
2493 2204 2813 2254 statuerunt
2840 2216 2935 2253 eas
2961 2200 3020 2254 in
3049 2206 3348 2273 conspectu
3381 2204 3663 2260 Israelita-

381 2291 476 2362 qui
506 2307 574 2345 ex
604 2291 881 2347 charitate
901 2296 959 2345 et
972 2290 1304 2346 necessitate
1331 2291 1565 2347 fratrem
1589 2307 1756 2345 suum
1776 2307 1978 2362 seque-
2060 2303 2218 2356 rum;
2253 2305 2365 2343 non
2382 2294 2571 2343 tamen
2600 2294 2955 2344 extorserunt
2975 2290 3255 2361 aliquibus
3279 2296 3344 2346 ut
3364 2292 3661 2350 misceren-

378 2377 563 2446 batur,
596 2379 824 2436 abstulit
869 2380 1374 2451 concupiscentiam
1419 2398 1454 2434 a
1498 2378 1672 2435 fratre
1711 2381 1860 2451 ejus.
1909 2380 1978 2435 Et
2058 2380 2154 2431 tur
2181 2394 2308 2432 cum
2346 2377 2445 2445 eis,
2476 2378 2574 2433 sed
2613 2378 2709 2449 qui
2738 2378 3039 2433 voluerunt
3065 2379 3428 2436 incurrerunt
3467 2381 3527 2437 in
3575 2384 3658 2439 eis

376 2468 511 2523 dicit
532 2469 696 2524 fratri
726 2486 860 2524 suo:
889 2470 1096 2525 Eamus
1122 2469 1328 2524 iterum
1354 2470 1425 2524 ad
1461 2485 1734 2536 eremum,
1778 2467 1972 2524 frater.
2057 2464 2255 2535 (Num.
2301 2470 2450 2537 xxv).
2494 2466 2607 2521 Alii
2652 2472 2842 2522 autem
2905 2467 3265 2539 indignantes
3330 2471 3657 2527 comminati

375 2557 513 2614 Ecce
540 2564 697 2630 puto,
727 2559 860 2631 quia
882 2560 1001 2631 jam
1032 2559 1257 2631 peccavi
1282 2575 1411 2614 cum
1436 2558 1672 2614 muliere
1696 2578 1708 2626 ;
1728 2558 1864 2631 quid
1894 2559 1978 2614 lus
2058 2560 2208 2622 sunt,
2232 2561 2431 2611 etcum
2455 2555 2689 2610 interitu
2708 2572 2902 2611 eorum
2925 2556 3021 2628 qui
3045 2561 3659 2631 praesumpserantmlti

375 2653 564 2703 cratus
582 2663 710 2704 sum
729 2664 799 2703 ex
834 2648 976 2703 hoc?
1009 2649 1302 2705 Etreversi
1323 2652 1455 2703 sunt
1498 2647 1657 2703 illaesi
1683 2649 1744 2703 in
1775 2649 1974 2704 cellam
2056 2650 2189 2700 sunt
2208 2645 2632 2700 fornicationem
2657 2664 2668 2699 :
2704 2646 2786 2700 ita
2812 2646 3093 2717 agendum
3120 2653 3206 2701 est
3234 2653 3291 2703 et
3317 2648 3387 2703 de
3414 2649 3657 2705 fornica-

375 2753 555 2791 suam.
2056 2734 2228 2789 tione.
2257 2735 2328 2789 Et
2348 2735 2571 2806 quando
2586 2734 2812 2790 initium
2842 2735 3054 2790 faciunt
3068 2736 3221 2808 loqui
3251 2736 3309 2791 in
3339 2739 3505 2794 corde
3534 2745 3651 2808 tuo,

440 2825 532 2883 29.
568 2825 770 2882 Frater
794 2831 1046 2883 tentatus
1075 2844 1109 2882 a
1155 2827 1407 2882 demone
1454 2826 1732 2899 profectus
1778 2832 1864 2883 est
1899 2829 1969 2883 ad
2052 2839 2167 2879 non
2188 2824 2526 2895 respondeas
2553 2824 2667 2891 eis;
2700 2824 2799 2878 sed
2836 2840 3091 2895 surgens,
3125 2841 3225 2880 ora
3256 2832 3313 2881 et
3341 2843 3444 2899 age
3473 2830 3654 2901 poeni-

375 2916 678 2985 quemdam
700 2934 912 2985 senem,
931 2917 1152 2972 dicens:
1186 2916 1332 2982 Quia
1349 2916 1554 2972 duoilli
1571 2917 1774 2973 fratres
1802 2917 1970 2973 simul
2052 2913 2310 2979 tentiam,
2341 2913 2565 2968 dicens:
2594 2913 2703 2968 Fili
2728 2912 2849 2980 Dei,
2882 2914 3149 2968 miserere
3180 2915 3310 2970 mei.
3360 2917 3513 2972 Dixit
3548 2935 3652 2974 au-

377 3010 528 3072 sunt,
557 3010 616 3061 et
641 3006 789 3061 male
818 3006 1028 3062 vivunt.
1060 3006 1333 3078 Cognovit
1360 3011 1549 3062 autem
1578 3023 1747 3062 senex
1776 3007 1910 3078 quia
1938 3024 1971 3061 a
1991 3012 2035 3074 ί]
2053 3009 2167 3059 tem
2199 3002 2250 3057 ei
2269 3002 2443 3057 frater
2469 3021 2480 3056 :
2513 3003 2649 3057 Ecce
2678 3002 2937 3069 meditor,
2969 3002 3132 3070 abba,
3157 3010 3215 3058 et
3242 3021 3354 3059 non
3385 3011 3471 3060 est
3498 3023 3653 3063 com-

375 3093 627 3149 daamone
655 3095 1007 3163 illuderetur,
1033 3101 1091 3150 et
1108 3096 1338 3151 mittens
1359 3096 1574 3151 vocavit
1593 3113 1687 3151 eos
1708 3097 1777 3151 ad
1799 3114 1875 3151 se.
1902 3098 1972 3152 Et

370 3200 496 3238 cum
512 3183 723 3239 factum
740 3190 888 3240 esset
906 3202 1153 3257 vespere,
1170 3186 1357 3258 posuit
1371 3190 1606 3241 mattam
1628 3185 1845 3241 duobus
1861 3187 1972 3242 illis

366 3272 654 3341 fratribus,
688 3279 746 3329 et
776 3275 1072 3347 cooperuit
1112 3292 1206 3329 eos
1236 3275 1296 3329 in
1323 3292 1435 3330 uno
1483 3279 1687 3341 stratu,
1740 3275 1928 3331 dicens
1955 3294 1965 3330 :

367 3359 499 3417 Filii
520 3362 624 3417 Dei
654 3363 845 3434 magni
869 3369 925 3417 et
945 3365 1123 3418 sancti
1139 3371 1289 3419 sunt.
1312 3364 1461 3419 Dixit
1476 3368 1666 3419 autem
1699 3363 1971 3436 discipulo

371 3466 472 3505 suo
499 3469 514 3507 :
545 3451 703 3507 Hunc
727 3452 962 3507 fratrem
1010 3454 1204 3509 claude
1233 3454 1292 3509 in
1322 3454 1463 3509 cella
1504 3470 1757 3510 seorsum
1785 3474 1797 3521 ;
1851 3455 1971 3527 ipse

366 3540 517 3595 enim
548 3542 869 3614 passionem
892 3559 1061 3615 quam
1092 3543 1203 3597 illis
1233 3543 1437 3615 objecit
1462 3543 1521 3598 in
1547 3560 1606 3598 se
1631 3542 1819 3599 habet.

434 3627 525 3687 30.
556 3632 755 3687 Frater
782 3631 1009 3704 quidam
1040 3632 1179 3687 dixit
1219 3633 1338 3687 seni
1366 3652 1377 3686 :
1431 3632 1578 3711 Quid
1633 3633 1792 3699 facio,
1840 3632 1971 3705 quia

366 3720 568 3776 occidit
596 3738 687 3776 me
707 3721 935 3776 sordida
954 3722 1260 3793 cogitatio?
1291 3721 1437 3777 Dicit
1467 3722 1517 3777 ei
1536 3739 1738 3779 senex:
1769 3723 1971 3779 Mulier

365 3810 589 3882 quando
617 3812 736 3865 vult
759 3811 1041 3866 ablactare
1063 3811 1240 3867 filium
1263 3829 1447 3879 suum,
1474 3828 1732 3868 amarum
1756 3811 1969 3885 aliquid

363 3900 701 3971 superungit
728 3898 992 3955 uberibus
1015 3900 1130 3956 suis
1154 3920 1167 3969 ;
1200 3907 1257 3956 et
1280 3918 1409 3956 cum
1439 3901 1656 3956 venerit
1686 3902 1872 3956 infans
1902 3918 1967 3956 ex

2054 3092 2282 3164 punctio
2304 3093 2363 3147 in
2391 3092 2558 3146 corde
2579 3108 2724 3159 meo,
2749 3092 2883 3163 quia
2901 3094 3088 3147 nescio
3108 3093 3375 3149 virtutem
3389 3095 3563 3151 verbi.
3584 3098 3655 3153 Et

2052 3181 2147 3235 ille
2175 3181 2343 3237 dixit:
2380 3182 2449 3236 Et
2477 3186 2540 3235 tu
2564 3186 2755 3236 tamen
2785 3181 3078 3237 meditare.
3109 3182 3313 3238 Audivi
3340 3184 3489 3239 enim
3520 3186 3653 3258 quia

2054 3270 2259 3326 dixerit
2271 3270 2441 3326 abbas
2469 3272 2686 3335 Pastor,
2704 3271 2801 3325 sed
2822 3276 2878 3325 et
2896 3271 2991 3326 alii
3020 3272 3218 3327 Patres
3236 3274 3342 3329 hoc
3376 3274 3606 3330 verbum
3633 3295 3645 3331 :

2054 3361 2333 3425 Quoniam
2357 3361 2674 3416 incantator
2700 3359 2965 3415 virtutem
3007 3361 3303 3417 verborum
3345 3380 3467 3435 quae
3515 3364 3652 3420 dicit

2054 3449 2271 3519 nescit;
2304 3450 2401 3505 sed
2430 3466 2660 3522 serpens
2688 3450 2865 3517 audit,
2899 3458 2956 3504 et
2984 3451 3091 3505 scit
3138 3451 3404 3507 virtutem
3453 3470 3647 3509 eorum

2055 3555 2178 3611 quae
2207 3540 2587 3607 incantantur,
2621 3544 2679 3594 et
2704 3538 2999 3611 subjicitur
3018 3540 3348 3609 incantanti,
3384 3548 3441 3597 et
3468 3543 3649 3599 humi-

2052 3628 2243 3684 liatur.
2278 3630 2368 3685 Sic
2399 3634 2456 3684 et
2480 3646 2600 3695 nos,
2636 3628 2889 3700 quamvis
2914 3629 3240 3700 ignoremus
3262 3630 3530 3686 virtutem
3550 3649 3646 3688 eo-

2049 3735 2179 3773 rum
2209 3735 2331 3790 quae
2360 3719 2662 3791 loquimur,
2696 3719 2978 3773 daemones
3002 3724 3197 3775 tamen
3226 3720 3520 3777 audientes
3538 3726 3649 3778 ter-

2050 3813 2248 3863 rentur
2277 3815 2326 3862 at
2339 3825 2446 3879 que
2479 3808 2791 3864 discedunt.

2120 3894 2210 3954 33.
2237 3898 2469 3952 Dicebat
2509 3915 2711 3953 senex:
2766 3900 2912 3965 Quia
2954 3899 3217 3971 cogitatio
3262 3900 3649 3957 fornicationis

364 3987 770 4043 consuetudine
812 4005 1012 4060 sugere
1061 3990 1164 4057 lac,
1208 3990 1456 4045 sentiens
1506 3989 1961 4057 amaritudinem,
2046 3985 2259 4055 fragilis
2286 3994 2388 4055 est,
2413 3988 2565 4042 velut
2583 3990 2925 4061 papyrus.Si
2953 4006 3084 4060 ergo
3102 3989 3351 4060 jactetur
3371 3990 3431 4045 in
3458 3990 3641 4058 nobis,

365 4077 590 4148 refugit.
615 4077 775 4132 Mitte
802 4095 935 4149 ergo
965 4084 1021 4134 et
1043 4084 1104 4133 tu
1128 4080 1187 4133 in
1215 4079 1552 4150 cogitatione
1570 4083 1669 4133 tua
1698 4084 1964 4134 amaritu-
2047 4078 2104 4128 et
2132 4092 2243 4129 non
2274 4076 2691 4147 acquiescentes
2722 4079 3082 4149 projiciamus
3112 4077 3264 4131 illam
3297 4095 3329 4132 a
3354 4078 3645 4145 nobisrfa-

364 4164 573 4221 dinem.
608 4166 757 4222 Dicit
787 4166 837 4221 ei
861 4167 1073 4222 frater:
1109 4168 1242 4233 Quae
1288 4173 1375 4223 est
1409 4169 1745 4235 amaritudo,
1790 4186 1961 4240 quam
2044 4163 2146 4218 cile
2169 4164 2471 4234 rumpitur.
2498 4165 2891 4219 Necessarium
2913 4165 3088 4236 igitur
3103 4170 3188 4219 est
3207 4170 3271 4218 ut
3289 4166 3363 4219 sit
3382 4166 3644 4222 discretio

363 4255 598 4310 debeam
616 4256 880 4311 mittere?
910 4256 1061 4311 Dixit
1089 4257 1140 4312 ei
1159 4274 1326 4312 senex
1350 4276 1361 4310 :
1387 4258 1796 4328 Cogitationem
1817 4274 1962 4312 mor—
2042 4253 2102 4307 in
2130 4253 2468 4323 cogitatione
2497 4259 2710 4319 nostra,
2744 4270 2856 4325 qua
2881 4269 3250 4324 agnoscamus
3282 4253 3415 4325 quia
3437 4254 3525 4309 his
3548 4256 3645 4327 qui

360 4344 432 4399 tis
461 4350 522 4400 et
539 4350 970 4414 tormentorum,
1013 4363 1137 4417 quae
1165 4346 1224 4401 in
1256 4347 1456 4402 saeculo
1482 4347 1670 4402 futuro
1701 4333 2021 4419 μεθείω-Ι)
2042 4341 2399 4397 consentiunt
2426 4342 2478 4396 ei
2506 4358 2618 4396 non
2647 4342 2721 4397 sit
2747 4359 2874 4414 spes
2904 4342 3102 4398 salutis
3129 4361 3142 4410 ;
3175 4341 3289 4397 illis
3318 4345 3512 4397 autem
3548 4344 3644 4416 qui

360 4433 516 4490 ribus
544 4440 953 4507 praeparantur.

429 4522 525 4581 31.
565 4524 763 4578 Frater
789 4524 1016 4596 quidam
1048 4523 1415 4597 interrogavit
1438 4542 1629 4581 senem
1660 4526 1729 4580 de
1756 4526 1955 4598 hujus-

358 4613 512 4668 modi
540 4613 878 4684 cogitatione
897 4614 1146 4683 (Ruf/im,
1180 4615 1276 4668 lib.
1307 4628 1391 4681 III,
1418 4631 1472 4669 η.
1508 4612 1619 4685 62).
1653 4614 1724 4669 Et
1750 4615 1886 4670 dicit
1905 4616 1955 4670 ei

358 4717 561 4757 senex:
590 4702 706 4773 Ego
735 4719 1022 4774 nunquam
1044 4703 1367 4757 stimulatus
1385 4720 1509 4758 sum
1532 4703 1601 4760 dc
1632 4704 1736 4757 hac
1766 4722 1846 4758 re.
1889 4705 1960 4759 Et

357 4791 767 4846 scandalizatus
792 4797 878 4846 est
902 4791 961 4847 in
991 4809 1056 4847 eo
1086 4792 1181 4847 ille
1208 4792 1402 4858 frater,
1432 4797 1489 4847 et
1516 4792 1660 4847 abiit
1680 4793 1750 4847 ad
1781 4794 1955 4849 alium

358 4896 573 4945 senem,
601 4879 831 4935 dicens:
868 4880 1003 4935 Ecce
1030 4881 1137 4935 hoc
1165 4880 1307 4936 dixit
1334 4881 1472 4935 mihi
1520 4881 1615 4936 ille
1663 4898 1849 4949 senex,
1901 4888 1959 4937 et

356 4968 767 5025 scandalizatus
798 4986 922 5025 sum
954 4969 1013 5024 in
1042 4987 1147 5025 eo:
1190 4969 1322 5042 quia
1350 4986 1519 5043 super
1563 4975 1824 5026 naturam
1873 4976 1959 5027 est

355 5057 506 5129 quod
532 5058 689 5113 dixit.
724 5058 872 5114 Dicit
900 5058 950 5113 ei
972 5076 1166 5114 senex:
1203 5060 1327 5115 Non
1353 5059 1681 5132 simpliciter
1702 5059 1803 5114 tibi
1819 5060 1958 5116 dixit

353 5143 461 5200 hoc
487 5146 584 5200 ille
615 5147 780 5201 homo
810 5147 946 5215 Dei;
980 5148 1076 5203 sed
1098 5165 1283 5220 surge,
1316 5149 1453 5203 vade
1483 5154 1540 5205 et
1566 5149 1953 5221 paenitentiam

355 5250 461 5305 age
493 5234 644 5306 apud
674 5252 824 5303 eum,
852 5241 917 5291 ut
945 5236 1162 5308 aperiat
1188 5236 1291 5291 tibi
1322 5238 1584 5292 virtutem
1630 5255 1955 5294 sermonum

356 5337 610 5378 suorum.
635 5323 893 5379 Surrexit
921 5340 1054 5397 ergo
1074 5325 1167 5380 ille
1187 5324 1379 5393 frater,
1410 5330 1467 5381 et
1482 5327 1634 5382 venit
1648 5328 1718 5381 ad
1740 5344 1951 5395 senem,

355 5428 532 5483 agens
573 5411 632 5467 in
677 5418 978 5486 conspectu
1018 5416 1141 5487 ejus
1190 5414 1601 5488 paenitentiam.
1655 5417 1725 5470 Et
1779 5417 1948 5471 dixit:

355 5499 589 5573 Ignosce
626 5502 788 5572 mihi,
817 5508 994 5576 pater,
1029 5503 1163 5576 quia
1193 5504 1361 5561 stulte
1391 5503 1515 5572 feci,
1546 5520 1659 5561 non
1680 5504 1828 5562 dicto
1856 5504 1957 5562 tibi

2039 4447 2151 4486 non
2182 4431 2558 4498 consentiunt,
2589 4431 2838 4503 reposita
2862 4431 2938 4487 sit
2960 4447 3191 4489 corona.

2111 4519 2198 4578 34.
2232 4521 2353 4576 Duo
2376 4520 2579 4576 fratres
2597 4521 2914 4595 impugnati
2932 4539 2967 4576 a
2980 4521 3366 4589 fornicatione,
3384 4520 3644 4577 abierunt

2039 4616 2096 4666 et
2123 4616 2458 4683 acceperunt
2486 4628 2705 4666 uxores.
2739 4612 2943 4667 Postea
2963 4616 3153 4667 autem
3174 4611 3437 4666 dixerunt
3460 4611 3530 4666 ad
3549 4611 3641 4667 in-

2038 4701 2214 4755 vicem
2240 4718 2250 4754 :
2286 4702 2431 4766 Quid
2451 4701 2650 4756 lucrati
2679 4717 2873 4757 sumus
2894 4701 3026 4774 quia
3050 4701 3401 4756 deseruimus
3429 4701 3640 4773 angeli-

2038 4808 2168 4846 cum
2189 4791 2462 4857 ordinem,
2496 4796 2554 4845 et
2578 4790 2831 4845 venimus
2860 4790 2919 4845 in
2950 4789 3376 4845 immunditiam
3403 4790 3565 4859 hanc,
3584 4798 3642 4848 et

2040 4885 2164 4952 post
2195 4881 2315 4936 haec
2344 4880 2402 4935 in
2424 4880 2633 4951 ignem,
2652 4884 2709 4935 et
2726 4880 2784 4934 in
2797 4885 3145 4935 tormentum
3163 4879 3383 4936 venturi
3403 4880 3637 4937 sumus?

2039 4969 2354 5025 Redeamus
2383 4986 2515 5041 ergo
2548 4970 2618 5024 ad
2648 4985 2920 5035 eremum,
2954 4974 3012 5025 et
3037 4985 3272 5041 agamus
3304 4969 3374 5025 de
3400 4970 3491 5026 his
3515 4987 3638 5044 quae

2038 5058 2499 5131 praesumpsimus
2522 5058 2933 5131 paenitentiam.
2971 5059 3040 5113 Et
3083 5058 3369 5115 venientes
3399 5060 3472 5116 ad
3512 5076 3637 5115 ere-

2037 5164 2214 5214 mum,
2235 5154 2572 5218 rogaverunt
2581 5153 2770 5220 patres
2792 5153 2855 5202 ut
2874 5148 3221 5220 susciperent
3238 5165 3333 5204 eos
3363 5150 3635 5221 poeniten-

2037 5241 2122 5291 tes
2150 5240 2207 5290 et
2235 5236 2566 5291 confitentes
2595 5252 2662 5290 ea
2687 5252 2809 5307 quae
2852 5241 3161 5307 gesserant.
3197 5237 3266 5291 Et
3311 5237 3634 5291 clauserunt

2038 5342 2132 5380 eos
2162 5341 2309 5380 anno
2338 5325 2558 5397 integro
2587 5342 2766 5393 senes,
2808 5330 2867 5380 et
2911 5324 3181 5382 ambobus
3226 5326 3516 5397 aequaliter
3562 5324 3633 5378 ad

2036 5432 2272 5488 pensum
2297 5414 2536 5470 dabatur
2555 5414 2735 5487 panis,
2761 5420 2819 5470 et
2838 5416 2909 5471 ad
2925 5432 3248 5473 mensuram
3273 5430 3438 5486 aqua.
3458 5413 3634 5467 Erant

2037 5510 2226 5562 autem
2256 5504 2465 5562 visione
2494 5505 2825 5565 consimiles.
2860 5506 2930 5564 Et
2952 5506 3087 5563 dum
3131 5504 3460 5576 completum
3488 5499 3627 5556 fuis-
