  <div class='ocr_page' id='page_1' title='image "/cluster/home/n/w/nwhite01/storage/ocr_20150623/73/hvd.32044054758776/447.png"; bbox 0 0 3964 6206; ppageno 0'>
   <div class='ocr_carea' id='block_1_1' title="bbox 374 214 482 278">
    <p class='ocr_par' dir='ltr' id='par_1_1' title="bbox 374 214 482 278">
     <span class='ocr_line' id='line_1_1' title="bbox 374 214 482 278; baseline -0.056 0"><span class='ocrx_word' id='word_1_1' title='bbox 374 214 482 278; x_wconf 85' lang='grc'><strong>883</strong></span> 
     </span>
    </p>
   </div>
   <div class='ocr_carea' id='block_1_2' title="bbox 1509 222 2521 282">
    <p class='ocr_par' dir='ltr' id='par_1_2' title="bbox 1509 222 2521 282">
     <span class='ocr_line' id='line_1_2' title="bbox 1509 222 2521 282; baseline -0.003 -3"><span class='ocrx_word' id='word_1_2' title='bbox 1509 223 1604 280; x_wconf 90' lang='lat' dir='ltr'><strong>DE</strong></span> <span class='ocrx_word' id='word_1_3' title='bbox 1641 222 1830 281; x_wconf 87' lang='lat' dir='ltr'><strong>VITIS</strong></span> <span class='ocrx_word' id='word_1_4' title='bbox 1869 223 2167 282; x_wconf 87' lang='lat' dir='ltr'><strong>PATRUM</strong></span> <span class='ocrx_word' id='word_1_5' title='bbox 2203 223 2418 280; x_wconf 85' lang='lat' dir='ltr'><strong>LIBER</strong></span> <span class='ocrx_word' id='word_1_6' title='bbox 2453 223 2521 276; x_wconf 88' lang='lat' dir='ltr'><strong>V.</strong></span> 
     </span>
    </p>
   </div>
   <div class='ocr_carea' id='block_1_3' title="bbox 3507 223 3600 284">
    <p class='ocr_par' dir='ltr' id='par_1_3' title="bbox 3507 223 3600 284">
     <span class='ocr_line' id='line_1_3' title="bbox 3507 223 3600 284; baseline 0 0"><span class='ocrx_word' id='word_1_7' title='bbox 3507 223 3600 284; x_wconf 73' lang='grc'><strong>884</strong></span> 
     </span>
    </p>
   </div>
   <div class='ocr_carea' id='block_1_4' title="bbox 371 343 3609 419">
    <p class='ocr_par' dir='ltr' id='par_1_4' title="bbox 371 343 3609 419">
     <span class='ocr_line' id='line_1_4' title="bbox 371 343 3609 419; baseline 0.001 -19"><span class='ocrx_word' id='word_1_8' title='bbox 371 350 460 400; x_wconf 90' lang='lat' dir='ltr'><strong>set</strong></span> <span class='ocrx_word' id='word_1_9' title='bbox 477 350 703 419; x_wconf 81' lang='lat' dir='ltr'><strong>tempus</strong></span> <span class='ocrx_word' id='word_1_10' title='bbox 716 345 1075 419; x_wconf 72' lang='lat' dir='ltr'><strong>poenitentiae,</strong></span> <span class='ocrx_word' id='word_1_11' title='bbox 1091 347 1371 401; x_wconf 86' lang='lat' dir='ltr'><strong>exierunt.</strong></span> <span class='ocrx_word' id='word_1_12' title='bbox 1401 345 1471 402; x_wconf 88' lang='lat' dir='ltr'><strong>Et</strong></span> <span class='ocrx_word' id='word_1_13' title='bbox 1491 347 1753 404; x_wconf 86' lang='lat' dir='ltr'><strong>viderunt</strong></span> <span class='ocrx_word' id='word_1_14' title='bbox 1765 349 2021 410; x_wconf 78' lang='lat' dir='ltr'><strong>PatresA</strong></span> <span class='ocrx_word' id='word_1_15' title='bbox 2041 349 2266 404; x_wconf 86' lang='lat' dir='ltr'><strong>dicens:</strong></span> <span class='ocrx_word' id='word_1_16' title='bbox 2301 346 2592 414; x_wconf 84' lang='lat' dir='ltr'><strong>Quomodo</strong></span> <span class='ocrx_word' id='word_1_17' title='bbox 2620 345 2730 401; x_wconf 90' lang='lat' dir='ltr'><strong>huc</strong></span> <span class='ocrx_word' id='word_1_18' title='bbox 2766 343 3088 400; x_wconf 78' lang='lat' dir='ltr'><strong>advenisti?</strong></span> <span class='ocrx_word' id='word_1_19' title='bbox 3115 343 3220 400; x_wconf 90' lang='lat' dir='ltr'><strong>Illa</strong></span> <span class='ocrx_word' id='word_1_20' title='bbox 3246 348 3429 402; x_wconf 85' lang='lat' dir='ltr'><strong>autem</strong></span> <span class='ocrx_word' id='word_1_21' title='bbox 3474 350 3609 407; x_wconf 79' lang='lat' dir='ltr'><strong>velut</strong></span> 
     </span>
    </p>
   </div>
   <div class='ocr_carea' id='block_1_5' title="bbox 373 434 1960 509">
    <p class='ocr_par' dir='ltr' id='par_1_5' title="bbox 373 434 1960 509">
     <span class='ocr_line' id='line_1_5' title="bbox 373 434 1960 509; baseline 0.002 -19"><span class='ocrx_word' id='word_1_22' title='bbox 373 449 552 490; x_wconf 86' lang='lat' dir='ltr'><strong>unum</strong></span> <span class='ocrx_word' id='word_1_23' title='bbox 581 436 850 509; x_wconf 88' lang='lat' dir='ltr'><strong>pallidum</strong></span> <span class='ocrx_word' id='word_1_24' title='bbox 879 441 935 489; x_wconf 91' lang='lat' dir='ltr'><strong>et</strong></span> <span class='ocrx_word' id='word_1_25' title='bbox 969 434 1184 490; x_wconf 79' lang='lat' dir='ltr'><strong>tristem</strong></span> <span class='ocrx_word' id='word_1_26' title='bbox 1221 435 1425 504; x_wconf 88' lang='lat' dir='ltr'><strong>nimis;</strong></span> <span class='ocrx_word' id='word_1_27' title='bbox 1473 437 1646 493; x_wconf 88' lang='lat' dir='ltr'><strong>alium</strong></span> <span class='ocrx_word' id='word_1_28' title='bbox 1694 455 1820 493; x_wconf 89' lang='lat' dir='ltr'><strong>vero</strong></span> <span class='ocrx_word' id='word_1_29' title='bbox 1868 455 1960 494; x_wconf 86' lang='lat' dir='ltr'><strong>ro-</strong></span> 
     </span>
    </p>
   </div>
   <div class='ocr_carea' id='block_1_6' title="bbox 371 523 1962 598">
    <p class='ocr_par' dir='ltr' id='par_1_6' title="bbox 371 523 1962 598">
     <span class='ocr_line' id='line_1_6' title="bbox 371 523 1962 598; baseline 0.003 -20"><span class='ocrx_word' id='word_1_30' title='bbox 371 523 600 582; x_wconf 90' lang='lat' dir='ltr'><strong>bustum</strong></span> <span class='ocrx_word' id='word_1_31' title='bbox 625 531 682 580; x_wconf 89' lang='lat' dir='ltr'><strong>et</strong></span> <span class='ocrx_word' id='word_1_32' title='bbox 707 525 918 578; x_wconf 90' lang='lat' dir='ltr'><strong>clarum</strong></span> <span class='ocrx_word' id='word_1_33' title='bbox 945 543 958 592; x_wconf 91' lang='lat'><strong>;</strong></span> <span class='ocrx_word' id='word_1_34' title='bbox 991 531 1048 578; x_wconf 92' lang='lat' dir='ltr'><strong>et</strong></span> <span class='ocrx_word' id='word_1_35' title='bbox 1075 523 1264 579; x_wconf 83' lang='lat' dir='ltr'><strong>mirati</strong></span> <span class='ocrx_word' id='word_1_36' title='bbox 1291 530 1443 592; x_wconf 89' lang='lat' dir='ltr'><strong>sunt,</strong></span> <span class='ocrx_word' id='word_1_37' title='bbox 1485 527 1750 598; x_wconf 84' lang='lat' dir='ltr'><strong>quoniam</strong></span> <span class='ocrx_word' id='word_1_38' title='bbox 1775 527 1962 583; x_wconf 89' lang='lat' dir='ltr'><strong>cibum</strong></span> 
     </span>
    </p>
   </div>
   <div class='ocr_carea' id='block_1_7' title="bbox 2043 433 3608 511">
    <p class='ocr_par' dir='ltr' id='par_1_7' title="bbox 2043 433 3608 511">
     <span class='ocr_line' id='line_1_7' title="bbox 2043 433 3608 511; baseline -0.002 -17"><span class='ocrx_word' id='word_1_39' title='bbox 2043 439 2289 511; x_wconf 79' lang='lat' dir='ltr'><strong>plorans,</strong></span> <span class='ocrx_word' id='word_1_40' title='bbox 2303 435 2552 492; x_wconf 88' lang='lat' dir='ltr'><strong>dicebat:</strong></span> <span class='ocrx_word' id='word_1_41' title='bbox 2573 435 2824 490; x_wconf 88' lang='lat' dir='ltr'><strong>Errando</strong></span> <span class='ocrx_word' id='word_1_42' title='bbox 2836 435 2947 490; x_wconf 89' lang='lat' dir='ltr'><strong>huc</strong></span> <span class='ocrx_word' id='word_1_43' title='bbox 2965 433 3108 491; x_wconf 88' lang='lat' dir='ltr'><strong>veni.</strong></span> <span class='ocrx_word' id='word_1_44' title='bbox 3133 433 3240 500; x_wconf 87' lang='lat' dir='ltr'><strong>Qui</strong></span> <span class='ocrx_word' id='word_1_45' title='bbox 3259 451 3383 490; x_wconf 90' lang='lat' dir='ltr'><strong>cum</strong></span> <span class='ocrx_word' id='word_1_46' title='bbox 3406 437 3608 494; x_wconf 85' lang='lat' dir='ltr'><strong>misera-</strong></span> 
     </span>
    </p>
   </div>
   <div class='ocr_carea' id='block_1_8' title="bbox 2044 522 3611 596">
    <p class='ocr_par' dir='ltr' id='par_1_8' title="bbox 2044 522 3611 596">
     <span class='ocr_line' id='line_1_8' title="bbox 2044 522 3611 596; baseline 0 -13"><span class='ocrx_word' id='word_1_47' title='bbox 2044 530 2196 583; x_wconf 85' lang='lat' dir='ltr'><strong>tione</strong></span> <span class='ocrx_word' id='word_1_48' title='bbox 2225 527 2500 582; x_wconf 87' lang='lat' dir='ltr'><strong>viscerum</strong></span> <span class='ocrx_word' id='word_1_49' title='bbox 2534 525 2874 596; x_wconf 88' lang='lat' dir='ltr'><strong>pulsaretur,</strong></span> <span class='ocrx_word' id='word_1_50' title='bbox 2903 522 3217 578; x_wconf 81' lang='lat' dir='ltr'><strong>introduxit</strong></span> <span class='ocrx_word' id='word_1_51' title='bbox 3243 539 3363 578; x_wconf 90' lang='lat' dir='ltr'><strong>eam</strong></span> <span class='ocrx_word' id='word_1_52' title='bbox 3380 523 3436 580; x_wconf 92' lang='lat' dir='ltr'><strong>in</strong></span> <span class='ocrx_word' id='word_1_53' title='bbox 3463 528 3611 583; x_wconf 86' lang='lat' dir='ltr'><strong>atrio-</strong></span> 
     </span>
    </p>
   </div>
   <div class='ocr_carea' id='block_1_9' title="bbox 372 612 1968 686">
    <p class='ocr_par' dir='ltr' id='par_1_9' title="bbox 372 612 1968 686">
     <span class='ocr_line' id='line_1_9' title="bbox 372 612 1968 686; baseline 0.003 -18"><span class='ocrx_word' id='word_1_54' title='bbox 372 618 430 668; x_wconf 88' lang='lat' dir='ltr'><strong>et</strong></span> <span class='ocrx_word' id='word_1_55' title='bbox 455 619 652 684; x_wconf 84' lang='lat' dir='ltr'><strong>potum</strong></span> <span class='ocrx_word' id='word_1_56' title='bbox 681 612 972 684; x_wconf 80' lang='lat' dir='ltr'><strong>aequaliter</strong></span> <span class='ocrx_word' id='word_1_57' title='bbox 1007 620 1355 685; x_wconf 87' lang='lat' dir='ltr'><strong>acceperant.</strong></span> <span class='ocrx_word' id='word_1_58' title='bbox 1389 615 1458 670; x_wconf 91' lang='lat' dir='ltr'><strong>Et</strong></span> <span class='ocrx_word' id='word_1_59' title='bbox 1479 615 1968 686; x_wconf 75' lang='lat' dir='ltr'><strong>interrogaverunt</strong></span> 
     </span>
    </p>
   </div>
   <div class='ocr_carea' id='block_1_10' title="bbox 369 701 1964 773">
    <p class='ocr_par' dir='ltr' id='par_1_10' title="bbox 369 701 1964 773">
     <span class='ocr_line' id='line_1_10' title="bbox 369 701 1964 773; baseline 0.004 -17"><span class='ocrx_word' id='word_1_60' title='bbox 369 717 500 756; x_wconf 91' lang='lat' dir='ltr'><strong>eum</strong></span> <span class='ocrx_word' id='word_1_61' title='bbox 539 701 636 773; x_wconf 89' lang='lat' dir='ltr'><strong>qui</strong></span> <span class='ocrx_word' id='word_1_62' title='bbox 680 701 858 756; x_wconf 82' lang='lat' dir='ltr'><strong>tristis</strong></span> <span class='ocrx_word' id='word_1_63' title='bbox 895 707 956 756; x_wconf 84' lang='lat' dir='ltr'><strong>et</strong></span> <span class='ocrx_word' id='word_1_64' title='bbox 996 702 1239 757; x_wconf 83' lang='lat' dir='ltr'><strong>afﬂictus</strong></span> <span class='ocrx_word' id='word_1_65' title='bbox 1286 709 1426 769; x_wconf 90' lang='lat' dir='ltr'><strong>erat,</strong></span> <span class='ocrx_word' id='word_1_66' title='bbox 1479 705 1728 761; x_wconf 88' lang='lat' dir='ltr'><strong>dicentes</strong></span> <span class='ocrx_word' id='word_1_67' title='bbox 1761 725 1774 760; x_wconf 88' lang='lat'><strong>:</strong></span> <span class='ocrx_word' id='word_1_68' title='bbox 1818 706 1964 772; x_wconf 90' lang='lat' dir='ltr'><strong>Quid</strong></span> 
     </span>
    </p>
   </div>
   <div class='ocr_carea' id='block_1_11' title="bbox 368 789 1965 862">
    <p class='ocr_par' dir='ltr' id='par_1_11' title="bbox 368 789 1965 862">
     <span class='ocr_line' id='line_1_11' title="bbox 368 789 1965 862; baseline 0.004 -19"><span class='ocrx_word' id='word_1_69' title='bbox 368 789 711 845; x_wconf 90' lang='lat' dir='ltr'><strong>exercitabas</strong></span> <span class='ocrx_word' id='word_1_70' title='bbox 730 807 857 845; x_wconf 85' lang='lat' dir='ltr'><strong>cum</strong></span> <span class='ocrx_word' id='word_1_71' title='bbox 887 791 1319 862; x_wconf 83' lang='lat' dir='ltr'><strong>cogitationibus</strong></span> <span class='ocrx_word' id='word_1_72' title='bbox 1347 794 1460 849; x_wconf 90' lang='lat' dir='ltr'><strong>tuis</strong></span> <span class='ocrx_word' id='word_1_73' title='bbox 1489 793 1546 849; x_wconf 92' lang='lat' dir='ltr'><strong>in</strong></span> <span class='ocrx_word' id='word_1_74' title='bbox 1583 795 1724 850; x_wconf 84' lang='lat' dir='ltr'><strong>cella</strong></span> <span class='ocrx_word' id='word_1_75' title='bbox 1747 797 1965 852; x_wconf 86' lang='lat' dir='ltr'><strong>tua?Et</strong></span> 
     </span>
    </p>
   </div>
   <div class='ocr_carea' id='block_1_12' title="bbox 367 877 1964 956">
    <p class='ocr_par' dir='ltr' id='par_1_12' title="bbox 367 877 1964 956">
     <span class='ocr_line' id='line_1_12' title="bbox 367 877 1964 956; baseline 0.006 -24"><span class='ocrx_word' id='word_1_76' title='bbox 367 877 464 932; x_wconf 89' lang='lat' dir='ltr'><strong>ille</strong></span> <span class='ocrx_word' id='word_1_77' title='bbox 491 878 661 933; x_wconf 86' lang='lat' dir='ltr'><strong>dixit:</strong></span> <span class='ocrx_word' id='word_1_78' title='bbox 704 879 814 934; x_wconf 91' lang='lat' dir='ltr'><strong>Pro</strong></span> <span class='ocrx_word' id='word_1_79' title='bbox 861 880 1024 936; x_wconf 90' lang='lat' dir='ltr'><strong>malis</strong></span> <span class='ocrx_word' id='word_1_80' title='bbox 1069 898 1192 953; x_wconf 83' lang='lat' dir='ltr'><strong>quae</strong></span> <span class='ocrx_word' id='word_1_81' title='bbox 1239 881 1363 946; x_wconf 85' lang='lat' dir='ltr'><strong>feci,</strong></span> <span class='ocrx_word' id='word_1_82' title='bbox 1415 899 1609 954; x_wconf 75' lang='lat' dir='ltr'><strong>pcenas</strong></span> <span class='ocrx_word' id='word_1_83' title='bbox 1655 885 1712 939; x_wconf 88' lang='lat' dir='ltr'><strong>in</strong></span> <span class='ocrx_word' id='word_1_84' title='bbox 1762 884 1964 956; x_wconf 86' lang='lat' dir='ltr'><strong>quibus</strong></span> 
     </span>
    </p>
   </div>
   <div class='ocr_carea' id='block_1_13' title="bbox 272 969 1962 1039">
    <p class='ocr_par' dir='ltr' id='par_1_13' title="bbox 272 969 1962 1039">
     <span class='ocr_line' id='line_1_13' title="bbox 272 969 1962 1039; baseline 0.003 -15"><span class='ocrx_word' id='word_1_85' title='bbox 272 1017 288 1024; x_wconf 66' lang='lat'><strong>-</strong></span> <span class='ocrx_word' id='word_1_86' title='bbox 366 972 636 1022; x_wconf 85' lang='lat' dir='ltr'><strong>venturus</strong></span> <span class='ocrx_word' id='word_1_87' title='bbox 665 985 821 1023; x_wconf 88' lang='lat' dir='ltr'><strong>eram</strong></span> <span class='ocrx_word' id='word_1_88' title='bbox 853 969 911 1024; x_wconf 92' lang='lat' dir='ltr'><strong>in</strong></span> <span class='ocrx_word' id='word_1_89' title='bbox 940 970 1130 1024; x_wconf 88' lang='lat' dir='ltr'><strong>animo</strong></span> <span class='ocrx_word' id='word_1_90' title='bbox 1157 971 1528 1039; x_wconf 86' lang='lat' dir='ltr'><strong>revolvebam,</strong></span> <span class='ocrx_word' id='word_1_91' title='bbox 1577 979 1634 1028; x_wconf 90' lang='lat' dir='ltr'><strong>et</strong></span> <span class='ocrx_word' id='word_1_92' title='bbox 1683 989 1718 1028; x_wconf 89' lang='lat' dir='ltr'><strong>a</strong></span> <span class='ocrx_word' id='word_1_93' title='bbox 1761 974 1962 1029; x_wconf 86' lang='lat' dir='ltr'><strong>timore</strong></span> 
     </span>
    </p>
   </div>
   <div class='ocr_carea' id='block_1_14' title="bbox 366 1056 1965 1134">
    <p class='ocr_par' dir='ltr' id='par_1_14' title="bbox 366 1056 1965 1134">
     <span class='ocr_line' id='line_1_14' title="bbox 366 1056 1965 1134; baseline 0.004 -23"><span class='ocrx_word' id='word_1_94' title='bbox 366 1056 728 1112; x_wconf 66' lang='lat' dir='ltr'><strong>adhaeserunt</strong></span> <span class='ocrx_word' id='word_1_95' title='bbox 753 1075 884 1113; x_wconf 86' lang='lat' dir='ltr'><strong>ossa</strong></span> <span class='ocrx_word' id='word_1_96' title='bbox 911 1075 1036 1113; x_wconf 88' lang='lat' dir='ltr'><strong>mea</strong></span> <span class='ocrx_word' id='word_1_97' title='bbox 1063 1060 1219 1115; x_wconf 88' lang='lat' dir='ltr'><strong>carni</strong></span> <span class='ocrx_word' id='word_1_98' title='bbox 1259 1077 1416 1116; x_wconf 72' lang='lat' dir='ltr'><strong>meae.</strong></span> <span class='ocrx_word' id='word_1_99' title='bbox 1469 1063 1965 1134; x_wconf 88' lang='lat' dir='ltr'><strong>Interrogaverunt</strong></span> 
     </span>
    </p>
   </div>
   <div class='ocr_carea' id='block_1_15' title="bbox 365 1146 1965 1223">
    <p class='ocr_par' dir='ltr' id='par_1_15' title="bbox 365 1146 1965 1223">
     <span class='ocr_line' id='line_1_15' title="bbox 365 1146 1965 1223; baseline 0.006 -24"><span class='ocrx_word' id='word_1_100' title='bbox 365 1150 556 1200; x_wconf 87' lang='lat' dir='ltr'><strong>autem</strong></span> <span class='ocrx_word' id='word_1_101' title='bbox 587 1151 645 1200; x_wconf 92' lang='lat' dir='ltr'><strong>et</strong></span> <span class='ocrx_word' id='word_1_102' title='bbox 671 1146 866 1212; x_wconf 91' lang='lat' dir='ltr'><strong>alium,</strong></span> <span class='ocrx_word' id='word_1_103' title='bbox 889 1146 1162 1203; x_wconf 89' lang='lat' dir='ltr'><strong>dicentes:</strong></span> <span class='ocrx_word' id='word_1_104' title='bbox 1193 1149 1276 1204; x_wconf 90' lang='lat' dir='ltr'><strong>Tu</strong></span> <span class='ocrx_word' id='word_1_105' title='bbox 1297 1149 1430 1220; x_wconf 89' lang='lat' dir='ltr'><strong>quid</strong></span> <span class='ocrx_word' id='word_1_106' title='bbox 1441 1149 1724 1223; x_wconf 83' lang='lat' dir='ltr'><strong>cogitabas</strong></span> <span class='ocrx_word' id='word_1_107' title='bbox 1749 1151 1808 1207; x_wconf 89' lang='lat' dir='ltr'><strong>in</strong></span> <span class='ocrx_word' id='word_1_108' title='bbox 1822 1153 1965 1208; x_wconf 87' lang='lat' dir='ltr'><strong>cella</strong></span> 
     </span>
    </p>
   </div>
   <div class='ocr_carea' id='block_1_16' title="bbox 367 1233 1964 1312">
    <p class='ocr_par' dir='ltr' id='par_1_16' title="bbox 367 1233 1964 1312">
     <span class='ocr_line' id='line_1_16' title="bbox 367 1233 1964 1312; baseline 0.005 -24"><span class='ocrx_word' id='word_1_109' title='bbox 367 1233 512 1288; x_wconf 88' lang='lat' dir='ltr'><strong>tua?</strong></span> <span class='ocrx_word' id='word_1_110' title='bbox 541 1234 610 1289; x_wconf 89' lang='lat' dir='ltr'><strong>Et</strong></span> <span class='ocrx_word' id='word_1_111' title='bbox 638 1235 732 1289; x_wconf 92' lang='lat' dir='ltr'><strong>ille</strong></span> <span class='ocrx_word' id='word_1_112' title='bbox 761 1234 1020 1292; x_wconf 89' lang='lat' dir='ltr'><strong>dicebat:</strong></span> <span class='ocrx_word' id='word_1_113' title='bbox 1053 1237 1169 1292; x_wconf 92' lang='lat' dir='ltr'><strong>Deo</strong></span> <span class='ocrx_word' id='word_1_114' title='bbox 1206 1238 1418 1308; x_wconf 83' lang='lat' dir='ltr'><strong>gratias</strong></span> <span class='ocrx_word' id='word_1_115' title='bbox 1455 1239 1784 1308; x_wconf 83' lang='lat' dir='ltr'><strong>referebam,</strong></span> <span class='ocrx_word' id='word_1_116' title='bbox 1831 1241 1964 1312; x_wconf 87' lang='lat' dir='ltr'><strong>quia</strong></span> 
     </span>
    </p>
   </div>
   <div class='ocr_carea' id='block_1_17' title="bbox 365 1322 1962 1400">
    <p class='ocr_par' dir='ltr' id='par_1_17' title="bbox 365 1322 1962 1400">
     <span class='ocr_line' id='line_1_17' title="bbox 365 1322 1962 1400; baseline 0.004 -22"><span class='ocrx_word' id='word_1_117' title='bbox 365 1322 518 1378; x_wconf 89' lang='lat' dir='ltr'><strong>eruit</strong></span> <span class='ocrx_word' id='word_1_118' title='bbox 541 1339 629 1378; x_wconf 91' lang='lat' dir='ltr'><strong>me</strong></span> <span class='ocrx_word' id='word_1_119' title='bbox 649 1323 720 1378; x_wconf 91' lang='lat' dir='ltr'><strong>de</strong></span> <span class='ocrx_word' id='word_1_120' title='bbox 741 1323 1166 1395; x_wconf 89' lang='lat' dir='ltr'><strong>inquinamento</strong></span> <span class='ocrx_word' id='word_1_121' title='bbox 1188 1327 1380 1382; x_wconf 89' lang='lat' dir='ltr'><strong>mundi</strong></span> <span class='ocrx_word' id='word_1_122' title='bbox 1403 1329 1590 1400; x_wconf 84' lang='lat' dir='ltr'><strong>hujus,</strong></span> <span class='ocrx_word' id='word_1_123' title='bbox 1619 1334 1678 1384; x_wconf 92' lang='lat' dir='ltr'><strong>et</strong></span> <span class='ocrx_word' id='word_1_124' title='bbox 1695 1329 1763 1384; x_wconf 92' lang='lat' dir='ltr'><strong>de</strong></span> <span class='ocrx_word' id='word_1_125' title='bbox 1786 1329 1962 1386; x_wconf 87' lang='lat' dir='ltr'><strong>futuri</strong></span> 
     </span>
    </p>
   </div>
   <div class='ocr_carea' id='block_1_18' title="bbox 370 1411 3617 1488">
    <p class='ocr_par' dir='ltr' id='par_1_18' title="bbox 370 1411 3617 1488">
     <span class='ocr_line' id='line_1_18' title="bbox 370 1411 3617 1488; baseline 0.001 -20"><span class='ocrx_word' id='word_1_126' title='bbox 370 1411 558 1468; x_wconf 56' lang='lat' dir='ltr'><strong>saeculi</strong></span> <span class='ocrx_word' id='word_1_127' title='bbox 579 1411 778 1483; x_wconf 65' lang='lat' dir='ltr'><strong>pinnis,</strong></span> <span class='ocrx_word' id='word_1_128' title='bbox 813 1418 870 1468; x_wconf 92' lang='lat' dir='ltr'><strong>et</strong></span> <span class='ocrx_word' id='word_1_129' title='bbox 896 1415 1171 1470; x_wconf 77' lang='lat' dir='ltr'><strong>revocavit</strong></span> <span class='ocrx_word' id='word_1_130' title='bbox 1199 1432 1289 1471; x_wconf 89' lang='lat' dir='ltr'><strong>me</strong></span> <span class='ocrx_word' id='word_1_131' title='bbox 1316 1417 1387 1472; x_wconf 87' lang='lat' dir='ltr'><strong>ad</strong></span> <span class='ocrx_word' id='word_1_132' title='bbox 1417 1417 1561 1472; x_wconf 88' lang='lat' dir='ltr'><strong>hanc</strong></span> <span class='ocrx_word' id='word_1_133' title='bbox 1587 1419 1962 1474; x_wconf 89' lang='lat' dir='ltr'><strong>conversatio-</strong></span> <span class='ocrx_word' id='word_1_134' title='bbox 2045 1421 2250 1488; x_wconf 82' lang='lat' dir='ltr'><strong>xxXIv).</strong></span> <span class='ocrx_word' id='word_1_135' title='bbox 2275 1417 2523 1488; x_wconf 86' lang='lat' dir='ltr'><strong>Surgens</strong></span> <span class='ocrx_word' id='word_1_136' title='bbox 2545 1431 2677 1488; x_wconf 90' lang='lat' dir='ltr'><strong>ergo</strong></span> <span class='ocrx_word' id='word_1_137' title='bbox 2699 1415 2955 1470; x_wconf 87' lang='lat' dir='ltr'><strong>accendit</strong></span> <span class='ocrx_word' id='word_1_138' title='bbox 2973 1415 3284 1471; x_wconf 89' lang='lat' dir='ltr'><strong>lucernam.</strong></span> <span class='ocrx_word' id='word_1_139' title='bbox 3317 1415 3386 1470; x_wconf 88' lang='lat' dir='ltr'><strong>Et</strong></span> <span class='ocrx_word' id='word_1_140' title='bbox 3410 1432 3530 1470; x_wconf 89' lang='lat' dir='ltr'><strong>cum</strong></span> <span class='ocrx_word' id='word_1_141' title='bbox 3546 1415 3617 1471; x_wconf 87' lang='lat' dir='ltr'><strong>in-</strong></span> 
     </span>
    </p>
   </div>
   <div class='ocr_carea' id='block_1_19' title="bbox 372 1501 3620 1576">
    <p class='ocr_par' dir='ltr' id='par_1_19' title="bbox 372 1501 3620 1576">
     <span class='ocr_line' id='line_1_19' title="bbox 372 1501 3620 1576; baseline 0.002 -21"><span class='ocrx_word' id='word_1_142' title='bbox 372 1517 502 1556; x_wconf 88' lang='lat' dir='ltr'><strong>nem</strong></span> <span class='ocrx_word' id='word_1_143' title='bbox 532 1501 840 1572; x_wconf 84' lang='lat' dir='ltr'><strong>angelicam</strong></span> <span class='ocrx_word' id='word_1_144' title='bbox 869 1521 882 1568; x_wconf 90' lang='lat'><strong>;</strong></span> <span class='ocrx_word' id='word_1_145' title='bbox 915 1508 972 1557; x_wconf 90' lang='lat' dir='ltr'><strong>et</strong></span> <span class='ocrx_word' id='word_1_146' title='bbox 999 1503 1362 1560; x_wconf 90' lang='lat' dir='ltr'><strong>reminiscens</strong></span> <span class='ocrx_word' id='word_1_147' title='bbox 1409 1506 1632 1562; x_wconf 77' lang='lat' dir='ltr'><strong>assidue</strong></span> <span class='ocrx_word' id='word_1_148' title='bbox 1678 1507 1780 1562; x_wconf 89' lang='lat' dir='ltr'><strong>Dei</strong></span> <span class='ocrx_word' id='word_1_149' title='bbox 1830 1509 1962 1576; x_wconf 90' lang='lat' dir='ltr'><strong>mei,</strong></span> <span class='ocrx_word' id='word_1_150' title='bbox 2049 1509 2438 1563; x_wconf 83' lang='lat' dir='ltr'><strong>ﬂammaretur</strong></span> <span class='ocrx_word' id='word_1_151' title='bbox 2461 1505 2757 1571; x_wconf 91' lang='lat' dir='ltr'><strong>desiderio,</strong></span> <span class='ocrx_word' id='word_1_152' title='bbox 2789 1503 3044 1559; x_wconf 86' lang='lat' dir='ltr'><strong>dicebat:</strong></span> <span class='ocrx_word' id='word_1_153' title='bbox 3075 1503 3357 1568; x_wconf 83' lang='lat' dir='ltr'><strong>Quoniam</strong></span> <span class='ocrx_word' id='word_1_154' title='bbox 3383 1503 3476 1575; x_wconf 89' lang='lat' dir='ltr'><strong>qui</strong></span> <span class='ocrx_word' id='word_1_155' title='bbox 3500 1505 3620 1560; x_wconf 85' lang='lat' dir='ltr'><strong>talia</strong></span> 
     </span>
    </p>
   </div>
   <div class='ocr_carea' id='block_1_20' title="bbox 370 1587 3622 1669">
    <p class='ocr_par' dir='ltr' id='par_1_20' title="bbox 370 1587 3622 1669">
     <span class='ocr_line' id='line_1_20' title="bbox 370 1587 3622 1669; baseline 0.002 -25"><span class='ocrx_word' id='word_1_156' title='bbox 370 1587 620 1644; x_wconf 70' lang='lat' dir='ltr'><strong>laetabar.</strong></span> <span class='ocrx_word' id='word_1_157' title='bbox 653 1589 722 1645; x_wconf 88' lang='lat' dir='ltr'><strong>Et</strong></span> <span class='ocrx_word' id='word_1_158' title='bbox 747 1589 1009 1648; x_wconf 87' lang='lat' dir='ltr'><strong>dixerunt</strong></span> <span class='ocrx_word' id='word_1_159' title='bbox 1033 1609 1229 1648; x_wconf 88' lang='lat' dir='ltr'><strong>senes:</strong></span> <span class='ocrx_word' id='word_1_160' title='bbox 1273 1594 1524 1667; x_wconf 69' lang='lat' dir='ltr'><strong>[Equalis</strong></span> <span class='ocrx_word' id='word_1_161' title='bbox 1551 1602 1638 1651; x_wconf 87' lang='lat' dir='ltr'><strong>est</strong></span> <span class='ocrx_word' id='word_1_162' title='bbox 1671 1596 1965 1654; x_wconf 87' lang='lat' dir='ltr'><strong>amborum</strong></span> <span class='ocrx_word' id='word_1_163' title='bbox 1987 1665 2016 1669; x_wconf 72' lang='lat'><strong><em>_</em></strong></span> <span class='ocrx_word' id='word_1_164' title='bbox 2049 1601 2244 1669; x_wconf 87' lang='lat' dir='ltr'><strong>agunt,</strong></span> <span class='ocrx_word' id='word_1_165' title='bbox 2276 1596 2336 1650; x_wconf 89' lang='lat' dir='ltr'><strong>in</strong></span> <span class='ocrx_word' id='word_1_166' title='bbox 2369 1594 2665 1650; x_wconf 86' lang='lat' dir='ltr'><strong>tormentis</strong></span> <span class='ocrx_word' id='word_1_167' title='bbox 2713 1593 2924 1648; x_wconf 85' lang='lat' dir='ltr'><strong>vadunt</strong></span> <span class='ocrx_word' id='word_1_168' title='bbox 2961 1593 3100 1663; x_wconf 71' lang='lat' dir='ltr'><strong>(Gal.</strong></span> <span class='ocrx_word' id='word_1_169' title='bbox 3150 1597 3226 1663; x_wconf 91' lang='lat' dir='ltr'><strong>v).</strong></span> <span class='ocrx_word' id='word_1_170' title='bbox 3277 1592 3458 1648; x_wconf 87' lang='lat' dir='ltr'><strong>Proba</strong></span> <span class='ocrx_word' id='word_1_171' title='bbox 3506 1610 3622 1664; x_wconf 84' lang='lat' dir='ltr'><strong>ergo</strong></span> 
     </span>
    </p>
   </div>
   <div class='ocr_carea' id='block_1_21' title="bbox 371 1665 3621 1758">
    <p class='ocr_par' dir='ltr' id='par_1_21' title="bbox 371 1665 3621 1758">
     <span class='ocr_line' id='line_1_21' title="bbox 371 1665 3621 1758; baseline 0.002 -25"><span class='ocrx_word' id='word_1_172' title='bbox 371 1679 704 1751; x_wconf 78' lang='lat' dir='ltr'><strong>pcenitentia</strong></span> <span class='ocrx_word' id='word_1_173' title='bbox 726 1681 875 1754; x_wconf 89' lang='lat' dir='ltr'><strong>apud</strong></span> <span class='ocrx_word' id='word_1_174' title='bbox 901 1682 1100 1737; x_wconf 89' lang='lat' dir='ltr'><strong>Deum.</strong></span> <span class='ocrx_word' id='word_1_175' title='bbox 1360 1665 1378 1667; x_wconf 49' lang='lat'>_</span> <span class='ocrx_word' id='word_1_176' title='bbox 1987 1665 2030 1730; x_wconf 76' lang='grc' dir='ltr'><strong>Β</strong></span> <span class='ocrx_word' id='word_1_177' title='bbox 2049 1665 2290 1758; x_wconf 73' lang='lat' dir='ltr'><strong>teipsum</strong></span> <span class='ocrx_word' id='word_1_178' title='bbox 2313 1701 2378 1740; x_wconf 90' lang='lat' dir='ltr'><strong>ex</strong></span> <span class='ocrx_word' id='word_1_179' title='bbox 2396 1685 2521 1750; x_wconf 87' lang='lat' dir='ltr'><strong>hoc,</strong></span> <span class='ocrx_word' id='word_1_180' title='bbox 2537 1683 2583 1738; x_wconf 91' lang='lat' dir='ltr'><strong>si</strong></span> <span class='ocrx_word' id='word_1_181' title='bbox 2596 1687 2756 1754; x_wconf 86' lang='lat' dir='ltr'><strong>potes</strong></span> <span class='ocrx_word' id='word_1_182' title='bbox 2771 1681 3050 1737; x_wconf 88' lang='lat' dir='ltr'><strong>sustinere</strong></span> <span class='ocrx_word' id='word_1_183' title='bbox 3063 1681 3250 1753; x_wconf 89' lang='lat' dir='ltr'><strong>ignem</strong></span> <span class='ocrx_word' id='word_1_184' title='bbox 3269 1687 3550 1738; x_wconf 62' lang='lat' dir='ltr'><strong>aeternum.</strong></span> <span class='ocrx_word' id='word_1_185' title='bbox 3565 1683 3621 1738; x_wconf 87' lang='lat' dir='ltr'><strong>Et</strong></span> 
     </span>
    </p>
   </div>
   <div class='ocr_carea' id='block_1_22' title="bbox 445 1766 3624 1846">
    <p class='ocr_par' dir='ltr' id='par_1_22' title="bbox 445 1766 3624 1846">
     <span class='ocr_line' id='line_1_22' title="bbox 445 1766 3624 1846; baseline 0.001 -22"><span class='ocrx_word' id='word_1_186' title='bbox 445 1766 532 1826; x_wconf 82' lang='grc'><strong>35.</strong></span> <span class='ocrx_word' id='word_1_187' title='bbox 563 1769 746 1824; x_wconf 84' lang='lat' dir='ltr'><strong>Senex</strong></span> <span class='ocrx_word' id='word_1_188' title='bbox 768 1770 997 1842; x_wconf 90' lang='lat' dir='ltr'><strong>quidam</strong></span> <span class='ocrx_word' id='word_1_189' title='bbox 1025 1777 1148 1826; x_wconf 88' lang='lat' dir='ltr'><strong>erat</strong></span> <span class='ocrx_word' id='word_1_190' title='bbox 1165 1771 1223 1826; x_wconf 91' lang='lat' dir='ltr'><strong>in</strong></span> <span class='ocrx_word' id='word_1_191' title='bbox 1241 1773 1461 1844; x_wconf 89' lang='lat' dir='ltr'><strong>Scythi:</strong></span> <span class='ocrx_word' id='word_1_192' title='bbox 1506 1775 1751 1846; x_wconf 90' lang='lat' dir='ltr'><strong>quicum</strong></span> <span class='ocrx_word' id='word_1_193' title='bbox 1779 1776 1966 1831; x_wconf 88' lang='lat' dir='ltr'><strong>incur-</strong></span> <span class='ocrx_word' id='word_1_194' title='bbox 2051 1774 2310 1830; x_wconf 87' lang='lat' dir='ltr'><strong>mittebat</strong></span> <span class='ocrx_word' id='word_1_195' title='bbox 2327 1773 2569 1844; x_wconf 88' lang='lat' dir='ltr'><strong>digitum</strong></span> <span class='ocrx_word' id='word_1_196' title='bbox 2591 1788 2762 1826; x_wconf 89' lang='lat' dir='ltr'><strong>suum</strong></span> <span class='ocrx_word' id='word_1_197' title='bbox 2776 1771 2835 1826; x_wconf 92' lang='lat' dir='ltr'><strong>in</strong></span> <span class='ocrx_word' id='word_1_198' title='bbox 2867 1771 3177 1828; x_wconf 86' lang='lat' dir='ltr'><strong>lucernam.</strong></span> <span class='ocrx_word' id='word_1_199' title='bbox 3201 1771 3379 1836; x_wconf 87' lang='lat' dir='ltr'><strong>Quem</strong></span> <span class='ocrx_word' id='word_1_200' title='bbox 3406 1788 3524 1826; x_wconf 88' lang='lat' dir='ltr'><strong>cum</strong></span> <span class='ocrx_word' id='word_1_201' title='bbox 3551 1771 3624 1826; x_wconf 89' lang='lat' dir='ltr'><strong>in-</strong></span> 
     </span>
    </p>
   </div>
   <div class='ocr_carea' id='block_1_23' title="bbox 369 1855 3625 1932">
    <p class='ocr_par' dir='ltr' id='par_1_23' title="bbox 369 1855 3625 1932">
     <span class='ocr_line' id='line_1_23' title="bbox 369 1855 3625 1932; baseline 0 -18"><span class='ocrx_word' id='word_1_202' title='bbox 369 1855 539 1914; x_wconf 86' lang='lat' dir='ltr'><strong>risset</strong></span> <span class='ocrx_word' id='word_1_203' title='bbox 557 1857 617 1912; x_wconf 92' lang='lat' dir='ltr'><strong>in</strong></span> <span class='ocrx_word' id='word_1_204' title='bbox 643 1858 977 1929; x_wconf 74' lang='lat' dir='ltr'><strong>aegritudine</strong></span> <span class='ocrx_word' id='word_1_205' title='bbox 1005 1877 1230 1932; x_wconf 86' lang='lat' dir='ltr'><strong>magna,</strong></span> <span class='ocrx_word' id='word_1_206' title='bbox 1256 1861 1574 1918; x_wconf 85' lang='lat' dir='ltr'><strong>serviebant</strong></span> <span class='ocrx_word' id='word_1_207' title='bbox 1597 1864 1647 1918; x_wconf 93' lang='lat' dir='ltr'><strong>ei</strong></span> <span class='ocrx_word' id='word_1_208' title='bbox 1665 1864 1883 1918; x_wconf 88' lang='lat' dir='ltr'><strong>fratres.</strong></span> <span class='ocrx_word' id='word_1_209' title='bbox 1903 1865 1972 1919; x_wconf 85' lang='lat' dir='ltr'><strong>Et</strong></span> <span class='ocrx_word' id='word_1_210' title='bbox 2050 1863 2348 1930; x_wconf 90' lang='lat' dir='ltr'><strong>cendisset,</strong></span> <span class='ocrx_word' id='word_1_211' title='bbox 2373 1867 2432 1916; x_wconf 89' lang='lat' dir='ltr'><strong>et</strong></span> <span class='ocrx_word' id='word_1_212' title='bbox 2449 1861 2691 1927; x_wconf 85' lang='lat' dir='ltr'><strong>arderet,</strong></span> <span class='ocrx_word' id='word_1_213' title='bbox 2724 1875 2838 1915; x_wconf 90' lang='lat' dir='ltr'><strong>non</strong></span> <span class='ocrx_word' id='word_1_214' title='bbox 2863 1858 3142 1915; x_wconf 86' lang='lat' dir='ltr'><strong>sentiebat</strong></span> <span class='ocrx_word' id='word_1_215' title='bbox 3159 1865 3391 1932; x_wconf 89' lang='lat' dir='ltr'><strong>propter</strong></span> <span class='ocrx_word' id='word_1_216' title='bbox 3415 1859 3625 1915; x_wconf 83' lang='lat' dir='ltr'><strong>nimiam</strong></span> 
     </span>
    </p>
   </div>
   <div class='ocr_carea' id='block_1_24' title="bbox 371 1945 3626 2026">
    <p class='ocr_par' dir='ltr' id='par_1_24' title="bbox 371 1945 3626 2026">
     <span class='ocr_line' id='line_1_24' title="bbox 371 1945 3626 2026; baseline 0.001 -26"><span class='ocrx_word' id='word_1_217' title='bbox 371 1945 566 2001; x_wconf 90' lang='lat' dir='ltr'><strong>videns</strong></span> <span class='ocrx_word' id='word_1_218' title='bbox 591 1963 764 2002; x_wconf 81' lang='lat' dir='ltr'><strong>senex</strong></span> <span class='ocrx_word' id='word_1_219' title='bbox 786 1947 918 2019; x_wconf 87' lang='lat' dir='ltr'><strong>quia</strong></span> <span class='ocrx_word' id='word_1_220' title='bbox 938 1948 1277 2017; x_wconf 80' lang='lat' dir='ltr'><strong>laborarent,</strong></span> <span class='ocrx_word' id='word_1_221' title='bbox 1309 1951 1476 2006; x_wconf 85' lang='lat' dir='ltr'><strong>dixit:</strong></span> <span class='ocrx_word' id='word_1_222' title='bbox 1501 1952 1658 2008; x_wconf 81' lang='lat' dir='ltr'><strong>Vado</strong></span> <span class='ocrx_word' id='word_1_223' title='bbox 1683 1953 1741 2008; x_wconf 90' lang='lat' dir='ltr'><strong>in</strong></span> <span class='ocrx_word' id='word_1_224' title='bbox 1770 1953 1974 2026; x_wconf 59' lang='lat' dir='ltr'><strong>{Egyp-</strong></span> <span class='ocrx_word' id='word_1_225' title='bbox 2055 1954 2342 2009; x_wconf 86' lang='lat' dir='ltr'><strong>flammam</strong></span> <span class='ocrx_word' id='word_1_226' title='bbox 2357 1949 2820 2022; x_wconf 66' lang='lat' dir='ltr'><strong>concupiscentiae</strong></span> <span class='ocrx_word' id='word_1_227' title='bbox 2835 1949 3096 2004; x_wconf 85' lang='lat' dir='ltr'><strong>carnalis.</strong></span> <span class='ocrx_word' id='word_1_228' title='bbox 3114 1949 3185 2004; x_wconf 90' lang='lat' dir='ltr'><strong>Et</strong></span> <span class='ocrx_word' id='word_1_229' title='bbox 3201 1949 3281 2004; x_wconf 91' lang='lat' dir='ltr'><strong>ita</strong></span> <span class='ocrx_word' id='word_1_230' title='bbox 3293 1965 3468 2021; x_wconf 88' lang='lat' dir='ltr'><strong>usque</strong></span> <span class='ocrx_word' id='word_1_231' title='bbox 3483 1965 3626 2004; x_wconf 87' lang='lat' dir='ltr'><strong>mane</strong></span> 
     </span>
    </p>
   </div>
   <div class='ocr_carea' id='block_1_25' title="bbox 374 2037 3627 2110">
    <p class='ocr_par' dir='ltr' id='par_1_25' title="bbox 374 2037 3627 2110">
     <span class='ocr_line' id='line_1_25' title="bbox 374 2037 3627 2110; baseline 0.001 -19"><span class='ocrx_word' id='word_1_232' title='bbox 374 2041 518 2101; x_wconf 89' lang='lat' dir='ltr'><strong>tum,</strong></span> <span class='ocrx_word' id='word_1_233' title='bbox 554 2040 613 2090; x_wconf 90' lang='lat' dir='ltr'><strong>et</strong></span> <span class='ocrx_word' id='word_1_234' title='bbox 641 2052 752 2091; x_wconf 92' lang='lat' dir='ltr'><strong>non</strong></span> <span class='ocrx_word' id='word_1_235' title='bbox 777 2038 986 2092; x_wconf 88' lang='lat' dir='ltr'><strong>solvam</strong></span> <span class='ocrx_word' id='word_1_236' title='bbox 1014 2038 1216 2094; x_wconf 81' lang='lat' dir='ltr'><strong>fratres</strong></span> <span class='ocrx_word' id='word_1_237' title='bbox 1245 2039 1398 2094; x_wconf 87' lang='lat' dir='ltr'><strong>istos.</strong></span> <span class='ocrx_word' id='word_1_238' title='bbox 1432 2041 1502 2096; x_wconf 90' lang='lat' dir='ltr'><strong>Et</strong></span> <span class='ocrx_word' id='word_1_239' title='bbox 1529 2041 1668 2097; x_wconf 86' lang='lat' dir='ltr'><strong>dicit</strong></span> <span class='ocrx_word' id='word_1_240' title='bbox 1709 2043 1763 2098; x_wconf 90' lang='lat' dir='ltr'><strong>ei</strong></span> <span class='ocrx_word' id='word_1_241' title='bbox 1802 2042 1974 2098; x_wconf 86' lang='lat' dir='ltr'><strong>abbas</strong></span> <span class='ocrx_word' id='word_1_242' title='bbox 2052 2041 2280 2108; x_wconf 87' lang='lat' dir='ltr'><strong>faciens,</strong></span> <span class='ocrx_word' id='word_1_243' title='bbox 2313 2039 2564 2096; x_wconf 89' lang='lat' dir='ltr'><strong>incendit</strong></span> <span class='ocrx_word' id='word_1_244' title='bbox 2589 2053 2786 2094; x_wconf 88' lang='lat' dir='ltr'><strong>omnes</strong></span> <span class='ocrx_word' id='word_1_245' title='bbox 2815 2037 3051 2110; x_wconf 88' lang='lat' dir='ltr'><strong>digitos.</strong></span> <span class='ocrx_word' id='word_1_246' title='bbox 3091 2037 3198 2094; x_wconf 87' lang='lat' dir='ltr'><strong>Illa</strong></span> <span class='ocrx_word' id='word_1_247' title='bbox 3221 2043 3414 2094; x_wconf 88' lang='lat' dir='ltr'><strong>autem</strong></span> <span class='ocrx_word' id='word_1_248' title='bbox 3461 2037 3627 2094; x_wconf 84' lang='lat' dir='ltr'><strong>infelix</strong></span> 
     </span>
    </p>
   </div>
   <div class='ocr_carea' id='block_1_26' title="bbox 379 2125 3626 2204">
    <p class='ocr_par' dir='ltr' id='par_1_26' title="bbox 379 2125 3626 2204">
     <span class='ocr_line' id='line_1_26' title="bbox 379 2125 3626 2204; baseline 0.001 -25"><span class='ocrx_word' id='word_1_249' title='bbox 379 2125 600 2197; x_wconf 84' lang='lat' dir='ltr'><strong>Moyses</strong></span> <span class='ocrx_word' id='word_1_250' title='bbox 632 2143 644 2179; x_wconf 89' lang='lat'><strong>:</strong></span> <span class='ocrx_word' id='word_1_251' title='bbox 677 2126 802 2181; x_wconf 89' lang='lat' dir='ltr'><strong>Non</strong></span> <span class='ocrx_word' id='word_1_252' title='bbox 831 2127 1025 2194; x_wconf 87' lang='lat' dir='ltr'><strong>vadas,</strong></span> <span class='ocrx_word' id='word_1_253' title='bbox 1069 2128 1334 2200; x_wconf 90' lang='lat' dir='ltr'><strong>quoniam</strong></span> <span class='ocrx_word' id='word_1_254' title='bbox 1355 2129 1412 2185; x_wconf 91' lang='lat' dir='ltr'><strong>in</strong></span> <span class='ocrx_word' id='word_1_255' title='bbox 1436 2129 1862 2186; x_wconf 85' lang='lat' dir='ltr'><strong>fornicationem</strong></span> <span class='ocrx_word' id='word_1_256' title='bbox 1895 2131 1976 2188; x_wconf 90' lang='lat' dir='ltr'><strong>in—</strong></span> <span class='ocrx_word' id='word_1_257' title='bbox 2055 2131 2251 2188; x_wconf 91' lang='lat' dir='ltr'><strong>videns</strong></span> <span class='ocrx_word' id='word_1_258' title='bbox 2278 2130 2429 2204; x_wconf 90' lang='lat' dir='ltr'><strong>quod</strong></span> <span class='ocrx_word' id='word_1_259' title='bbox 2455 2127 2713 2196; x_wconf 84' lang='lat' dir='ltr'><strong>faciebat,</strong></span> <span class='ocrx_word' id='word_1_260' title='bbox 2746 2144 2777 2183; x_wconf 88' lang='lat' dir='ltr'><strong>a</strong></span> <span class='ocrx_word' id='word_1_261' title='bbox 2807 2127 3012 2183; x_wconf 90' lang='lat' dir='ltr'><strong>timore</strong></span> <span class='ocrx_word' id='word_1_262' title='bbox 3032 2127 3184 2184; x_wconf 90' lang='lat' dir='ltr'><strong>velut</strong></span> <span class='ocrx_word' id='word_1_263' title='bbox 3201 2127 3346 2200; x_wconf 89' lang='lat' dir='ltr'><strong>lapis</strong></span> <span class='ocrx_word' id='word_1_264' title='bbox 3373 2127 3514 2183; x_wconf 89' lang='lat' dir='ltr'><strong>facta</strong></span> <span class='ocrx_word' id='word_1_265' title='bbox 3537 2133 3626 2182; x_wconf 88' lang='lat' dir='ltr'><strong>est.</strong></span> 
     </span>
    </p>
   </div>
   <div class='ocr_carea' id='block_1_27' title="bbox 377 2215 1974 2276">
    <p class='ocr_par' dir='ltr' id='par_1_27' title="bbox 377 2215 1974 2276">
     <span class='ocr_line' id='line_1_27' title="bbox 377 2215 1974 2276; baseline 0.004 -6"><span class='ocrx_word' id='word_1_266' title='bbox 377 2223 648 2270; x_wconf 82' lang='lat' dir='ltr'><strong>cursurus</strong></span> <span class='ocrx_word' id='word_1_267' title='bbox 675 2232 753 2270; x_wconf 91' lang='lat' dir='ltr'><strong>es.</strong></span> <span class='ocrx_word' id='word_1_268' title='bbox 789 2215 889 2272; x_wconf 91' lang='lat' dir='ltr'><strong>Ille</strong></span> <span class='ocrx_word' id='word_1_269' title='bbox 915 2221 1104 2272; x_wconf 90' lang='lat' dir='ltr'><strong>autem</strong></span> <span class='ocrx_word' id='word_1_270' title='bbox 1143 2219 1508 2274; x_wconf 86' lang='lat' dir='ltr'><strong>contristatus</strong></span> <span class='ocrx_word' id='word_1_271' title='bbox 1547 2220 1803 2276; x_wconf 72' lang='lat' dir='ltr'><strong>dicebat:</strong></span> <span class='ocrx_word' id='word_1_272' title='bbox 1839 2223 1974 2276; x_wconf 76' lang='lat' dir='ltr'><strong>Mor-</strong></span> 
     </span>
    </p>
   </div>
   <div class='ocr_carea' id='block_1_28' title="bbox 378 2309 1972 2377">
    <p class='ocr_par' dir='ltr' id='par_1_28' title="bbox 378 2309 1972 2377">
     <span class='ocr_line' id='line_1_28' title="bbox 378 2309 1972 2377; baseline 0.004 -19"><span class='ocrx_word' id='word_1_273' title='bbox 378 2309 541 2360; x_wconf 90' lang='lat' dir='ltr'><strong>tuum</strong></span> <span class='ocrx_word' id='word_1_274' title='bbox 569 2309 656 2359; x_wconf 89' lang='lat' dir='ltr'><strong>est</strong></span> <span class='ocrx_word' id='word_1_275' title='bbox 677 2321 880 2377; x_wconf 85' lang='lat' dir='ltr'><strong>corpus</strong></span> <span class='ocrx_word' id='word_1_276' title='bbox 897 2322 1109 2372; x_wconf 78' lang='lat' dir='ltr'><strong>meum,</strong></span> <span class='ocrx_word' id='word_1_277' title='bbox 1147 2313 1204 2362; x_wconf 90' lang='lat' dir='ltr'><strong>et</strong></span> <span class='ocrx_word' id='word_1_278' title='bbox 1229 2313 1292 2362; x_wconf 87' lang='lat' dir='ltr'><strong>tu</strong></span> <span class='ocrx_word' id='word_1_279' title='bbox 1323 2309 1459 2363; x_wconf 89' lang='lat' dir='ltr'><strong>mihi</strong></span> <span class='ocrx_word' id='word_1_280' title='bbox 1491 2309 1602 2364; x_wconf 84' lang='lat' dir='ltr'><strong>ista</strong></span> <span class='ocrx_word' id='word_1_281' title='bbox 1627 2309 1804 2364; x_wconf 87' lang='lat' dir='ltr'><strong>dicis?</strong></span> <span class='ocrx_word' id='word_1_282' title='bbox 1835 2311 1972 2366; x_wconf 90' lang='lat' dir='ltr'><strong>Sur-</strong></span> 
     </span>
    </p>
   </div>
   <div class='ocr_carea' id='block_1_29' title="bbox 376 2393 1977 2468">
    <p class='ocr_par' dir='ltr' id='par_1_29' title="bbox 376 2393 1977 2468">
     <span class='ocr_line' id='line_1_29' title="bbox 376 2393 1977 2468; baseline 0.004 -20"><span class='ocrx_word' id='word_1_283' title='bbox 376 2409 518 2465; x_wconf 85' lang='lat' dir='ltr'><strong>gens</strong></span> <span class='ocrx_word' id='word_1_284' title='bbox 539 2410 674 2465; x_wconf 91' lang='lat' dir='ltr'><strong>ergo</strong></span> <span class='ocrx_word' id='word_1_285' title='bbox 701 2393 842 2449; x_wconf 85' lang='lat' dir='ltr'><strong>abiit</strong></span> <span class='ocrx_word' id='word_1_286' title='bbox 867 2395 927 2450; x_wconf 90' lang='lat' dir='ltr'><strong>in</strong></span> <span class='ocrx_word' id='word_1_287' title='bbox 964 2395 1250 2468; x_wconf 66' lang='lat' dir='ltr'><strong>Egytum.</strong></span> <span class='ocrx_word' id='word_1_288' title='bbox 1299 2397 1460 2462; x_wconf 86' lang='lat' dir='ltr'><strong>Quod</strong></span> <span class='ocrx_word' id='word_1_289' title='bbox 1501 2415 1627 2453; x_wconf 90' lang='lat' dir='ltr'><strong>cum</strong></span> <span class='ocrx_word' id='word_1_290' title='bbox 1667 2399 1977 2454; x_wconf 86' lang='lat' dir='ltr'><strong>audiisscnt</strong></span> 
     </span>
    </p>
   </div>
   <div class='ocr_carea' id='block_1_30' title="bbox 379 2482 1976 2556">
    <p class='ocr_par' dir='ltr' id='par_1_30' title="bbox 379 2482 1976 2556">
     <span class='ocr_line' id='line_1_30' title="bbox 379 2482 1976 2556; baseline 0.004 -19"><span class='ocrx_word' id='word_1_291' title='bbox 379 2482 638 2538; x_wconf 89' lang='lat' dir='ltr'><strong>homines</strong></span> <span class='ocrx_word' id='word_1_292' title='bbox 687 2483 1123 2556; x_wconf 84' lang='lat' dir='ltr'><strong>circumquaque</strong></span> <span class='ocrx_word' id='word_1_293' title='bbox 1171 2485 1508 2553; x_wconf 86' lang='lat' dir='ltr'><strong>habitantes,</strong></span> <span class='ocrx_word' id='word_1_294' title='bbox 1559 2486 1866 2542; x_wconf 68' lang='lat' dir='ltr'><strong>offerebant</strong></span> <span class='ocrx_word' id='word_1_295' title='bbox 1923 2489 1976 2543; x_wconf 91' lang='lat' dir='ltr'><strong>ei</strong></span> 
     </span>
    </p>
   </div>
   <div class='ocr_carea' id='block_1_31' title="bbox 380 2571 1972 2648">
    <p class='ocr_par' dir='ltr' id='par_1_31' title="bbox 380 2571 1972 2648">
     <span class='ocr_line' id='line_1_31' title="bbox 380 2571 1972 2648; baseline 0.004 -23"><span class='ocrx_word' id='word_1_296' title='bbox 380 2573 580 2626; x_wconf 85' lang='lat' dir='ltr'><strong>multa.</strong></span> <span class='ocrx_word' id='word_1_297' title='bbox 611 2571 780 2626; x_wconf 81' lang='lat' dir='ltr'><strong>Venit</strong></span> <span class='ocrx_word' id='word_1_298' title='bbox 807 2573 978 2627; x_wconf 89' lang='lat' dir='ltr'><strong>etiam</strong></span> <span class='ocrx_word' id='word_1_299' title='bbox 1009 2574 1079 2627; x_wconf 92' lang='lat' dir='ltr'><strong>ad</strong></span> <span class='ocrx_word' id='word_1_300' title='bbox 1119 2590 1248 2628; x_wconf 90' lang='lat' dir='ltr'><strong>eum</strong></span> <span class='ocrx_word' id='word_1_301' title='bbox 1281 2575 1539 2646; x_wconf 74' lang='lat' dir='ltr'><strong>quaedam</strong></span> <span class='ocrx_word' id='word_1_302' title='bbox 1574 2575 1730 2648; x_wconf 85' lang='lat' dir='ltr'><strong>virgo</strong></span> <span class='ocrx_word' id='word_1_303' title='bbox 1775 2577 1972 2643; x_wconf 90' lang='lat' dir='ltr'><strong>ﬁdelis,</strong></span> 
     </span>
    </p>
   </div>
   <div class='ocr_carea' id='block_1_32' title="bbox 382 2660 3634 2736">
    <p class='ocr_par' dir='ltr' id='par_1_32' title="bbox 382 2660 3634 2736">
     <span class='ocr_line' id='line_1_32' title="bbox 382 2660 3634 2736; baseline 0.001 -23"><span class='ocrx_word' id='word_1_304' title='bbox 382 2661 574 2716; x_wconf 89' lang='lat' dir='ltr'><strong>volens</strong></span> <span class='ocrx_word' id='word_1_305' title='bbox 603 2660 933 2732; x_wconf 87' lang='lat' dir='ltr'><strong>obsequium</strong></span> <span class='ocrx_word' id='word_1_306' title='bbox 963 2679 1129 2717; x_wconf 91' lang='lat' dir='ltr'><strong>suum</strong></span> <span class='ocrx_word' id='word_1_307' title='bbox 1156 2663 1276 2718; x_wconf 89' lang='lat' dir='ltr'><strong>seni</strong></span> <span class='ocrx_word' id='word_1_308' title='bbox 1307 2663 1616 2719; x_wconf 87' lang='lat' dir='ltr'><strong>inﬁrmanti</strong></span> <span class='ocrx_word' id='word_1_309' title='bbox 1645 2666 1863 2721; x_wconf 79' lang='lat' dir='ltr'><strong>deferre</strong></span> <span class='ocrx_word' id='word_1_310' title='bbox 1910 2667 1980 2720; x_wconf 90' lang='lat' dir='ltr'><strong>Et</strong></span> <span class='ocrx_word' id='word_1_311' title='bbox 2061 2681 2262 2720; x_wconf 88' lang='lat' dir='ltr'><strong>manus</strong></span> <span class='ocrx_word' id='word_1_312' title='bbox 2287 2681 2436 2732; x_wconf 88' lang='lat' dir='ltr'><strong>suas,</strong></span> <span class='ocrx_word' id='word_1_313' title='bbox 2470 2663 2698 2720; x_wconf 89' lang='lat' dir='ltr'><strong>dicens:</strong></span> <span class='ocrx_word' id='word_1_314' title='bbox 2731 2665 2868 2720; x_wconf 89' lang='lat' dir='ltr'><strong>Ecce</strong></span> <span class='ocrx_word' id='word_1_315' title='bbox 2894 2663 3042 2736; x_wconf 91' lang='lat' dir='ltr'><strong>quod</strong></span> <span class='ocrx_word' id='word_1_316' title='bbox 3075 2663 3214 2718; x_wconf 87' lang='lat' dir='ltr'><strong>mihi</strong></span> <span class='ocrx_word' id='word_1_317' title='bbox 3241 2663 3377 2718; x_wconf 86' lang='lat' dir='ltr'><strong>fecit</strong></span> <span class='ocrx_word' id='word_1_318' title='bbox 3413 2663 3523 2718; x_wconf 87' lang='lat' dir='ltr'><strong>ﬁlia</strong></span> <span class='ocrx_word' id='word_1_319' title='bbox 3542 2661 3634 2717; x_wconf 85' lang='lat' dir='ltr'><strong>ista</strong></span> 
     </span>
    </p>
   </div>
   <div class='ocr_carea' id='block_1_33' title="bbox 384 2750 3634 2827">
    <p class='ocr_par' dir='ltr' id='par_1_33' title="bbox 384 2750 3634 2827">
     <span class='ocr_line' id='line_1_33' title="bbox 384 2750 3634 2827; baseline 0.001 -27"><span class='ocrx_word' id='word_1_320' title='bbox 384 2755 513 2822; x_wconf 83' lang='lat' dir='ltr'><strong>post</strong></span> <span class='ocrx_word' id='word_1_321' title='bbox 526 2750 879 2821; x_wconf 85' lang='lat' dir='ltr'><strong>aliquantum</strong></span> <span class='ocrx_word' id='word_1_322' title='bbox 904 2751 1172 2824; x_wconf 83' lang='lat' dir='ltr'><strong>temporis</strong></span> <span class='ocrx_word' id='word_1_323' title='bbox 1199 2769 1325 2806; x_wconf 90' lang='lat' dir='ltr'><strong>cum</strong></span> <span class='ocrx_word' id='word_1_324' title='bbox 1354 2753 1647 2824; x_wconf 84' lang='lat' dir='ltr'><strong>paululum</strong></span> <span class='ocrx_word' id='word_1_325' title='bbox 1670 2755 1739 2809; x_wconf 89' lang='lat' dir='ltr'><strong>de</strong></span> <span class='ocrx_word' id='word_1_326' title='bbox 1758 2755 1982 2827; x_wconf 84' lang='lat' dir='ltr'><strong>aegritu-</strong></span> <span class='ocrx_word' id='word_1_327' title='bbox 2062 2755 2290 2820; x_wconf 90' lang='lat' dir='ltr'><strong>diaboli,</strong></span> <span class='ocrx_word' id='word_1_328' title='bbox 2311 2753 2556 2826; x_wconf 89' lang='lat' dir='ltr'><strong>perdidit</strong></span> <span class='ocrx_word' id='word_1_329' title='bbox 2580 2770 2774 2809; x_wconf 89' lang='lat' dir='ltr'><strong>omnes</strong></span> <span class='ocrx_word' id='word_1_330' title='bbox 2797 2752 3002 2825; x_wconf 89' lang='lat' dir='ltr'><strong>digitos</strong></span> <span class='ocrx_word' id='word_1_331' title='bbox 3025 2769 3198 2808; x_wconf 87' lang='lat' dir='ltr'><strong>meos.</strong></span> <span class='ocrx_word' id='word_1_332' title='bbox 3221 2753 3297 2808; x_wconf 91' lang='lat' dir='ltr'><strong>Et</strong></span> <span class='ocrx_word' id='word_1_333' title='bbox 3325 2767 3550 2808; x_wconf 75' lang='lat' dir='ltr'><strong>narrans</strong></span> <span class='ocrx_word' id='word_1_334' title='bbox 3567 2750 3634 2806; x_wconf 90' lang='lat' dir='ltr'><strong>eis</strong></span> 
     </span>
    </p>
   </div>
   <div class='ocr_carea' id='block_1_34' title="bbox 385 2837 3634 2916">
    <p class='ocr_par' dir='ltr' id='par_1_34' title="bbox 385 2837 3634 2916">
     <span class='ocr_line' id='line_1_34' title="bbox 385 2837 3634 2916; baseline 0 -23"><span class='ocrx_word' id='word_1_335' title='bbox 385 2838 538 2907; x_wconf 90' lang='lat' dir='ltr'><strong>dine,</strong></span> <span class='ocrx_word' id='word_1_336' title='bbox 573 2855 684 2910; x_wconf 85' lang='lat' dir='ltr'><strong>qua</strong></span> <span class='ocrx_word' id='word_1_337' title='bbox 710 2837 1026 2907; x_wconf 89' lang='lat' dir='ltr'><strong>tenebatur,</strong></span> <span class='ocrx_word' id='word_1_338' title='bbox 1061 2840 1260 2896; x_wconf 89' lang='lat' dir='ltr'><strong>melius</strong></span> <span class='ocrx_word' id='word_1_339' title='bbox 1290 2841 1599 2910; x_wconf 83' lang='lat' dir='ltr'><strong>habuisset,</strong></span> <span class='ocrx_word' id='word_1_340' title='bbox 1642 2842 1879 2899; x_wconf 88' lang='lat' dir='ltr'><strong>incurrit</strong></span> <span class='ocrx_word' id='word_1_341' title='bbox 1923 2845 1981 2899; x_wconf 92' lang='lat' dir='ltr'><strong>in</strong></span> <span class='ocrx_word' id='word_1_342' title='bbox 2064 2842 2215 2916; x_wconf 85' lang='lat' dir='ltr'><strong>quod</strong></span> <span class='ocrx_word' id='word_1_343' title='bbox 2237 2841 2446 2896; x_wconf 89' lang='lat' dir='ltr'><strong>factum</strong></span> <span class='ocrx_word' id='word_1_344' title='bbox 2467 2840 2668 2907; x_wconf 89' lang='lat' dir='ltr'><strong>fuerat,</strong></span> <span class='ocrx_word' id='word_1_345' title='bbox 2683 2839 2930 2896; x_wconf 88' lang='lat' dir='ltr'><strong>dicebat:</strong></span> <span class='ocrx_word' id='word_1_346' title='bbox 2950 2841 3232 2912; x_wconf 88' lang='lat' dir='ltr'><strong>Scriptum</strong></span> <span class='ocrx_word' id='word_1_347' title='bbox 3254 2844 3360 2908; x_wconf 91' lang='lat' dir='ltr'><strong>est,</strong></span> <span class='ocrx_word' id='word_1_348' title='bbox 3374 2857 3443 2895; x_wconf 91' lang='lat' dir='ltr'><strong>ne</strong></span> <span class='ocrx_word' id='word_1_349' title='bbox 3461 2839 3634 2894; x_wconf 86' lang='lat' dir='ltr'><strong>reddas</strong></span> 
     </span>
    </p>
   </div>
   <div class='ocr_carea' id='block_1_35' title="bbox 387 2928 3632 3003">
    <p class='ocr_par' dir='ltr' id='par_1_35' title="bbox 387 2928 3632 3003">
     <span class='ocr_line' id='line_1_35' title="bbox 387 2928 3632 3003; baseline -0 -21"><span class='ocrx_word' id='word_1_350' title='bbox 387 2944 533 2994; x_wconf 89' lang='lat' dir='ltr'><strong>eam,</strong></span> <span class='ocrx_word' id='word_1_351' title='bbox 569 2933 626 2982; x_wconf 90' lang='lat' dir='ltr'><strong>et</strong></span> <span class='ocrx_word' id='word_1_352' title='bbox 652 2928 752 2983; x_wconf 88' lang='lat' dir='ltr'><strong>illa</strong></span> <span class='ocrx_word' id='word_1_353' title='bbox 773 2929 1044 3000; x_wconf 79' lang='lat' dir='ltr'><strong>concepit.</strong></span> <span class='ocrx_word' id='word_1_354' title='bbox 1081 2931 1435 3002; x_wconf 85' lang='lat' dir='ltr'><strong>Interrogata</strong></span> <span class='ocrx_word' id='word_1_355' title='bbox 1477 2939 1664 2987; x_wconf 90' lang='lat' dir='ltr'><strong>autem</strong></span> <span class='ocrx_word' id='word_1_356' title='bbox 1713 2950 1747 2987; x_wconf 88' lang='lat' dir='ltr'><strong>a</strong></span> <span class='ocrx_word' id='word_1_357' title='bbox 1787 2933 1984 2988; x_wconf 87' lang='lat' dir='ltr'><strong>vicinis</strong></span> <span class='ocrx_word' id='word_1_358' title='bbox 2067 2931 2281 2988; x_wconf 82' lang='lat' dir='ltr'><strong>malum</strong></span> <span class='ocrx_word' id='word_1_359' title='bbox 2307 2948 2409 3003; x_wconf 89' lang='lat' dir='ltr'><strong>pro</strong></span> <span class='ocrx_word' id='word_1_360' title='bbox 2441 2931 2588 2986; x_wconf 90' lang='lat' dir='ltr'><strong>malo</strong></span> <span class='ocrx_word' id='word_1_361' title='bbox 2624 2931 2801 3003; x_wconf 84' lang='lat' dir='ltr'><strong>(Prov.</strong></span> <span class='ocrx_word' id='word_1_362' title='bbox 2851 2944 2982 2998; x_wconf 84' lang='lat' dir='ltr'><strong>xvn,</strong></span> <span class='ocrx_word' id='word_1_363' title='bbox 3043 2931 3216 2986; x_wconf 79' lang='lat' dir='ltr'><strong>Thess.</strong></span> <span class='ocrx_word' id='word_1_364' title='bbox 3249 2943 3325 2997; x_wconf 90' lang='lat' dir='ltr'><strong>v;</strong></span> <span class='ocrx_word' id='word_1_365' title='bbox 3357 2931 3386 2984; x_wconf 93' lang='grc' dir='ltr'><em>Ι</em></span> <span class='ocrx_word' id='word_1_366' title='bbox 3409 2931 3513 2985; x_wconf 70' lang='lat' dir='ltr'><strong>Pet.</strong></span> <span class='ocrx_word' id='word_1_367' title='bbox 3542 2931 3632 2998; x_wconf 74' lang='lat' dir='ltr'><strong>in).</strong></span> 
     </span>
    </p>
   </div>
   <div class='ocr_carea' id='block_1_36' title="bbox 387 3017 3633 3092">
    <p class='ocr_par' dir='ltr' id='par_1_36' title="bbox 387 3017 3633 3092">
     <span class='ocr_line' id='line_1_36' title="bbox 387 3017 3633 3092; baseline -0 -21"><span class='ocrx_word' id='word_1_368' title='bbox 387 3017 494 3072; x_wconf 93' lang='lat' dir='ltr'><strong>loci</strong></span> <span class='ocrx_word' id='word_1_369' title='bbox 524 3017 672 3072; x_wconf 92' lang='lat' dir='ltr'><strong>unde</strong></span> <span class='ocrx_word' id='word_1_370' title='bbox 695 3021 1032 3090; x_wconf 87' lang='lat' dir='ltr'><strong>conceperit,</strong></span> <span class='ocrx_word' id='word_1_371' title='bbox 1063 3019 1160 3074; x_wconf 89' lang='lat' dir='ltr'><strong>illa</strong></span> <span class='ocrx_word' id='word_1_372' title='bbox 1188 3020 1512 3092; x_wconf 88' lang='lat' dir='ltr'><strong>respondit:</strong></span> <span class='ocrx_word' id='word_1_373' title='bbox 1558 3021 1640 3077; x_wconf 90' lang='lat' dir='ltr'><strong>De</strong></span> <span class='ocrx_word' id='word_1_374' title='bbox 1680 3039 1814 3077; x_wconf 90' lang='lat' dir='ltr'><strong>sene</strong></span> <span class='ocrx_word' id='word_1_375' title='bbox 1851 3022 1974 3076; x_wconf 74' lang='lat' dir='ltr'><strong>hoc.</strong></span> <span class='ocrx_word' id='word_1_376' title='bbox 2001 3027 2046 3088; x_wconf 76' lang='grc' dir='ltr'>ο</span> <span class='ocrx_word' id='word_1_377' title='bbox 2064 3021 2134 3076; x_wconf 90' lang='lat' dir='ltr'><strong>Et</strong></span> <span class='ocrx_word' id='word_1_378' title='bbox 2151 3020 2361 3076; x_wconf 81' lang='lat' dir='ltr'><strong>faciens</strong></span> <span class='ocrx_word' id='word_1_379' title='bbox 2385 3019 2718 3086; x_wconf 89' lang='lat' dir='ltr'><strong>orationem,</strong></span> <span class='ocrx_word' id='word_1_380' title='bbox 2741 3018 3036 3075; x_wconf 89' lang='lat' dir='ltr'><strong>suscitavit</strong></span> <span class='ocrx_word' id='word_1_381' title='bbox 3054 3035 3200 3073; x_wconf 89' lang='lat' dir='ltr'><strong>eam.</strong></span> <span class='ocrx_word' id='word_1_382' title='bbox 3215 3019 3354 3085; x_wconf 68' lang='lat' dir='ltr'><strong>Quae</strong></span> <span class='ocrx_word' id='word_1_383' title='bbox 3373 3033 3633 3081; x_wconf 85' lang='lat' dir='ltr'><strong>conversa,</strong></span> 
     </span>
    </p>
   </div>
   <div class='ocr_carea' id='block_1_37' title="bbox 388 3106 3239 3182">
    <p class='ocr_par' dir='ltr' id='par_1_37' title="bbox 388 3106 3239 3182">
     <span class='ocr_line' id='line_1_37' title="bbox 388 3106 3239 3182; baseline -0 -19"><span class='ocrx_word' id='word_1_384' title='bbox 388 3106 478 3163; x_wconf 90' lang='lat' dir='ltr'><strong>Illi</strong></span> <span class='ocrx_word' id='word_1_385' title='bbox 506 3111 697 3162; x_wconf 86' lang='lat' dir='ltr'><strong>autem</strong></span> <span class='ocrx_word' id='word_1_386' title='bbox 722 3123 833 3162; x_wconf 89' lang='lat' dir='ltr'><strong>non</strong></span> <span class='ocrx_word' id='word_1_387' title='bbox 875 3107 1178 3164; x_wconf 88' lang='lat' dir='ltr'><strong>credebant</strong></span> <span class='ocrx_word' id='word_1_388' title='bbox 1222 3109 1293 3166; x_wconf 93' lang='lat' dir='ltr'><strong>ei.</strong></span> <span class='ocrx_word' id='word_1_389' title='bbox 1337 3110 1520 3165; x_wconf 84' lang='lat' dir='ltr'><strong>Senex</strong></span> <span class='ocrx_word' id='word_1_390' title='bbox 1551 3127 1680 3165; x_wconf 89' lang='lat' dir='ltr'><strong>vero</strong></span> <span class='ocrx_word' id='word_1_391' title='bbox 1727 3110 1980 3166; x_wconf 80' lang='lat' dir='ltr'><strong>dicebat:</strong></span> <span class='ocrx_word' id='word_1_392' title='bbox 2067 3115 2219 3166; x_wconf 88' lang='lat' dir='ltr'><strong>caste</strong></span> <span class='ocrx_word' id='word_1_393' title='bbox 2246 3109 2362 3182; x_wconf 84' lang='lat' dir='ltr'><strong>egit</strong></span> <span class='ocrx_word' id='word_1_394' title='bbox 2387 3109 2673 3164; x_wconf 88' lang='lat' dir='ltr'><strong>residuum</strong></span> <span class='ocrx_word' id='word_1_395' title='bbox 2695 3113 2918 3182; x_wconf 89' lang='lat' dir='ltr'><strong>tempus</strong></span> <span class='ocrx_word' id='word_1_396' title='bbox 2949 3108 3075 3164; x_wconf 80' lang='lat' dir='ltr'><strong>vitae</strong></span> <span class='ocrx_word' id='word_1_397' title='bbox 3105 3124 3239 3164; x_wconf 72' lang='lat' dir='ltr'><strong>suae.</strong></span> 
     </span>
    </p>
   </div>
   <div class='ocr_carea' id='block_1_38' title="bbox 311 3189 3635 3272">
    <p class='ocr_par' dir='ltr' id='par_1_38' title="bbox 311 3189 3635 3272">
     <span class='ocr_line' id='line_1_38' title="bbox 311 3189 3635 3272; baseline -0.001 -21"><span class='ocrx_word' id='word_1_398' title='bbox 311 3189 320 3196; x_wconf 78' lang='grc'><strong>’</strong></span> <span class='ocrx_word' id='word_1_399' title='bbox 385 3195 502 3268; x_wconf 87' lang='lat' dir='ltr'><strong>Ego</strong></span> <span class='ocrx_word' id='word_1_400' title='bbox 522 3197 628 3252; x_wconf 88' lang='lat' dir='ltr'><strong>hoc</strong></span> <span class='ocrx_word' id='word_1_401' title='bbox 652 3196 775 3264; x_wconf 87' lang='lat' dir='ltr'><strong>feci,</strong></span> <span class='ocrx_word' id='word_1_402' title='bbox 799 3197 898 3252; x_wconf 89' lang='lat' dir='ltr'><strong>sed</strong></span> <span class='ocrx_word' id='word_1_403' title='bbox 920 3197 1195 3253; x_wconf 88' lang='lat' dir='ltr'><strong>custodite</strong></span> <span class='ocrx_word' id='word_1_404' title='bbox 1230 3198 1368 3253; x_wconf 89' lang='lat' dir='ltr'><strong>mihi</strong></span> <span class='ocrx_word' id='word_1_405' title='bbox 1399 3199 1670 3255; x_wconf 88' lang='lat' dir='ltr'><strong>infantem</strong></span> <span class='ocrx_word' id='word_1_406' title='bbox 1699 3217 1865 3272; x_wconf 83' lang='lat' dir='ltr'><strong>quem</strong></span> <span class='ocrx_word' id='word_1_407' title='bbox 1895 3217 1988 3272; x_wconf 87' lang='lat' dir='ltr'><strong>pe-</strong></span> <span class='ocrx_word' id='word_1_408' title='bbox 2136 3199 2226 3255; x_wconf 89' lang='lat'><strong>38.</strong></span> <span class='ocrx_word' id='word_1_409' title='bbox 2269 3199 2467 3255; x_wconf 87' lang='lat' dir='ltr'><strong>Frater</strong></span> <span class='ocrx_word' id='word_1_410' title='bbox 2495 3198 2724 3270; x_wconf 91' lang='lat' dir='ltr'><strong>quidam</strong></span> <span class='ocrx_word' id='word_1_411' title='bbox 2746 3197 3186 3270; x_wconf 89' lang='lat' dir='ltr'><strong>impugnabatur</strong></span> <span class='ocrx_word' id='word_1_412' title='bbox 3213 3213 3248 3252; x_wconf 92' lang='lat' dir='ltr'><strong>a</strong></span> <span class='ocrx_word' id='word_1_413' title='bbox 3276 3195 3635 3253; x_wconf 86' lang='lat' dir='ltr'><strong>fornicatione.</strong></span> 
     </span>
    </p>
   </div>
   <div class='ocr_carea' id='block_1_39' title="bbox 388 3285 3638 3360">
    <p class='ocr_par' dir='ltr' id='par_1_39' title="bbox 388 3285 3638 3360">
     <span class='ocr_line' id='line_1_39' title="bbox 388 3285 3638 3360; baseline -0.001 -18"><span class='ocrx_word' id='word_1_414' title='bbox 388 3285 556 3358; x_wconf 91' lang='lat' dir='ltr'><strong>perit.</strong></span> <span class='ocrx_word' id='word_1_415' title='bbox 597 3286 732 3352; x_wconf 77' lang='lat' dir='ltr'><strong>Quae</strong></span> <span class='ocrx_word' id='word_1_416' title='bbox 769 3303 896 3342; x_wconf 90' lang='lat' dir='ltr'><strong>cum</strong></span> <span class='ocrx_word' id='word_1_417' title='bbox 934 3287 1224 3358; x_wconf 86' lang='lat' dir='ltr'><strong>genuisset</strong></span> <span class='ocrx_word' id='word_1_418' title='bbox 1266 3305 1524 3360; x_wconf 88' lang='lat' dir='ltr'><strong>puerum,</strong></span> <span class='ocrx_word' id='word_1_419' title='bbox 1573 3295 1631 3344; x_wconf 88' lang='lat' dir='ltr'><strong>et</strong></span> <span class='ocrx_word' id='word_1_420' title='bbox 1677 3289 1987 3345; x_wconf 88' lang='lat' dir='ltr'><strong>ablactatus</strong></span> <span class='ocrx_word' id='word_1_421' title='bbox 2070 3287 2322 3359; x_wconf 87' lang='lat' dir='ltr'><strong>Contigit</strong></span> <span class='ocrx_word' id='word_1_422' title='bbox 2367 3293 2556 3343; x_wconf 86' lang='lat' dir='ltr'><strong>autem</strong></span> <span class='ocrx_word' id='word_1_423' title='bbox 2615 3304 2744 3343; x_wconf 91' lang='lat' dir='ltr'><strong>eum</strong></span> <span class='ocrx_word' id='word_1_424' title='bbox 2792 3287 2983 3342; x_wconf 91' lang='lat' dir='ltr'><strong>venire</strong></span> <span class='ocrx_word' id='word_1_425' title='bbox 3028 3286 3086 3341; x_wconf 91' lang='lat' dir='ltr'><strong>in</strong></span> <span class='ocrx_word' id='word_1_426' title='bbox 3136 3286 3325 3342; x_wconf 90' lang='lat' dir='ltr'><strong>vicum</strong></span> <span class='ocrx_word' id='word_1_427' title='bbox 3371 3285 3638 3359; x_wconf 85' lang='lat' dir='ltr'><strong>quemdam</strong></span> 
     </span>
    </p>
   </div>
   <div class='ocr_carea' id='block_1_40' title="bbox 389 3373 3642 3450">
    <p class='ocr_par' dir='ltr' id='par_1_40' title="bbox 389 3373 3642 3450">
     <span class='ocr_line' id='line_1_40' title="bbox 389 3373 3642 3450; baseline -0.001 -20"><span class='ocrx_word' id='word_1_428' title='bbox 389 3375 606 3442; x_wconf 84' lang='lat' dir='ltr'><strong>fuisset,</strong></span> <span class='ocrx_word' id='word_1_429' title='bbox 627 3374 758 3431; x_wconf 89' lang='lat' dir='ltr'><strong>tulit</strong></span> <span class='ocrx_word' id='word_1_430' title='bbox 777 3391 946 3430; x_wconf 83' lang='lat' dir='ltr'><strong>senex</strong></span> <span class='ocrx_word' id='word_1_431' title='bbox 964 3376 1234 3431; x_wconf 85' lang='lat' dir='ltr'><strong>infantem</strong></span> <span class='ocrx_word' id='word_1_432' title='bbox 1253 3377 1312 3432; x_wconf 92' lang='lat' dir='ltr'><strong>in</strong></span> <span class='ocrx_word' id='word_1_433' title='bbox 1347 3377 1599 3433; x_wconf 87' lang='lat' dir='ltr'><strong>humeris</strong></span> <span class='ocrx_word' id='word_1_434' title='bbox 1626 3379 1766 3444; x_wconf 89' lang='lat' dir='ltr'><strong>suis,</strong></span> <span class='ocrx_word' id='word_1_435' title='bbox 1799 3384 1857 3434; x_wconf 91' lang='lat' dir='ltr'><strong>et</strong></span> <span class='ocrx_word' id='word_1_436' title='bbox 1896 3379 1988 3435; x_wconf 92' lang='lat' dir='ltr'><strong>die</strong></span> <span class='ocrx_word' id='word_1_437' title='bbox 2068 3377 2276 3450; x_wconf 56' lang='lat' dir='ltr'><strong>IEgyti,</strong></span> <span class='ocrx_word' id='word_1_438' title='bbox 2301 3381 2359 3432; x_wconf 92' lang='lat' dir='ltr'><strong>et</strong></span> <span class='ocrx_word' id='word_1_439' title='bbox 2377 3376 2571 3432; x_wconf 87' lang='lat' dir='ltr'><strong>videns</strong></span> <span class='ocrx_word' id='word_1_440' title='bbox 2596 3376 2770 3432; x_wconf 88' lang='lat' dir='ltr'><strong>ﬁliam</strong></span> <span class='ocrx_word' id='word_1_441' title='bbox 2801 3375 3106 3432; x_wconf 86' lang='lat' dir='ltr'><strong>sacerdotis</strong></span> <span class='ocrx_word' id='word_1_442' title='bbox 3135 3392 3500 3448; x_wconf 84' lang='lat' dir='ltr'><strong>paganorum,</strong></span> <span class='ocrx_word' id='word_1_443' title='bbox 3529 3373 3642 3428; x_wconf 84' lang='lat' dir='ltr'><strong>ada-</strong></span> 
     </span>
    </p>
   </div>
   <div class='ocr_carea' id='block_1_41' title="bbox 391 3464 3637 3538">
    <p class='ocr_par' dir='ltr' id='par_1_41' title="bbox 391 3464 3637 3538">
     <span class='ocr_line' id='line_1_41' title="bbox 391 3464 3637 3538; baseline -0.001 -19"><span class='ocrx_word' id='word_1_444' title='bbox 391 3480 506 3535; x_wconf 86' lang='lat' dir='ltr'><strong>qua</strong></span> <span class='ocrx_word' id='word_1_445' title='bbox 525 3469 648 3520; x_wconf 89' lang='lat' dir='ltr'><strong>erat</strong></span> <span class='ocrx_word' id='word_1_446' title='bbox 663 3464 934 3520; x_wconf 85' lang='lat' dir='ltr'><strong>festivitas</strong></span> <span class='ocrx_word' id='word_1_447' title='bbox 959 3465 1019 3520; x_wconf 90' lang='lat' dir='ltr'><strong>in</strong></span> <span class='ocrx_word' id='word_1_448' title='bbox 1035 3465 1246 3538; x_wconf 83' lang='lat' dir='ltr'><strong>Scythi,</strong></span> <span class='ocrx_word' id='word_1_449' title='bbox 1280 3467 1524 3522; x_wconf 91' lang='lat' dir='ltr'><strong>occurrit</strong></span> <span class='ocrx_word' id='word_1_450' title='bbox 1553 3466 1652 3535; x_wconf 89' lang='lat' dir='ltr'><strong>ibi,</strong></span> <span class='ocrx_word' id='word_1_451' title='bbox 1680 3473 1738 3524; x_wconf 93' lang='lat' dir='ltr'><strong>et</strong></span> <span class='ocrx_word' id='word_1_452' title='bbox 1761 3468 1992 3524; x_wconf 86' lang='lat' dir='ltr'><strong>intravit</strong></span> <span class='ocrx_word' id='word_1_453' title='bbox 2069 3465 2244 3522; x_wconf 86' lang='lat' dir='ltr'><strong>mavit</strong></span> <span class='ocrx_word' id='word_1_454' title='bbox 2257 3483 2400 3533; x_wconf 90' lang='lat' dir='ltr'><strong>eam,</strong></span> <span class='ocrx_word' id='word_1_455' title='bbox 2416 3465 2670 3538; x_wconf 85' lang='lat' dir='ltr'><strong>dixitque</strong></span> <span class='ocrx_word' id='word_1_456' title='bbox 2691 3466 2840 3538; x_wconf 88' lang='lat' dir='ltr'><strong>patri</strong></span> <span class='ocrx_word' id='word_1_457' title='bbox 2859 3467 2983 3537; x_wconf 85' lang='lat' dir='ltr'><strong>ejus</strong></span> <span class='ocrx_word' id='word_1_458' title='bbox 3000 3484 3014 3521; x_wconf 90' lang='lat'><strong>:</strong></span> <span class='ocrx_word' id='word_1_459' title='bbox 3029 3465 3112 3520; x_wconf 89' lang='lat' dir='ltr'><strong>Da</strong></span> <span class='ocrx_word' id='word_1_460' title='bbox 3125 3464 3264 3519; x_wconf 88' lang='lat' dir='ltr'><strong>mihi</strong></span> <span class='ocrx_word' id='word_1_461' title='bbox 3279 3482 3403 3520; x_wconf 90' lang='lat' dir='ltr'><strong>eam</strong></span> <span class='ocrx_word' id='word_1_462' title='bbox 3416 3479 3637 3520; x_wconf 84' lang='lat' dir='ltr'><strong>uxorem.</strong></span> 
     </span>
    </p>
   </div>
   <div class='ocr_carea' id='block_1_42' title="bbox 391 3553 1986 3614">
    <p class='ocr_par' dir='ltr' id='par_1_42' title="bbox 391 3553 1986 3614">
     <span class='ocr_line' id='line_1_42' title="bbox 391 3553 1986 3614; baseline 0.003 -6"><span class='ocrx_word' id='word_1_463' title='bbox 391 3553 452 3609; x_wconf 88' lang='lat' dir='ltr'><strong>in</strong></span> <span class='ocrx_word' id='word_1_464' title='bbox 467 3554 756 3610; x_wconf 89' lang='lat' dir='ltr'><strong>ecclesiam</strong></span> <span class='ocrx_word' id='word_1_465' title='bbox 781 3571 968 3610; x_wconf 90' lang='lat' dir='ltr'><strong>coram</strong></span> <span class='ocrx_word' id='word_1_466' title='bbox 1002 3554 1366 3610; x_wconf 87' lang='lat' dir='ltr'><strong>multitudine</strong></span> <span class='ocrx_word' id='word_1_467' title='bbox 1391 3556 1649 3611; x_wconf 89' lang='lat' dir='ltr'><strong>fratrum.</strong></span> <span class='ocrx_word' id='word_1_468' title='bbox 1681 3557 1771 3612; x_wconf 89' lang='lat' dir='ltr'><strong>Illi</strong></span> <span class='ocrx_word' id='word_1_469' title='bbox 1800 3563 1986 3614; x_wconf 88' lang='lat' dir='ltr'><strong>autem</strong></span> 
     </span>
    </p>
   </div>
   <div class='ocr_carea' id='block_1_43' title="bbox 393 3643 1992 3710">
    <p class='ocr_par' dir='ltr' id='par_1_43' title="bbox 393 3643 1992 3710">
     <span class='ocr_line' id='line_1_43' title="bbox 393 3643 1992 3710; baseline 0.005 -14"><span class='ocrx_word' id='word_1_470' title='bbox 393 3643 644 3698; x_wconf 88' lang='lat' dir='ltr'><strong>videntes</strong></span> <span class='ocrx_word' id='word_1_471' title='bbox 664 3659 816 3710; x_wconf 90' lang='lat' dir='ltr'><strong>eum,</strong></span> <span class='ocrx_word' id='word_1_472' title='bbox 838 3645 1132 3700; x_wconf 83' lang='lat' dir='ltr'><strong>ﬂeverunt.</strong></span> <span class='ocrx_word' id='word_1_473' title='bbox 1171 3643 1279 3708; x_wconf 87' lang='lat' dir='ltr'><strong>Qui</strong></span> <span class='ocrx_word' id='word_1_474' title='bbox 1293 3644 1435 3699; x_wconf 86' lang='lat' dir='ltr'><strong>dixit</strong></span> <span class='ocrx_word' id='word_1_475' title='bbox 1453 3645 1722 3701; x_wconf 86' lang='lat' dir='ltr'><strong>fratribus</strong></span> <span class='ocrx_word' id='word_1_476' title='bbox 1747 3665 1758 3700; x_wconf 90' lang='lat'><strong>:</strong></span> <span class='ocrx_word' id='word_1_477' title='bbox 1776 3647 1992 3704; x_wconf 88' lang='lat' dir='ltr'><strong>Videtis</strong></span> 
     </span>
    </p>
   </div>
   <div class='ocr_carea' id='block_1_44' title="bbox 395 3731 1993 3795">
    <p class='ocr_par' dir='ltr' id='par_1_44' title="bbox 395 3731 1993 3795">
     <span class='ocr_line' id='line_1_44' title="bbox 395 3731 1993 3795; baseline 0.004 -9"><span class='ocrx_word' id='word_1_478' title='bbox 395 3731 668 3795; x_wconf 82' lang='lat' dir='ltr'><strong>infantem</strong></span> <span class='ocrx_word' id='word_1_479' title='bbox 687 3733 876 3788; x_wconf 88' lang='lat' dir='ltr'><strong>hunc?</strong></span> <span class='ocrx_word' id='word_1_480' title='bbox 899 3733 1049 3788; x_wconf 88' lang='lat' dir='ltr'><strong>filius</strong></span> <span class='ocrx_word' id='word_1_481' title='bbox 1078 3738 1165 3788; x_wconf 91' lang='lat' dir='ltr'><strong>est</strong></span> <span class='ocrx_word' id='word_1_482' title='bbox 1193 3733 1582 3790; x_wconf 85' lang='lat' dir='ltr'><strong>inobedientiae</strong></span> <span class='ocrx_word' id='word_1_483' title='bbox 1609 3751 1765 3790; x_wconf 82' lang='lat' dir='ltr'><strong>meae.</strong></span> <span class='ocrx_word' id='word_1_484' title='bbox 1790 3737 1993 3792; x_wconf 88' lang='lat' dir='ltr'><strong>Cavete</strong></span> 
     </span>
    </p>
   </div>
   <div class='ocr_carea' id='block_1_45' title="bbox 401 3821 1993 3892">
    <p class='ocr_par' dir='ltr' id='par_1_45' title="bbox 401 3821 1993 3892">
     <span class='ocr_line' id='line_1_45' title="bbox 401 3821 1993 3892; baseline 0.003 -16"><span class='ocrx_word' id='word_1_485' title='bbox 401 3828 534 3892; x_wconf 83' lang='lat' dir='ltr'><strong>ergo</strong></span> <span class='ocrx_word' id='word_1_486' title='bbox 562 3837 680 3885; x_wconf 90' lang='lat' dir='ltr'><strong>vos,</strong></span> <span class='ocrx_word' id='word_1_487' title='bbox 701 3821 926 3890; x_wconf 86' lang='lat' dir='ltr'><strong>fratres,</strong></span> <span class='ocrx_word' id='word_1_488' title='bbox 941 3821 1074 3891; x_wconf 89' lang='lat' dir='ltr'><strong>quia</strong></span> <span class='ocrx_word' id='word_1_489' title='bbox 1091 3821 1152 3876; x_wconf 92' lang='lat' dir='ltr'><strong>in</strong></span> <span class='ocrx_word' id='word_1_490' title='bbox 1171 3827 1459 3878; x_wconf 87' lang='lat' dir='ltr'><strong>senectute</strong></span> <span class='ocrx_word' id='word_1_491' title='bbox 1489 3823 1592 3878; x_wconf 93' lang='lat' dir='ltr'><strong>hoc</strong></span> <span class='ocrx_word' id='word_1_492' title='bbox 1611 3823 1738 3891; x_wconf 89' lang='lat' dir='ltr'><strong>feci,</strong></span> <span class='ocrx_word' id='word_1_493' title='bbox 1761 3829 1819 3879; x_wconf 89' lang='lat' dir='ltr'><strong>et</strong></span> <span class='ocrx_word' id='word_1_494' title='bbox 1837 3829 1993 3880; x_wconf 88' lang='lat' dir='ltr'><strong>orate</strong></span> 
     </span>
    </p>
   </div>
   <div class='ocr_carea' id='block_1_46' title="bbox 399 3909 1993 3988">
    <p class='ocr_par' dir='ltr' id='par_1_46' title="bbox 399 3909 1993 3988">
     <span class='ocr_line' id='line_1_46' title="bbox 399 3909 1993 3988; baseline 0.004 -25"><span class='ocrx_word' id='word_1_495' title='bbox 399 3925 502 3982; x_wconf 89' lang='lat' dir='ltr'><strong>pro</strong></span> <span class='ocrx_word' id='word_1_496' title='bbox 521 3925 632 3964; x_wconf 90' lang='lat' dir='ltr'><strong>me.</strong></span> <span class='ocrx_word' id='word_1_497' title='bbox 659 3909 728 3964; x_wconf 90' lang='lat' dir='ltr'><strong>Et</strong></span> <span class='ocrx_word' id='word_1_498' title='bbox 755 3925 995 3980; x_wconf 88' lang='lat' dir='ltr'><strong>pergens</strong></span> <span class='ocrx_word' id='word_1_499' title='bbox 1005 3909 1077 3964; x_wconf 92' lang='lat' dir='ltr'><strong>ad</strong></span> <span class='ocrx_word' id='word_1_500' title='bbox 1093 3910 1292 3965; x_wconf 88' lang='lat' dir='ltr'><strong>cellam</strong></span> <span class='ocrx_word' id='word_1_501' title='bbox 1311 3927 1494 3976; x_wconf 87' lang='lat' dir='ltr'><strong>suam,</strong></span> <span class='ocrx_word' id='word_1_502' title='bbox 1517 3913 1588 3968; x_wconf 89' lang='lat' dir='ltr'><strong>ad</strong></span> <span class='ocrx_word' id='word_1_503' title='bbox 1621 3913 1845 3969; x_wconf 88' lang='lat' dir='ltr'><strong>initium</strong></span> <span class='ocrx_word' id='word_1_504' title='bbox 1875 3913 1993 3988; x_wconf 86' lang='lat' dir='ltr'><strong>pri-</strong></span> 
     </span>
    </p>
   </div>
   <div class='ocr_carea' id='block_1_47' title="bbox 401 3997 1529 4056">
    <p class='ocr_par' dir='ltr' id='par_1_47' title="bbox 401 3997 1529 4056">
     <span class='ocr_line' id='line_1_47' title="bbox 401 3997 1529 4056; baseline 0.003 -3"><span class='ocrx_word' id='word_1_505' title='bbox 401 4014 507 4054; x_wconf 72' lang='lat' dir='ltr'><strong>ma:</strong></span> <span class='ocrx_word' id='word_1_506' title='bbox 531 3997 970 4053; x_wconf 88' lang='lat' dir='ltr'><strong>conversationis</strong></span> <span class='ocrx_word' id='word_1_507' title='bbox 995 4015 1112 4055; x_wconf 61' lang='lat' dir='ltr'><strong>sua;</strong></span> <span class='ocrx_word' id='word_1_508' title='bbox 1139 4015 1395 4056; x_wconf 86' lang='lat' dir='ltr'><strong>reversus</strong></span> <span class='ocrx_word' id='word_1_509' title='bbox 1425 4006 1529 4056; x_wconf 88' lang='lat' dir='ltr'><strong>est.</strong></span> 
     </span>
    </p>
   </div>
   <div class='ocr_carea' id='block_1_48' title="bbox 2047 611 3608 685">
    <p class='ocr_par' dir='ltr' id='par_1_48' title="bbox 2047 611 3608 685">
     <span class='ocr_line' id='line_1_48' title="bbox 2047 611 3608 685; baseline 0.001 -14"><span class='ocrx_word' id='word_1_510' title='bbox 2047 618 2163 672; x_wconf 90' lang='lat' dir='ltr'><strong>lum</strong></span> <span class='ocrx_word' id='word_1_511' title='bbox 2193 616 2406 671; x_wconf 70' lang='lat' dir='ltr'><strong>cellula:</strong></span> <span class='ocrx_word' id='word_1_512' title='bbox 2429 631 2562 680; x_wconf 85' lang='lat' dir='ltr'><strong>suae,</strong></span> <span class='ocrx_word' id='word_1_513' title='bbox 2596 618 2654 668; x_wconf 93' lang='lat' dir='ltr'><strong>et</strong></span> <span class='ocrx_word' id='word_1_514' title='bbox 2673 613 2796 685; x_wconf 90' lang='lat' dir='ltr'><strong>ipse</strong></span> <span class='ocrx_word' id='word_1_515' title='bbox 2823 612 3056 666; x_wconf 87' lang='lat' dir='ltr'><strong>intravit</strong></span> <span class='ocrx_word' id='word_1_516' title='bbox 3083 611 3317 668; x_wconf 87' lang='lat' dir='ltr'><strong>interius</strong></span> <span class='ocrx_word' id='word_1_517' title='bbox 3351 613 3408 668; x_wconf 92' lang='lat' dir='ltr'><strong>in</strong></span> <span class='ocrx_word' id='word_1_518' title='bbox 3435 617 3608 672; x_wconf 80' lang='lat' dir='ltr'><strong>cellam</strong></span> 
     </span>
    </p>
   </div>
   <div class='ocr_carea' id='block_1_49' title="bbox 2046 701 3610 772">
    <p class='ocr_par' dir='ltr' id='par_1_49' title="bbox 2046 701 3610 772">
     <span class='ocr_line' id='line_1_49' title="bbox 2046 701 3610 772; baseline -0.001 -10"><span class='ocrx_word' id='word_1_519' title='bbox 2046 723 2228 772; x_wconf 88' lang='lat' dir='ltr'><strong>suam,</strong></span> <span class='ocrx_word' id='word_1_520' title='bbox 2248 711 2306 760; x_wconf 89' lang='lat' dir='ltr'><strong>et</strong></span> <span class='ocrx_word' id='word_1_521' title='bbox 2319 704 2539 760; x_wconf 88' lang='lat' dir='ltr'><strong>clausit.</strong></span> <span class='ocrx_word' id='word_1_522' title='bbox 2560 703 2630 758; x_wconf 91' lang='lat' dir='ltr'><strong>Et</strong></span> <span class='ocrx_word' id='word_1_523' title='bbox 2647 719 2773 758; x_wconf 89' lang='lat' dir='ltr'><strong>ecce</strong></span> <span class='ocrx_word' id='word_1_524' title='bbox 2791 701 2981 757; x_wconf 86' lang='lat' dir='ltr'><strong>infelix</strong></span> <span class='ocrx_word' id='word_1_525' title='bbox 2998 701 3098 756; x_wconf 91' lang='lat' dir='ltr'><strong>illa</strong></span> <span class='ocrx_word' id='word_1_526' title='bbox 3114 701 3391 769; x_wconf 88' lang='lat' dir='ltr'><strong>clamavit,</strong></span> <span class='ocrx_word' id='word_1_527' title='bbox 3415 703 3610 760; x_wconf 86' lang='lat' dir='ltr'><strong>dicens:</strong></span> 
     </span>
    </p>
   </div>
   <div class='ocr_carea' id='block_1_50' title="bbox 2043 790 3614 860">
    <p class='ocr_par' dir='ltr' id='par_1_50' title="bbox 2043 790 3614 860">
     <span class='ocr_line' id='line_1_50' title="bbox 2043 790 3614 860; baseline -0.001 -10"><span class='ocrx_word' id='word_1_528' title='bbox 2043 795 2220 860; x_wconf 82' lang='lat' dir='ltr'><strong>Abba,</strong></span> <span class='ocrx_word' id='word_1_529' title='bbox 2250 794 2382 849; x_wconf 75' lang='lat' dir='ltr'><strong>ferae</strong></span> <span class='ocrx_word' id='word_1_530' title='bbox 2420 809 2510 848; x_wconf 89' lang='lat' dir='ltr'><strong>me</strong></span> <span class='ocrx_word' id='word_1_531' title='bbox 2557 791 2853 848; x_wconf 90' lang='lat' dir='ltr'><strong>comedent</strong></span> <span class='ocrx_word' id='word_1_532' title='bbox 2895 790 3004 846; x_wconf 91' lang='lat' dir='ltr'><strong>hic.</strong></span> <span class='ocrx_word' id='word_1_533' title='bbox 3053 791 3154 846; x_wconf 89' lang='lat' dir='ltr'><strong>Ille</strong></span> <span class='ocrx_word' id='word_1_534' title='bbox 3199 795 3387 846; x_wconf 90' lang='lat' dir='ltr'><strong>autem</strong></span> <span class='ocrx_word' id='word_1_535' title='bbox 3431 792 3614 848; x_wconf 88' lang='lat' dir='ltr'><strong>iterum</strong></span> 
     </span>
    </p>
   </div>
   <div class='ocr_carea' id='block_1_51' title="bbox 2043 879 3614 952">
    <p class='ocr_par' dir='ltr' id='par_1_51' title="bbox 2043 879 3614 952">
     <span class='ocr_line' id='line_1_51' title="bbox 2043 879 3614 952; baseline -0.002 -13"><span class='ocrx_word' id='word_1_536' title='bbox 2043 883 2304 940; x_wconf 86' lang='lat' dir='ltr'><strong>turbatus</strong></span> <span class='ocrx_word' id='word_1_537' title='bbox 2333 888 2436 948; x_wconf 90' lang='lat' dir='ltr'><strong>est,</strong></span> <span class='ocrx_word' id='word_1_538' title='bbox 2469 881 2677 936; x_wconf 87' lang='lat' dir='ltr'><strong>timens</strong></span> <span class='ocrx_word' id='word_1_539' title='bbox 2708 881 2881 936; x_wconf 89' lang='lat' dir='ltr'><strong>etiam</strong></span> <span class='ocrx_word' id='word_1_540' title='bbox 2913 879 3189 952; x_wconf 89' lang='lat' dir='ltr'><strong>judicium</strong></span> <span class='ocrx_word' id='word_1_541' title='bbox 3220 880 3340 945; x_wconf 86' lang='lat' dir='ltr'><strong>Dei,</strong></span> <span class='ocrx_word' id='word_1_542' title='bbox 3383 880 3614 937; x_wconf 89' lang='lat' dir='ltr'><strong>dicebat:</strong></span> 
     </span>
    </p>
   </div>
   <div class='ocr_carea' id='block_1_52' title="bbox 2041 968 3618 1040">
    <p class='ocr_par' dir='ltr' id='par_1_52' title="bbox 2041 968 3618 1040">
     <span class='ocr_line' id='line_1_52' title="bbox 2041 968 3618 1040; baseline -0.003 -11"><span class='ocrx_word' id='word_1_543' title='bbox 2041 974 2202 1030; x_wconf 88' lang='lat' dir='ltr'><strong>Unde</strong></span> <span class='ocrx_word' id='word_1_544' title='bbox 2224 971 2362 1027; x_wconf 88' lang='lat' dir='ltr'><strong>mihi</strong></span> <span class='ocrx_word' id='word_1_545' title='bbox 2397 970 2641 1025; x_wconf 78' lang='lat' dir='ltr'><strong>venitira</strong></span> <span class='ocrx_word' id='word_1_546' title='bbox 2659 969 2822 1025; x_wconf 82' lang='lat' dir='ltr'><strong>haec?</strong></span> <span class='ocrx_word' id='word_1_547' title='bbox 2850 969 2919 1024; x_wconf 90' lang='lat' dir='ltr'><strong>Et</strong></span> <span class='ocrx_word' id='word_1_548' title='bbox 2943 968 3204 1040; x_wconf 89' lang='lat' dir='ltr'><strong>aperiens</strong></span> <span class='ocrx_word' id='word_1_549' title='bbox 3223 968 3442 1033; x_wconf 86' lang='lat' dir='ltr'><strong>ostium,</strong></span> <span class='ocrx_word' id='word_1_550' title='bbox 3465 969 3618 1025; x_wconf 55' lang='lat' dir='ltr'><strong>intro.</strong></span> 
     </span>
    </p>
   </div>
   <div class='ocr_carea' id='block_1_53' title="bbox 2043 1057 3620 1130">
    <p class='ocr_par' dir='ltr' id='par_1_53' title="bbox 2043 1057 3620 1130">
     <span class='ocr_line' id='line_1_53' title="bbox 2043 1057 3620 1130; baseline -0.001 -13"><span class='ocrx_word' id='word_1_551' title='bbox 2043 1062 2204 1118; x_wconf 88' lang='lat' dir='ltr'><strong>duxit</strong></span> <span class='ocrx_word' id='word_1_552' title='bbox 2221 1077 2347 1116; x_wconf 87' lang='lat' dir='ltr'><strong>eam</strong></span> <span class='ocrx_word' id='word_1_553' title='bbox 2377 1061 2548 1115; x_wconf 87' lang='lat' dir='ltr'><strong>intro.</strong></span> <span class='ocrx_word' id='word_1_554' title='bbox 2571 1059 2753 1130; x_wconf 65' lang='lat' dir='ltr'><strong>Cepit</strong></span> <span class='ocrx_word' id='word_1_555' title='bbox 2764 1063 2955 1114; x_wconf 89' lang='lat' dir='ltr'><strong>autem</strong></span> <span class='ocrx_word' id='word_1_556' title='bbox 2972 1057 3230 1113; x_wconf 91' lang='lat' dir='ltr'><strong>diabolus</strong></span> <span class='ocrx_word' id='word_1_557' title='bbox 3255 1058 3404 1113; x_wconf 86' lang='lat' dir='ltr'><strong>velut</strong></span> <span class='ocrx_word' id='word_1_558' title='bbox 3421 1059 3620 1130; x_wconf 86' lang='lat' dir='ltr'><strong>sagittis</strong></span> 
     </span>
    </p>
   </div>
   <div class='ocr_carea' id='block_1_54' title="bbox 2043 1147 3618 1220">
    <p class='ocr_par' dir='ltr' id='par_1_54' title="bbox 2043 1147 3618 1220">
     <span class='ocr_line' id='line_1_54' title="bbox 2043 1147 3618 1220; baseline 0 -14"><span class='ocrx_word' id='word_1_559' title='bbox 2043 1151 2336 1206; x_wconf 84' lang='lat' dir='ltr'><strong>stimulare</strong></span> <span class='ocrx_word' id='word_1_560' title='bbox 2375 1167 2472 1204; x_wconf 88' lang='lat' dir='ltr'><strong>eor</strong></span> <span class='ocrx_word' id='word_1_561' title='bbox 2499 1151 2622 1220; x_wconf 87' lang='lat' dir='ltr'><strong>ejus</strong></span> <span class='ocrx_word' id='word_1_562' title='bbox 2659 1148 2714 1203; x_wconf 92' lang='lat' dir='ltr'><strong>in</strong></span> <span class='ocrx_word' id='word_1_563' title='bbox 2762 1164 2908 1203; x_wconf 88' lang='lat' dir='ltr'><strong>eam.</strong></span> <span class='ocrx_word' id='word_1_564' title='bbox 2956 1147 3064 1212; x_wconf 87' lang='lat' dir='ltr'><strong>Qui</strong></span> <span class='ocrx_word' id='word_1_565' title='bbox 3109 1163 3237 1202; x_wconf 88' lang='lat' dir='ltr'><strong>cum</strong></span> <span class='ocrx_word' id='word_1_566' title='bbox 3275 1148 3618 1206; x_wconf 80' lang='lat' dir='ltr'><strong>intellexisset</strong></span> 
     </span>
    </p>
   </div>
   <div class='ocr_carea' id='block_1_55' title="bbox 2043 1235 3617 1310">
    <p class='ocr_par' dir='ltr' id='par_1_55' title="bbox 2043 1235 3617 1310">
     <span class='ocr_line' id='line_1_55' title="bbox 2043 1235 3617 1310; baseline -0.001 -16"><span class='ocrx_word' id='word_1_567' title='bbox 2043 1239 2253 1295; x_wconf 87' lang='lat' dir='ltr'><strong>diaboli</strong></span> <span class='ocrx_word' id='word_1_568' title='bbox 2283 1255 2405 1294; x_wconf 91' lang='lat' dir='ltr'><strong>esse</strong></span> <span class='ocrx_word' id='word_1_569' title='bbox 2429 1238 2710 1305; x_wconf 88' lang='lat' dir='ltr'><strong>stimulos,</strong></span> <span class='ocrx_word' id='word_1_570' title='bbox 2763 1235 2982 1292; x_wconf 88' lang='lat' dir='ltr'><strong>dicebat</strong></span> <span class='ocrx_word' id='word_1_571' title='bbox 3027 1237 3088 1292; x_wconf 90' lang='lat' dir='ltr'><strong>in</strong></span> <span class='ocrx_word' id='word_1_572' title='bbox 3137 1236 3472 1310; x_wconf 87' lang='lat' dir='ltr'><strong>semetipso:</strong></span> <span class='ocrx_word' id='word_1_573' title='bbox 3514 1238 3617 1294; x_wconf 71' lang='lat' dir='ltr'><strong>Viae</strong></span> 
     </span>
    </p>
   </div>
   <div class='ocr_carea' id='block_1_56' title="bbox 2045 1325 3616 1394">
    <p class='ocr_par' dir='ltr' id='par_1_56' title="bbox 2045 1325 3616 1394">
     <span class='ocr_line' id='line_1_56' title="bbox 2045 1325 3616 1394; baseline -0.001 -11"><span class='ocrx_word' id='word_1_574' title='bbox 2045 1328 2255 1384; x_wconf 90' lang='lat' dir='ltr'><strong>inimici</strong></span> <span class='ocrx_word' id='word_1_575' title='bbox 2270 1327 2516 1382; x_wconf 82' lang='lat' dir='ltr'><strong>tenebrae</strong></span> <span class='ocrx_word' id='word_1_576' title='bbox 2537 1330 2700 1394; x_wconf 88' lang='lat' dir='ltr'><strong>sunt;</strong></span> <span class='ocrx_word' id='word_1_577' title='bbox 2735 1325 2910 1382; x_wconf 91' lang='lat' dir='ltr'><strong>Filius</strong></span> <span class='ocrx_word' id='word_1_578' title='bbox 2927 1331 3114 1380; x_wconf 89' lang='lat' dir='ltr'><strong>autem</strong></span> <span class='ocrx_word' id='word_1_579' title='bbox 3140 1325 3242 1380; x_wconf 91' lang='lat' dir='ltr'><strong>Dei</strong></span> <span class='ocrx_word' id='word_1_580' title='bbox 3258 1326 3350 1381; x_wconf 89' lang='lat' dir='ltr'><strong>lux</strong></span> <span class='ocrx_word' id='word_1_581' title='bbox 3369 1333 3450 1380; x_wconf 86' lang='lat' dir='ltr'><strong>est</strong></span> <span class='ocrx_word' id='word_1_582' title='bbox 3472 1330 3616 1384; x_wconf 79' lang='lat' dir='ltr'><strong>lPsal.</strong></span> 
     </span>
    </p>
   </div>
   <div class='ocr_carea' id='block_1_57' title="bbox 2055 2217 3626 2290">
    <p class='ocr_par' dir='ltr' id='par_1_57' title="bbox 2055 2217 3626 2290">
     <span class='ocr_line' id='line_1_57' title="bbox 2055 2217 3626 2290; baseline -0.003 -14"><span class='ocrx_word' id='word_1_583' title='bbox 2055 2223 2126 2278; x_wconf 93' lang='lat' dir='ltr'><strong>Et</strong></span> <span class='ocrx_word' id='word_1_584' title='bbox 2152 2220 2442 2275; x_wconf 88' lang='lat' dir='ltr'><strong>venientes</strong></span> <span class='ocrx_word' id='word_1_585' title='bbox 2475 2219 2710 2290; x_wconf 90' lang='lat' dir='ltr'><strong>juvenes</strong></span> <span class='ocrx_word' id='word_1_586' title='bbox 2759 2233 2924 2272; x_wconf 90' lang='lat' dir='ltr'><strong>mane</strong></span> <span class='ocrx_word' id='word_1_587' title='bbox 2970 2217 3044 2272; x_wconf 90' lang='lat' dir='ltr'><strong>ad</strong></span> <span class='ocrx_word' id='word_1_588' title='bbox 3085 2217 3426 2272; x_wconf 89' lang='lat' dir='ltr'><strong>monachum</strong></span> <span class='ocrx_word' id='word_1_589' title='bbox 3471 2217 3626 2284; x_wconf 88' lang='lat' dir='ltr'><strong>illum,</strong></span> 
     </span>
    </p>
   </div>
   <div class='ocr_carea' id='block_1_58' title="bbox 2055 2306 3626 2366">
    <p class='ocr_par' dir='ltr' id='par_1_58' title="bbox 2055 2306 3626 2366">
     <span class='ocr_line' id='line_1_58' title="bbox 2055 2306 3626 2366; baseline -0.004 0"><span class='ocrx_word' id='word_1_590' title='bbox 2055 2309 2351 2366; x_wconf 87' lang='lat' dir='ltr'><strong>dicebant:</strong></span> <span class='ocrx_word' id='word_1_591' title='bbox 2385 2308 2558 2366; x_wconf 81' lang='lat' dir='ltr'><strong>Venit</strong></span> <span class='ocrx_word' id='word_1_592' title='bbox 2585 2307 2676 2362; x_wconf 87' lang='lat' dir='ltr'><strong>hic</strong></span> <span class='ocrx_word' id='word_1_593' title='bbox 2705 2306 2911 2362; x_wconf 89' lang='lat' dir='ltr'><strong>mulier</strong></span> <span class='ocrx_word' id='word_1_594' title='bbox 2941 2322 3067 2361; x_wconf 89' lang='lat' dir='ltr'><strong>sero</strong></span> <span class='ocrx_word' id='word_1_595' title='bbox 3086 2307 3112 2360; x_wconf 82' lang='lat' dir='ltr'><strong>’I</strong></span> <span class='ocrx_word' id='word_1_596' title='bbox 3135 2306 3238 2362; x_wconf 91' lang='lat' dir='ltr'><strong>Ille</strong></span> <span class='ocrx_word' id='word_1_597' title='bbox 3259 2310 3449 2361; x_wconf 88' lang='lat' dir='ltr'><strong>autem</strong></span> <span class='ocrx_word' id='word_1_598' title='bbox 3477 2307 3626 2361; x_wconf 84' lang='lat' dir='ltr'><strong>dixit:</strong></span> 
     </span>
    </p>
   </div>
   <div class='ocr_carea' id='block_1_59' title="bbox 2057 2395 3628 2466">
    <p class='ocr_par' dir='ltr' id='par_1_59' title="bbox 2057 2395 3628 2466">
     <span class='ocr_line' id='line_1_59' title="bbox 2057 2395 3628 2466; baseline -0.003 -11"><span class='ocrx_word' id='word_1_599' title='bbox 2057 2399 2240 2456; x_wconf 87' lang='lat' dir='ltr'><strong>Etiam</strong></span> <span class='ocrx_word' id='word_1_600' title='bbox 2265 2417 2276 2466; x_wconf 92' lang='lat'><strong>;</strong></span> <span class='ocrx_word' id='word_1_601' title='bbox 2297 2415 2422 2454; x_wconf 88' lang='lat' dir='ltr'><strong>ecce</strong></span> <span class='ocrx_word' id='word_1_602' title='bbox 2441 2397 2536 2452; x_wconf 93' lang='lat' dir='ltr'><strong>ubi</strong></span> <span class='ocrx_word' id='word_1_603' title='bbox 2553 2396 2780 2452; x_wconf 88' lang='lat' dir='ltr'><strong>dormit.</strong></span> <span class='ocrx_word' id='word_1_604' title='bbox 2801 2397 2870 2452; x_wconf 88' lang='lat' dir='ltr'><strong>Et</strong></span> <span class='ocrx_word' id='word_1_605' title='bbox 2882 2395 3160 2451; x_wconf 88' lang='lat' dir='ltr'><strong>intrantes</strong></span> <span class='ocrx_word' id='word_1_606' title='bbox 3179 2395 3509 2451; x_wconf 88' lang='lat' dir='ltr'><strong>invenerunt</strong></span> <span class='ocrx_word' id='word_1_607' title='bbox 3525 2411 3628 2450; x_wconf 86' lang='lat' dir='ltr'><strong>eam</strong></span> 
     </span>
    </p>
   </div>
   <div class='ocr_carea' id='block_1_60' title="bbox 2058 2484 3631 2553">
    <p class='ocr_par' dir='ltr' id='par_1_60' title="bbox 2058 2484 3631 2553">
     <span class='ocr_line' id='line_1_60' title="bbox 2058 2484 3631 2553; baseline -0.004 -9"><span class='ocrx_word' id='word_1_608' title='bbox 2058 2493 2359 2544; x_wconf 85' lang='lat' dir='ltr'><strong>mortuam.</strong></span> <span class='ocrx_word' id='word_1_609' title='bbox 2395 2488 2465 2542; x_wconf 91' lang='lat' dir='ltr'><strong>Et</strong></span> <span class='ocrx_word' id='word_1_610' title='bbox 2491 2487 2722 2541; x_wconf 90' lang='lat' dir='ltr'><strong>dicunt:</strong></span> <span class='ocrx_word' id='word_1_611' title='bbox 2755 2484 2933 2553; x_wconf 83' lang='lat' dir='ltr'><strong>Abba,</strong></span> <span class='ocrx_word' id='word_1_612' title='bbox 2966 2490 3192 2541; x_wconf 88' lang='lat' dir='ltr'><strong>mortua</strong></span> <span class='ocrx_word' id='word_1_613' title='bbox 3219 2491 3326 2540; x_wconf 89' lang='lat' dir='ltr'><strong>est.</strong></span> <span class='ocrx_word' id='word_1_614' title='bbox 3371 2485 3522 2541; x_wconf 90' lang='lat' dir='ltr'><strong>Tunc</strong></span> <span class='ocrx_word' id='word_1_615' title='bbox 3553 2485 3631 2538; x_wconf 86' lang='lat' dir='ltr'><strong>ille</strong></span> 
     </span>
    </p>
   </div>
   <div class='ocr_carea' id='block_1_61' title="bbox 2059 2573 3634 2648">
    <p class='ocr_par' dir='ltr' id='par_1_61' title="bbox 2059 2573 3634 2648">
     <span class='ocr_line' id='line_1_61' title="bbox 2059 2573 3634 2648; baseline -0.004 -15"><span class='ocrx_word' id='word_1_616' title='bbox 2059 2576 2339 2633; x_wconf 83' lang='lat' dir='ltr'><strong>recutiens</strong></span> <span class='ocrx_word' id='word_1_617' title='bbox 2357 2575 2647 2648; x_wconf 86' lang='lat' dir='ltr'><strong>palliolum</strong></span> <span class='ocrx_word' id='word_1_618' title='bbox 2668 2591 2853 2640; x_wconf 85' lang='lat' dir='ltr'><strong>suum,</strong></span> <span class='ocrx_word' id='word_1_619' title='bbox 2872 2591 2981 2647; x_wconf 92' lang='lat' dir='ltr'><strong>quo</strong></span> <span class='ocrx_word' id='word_1_620' title='bbox 3001 2573 3292 2641; x_wconf 83' lang='lat' dir='ltr'><strong>utebatur,</strong></span> <span class='ocrx_word' id='word_1_621' title='bbox 3319 2573 3551 2630; x_wconf 88' lang='lat' dir='ltr'><strong>ostendit</strong></span> <span class='ocrx_word' id='word_1_622' title='bbox 3566 2574 3634 2628; x_wconf 87' lang='lat' dir='ltr'><strong>eis</strong></span> 
     </span>
    </p>
   </div>
   <div class='ocr_carea' id='block_1_62' title="bbox 2072 3551 3639 3628">
    <p class='ocr_par' dir='ltr' id='par_1_62' title="bbox 2072 3551 3639 3628">
     <span class='ocr_line' id='line_1_62' title="bbox 2072 3551 3639 3628; baseline -0.003 -17"><span class='ocrx_word' id='word_1_623' title='bbox 2072 3556 2174 3613; x_wconf 93' lang='lat' dir='ltr'><strong>Ille</strong></span> <span class='ocrx_word' id='word_1_624' title='bbox 2194 3561 2382 3611; x_wconf 87' lang='lat' dir='ltr'><strong>autem</strong></span> <span class='ocrx_word' id='word_1_625' title='bbox 2402 3555 2746 3628; x_wconf 90' lang='lat' dir='ltr'><strong>respondens</strong></span> <span class='ocrx_word' id='word_1_626' title='bbox 2765 3555 2906 3610; x_wconf 87' lang='lat' dir='ltr'><strong>dixit</strong></span> <span class='ocrx_word' id='word_1_627' title='bbox 2924 3555 2975 3608; x_wconf 90' lang='lat' dir='ltr'><strong>ei</strong></span> <span class='ocrx_word' id='word_1_628' title='bbox 2997 3573 3009 3609; x_wconf 88' lang='lat'><strong>:</strong></span> <span class='ocrx_word' id='word_1_629' title='bbox 3027 3555 3154 3609; x_wconf 87' lang='lat' dir='ltr'><strong>Non</strong></span> <span class='ocrx_word' id='word_1_630' title='bbox 3175 3571 3405 3626; x_wconf 87' lang='lat' dir='ltr'><strong>possum</strong></span> <span class='ocrx_word' id='word_1_631' title='bbox 3425 3569 3539 3608; x_wconf 90' lang='lat' dir='ltr'><strong>eam</strong></span> <span class='ocrx_word' id='word_1_632' title='bbox 3553 3551 3639 3606; x_wconf 88' lang='lat' dir='ltr'><strong>tibi</strong></span> 
     </span>
    </p>
   </div>
   <div class='ocr_carea' id='block_1_63' title="bbox 2072 3643 3642 3716">
    <p class='ocr_par' dir='ltr' id='par_1_63' title="bbox 2072 3643 3642 3716">
     <span class='ocr_line' id='line_1_63' title="bbox 2072 3643 3642 3716; baseline -0.005 -14"><span class='ocrx_word' id='word_1_633' title='bbox 2072 3646 2226 3711; x_wconf 70' lang='lat' dir='ltr'><strong>dare,</strong></span> <span class='ocrx_word' id='word_1_634' title='bbox 2253 3644 2363 3700; x_wconf 89' lang='lat' dir='ltr'><strong>nisi</strong></span> <span class='ocrx_word' id='word_1_635' title='bbox 2377 3660 2646 3716; x_wconf 85' lang='lat' dir='ltr'><strong>rogavero</strong></span> <span class='ocrx_word' id='word_1_636' title='bbox 2665 3645 2833 3699; x_wconf 90' lang='lat' dir='ltr'><strong>deum</strong></span> <span class='ocrx_word' id='word_1_637' title='bbox 2857 3660 3067 3700; x_wconf 88' lang='lat' dir='ltr'><strong>meum.</strong></span> <span class='ocrx_word' id='word_1_638' title='bbox 3091 3645 3162 3699; x_wconf 89' lang='lat' dir='ltr'><strong>Et</strong></span> <span class='ocrx_word' id='word_1_639' title='bbox 3173 3643 3370 3699; x_wconf 90' lang='lat' dir='ltr'><strong>abiens</strong></span> <span class='ocrx_word' id='word_1_640' title='bbox 3387 3643 3642 3698; x_wconf 64' lang='lat' dir='ltr'><strong>addmmo-</strong></span> 
     </span>
    </p>
   </div>
   <div class='ocr_carea' id='block_1_64' title="bbox 2073 3731 3640 3806">
    <p class='ocr_par' dir='ltr' id='par_1_64' title="bbox 2073 3731 3640 3806">
     <span class='ocr_line' id='line_1_64' title="bbox 2073 3731 3640 3806; baseline -0.005 -16"><span class='ocrx_word' id='word_1_641' title='bbox 2073 3751 2202 3790; x_wconf 90' lang='lat' dir='ltr'><strong>nem</strong></span> <span class='ocrx_word' id='word_1_642' title='bbox 2234 3749 2402 3806; x_wconf 89' lang='lat' dir='ltr'><strong>quem</strong></span> <span class='ocrx_word' id='word_1_643' title='bbox 2417 3733 2652 3801; x_wconf 87' lang='lat' dir='ltr'><strong>colebat,</strong></span> <span class='ocrx_word' id='word_1_644' title='bbox 2680 3733 2823 3789; x_wconf 90' lang='lat' dir='ltr'><strong>dixit</strong></span> <span class='ocrx_word' id='word_1_645' title='bbox 2841 3733 2922 3788; x_wconf 90' lang='lat' dir='ltr'><strong>ei:</strong></span> <span class='ocrx_word' id='word_1_646' title='bbox 2949 3733 3086 3788; x_wconf 92' lang='lat' dir='ltr'><strong>Ecce</strong></span> <span class='ocrx_word' id='word_1_647' title='bbox 3114 3732 3346 3804; x_wconf 87' lang='lat' dir='ltr'><strong>quidam</strong></span> <span class='ocrx_word' id='word_1_648' title='bbox 3366 3731 3640 3787; x_wconf 86' lang='lat' dir='ltr'><strong>monachus</strong></span> 
     </span>
    </p>
   </div>
   <div class='ocr_carea' id='block_1_65' title="bbox 2073 3820 3642 3895">
    <p class='ocr_par' dir='ltr' id='par_1_65' title="bbox 2073 3820 3642 3895">
     <span class='ocr_line' id='line_1_65' title="bbox 2073 3820 3642 3895; baseline -0.004 -16"><span class='ocrx_word' id='word_1_649' title='bbox 2073 3823 2226 3879; x_wconf 88' lang='lat' dir='ltr'><strong>venit</strong></span> <span class='ocrx_word' id='word_1_650' title='bbox 2245 3823 2315 3878; x_wconf 90' lang='lat' dir='ltr'><strong>ad</strong></span> <span class='ocrx_word' id='word_1_651' title='bbox 2328 3839 2438 3891; x_wconf 90' lang='lat' dir='ltr'><strong>me,</strong></span> <span class='ocrx_word' id='word_1_652' title='bbox 2454 3823 2646 3878; x_wconf 89' lang='lat' dir='ltr'><strong>volens</strong></span> <span class='ocrx_word' id='word_1_653' title='bbox 2663 3823 2915 3895; x_wconf 87' lang='lat' dir='ltr'><strong>accipere</strong></span> <span class='ocrx_word' id='word_1_654' title='bbox 2925 3823 3096 3878; x_wconf 85' lang='lat' dir='ltr'><strong>ﬁliam</strong></span> <span class='ocrx_word' id='word_1_655' title='bbox 3119 3841 3306 3880; x_wconf 87' lang='lat' dir='ltr'><strong>meam</strong></span> <span class='ocrx_word' id='word_1_656' title='bbox 3323 3843 3336 3893; x_wconf 89' lang='lat'><strong>;</strong></span> <span class='ocrx_word' id='word_1_657' title='bbox 3352 3823 3421 3878; x_wconf 92' lang='lat' dir='ltr'><strong>do</strong></span> <span class='ocrx_word' id='word_1_658' title='bbox 3439 3822 3485 3876; x_wconf 91' lang='lat' dir='ltr'><strong>ei</strong></span> <span class='ocrx_word' id='word_1_659' title='bbox 3511 3820 3642 3876; x_wconf 82' lang='lat' dir='ltr'><strong>eam?</strong></span> 
     </span>
    </p>
   </div>
   <div class='ocr_carea' id='block_1_66' title="bbox 2075 3911 3643 3985">
    <p class='ocr_par' dir='ltr' id='par_1_66' title="bbox 2075 3911 3643 3985">
     <span class='ocr_line' id='line_1_66' title="bbox 2075 3911 3643 3985; baseline -0.004 -17"><span class='ocrx_word' id='word_1_660' title='bbox 2075 3912 2437 3985; x_wconf 81' lang='lat' dir='ltr'><strong>Respondeas</strong></span> <span class='ocrx_word' id='word_1_661' title='bbox 2467 3913 2704 3980; x_wconf 82' lang='lat' dir='ltr'><strong>daemon,</strong></span> <span class='ocrx_word' id='word_1_662' title='bbox 2725 3911 2865 3968; x_wconf 81' lang='lat' dir='ltr'><strong>dixit</strong></span> <span class='ocrx_word' id='word_1_663' title='bbox 2888 3930 2900 3966; x_wconf 90' lang='lat'><strong>:</strong></span> <span class='ocrx_word' id='word_1_664' title='bbox 2927 3912 2986 3968; x_wconf 92' lang='lat' dir='ltr'><strong>Si</strong></span> <span class='ocrx_word' id='word_1_665' title='bbox 3011 3918 3182 3985; x_wconf 89' lang='lat' dir='ltr'><strong>negat</strong></span> <span class='ocrx_word' id='word_1_666' title='bbox 3203 3914 3384 3968; x_wconf 89' lang='lat' dir='ltr'><strong>Deum</strong></span> <span class='ocrx_word' id='word_1_667' title='bbox 3397 3927 3568 3976; x_wconf 88' lang='lat' dir='ltr'><strong>suum,</strong></span> <span class='ocrx_word' id='word_1_668' title='bbox 3595 3913 3643 3963; x_wconf 86' lang='lat' dir='ltr'><strong>et</strong></span> 
     </span>
    </p>
   </div>
   <div class='ocr_carea' id='block_1_67' title="bbox 2074 4001 3638 4074">
    <p class='ocr_par' dir='ltr' id='par_1_67' title="bbox 2074 4001 3638 4074">
     <span class='ocr_line' id='line_1_67' title="bbox 2074 4001 3638 4074; baseline -0.004 -18"><span class='ocrx_word' id='word_1_669' title='bbox 2074 4001 2440 4074; x_wconf 86' lang='lat' dir='ltr'><strong>baptismum,</strong></span> <span class='ocrx_word' id='word_1_670' title='bbox 2464 4007 2522 4058; x_wconf 91' lang='lat' dir='ltr'><strong>et</strong></span> <span class='ocrx_word' id='word_1_671' title='bbox 2540 4001 2888 4074; x_wconf 89' lang='lat' dir='ltr'><strong>propositum</strong></span> <span class='ocrx_word' id='word_1_672' title='bbox 2910 4003 3190 4070; x_wconf 88' lang='lat' dir='ltr'><strong>monachi,</strong></span> <span class='ocrx_word' id='word_1_673' title='bbox 3221 4003 3502 4072; x_wconf 83' lang='lat' dir='ltr'><strong>interroga</strong></span> <span class='ocrx_word' id='word_1_674' title='bbox 3513 4015 3638 4055; x_wconf 88' lang='lat' dir='ltr'><strong>eum.</strong></span> 
     </span>
    </p>
   </div>
   <div class='ocr_carea' id='block_1_68' title="bbox 474 4084 3644 4164">
    <p class='ocr_par' dir='ltr' id='par_1_68' title="bbox 474 4084 3644 4164">
     <span class='ocr_line' id='line_1_68' title="bbox 474 4084 3644 4164; baseline -0.001 -22"><span class='ocrx_word' id='word_1_675' title='bbox 474 4084 562 4143; x_wconf 90' lang='lat'><strong>36.</strong></span> <span class='ocrx_word' id='word_1_676' title='bbox 594 4087 793 4143; x_wconf 86' lang='lat' dir='ltr'><strong>Frater</strong></span> <span class='ocrx_word' id='word_1_677' title='bbox 819 4087 1048 4158; x_wconf 88' lang='lat' dir='ltr'><strong>quidam</strong></span> <span class='ocrx_word' id='word_1_678' title='bbox 1075 4092 1326 4144; x_wconf 87' lang='lat' dir='ltr'><strong>tentatus</strong></span> <span class='ocrx_word' id='word_1_679' title='bbox 1353 4095 1440 4144; x_wconf 90' lang='lat' dir='ltr'><strong>est</strong></span> <span class='ocrx_word' id='word_1_680' title='bbox 1463 4091 1704 4162; x_wconf 88' lang='lat' dir='ltr'><strong>pessime</strong></span> <span class='ocrx_word' id='word_1_681' title='bbox 1731 4107 1766 4146; x_wconf 88' lang='lat' dir='ltr'><strong>a</strong></span> <span class='ocrx_word' id='word_1_682' title='bbox 1794 4091 1998 4148; x_wconf 69' lang='lat' dir='ltr'><strong>daemo-</strong></span> <span class='ocrx_word' id='word_1_683' title='bbox 2077 4091 2148 4148; x_wconf 86' lang='lat' dir='ltr'><strong>Et</strong></span> <span class='ocrx_word' id='word_1_684' title='bbox 2171 4091 2398 4146; x_wconf 89' lang='lat' dir='ltr'><strong>veniens</strong></span> <span class='ocrx_word' id='word_1_685' title='bbox 2422 4092 2682 4147; x_wconf 87' lang='lat' dir='ltr'><strong>sacerdos</strong></span> <span class='ocrx_word' id='word_1_686' title='bbox 2699 4091 2842 4146; x_wconf 86' lang='lat' dir='ltr'><strong>dixit</strong></span> <span class='ocrx_word' id='word_1_687' title='bbox 2859 4091 2948 4146; x_wconf 89' lang='lat' dir='ltr'><strong>ei:</strong></span> <span class='ocrx_word' id='word_1_688' title='bbox 2989 4092 3146 4164; x_wconf 85' lang='lat' dir='ltr'><strong>Nega</strong></span> <span class='ocrx_word' id='word_1_689' title='bbox 3169 4092 3352 4147; x_wconf 89' lang='lat' dir='ltr'><strong>Deum</strong></span> <span class='ocrx_word' id='word_1_690' title='bbox 3394 4095 3562 4155; x_wconf 88' lang='lat' dir='ltr'><strong>tuum,</strong></span> <span class='ocrx_word' id='word_1_691' title='bbox 3597 4092 3644 4140; x_wconf 87' lang='lat' dir='ltr'><strong>et</strong></span> 
     </span>
    </p>
   </div>
   <div class='ocr_carea' id='block_1_69' title="bbox 403 4175 3642 4254">
    <p class='ocr_par' dir='ltr' id='par_1_69' title="bbox 403 4175 3642 4254">
     <span class='ocr_line' id='line_1_69' title="bbox 403 4175 3642 4254; baseline -0.002 -21"><span class='ocrx_word' id='word_1_692' title='bbox 403 4176 589 4233; x_wconf 88' lang='lat' dir='ltr'><strong>nibus.</strong></span> <span class='ocrx_word' id='word_1_693' title='bbox 623 4177 689 4234; x_wconf 92' lang='lat' dir='ltr'><strong>In</strong></span> <span class='ocrx_word' id='word_1_694' title='bbox 717 4178 901 4250; x_wconf 90' lang='lat' dir='ltr'><strong>specie</strong></span> <span class='ocrx_word' id='word_1_695' title='bbox 933 4177 1085 4233; x_wconf 89' lang='lat' dir='ltr'><strong>enim</strong></span> <span class='ocrx_word' id='word_1_696' title='bbox 1115 4177 1474 4250; x_wconf 85' lang='lat' dir='ltr'><strong>pulchrarum</strong></span> <span class='ocrx_word' id='word_1_697' title='bbox 1495 4183 1678 4245; x_wconf 67' lang='lat'><strong>5&#39;29</strong></span> <span class='ocrx_word' id='word_1_698' title='bbox 1695 4181 1996 4236; x_wconf 89' lang='lat' dir='ltr'><strong>mulierum</strong></span> <span class='ocrx_word' id='word_1_699' title='bbox 2075 4180 2437 4254; x_wconf 87' lang='lat' dir='ltr'><strong>baptismum,</strong></span> <span class='ocrx_word' id='word_1_700' title='bbox 2469 4185 2527 4236; x_wconf 90' lang='lat' dir='ltr'><strong>et</strong></span> <span class='ocrx_word' id='word_1_701' title='bbox 2567 4180 2916 4253; x_wconf 89' lang='lat' dir='ltr'><strong>propositum</strong></span> <span class='ocrx_word' id='word_1_702' title='bbox 2959 4179 3238 4247; x_wconf 87' lang='lat' dir='ltr'><strong>monachi,</strong></span> <span class='ocrx_word' id='word_1_703' title='bbox 3289 4186 3348 4235; x_wconf 89' lang='lat' dir='ltr'><strong>et</strong></span> <span class='ocrx_word' id='word_1_704' title='bbox 3387 4178 3522 4234; x_wconf 90' lang='lat' dir='ltr'><strong>dabo</strong></span> <span class='ocrx_word' id='word_1_705' title='bbox 3559 4175 3642 4231; x_wconf 87' lang='lat' dir='ltr'><strong>tibi</strong></span> 
     </span>
    </p>
   </div>
   <div class='ocr_carea' id='block_1_70' title="bbox 399 4264 3645 4342">
    <p class='ocr_par' dir='ltr' id='par_1_70' title="bbox 399 4264 3645 4342">
     <span class='ocr_line' id='line_1_70' title="bbox 399 4264 3645 4342; baseline -0.002 -19"><span class='ocrx_word' id='word_1_706' title='bbox 399 4266 806 4335; x_wconf 87' lang='lat' dir='ltr'><strong>transformati,</strong></span> <span class='ocrx_word' id='word_1_707' title='bbox 829 4266 1045 4339; x_wconf 88' lang='lat' dir='ltr'><strong>jugiter</strong></span> <span class='ocrx_word' id='word_1_708' title='bbox 1063 4267 1437 4340; x_wconf 82' lang='lat' dir='ltr'><strong>quadraginta</strong></span> <span class='ocrx_word' id='word_1_709' title='bbox 1455 4267 1651 4324; x_wconf 90' lang='lat' dir='ltr'><strong>diebus</strong></span> <span class='ocrx_word' id='word_1_710' title='bbox 1679 4285 1998 4342; x_wconf 86' lang='lat' dir='ltr'><strong>persevera-</strong></span> <span class='ocrx_word' id='word_1_711' title='bbox 2078 4270 2252 4325; x_wconf 87' lang='lat' dir='ltr'><strong>ﬁliam</strong></span> <span class='ocrx_word' id='word_1_712' title='bbox 2281 4287 2488 4326; x_wconf 87' lang='lat' dir='ltr'><strong>meam.</strong></span> <span class='ocrx_word' id='word_1_713' title='bbox 2520 4271 2620 4326; x_wconf 92' lang='lat' dir='ltr'><strong>Ille</strong></span> <span class='ocrx_word' id='word_1_714' title='bbox 2667 4286 2796 4326; x_wconf 90' lang='lat' dir='ltr'><strong>vero</strong></span> <span class='ocrx_word' id='word_1_715' title='bbox 2844 4270 3143 4324; x_wconf 88' lang='lat' dir='ltr'><strong>consensit.</strong></span> <span class='ocrx_word' id='word_1_716' title='bbox 3193 4269 3266 4325; x_wconf 89' lang='lat' dir='ltr'><strong>Et</strong></span> <span class='ocrx_word' id='word_1_717' title='bbox 3300 4267 3488 4324; x_wconf 88' lang='lat' dir='ltr'><strong>statim</strong></span> <span class='ocrx_word' id='word_1_718' title='bbox 3528 4264 3645 4319; x_wconf 75' lang='lat' dir='ltr'><strong>vidit</strong></span> 
     </span>
    </p>
   </div>
   <div class='ocr_carea' id='block_1_71' title="bbox 399 4345 3640 4430">
    <p class='ocr_par' dir='ltr' id='par_1_71' title="bbox 399 4345 3640 4430">
     <span class='ocr_line' id='line_1_71' title="bbox 399 4345 3640 4430; baseline -0.001 -20"><span class='ocrx_word' id='word_1_719' title='bbox 399 4362 604 4414; x_wconf 86' lang='lat' dir='ltr'><strong>verunt</strong></span> <span class='ocrx_word' id='word_1_720' title='bbox 629 4361 946 4430; x_wconf 79' lang='lat' dir='ltr'><strong>pugnantes</strong></span> <span class='ocrx_word' id='word_1_721' title='bbox 975 4357 1241 4413; x_wconf 85' lang='lat' dir='ltr'><strong>adversus</strong></span> <span class='ocrx_word' id='word_1_722' title='bbox 1269 4373 1417 4423; x_wconf 91' lang='lat' dir='ltr'><strong>eum,</strong></span> <span class='ocrx_word' id='word_1_723' title='bbox 1452 4362 1516 4412; x_wconf 92' lang='lat' dir='ltr'><strong>ut</strong></span> <span class='ocrx_word' id='word_1_724' title='bbox 1544 4358 1837 4414; x_wconf 89' lang='lat' dir='ltr'><strong>traherent</strong></span> <span class='ocrx_word' id='word_1_725' title='bbox 1863 4376 1993 4414; x_wconf 90' lang='lat' dir='ltr'><strong>eum</strong></span> <span class='ocrx_word' id='word_1_726' title='bbox 2015 4345 2064 4404; x_wconf 83' lang='lat' dir='ltr'><strong>D</strong></span> <span class='ocrx_word' id='word_1_727' title='bbox 2080 4359 2229 4414; x_wconf 86' lang='lat' dir='ltr'><strong>velut</strong></span> <span class='ocrx_word' id='word_1_728' title='bbox 2247 4357 2562 4415; x_wconf 89' lang='lat' dir='ltr'><strong>columbam</strong></span> <span class='ocrx_word' id='word_1_729' title='bbox 2577 4359 2728 4414; x_wconf 85' lang='lat' dir='ltr'><strong>exire</strong></span> <span class='ocrx_word' id='word_1_730' title='bbox 2749 4359 2818 4413; x_wconf 93' lang='lat' dir='ltr'><strong>de</strong></span> <span class='ocrx_word' id='word_1_731' title='bbox 2839 4374 2935 4413; x_wconf 87' lang='lat' dir='ltr'><strong>ore</strong></span> <span class='ocrx_word' id='word_1_732' title='bbox 2956 4375 3078 4424; x_wconf 93' lang='lat' dir='ltr'><strong>suo,</strong></span> <span class='ocrx_word' id='word_1_733' title='bbox 3095 4363 3153 4414; x_wconf 91' lang='lat' dir='ltr'><strong>et</strong></span> <span class='ocrx_word' id='word_1_734' title='bbox 3170 4359 3358 4413; x_wconf 88' lang='lat' dir='ltr'><strong>volare</strong></span> <span class='ocrx_word' id='word_1_735' title='bbox 3378 4358 3434 4413; x_wconf 90' lang='lat' dir='ltr'><strong>in</strong></span> <span class='ocrx_word' id='word_1_736' title='bbox 3447 4355 3640 4412; x_wconf 65' lang='lat' dir='ltr'><strong>celum.</strong></span> 
     </span>
    </p>
   </div>
   <div class='ocr_carea' id='block_1_72' title="bbox 402 4445 3642 4519">
    <p class='ocr_par' dir='ltr' id='par_1_72' title="bbox 402 4445 3642 4519">
     <span class='ocr_line' id='line_1_72' title="bbox 402 4445 3642 4519; baseline -0.001 -17"><span class='ocrx_word' id='word_1_737' title='bbox 402 4447 474 4502; x_wconf 86' lang='lat' dir='ltr'><strong>ad</strong></span> <span class='ocrx_word' id='word_1_738' title='bbox 501 4451 726 4519; x_wconf 90' lang='lat' dir='ltr'><strong>turpem</strong></span> <span class='ocrx_word' id='word_1_739' title='bbox 758 4445 1226 4502; x_wconf 88' lang='lat' dir='ltr'><strong>commistionem.</strong></span> <span class='ocrx_word' id='word_1_740' title='bbox 1254 4447 1358 4502; x_wconf 93' lang='lat' dir='ltr'><strong>Illo</strong></span> <span class='ocrx_word' id='word_1_741' title='bbox 1379 4453 1567 4504; x_wconf 90' lang='lat' dir='ltr'><strong>autem</strong></span> <span class='ocrx_word' id='word_1_742' title='bbox 1587 4447 1825 4503; x_wconf 91' lang='lat' dir='ltr'><strong>viriliter</strong></span> <span class='ocrx_word' id='word_1_743' title='bbox 1851 4450 1998 4504; x_wconf 88' lang='lat' dir='ltr'><strong>relu-</strong></span> <span class='ocrx_word' id='word_1_744' title='bbox 2077 4448 2323 4519; x_wconf 86' lang='lat' dir='ltr'><strong>Pergens</strong></span> <span class='ocrx_word' id='word_1_745' title='bbox 2350 4452 2540 4503; x_wconf 88' lang='lat' dir='ltr'><strong>autem</strong></span> <span class='ocrx_word' id='word_1_746' title='bbox 2573 4447 2831 4502; x_wconf 88' lang='lat' dir='ltr'><strong>sacerdos</strong></span> <span class='ocrx_word' id='word_1_747' title='bbox 2847 4448 2916 4503; x_wconf 91' lang='lat' dir='ltr'><strong>ad</strong></span> <span class='ocrx_word' id='word_1_748' title='bbox 2947 4448 3279 4514; x_wconf 66' lang='lat' dir='ltr'><strong>daemonem,</strong></span> <span class='ocrx_word' id='word_1_749' title='bbox 3313 4447 3482 4502; x_wconf 84' lang='lat' dir='ltr'><strong>dixit:</strong></span> <span class='ocrx_word' id='word_1_750' title='bbox 3528 4445 3642 4500; x_wconf 73' lang='lat' dir='ltr'><strong>Ecce</strong></span> 
     </span>
    </p>
   </div>
   <div class='ocr_carea' id='block_1_73' title="bbox 401 4533 3643 4608">
    <p class='ocr_par' dir='ltr' id='par_1_73' title="bbox 401 4533 3643 4608">
     <span class='ocr_line' id='line_1_73' title="bbox 401 4533 3643 4608; baseline -0.002 -17"><span class='ocrx_word' id='word_1_751' title='bbox 401 4540 608 4604; x_wconf 88' lang='lat' dir='ltr'><strong>ctante,</strong></span> <span class='ocrx_word' id='word_1_752' title='bbox 637 4539 695 4590; x_wconf 90' lang='lat' dir='ltr'><strong>et</strong></span> <span class='ocrx_word' id='word_1_753' title='bbox 721 4535 954 4590; x_wconf 89' lang='lat' dir='ltr'><strong>minime</strong></span> <span class='ocrx_word' id='word_1_754' title='bbox 980 4540 1264 4607; x_wconf 87' lang='lat' dir='ltr'><strong>superato,</strong></span> <span class='ocrx_word' id='word_1_755' title='bbox 1297 4536 1446 4590; x_wconf 91' lang='lat' dir='ltr'><strong>Deus</strong></span> <span class='ocrx_word' id='word_1_756' title='bbox 1481 4537 1758 4608; x_wconf 86' lang='lat' dir='ltr'><strong>aspiciens</strong></span> <span class='ocrx_word' id='word_1_757' title='bbox 1785 4537 1996 4594; x_wconf 89' lang='lat' dir='ltr'><strong>bonum</strong></span> <span class='ocrx_word' id='word_1_758' title='bbox 2078 4536 2338 4608; x_wconf 90' lang='lat' dir='ltr'><strong>promisit</strong></span> <span class='ocrx_word' id='word_1_759' title='bbox 2381 4553 2442 4592; x_wconf 91' lang='lat' dir='ltr'><strong>se</strong></span> <span class='ocrx_word' id='word_1_760' title='bbox 2487 4536 2602 4590; x_wconf 87' lang='lat' dir='ltr'><strong>tria</strong></span> <span class='ocrx_word' id='word_1_761' title='bbox 2645 4535 2744 4590; x_wconf 87' lang='lat' dir='ltr'><strong>illa</strong></span> <span class='ocrx_word' id='word_1_762' title='bbox 2782 4535 3080 4591; x_wconf 88' lang='lat' dir='ltr'><strong>facturum.</strong></span> <span class='ocrx_word' id='word_1_763' title='bbox 3135 4537 3279 4591; x_wconf 90' lang='lat' dir='ltr'><strong>Tum</strong></span> <span class='ocrx_word' id='word_1_764' title='bbox 3335 4533 3643 4607; x_wconf 86' lang='lat' dir='ltr'><strong>respondens</strong></span> 
     </span>
    </p>
   </div>
   <div class='ocr_carea' id='block_1_74' title="bbox 403 4624 3642 4696">
    <p class='ocr_par' dir='ltr' id='par_1_74' title="bbox 403 4624 3642 4696">
     <span class='ocr_line' id='line_1_74' title="bbox 403 4624 3642 4696; baseline -0.002 -17"><span class='ocrx_word' id='word_1_765' title='bbox 403 4626 526 4696; x_wconf 86' lang='lat' dir='ltr'><strong>ejus</strong></span> <span class='ocrx_word' id='word_1_766' title='bbox 551 4630 858 4692; x_wconf 87' lang='lat' dir='ltr'><strong>certamen,</strong></span> <span class='ocrx_word' id='word_1_767' title='bbox 898 4624 1127 4679; x_wconf 88' lang='lat' dir='ltr'><strong>donavit</strong></span> <span class='ocrx_word' id='word_1_768' title='bbox 1153 4625 1206 4679; x_wconf 91' lang='lat' dir='ltr'><strong>ei</strong></span> <span class='ocrx_word' id='word_1_769' title='bbox 1235 4629 1300 4680; x_wconf 90' lang='lat' dir='ltr'><strong>ut</strong></span> <span class='ocrx_word' id='word_1_770' title='bbox 1323 4625 1476 4680; x_wconf 90' lang='lat' dir='ltr'><strong>ultra</strong></span> <span class='ocrx_word' id='word_1_771' title='bbox 1509 4627 1728 4681; x_wconf 87' lang='lat' dir='ltr'><strong>nullum</strong></span> <span class='ocrx_word' id='word_1_772' title='bbox 1753 4627 1995 4682; x_wconf 89' lang='lat' dir='ltr'><strong>calorem</strong></span> <span class='ocrx_word' id='word_1_773' title='bbox 2077 4625 2334 4680; x_wconf 91' lang='lat' dir='ltr'><strong>diabolus</strong></span> <span class='ocrx_word' id='word_1_774' title='bbox 2365 4624 2568 4681; x_wconf 88' lang='lat' dir='ltr'><strong>dixitei</strong></span> <span class='ocrx_word' id='word_1_775' title='bbox 2592 4644 2603 4680; x_wconf 90' lang='lat'><strong>:</strong></span> <span class='ocrx_word' id='word_1_776' title='bbox 2630 4626 2757 4680; x_wconf 87' lang='lat' dir='ltr'><strong>Non</strong></span> <span class='ocrx_word' id='word_1_777' title='bbox 2772 4624 2870 4680; x_wconf 91' lang='lat' dir='ltr'><strong>des</strong></span> <span class='ocrx_word' id='word_1_778' title='bbox 2889 4625 2939 4680; x_wconf 93' lang='lat' dir='ltr'><strong>ei</strong></span> <span class='ocrx_word' id='word_1_779' title='bbox 2957 4624 3130 4680; x_wconf 90' lang='lat' dir='ltr'><strong>ﬁliam</strong></span> <span class='ocrx_word' id='word_1_780' title='bbox 3150 4631 3310 4680; x_wconf 89' lang='lat' dir='ltr'><strong>tuam</strong></span> <span class='ocrx_word' id='word_1_781' title='bbox 3341 4624 3400 4680; x_wconf 88' lang='lat' dir='ltr'><strong>in</strong></span> <span class='ocrx_word' id='word_1_782' title='bbox 3421 4636 3642 4685; x_wconf 85' lang='lat' dir='ltr'><strong>uxorem,</strong></span> 
     </span>
    </p>
   </div>
   <div class='ocr_carea' id='block_1_75' title="bbox 403 4710 3642 4786">
    <p class='ocr_par' dir='ltr' id='par_1_75' title="bbox 403 4710 3642 4786">
     <span class='ocr_line' id='line_1_75' title="bbox 403 4710 3642 4786; baseline -0.001 -18"><span class='ocrx_word' id='word_1_783' title='bbox 403 4714 644 4770; x_wconf 85' lang='lat' dir='ltr'><strong>carnalis</strong></span> <span class='ocrx_word' id='word_1_784' title='bbox 673 4713 1132 4786; x_wconf 70' lang='lat' dir='ltr'><strong>concupiscentia:</strong></span> <span class='ocrx_word' id='word_1_785' title='bbox 1161 4719 1468 4786; x_wconf 87' lang='lat' dir='ltr'><strong>pateretur.</strong></span> <span class='ocrx_word' id='word_1_786' title='bbox 2079 4714 2210 4786; x_wconf 90' lang='lat' dir='ltr'><strong>quia</strong></span> <span class='ocrx_word' id='word_1_787' title='bbox 2241 4715 2390 4769; x_wconf 86' lang='lat' dir='ltr'><strong>Deus</strong></span> <span class='ocrx_word' id='word_1_788' title='bbox 2413 4715 2538 4786; x_wconf 86' lang='lat' dir='ltr'><strong>ejus</strong></span> <span class='ocrx_word' id='word_1_789' title='bbox 2562 4730 2676 4769; x_wconf 92' lang='lat' dir='ltr'><strong>non</strong></span> <span class='ocrx_word' id='word_1_790' title='bbox 2692 4713 2922 4769; x_wconf 90' lang='lat' dir='ltr'><strong>recessit</strong></span> <span class='ocrx_word' id='word_1_791' title='bbox 2939 4713 3010 4768; x_wconf 90' lang='lat' dir='ltr'><strong>ab</strong></span> <span class='ocrx_word' id='word_1_792' title='bbox 3032 4730 3116 4780; x_wconf 90' lang='lat' dir='ltr'><strong>eo,</strong></span> <span class='ocrx_word' id='word_1_793' title='bbox 3145 4714 3244 4768; x_wconf 88' lang='lat' dir='ltr'><strong>sed</strong></span> <span class='ocrx_word' id='word_1_794' title='bbox 3281 4714 3461 4769; x_wconf 89' lang='lat' dir='ltr'><strong>adhuc</strong></span> <span class='ocrx_word' id='word_1_795' title='bbox 3501 4710 3642 4781; x_wconf 84' lang='lat' dir='ltr'><strong>adju-</strong></span> 
     </span>
    </p>
   </div>
   <div class='ocr_carea' id='block_1_76' title="bbox 476 4799 3642 4876">
    <p class='ocr_par' dir='ltr' id='par_1_76' title="bbox 476 4799 3642 4876">
     <span class='ocr_line' id='line_1_76' title="bbox 476 4799 3642 4876; baseline -0.003 -17"><span class='ocrx_word' id='word_1_796' title='bbox 476 4801 563 4859; x_wconf 86' lang='lat'><strong>37.</strong></span> <span class='ocrx_word' id='word_1_797' title='bbox 597 4802 893 4858; x_wconf 88' lang='lat' dir='ltr'><strong>Solitarius</strong></span> <span class='ocrx_word' id='word_1_798' title='bbox 913 4802 1143 4874; x_wconf 87' lang='lat' dir='ltr'><strong>quidam</strong></span> <span class='ocrx_word' id='word_1_799' title='bbox 1163 4801 1730 4858; x_wconf 88' lang='lat' dir='ltr'><strong>eratininferioribus</strong></span> <span class='ocrx_word' id='word_1_800' title='bbox 1749 4803 1998 4876; x_wconf 67' lang='lat' dir='ltr'><strong>Egypti,</strong></span> <span class='ocrx_word' id='word_1_801' title='bbox 2077 4803 2230 4859; x_wconf 90' lang='lat' dir='ltr'><strong>vabit</strong></span> <span class='ocrx_word' id='word_1_802' title='bbox 2258 4821 2408 4859; x_wconf 90' lang='lat' dir='ltr'><strong>eum.</strong></span> <span class='ocrx_word' id='word_1_803' title='bbox 2428 4804 2497 4858; x_wconf 88' lang='lat' dir='ltr'><strong>Et</strong></span> <span class='ocrx_word' id='word_1_804' title='bbox 2515 4803 2744 4868; x_wconf 84' lang='lat' dir='ltr'><strong>veniens</strong></span> <span class='ocrx_word' id='word_1_805' title='bbox 2765 4803 3026 4858; x_wconf 83' lang='lat' dir='ltr'><strong>sacerdos</strong></span> <span class='ocrx_word' id='word_1_806' title='bbox 3041 4801 3182 4856; x_wconf 84' lang='lat' dir='ltr'><strong>dixit</strong></span> <span class='ocrx_word' id='word_1_807' title='bbox 3199 4802 3284 4856; x_wconf 90' lang='lat' dir='ltr'><strong>illi</strong></span> <span class='ocrx_word' id='word_1_808' title='bbox 3317 4800 3474 4856; x_wconf 85' lang='lat' dir='ltr'><strong>fratri</strong></span> <span class='ocrx_word' id='word_1_809' title='bbox 3496 4818 3508 4852; x_wconf 87' lang='lat'><strong>:</strong></span> <span class='ocrx_word' id='word_1_810' title='bbox 3537 4799 3642 4853; x_wconf 90' lang='lat' dir='ltr'><strong>Non</strong></span> 
     </span>
    </p>
   </div>
   <div class='ocr_carea' id='block_1_77' title="bbox 2079 4887 3644 4966">
    <p class='ocr_par' dir='ltr' id='par_1_77' title="bbox 2079 4887 3644 4966">
     <span class='ocr_line' id='line_1_77' title="bbox 2079 4887 3644 4966; baseline -0.005 -19"><span class='ocrx_word' id='word_1_811' title='bbox 2079 4892 2182 4947; x_wconf 89' lang='lat' dir='ltr'><strong>tibi</strong></span> <span class='ocrx_word' id='word_1_812' title='bbox 2209 4909 2436 4966; x_wconf 90' lang='lat' dir='ltr'><strong>possum</strong></span> <span class='ocrx_word' id='word_1_813' title='bbox 2455 4910 2580 4948; x_wconf 88' lang='lat' dir='ltr'><strong>eam</strong></span> <span class='ocrx_word' id='word_1_814' title='bbox 2602 4893 2756 4960; x_wconf 87' lang='lat' dir='ltr'><strong>dare,</strong></span> <span class='ocrx_word' id='word_1_815' title='bbox 2781 4892 2913 4964; x_wconf 88' lang='lat' dir='ltr'><strong>quia</strong></span> <span class='ocrx_word' id='word_1_816' title='bbox 2935 4892 3084 4947; x_wconf 92' lang='lat' dir='ltr'><strong>Deus</strong></span> <span class='ocrx_word' id='word_1_817' title='bbox 3095 4897 3227 4946; x_wconf 90' lang='lat' dir='ltr'><strong>tuus</strong></span> <span class='ocrx_word' id='word_1_818' title='bbox 3247 4891 3428 4946; x_wconf 90' lang='lat' dir='ltr'><strong>adhuc</strong></span> <span class='ocrx_word' id='word_1_819' title='bbox 3439 4887 3644 4959; x_wconf 83' lang='lat' dir='ltr'><strong>adjuvat</strong></span> 
     </span>
    </p>
   </div>
   <div class='ocr_carea' id='block_1_78' title="bbox 2081 4973 3640 5050">
    <p class='ocr_par' dir='ltr' id='par_1_78' title="bbox 2081 4973 3640 5050">
     <span class='ocr_line' id='line_1_78' title="bbox 2081 4973 3640 5050; baseline -0.006 -13"><span class='ocrx_word' id='word_1_820' title='bbox 2081 4986 2156 5050; x_wconf 89' lang='lat' dir='ltr'><strong>te,</strong></span> <span class='ocrx_word' id='word_1_821' title='bbox 2199 4987 2256 5036; x_wconf 90' lang='lat' dir='ltr'><strong>et</strong></span> <span class='ocrx_word' id='word_1_822' title='bbox 2283 4998 2395 5038; x_wconf 91' lang='lat' dir='ltr'><strong>non</strong></span> <span class='ocrx_word' id='word_1_823' title='bbox 2424 4981 2653 5038; x_wconf 89' lang='lat' dir='ltr'><strong>recessit</strong></span> <span class='ocrx_word' id='word_1_824' title='bbox 2678 4997 2713 5036; x_wconf 84' lang='lat' dir='ltr'><strong>a</strong></span> <span class='ocrx_word' id='word_1_825' title='bbox 2739 4987 2814 5036; x_wconf 91' lang='lat' dir='ltr'><strong>te.</strong></span> <span class='ocrx_word' id='word_1_826' title='bbox 2839 4981 2972 5036; x_wconf 62' lang='lat' dir='ltr'><strong>Haec</strong></span> <span class='ocrx_word' id='word_1_827' title='bbox 2991 4979 3227 5036; x_wconf 89' lang='lat' dir='ltr'><strong>audiens</strong></span> <span class='ocrx_word' id='word_1_828' title='bbox 3244 4983 3436 5042; x_wconf 86' lang='lat' dir='ltr'><strong>frater,</strong></span> <span class='ocrx_word' id='word_1_829' title='bbox 3455 4975 3581 5032; x_wconf 85' lang='lat' dir='ltr'><strong>dixit</strong></span> <span class='ocrx_word' id='word_1_830' title='bbox 3592 4973 3640 5027; x_wconf 89' lang='lat' dir='ltr'><strong>in</strong></span> 
     </span>
    </p>
   </div>
   <div class='ocr_carea' id='block_1_79' title="bbox 2083 5065 3641 5143">
    <p class='ocr_par' dir='ltr' id='par_1_79' title="bbox 2083 5065 3641 5143">
     <span class='ocr_line' id='line_1_79' title="bbox 2083 5065 3641 5143; baseline -0.007 -18"><span class='ocrx_word' id='word_1_831' title='bbox 2083 5071 2444 5143; x_wconf 88' lang='lat' dir='ltr'><strong>semetipsum</strong></span> <span class='ocrx_word' id='word_1_832' title='bbox 2471 5090 2482 5125; x_wconf 88' lang='lat'><strong>:</strong></span> <span class='ocrx_word' id='word_1_833' title='bbox 2519 5071 2578 5126; x_wconf 90' lang='lat' dir='ltr'><strong>Si</strong></span> <span class='ocrx_word' id='word_1_834' title='bbox 2607 5075 2824 5126; x_wconf 88' lang='lat' dir='ltr'><strong>tantam</strong></span> <span class='ocrx_word' id='word_1_835' title='bbox 2861 5069 3173 5125; x_wconf 89' lang='lat' dir='ltr'><strong>bonitatem</strong></span> <span class='ocrx_word' id='word_1_836' title='bbox 3214 5067 3456 5124; x_wconf 88' lang='lat' dir='ltr'><strong>ostendit</strong></span> <span class='ocrx_word' id='word_1_837' title='bbox 3477 5065 3532 5119; x_wconf 89' lang='lat' dir='ltr'><strong>in</strong></span> <span class='ocrx_word' id='word_1_838' title='bbox 3565 5076 3641 5116; x_wconf 85' lang='lat' dir='ltr'><strong>me</strong></span> 
     </span>
    </p>
   </div>
   <div class='ocr_carea' id='block_1_80' title="bbox 2080 5151 3642 5231">
    <p class='ocr_par' dir='ltr' id='par_1_80' title="bbox 2080 5151 3642 5231">
     <span class='ocr_line' id='line_1_80' title="bbox 2080 5151 3642 5231; baseline -0.006 -16"><span class='ocrx_word' id='word_1_839' title='bbox 2080 5157 2249 5227; x_wconf 89' lang='lat' dir='ltr'><strong>Deus,</strong></span> <span class='ocrx_word' id='word_1_840' title='bbox 2285 5176 2414 5215; x_wconf 88' lang='lat' dir='ltr'><strong>cum</strong></span> <span class='ocrx_word' id='word_1_841' title='bbox 2450 5175 2554 5231; x_wconf 86' lang='lat' dir='ltr'><strong>ego</strong></span> <span class='ocrx_word' id='word_1_842' title='bbox 2588 5159 2776 5214; x_wconf 89' lang='lat' dir='ltr'><strong>infelix</strong></span> <span class='ocrx_word' id='word_1_843' title='bbox 2796 5158 3114 5230; x_wconf 88' lang='lat' dir='ltr'><strong>negaverim</strong></span> <span class='ocrx_word' id='word_1_844' title='bbox 3135 5162 3194 5212; x_wconf 87' lang='lat' dir='ltr'><strong>et</strong></span> <span class='ocrx_word' id='word_1_845' title='bbox 3211 5157 3411 5228; x_wconf 88' lang='lat' dir='ltr'><strong>ipsum,</strong></span> <span class='ocrx_word' id='word_1_846' title='bbox 3449 5157 3504 5210; x_wconf 91' lang='lat' dir='ltr'><strong>et</strong></span> <span class='ocrx_word' id='word_1_847' title='bbox 3524 5151 3642 5222; x_wconf 86' lang='lat' dir='ltr'><strong>bap-</strong></span> 
     </span>
    </p>
   </div>
   <div class='ocr_carea' id='block_1_81' title="bbox 2079 5242 3640 5322">
    <p class='ocr_par' dir='ltr' id='par_1_81' title="bbox 2079 5242 3640 5322">
     <span class='ocr_line' id='line_1_81' title="bbox 2079 5242 3640 5322; baseline -0.007 -18"><span class='ocrx_word' id='word_1_848' title='bbox 2079 5248 2329 5316; x_wconf 88' lang='lat' dir='ltr'><strong>tismum,</strong></span> <span class='ocrx_word' id='word_1_849' title='bbox 2363 5255 2420 5304; x_wconf 92' lang='lat' dir='ltr'><strong>et</strong></span> <span class='ocrx_word' id='word_1_850' title='bbox 2436 5248 2784 5322; x_wconf 89' lang='lat' dir='ltr'><strong>propositum</strong></span> <span class='ocrx_word' id='word_1_851' title='bbox 2805 5247 3086 5314; x_wconf 87' lang='lat' dir='ltr'><strong>monachi,</strong></span> <span class='ocrx_word' id='word_1_852' title='bbox 3111 5246 3291 5302; x_wconf 90' lang='lat' dir='ltr'><strong>bonus</strong></span> <span class='ocrx_word' id='word_1_853' title='bbox 3318 5249 3498 5300; x_wconf 88' lang='lat' dir='ltr'><strong>autem</strong></span> <span class='ocrx_word' id='word_1_854' title='bbox 3513 5242 3640 5297; x_wconf 88' lang='lat' dir='ltr'><strong>Deus</strong></span> 
     </span>
    </p>
   </div>
   <div class='ocr_carea' id='block_1_82' title="bbox 2083 5335 3640 5408">
    <p class='ocr_par' dir='ltr' id='par_1_82' title="bbox 2083 5335 3640 5408">
     <span class='ocr_line' id='line_1_82' title="bbox 2083 5335 3640 5408; baseline -0.005 -16"><span class='ocrx_word' id='word_1_855' title='bbox 2083 5337 2252 5392; x_wconf 86' lang='lat' dir='ltr'><strong>etiam</strong></span> <span class='ocrx_word' id='word_1_856' title='bbox 2279 5337 2358 5392; x_wconf 88' lang='lat' dir='ltr'><strong>sic</strong></span> <span class='ocrx_word' id='word_1_857' title='bbox 2387 5337 2600 5392; x_wconf 88' lang='lat' dir='ltr'><strong>malum</strong></span> <span class='ocrx_word' id='word_1_858' title='bbox 2627 5354 2776 5392; x_wconf 90' lang='lat' dir='ltr'><strong>nunc</strong></span> <span class='ocrx_word' id='word_1_859' title='bbox 2800 5351 2978 5408; x_wconf 88' lang='lat' dir='ltr'><strong>usque</strong></span> <span class='ocrx_word' id='word_1_860' title='bbox 3005 5335 3238 5407; x_wconf 84' lang='lat' dir='ltr'><strong>adjuvat</strong></span> <span class='ocrx_word' id='word_1_861' title='bbox 3281 5351 3388 5401; x_wconf 86' lang='lat' dir='ltr'><strong>me,</strong></span> <span class='ocrx_word' id='word_1_862' title='bbox 3429 5347 3524 5386; x_wconf 89' lang='lat' dir='ltr'><strong>cur</strong></span> <span class='ocrx_word' id='word_1_863' title='bbox 3553 5341 3640 5398; x_wconf 79' lang='lat' dir='ltr'><strong>ego</strong></span> 
     </span>
    </p>
   </div>
   <div class='ocr_carea' id='block_1_83' title="bbox 2081 5415 3641 5496">
    <p class='ocr_par' dir='ltr' id='par_1_83' title="bbox 2081 5415 3641 5496">
     <span class='ocr_line' id='line_1_83' title="bbox 2081 5415 3641 5496; baseline -0.005 -14"><span class='ocrx_word' id='word_1_864' title='bbox 2081 5426 2341 5482; x_wconf 87' lang='lat' dir='ltr'><strong>recedam</strong></span> <span class='ocrx_word' id='word_1_865' title='bbox 2371 5425 2442 5480; x_wconf 89' lang='lat' dir='ltr'><strong>ab</strong></span> <span class='ocrx_word' id='word_1_866' title='bbox 2470 5426 2580 5482; x_wconf 87' lang='lat' dir='ltr'><strong>eo?</strong></span> <span class='ocrx_word' id='word_1_867' title='bbox 2607 5427 2678 5482; x_wconf 90' lang='lat' dir='ltr'><strong>Et</strong></span> <span class='ocrx_word' id='word_1_868' title='bbox 2697 5425 2755 5480; x_wconf 89' lang='lat' dir='ltr'><strong>in</strong></span> <span class='ocrx_word' id='word_1_869' title='bbox 2767 5425 3138 5496; x_wconf 86' lang='lat' dir='ltr'><strong>semetipsum</strong></span> <span class='ocrx_word' id='word_1_870' title='bbox 3166 5439 3436 5490; x_wconf 89' lang='lat' dir='ltr'><strong>reversus,</strong></span> <span class='ocrx_word' id='word_1_871' title='bbox 3459 5415 3641 5488; x_wconf 76' lang='lat' dir='ltr'><strong>recepit</strong></span> 
     </span>
    </p>
   </div>
   <div class='ocr_carea' id='block_1_84' title="bbox 2079 5511 3637 5585">
    <p class='ocr_par' dir='ltr' id='par_1_84' title="bbox 2079 5511 3637 5585">
     <span class='ocr_line' id='line_1_84' title="bbox 2079 5511 3637 5585; baseline -0.004 -13"><span class='ocrx_word' id='word_1_872' title='bbox 2079 5515 2442 5574; x_wconf 86' lang='lat' dir='ltr'><strong>sobrietatem</strong></span> <span class='ocrx_word' id='word_1_873' title='bbox 2468 5515 2692 5584; x_wconf 88' lang='lat' dir='ltr'><strong>mentis,</strong></span> <span class='ocrx_word' id='word_1_874' title='bbox 2715 5520 2772 5572; x_wconf 91' lang='lat' dir='ltr'><strong>et</strong></span> <span class='ocrx_word' id='word_1_875' title='bbox 2791 5514 2943 5575; x_wconf 88' lang='lat' dir='ltr'><strong>venit</strong></span> <span class='ocrx_word' id='word_1_876' title='bbox 2958 5513 3018 5571; x_wconf 88' lang='lat' dir='ltr'><strong>in</strong></span> <span class='ocrx_word' id='word_1_877' title='bbox 3037 5529 3290 5571; x_wconf 89' lang='lat' dir='ltr'><strong>eremum</strong></span> <span class='ocrx_word' id='word_1_878' title='bbox 3308 5511 3378 5571; x_wconf 86' lang='lat' dir='ltr'><strong>ad</strong></span> <span class='ocrx_word' id='word_1_879' title='bbox 3405 5519 3637 5585; x_wconf 80' lang='lat' dir='ltr'><strong>magnum</strong></span> 
     </span>
    </p>
   </div>
   <div class='ocr_carea' id='block_1_85' title="bbox 405 4891 1999 4964">
    <p class='ocr_par' dir='ltr' id='par_1_85' title="bbox 405 4891 1999 4964">
     <span class='ocr_line' id='line_1_85' title="bbox 405 4891 1999 4964; baseline 0.001 -18"><span class='ocrx_word' id='word_1_880' title='bbox 405 4897 464 4947; x_wconf 90' lang='lat' dir='ltr'><strong>et</strong></span> <span class='ocrx_word' id='word_1_881' title='bbox 491 4891 582 4946; x_wconf 88' lang='lat' dir='ltr'><strong>hic</strong></span> <span class='ocrx_word' id='word_1_882' title='bbox 609 4897 732 4947; x_wconf 89' lang='lat' dir='ltr'><strong>erat</strong></span> <span class='ocrx_word' id='word_1_883' title='bbox 757 4891 1260 4958; x_wconf 89' lang='lat' dir='ltr'><strong>nominatissimus,</strong></span> <span class='ocrx_word' id='word_1_884' title='bbox 1283 4891 1435 4964; x_wconf 76' lang='lat' dir='ltr'><strong>quia</strong></span> <span class='ocrx_word' id='word_1_885' title='bbox 1467 4891 1620 4946; x_wconf 90' lang='lat' dir='ltr'><strong>solus</strong></span> <span class='ocrx_word' id='word_1_886' title='bbox 1660 4891 1720 4946; x_wconf 89' lang='lat' dir='ltr'><strong>in</strong></span> <span class='ocrx_word' id='word_1_887' title='bbox 1767 4893 1999 4948; x_wconf 90' lang='lat' dir='ltr'><strong>ecclesia</strong></span> 
     </span>
    </p>
   </div>
   <div class='ocr_carea' id='block_1_86' title="bbox 405 4977 1998 5050">
    <p class='ocr_par' dir='ltr' id='par_1_86' title="bbox 405 4977 1998 5050">
     <span class='ocr_line' id='line_1_86' title="bbox 405 4977 1998 5050; baseline 0.001 -16"><span class='ocrx_word' id='word_1_888' title='bbox 405 4977 638 5035; x_wconf 77' lang='lat' dir='ltr'><strong>sedebat</strong></span> <span class='ocrx_word' id='word_1_889' title='bbox 655 4979 712 5034; x_wconf 91' lang='lat' dir='ltr'><strong>in</strong></span> <span class='ocrx_word' id='word_1_890' title='bbox 743 4981 964 5036; x_wconf 89' lang='lat' dir='ltr'><strong>deserto</strong></span> <span class='ocrx_word' id='word_1_891' title='bbox 980 4981 1118 5036; x_wconf 91' lang='lat' dir='ltr'><strong>loco.</strong></span> <span class='ocrx_word' id='word_1_892' title='bbox 1149 4981 1223 5036; x_wconf 91' lang='lat' dir='ltr'><strong>Et</strong></span> <span class='ocrx_word' id='word_1_893' title='bbox 1248 4995 1394 5047; x_wconf 90' lang='lat' dir='ltr'><strong>ecce,</strong></span> <span class='ocrx_word' id='word_1_894' title='bbox 1423 4980 1588 5050; x_wconf 86' lang='lat' dir='ltr'><strong>juxta</strong></span> <span class='ocrx_word' id='word_1_895' title='bbox 1615 4980 1998 5050; x_wconf 88' lang='lat' dir='ltr'><strong>operationem</strong></span> 
     </span>
    </p>
   </div>
   <div class='ocr_carea' id='block_1_87' title="bbox 407 5067 1996 5142">
    <p class='ocr_par' dir='ltr' id='par_1_87' title="bbox 407 5067 1996 5142">
     <span class='ocr_line' id='line_1_87' title="bbox 407 5067 1996 5142; baseline -0.001 -17"><span class='ocrx_word' id='word_1_896' title='bbox 407 5069 653 5135; x_wconf 80' lang='lat' dir='ltr'><strong>Satanae,</strong></span> <span class='ocrx_word' id='word_1_897' title='bbox 685 5069 888 5125; x_wconf 86' lang='lat' dir='ltr'><strong>mulier</strong></span> <span class='ocrx_word' id='word_1_898' title='bbox 915 5070 1171 5142; x_wconf 73' lang='lat' dir='ltr'><strong>quaedam</strong></span> <span class='ocrx_word' id='word_1_899' title='bbox 1197 5070 1496 5124; x_wconf 87' lang='lat' dir='ltr'><strong>inhonesta</strong></span> <span class='ocrx_word' id='word_1_900' title='bbox 1532 5067 1768 5123; x_wconf 89' lang='lat' dir='ltr'><strong>audiens</strong></span> <span class='ocrx_word' id='word_1_901' title='bbox 1795 5069 1866 5124; x_wconf 92' lang='lat' dir='ltr'><strong>de</strong></span> <span class='ocrx_word' id='word_1_902' title='bbox 1911 5086 1996 5138; x_wconf 90' lang='lat' dir='ltr'><strong>eo,</strong></span> 
     </span>
    </p>
   </div>
   <div class='ocr_carea' id='block_1_88' title="bbox 405 5157 1998 5230">
    <p class='ocr_par' dir='ltr' id='par_1_88' title="bbox 405 5157 1998 5230">
     <span class='ocr_line' id='line_1_88' title="bbox 405 5157 1998 5230; baseline -0.001 -16"><span class='ocrx_word' id='word_1_903' title='bbox 405 5157 629 5214; x_wconf 87' lang='lat' dir='ltr'><strong>dicebat</strong></span> <span class='ocrx_word' id='word_1_904' title='bbox 643 5159 976 5228; x_wconf 89' lang='lat' dir='ltr'><strong>juvenibus:</strong></span> <span class='ocrx_word' id='word_1_905' title='bbox 1003 5158 1146 5224; x_wconf 88' lang='lat' dir='ltr'><strong>Quid</strong></span> <span class='ocrx_word' id='word_1_906' title='bbox 1165 5159 1305 5213; x_wconf 91' lang='lat' dir='ltr'><strong>mihi</strong></span> <span class='ocrx_word' id='word_1_907' title='bbox 1332 5157 1498 5212; x_wconf 88' lang='lat' dir='ltr'><strong>vultis</strong></span> <span class='ocrx_word' id='word_1_908' title='bbox 1525 5157 1680 5224; x_wconf 89' lang='lat' dir='ltr'><strong>dare,</strong></span> <span class='ocrx_word' id='word_1_909' title='bbox 1701 5163 1759 5212; x_wconf 91' lang='lat' dir='ltr'><strong>et</strong></span> <span class='ocrx_word' id='word_1_910' title='bbox 1780 5158 1998 5230; x_wconf 90' lang='lat' dir='ltr'><strong>depono</strong></span> 
     </span>
    </p>
   </div>
   <div class='ocr_carea' id='block_1_89' title="bbox 404 5246 2002 5305">
    <p class='ocr_par' dir='ltr' id='par_1_89' title="bbox 404 5246 2002 5305">
     <span class='ocr_line' id='line_1_89' title="bbox 404 5246 2002 5305; baseline -0.001 0"><span class='ocrx_word' id='word_1_911' title='bbox 404 5249 576 5305; x_wconf 88' lang='lat' dir='ltr'><strong>istum</strong></span> <span class='ocrx_word' id='word_1_912' title='bbox 605 5246 918 5302; x_wconf 87' lang='lat' dir='ltr'><strong>solitarium</strong></span> <span class='ocrx_word' id='word_1_913' title='bbox 944 5247 1229 5302; x_wconf 84' lang='lat' dir='ltr'><strong>vestrum?</strong></span> <span class='ocrx_word' id='word_1_914' title='bbox 1253 5247 1340 5302; x_wconf 90' lang='lat' dir='ltr'><strong>Illi</strong></span> <span class='ocrx_word' id='word_1_915' title='bbox 1369 5252 1560 5302; x_wconf 86' lang='lat' dir='ltr'><strong>autem</strong></span> <span class='ocrx_word' id='word_1_916' title='bbox 1587 5246 2002 5304; x_wconf 90' lang='lat' dir='ltr'><strong>constituerunt</strong></span> 
     </span>
    </p>
   </div>
   <div class='ocr_carea' id='block_1_90' title="bbox 405 5334 1992 5409">
    <p class='ocr_par' dir='ltr' id='par_1_90' title="bbox 405 5334 1992 5409">
     <span class='ocr_line' id='line_1_90' title="bbox 405 5334 1992 5409; baseline -0.001 -16"><span class='ocrx_word' id='word_1_917' title='bbox 405 5339 457 5394; x_wconf 90' lang='lat' dir='ltr'><strong>ei</strong></span> <span class='ocrx_word' id='word_1_918' title='bbox 475 5342 692 5392; x_wconf 90' lang='lat' dir='ltr'><strong>certum</strong></span> <span class='ocrx_word' id='word_1_919' title='bbox 715 5334 848 5407; x_wconf 90' lang='lat' dir='ltr'><strong>quid</strong></span> <span class='ocrx_word' id='word_1_920' title='bbox 868 5337 1016 5408; x_wconf 91' lang='lat' dir='ltr'><strong>quod</strong></span> <span class='ocrx_word' id='word_1_921' title='bbox 1031 5337 1234 5391; x_wconf 82' lang='lat' dir='ltr'><strong>darent</strong></span> <span class='ocrx_word' id='word_1_922' title='bbox 1255 5335 1326 5391; x_wconf 90' lang='lat' dir='ltr'><strong>ei.</strong></span> <span class='ocrx_word' id='word_1_923' title='bbox 1345 5336 1479 5398; x_wconf 67' lang='lat' dir='ltr'><strong>Quae</strong></span> <span class='ocrx_word' id='word_1_924' title='bbox 1499 5351 1730 5406; x_wconf 82' lang='lat' dir='ltr'><strong>egressa</strong></span> <span class='ocrx_word' id='word_1_925' title='bbox 1748 5354 1992 5409; x_wconf 87' lang='lat' dir='ltr'><strong>vespere,</strong></span> 
     </span>
    </p>
   </div>
   <div class='ocr_carea' id='block_1_91' title="bbox 407 5424 1999 5497">
    <p class='ocr_par' dir='ltr' id='par_1_91' title="bbox 407 5424 1999 5497">
     <span class='ocr_line' id='line_1_91' title="bbox 407 5424 1999 5497; baseline 0 -15"><span class='ocrx_word' id='word_1_926' title='bbox 407 5427 560 5484; x_wconf 91' lang='lat' dir='ltr'><strong>venit</strong></span> <span class='ocrx_word' id='word_1_927' title='bbox 574 5427 723 5483; x_wconf 89' lang='lat' dir='ltr'><strong>velut</strong></span> <span class='ocrx_word' id='word_1_928' title='bbox 737 5441 934 5480; x_wconf 89' lang='lat' dir='ltr'><strong>errans</strong></span> <span class='ocrx_word' id='word_1_929' title='bbox 954 5424 1025 5480; x_wconf 91' lang='lat' dir='ltr'><strong>ad</strong></span> <span class='ocrx_word' id='word_1_930' title='bbox 1045 5425 1240 5480; x_wconf 80' lang='lat' dir='ltr'><strong>cellam</strong></span> <span class='ocrx_word' id='word_1_931' title='bbox 1265 5425 1419 5496; x_wconf 85' lang='lat' dir='ltr'><strong>ejus;</strong></span> <span class='ocrx_word' id='word_1_932' title='bbox 1439 5429 1496 5480; x_wconf 90' lang='lat' dir='ltr'><strong>et</strong></span> <span class='ocrx_word' id='word_1_933' title='bbox 1509 5441 1636 5480; x_wconf 90' lang='lat' dir='ltr'><strong>cum</strong></span> <span class='ocrx_word' id='word_1_934' title='bbox 1656 5425 1908 5497; x_wconf 88' lang='lat' dir='ltr'><strong>pulsaret</strong></span> <span class='ocrx_word' id='word_1_935' title='bbox 1927 5426 1999 5482; x_wconf 91' lang='lat' dir='ltr'><strong>ad</strong></span> 
     </span>
    </p>
   </div>
   <div class='ocr_carea' id='block_1_92' title="bbox 404 5513 1994 5590">
    <p class='ocr_par' dir='ltr' id='par_1_92' title="bbox 404 5513 1994 5590">
     <span class='ocr_line' id='line_1_92' title="bbox 404 5513 1994 5590; baseline -0.003 -13"><span class='ocrx_word' id='word_1_936' title='bbox 404 5519 626 5586; x_wconf 89' lang='lat' dir='ltr'><strong>cellam,</strong></span> <span class='ocrx_word' id='word_1_937' title='bbox 640 5533 904 5590; x_wconf 83' lang='lat' dir='ltr'><strong>egressus</strong></span> <span class='ocrx_word' id='word_1_938' title='bbox 923 5514 1112 5572; x_wconf 87' lang='lat' dir='ltr'><strong>estille</strong></span> <span class='ocrx_word' id='word_1_939' title='bbox 1131 5531 1144 5583; x_wconf 91' lang='lat'><strong>;</strong></span> <span class='ocrx_word' id='word_1_940' title='bbox 1164 5519 1222 5570; x_wconf 91' lang='lat' dir='ltr'><strong>et</strong></span> <span class='ocrx_word' id='word_1_941' title='bbox 1235 5513 1427 5570; x_wconf 89' lang='lat' dir='ltr'><strong>videns</strong></span> <span class='ocrx_word' id='word_1_942' title='bbox 1457 5530 1582 5571; x_wconf 86' lang='lat' dir='ltr'><strong>eam</strong></span> <span class='ocrx_word' id='word_1_943' title='bbox 1609 5513 1870 5573; x_wconf 86' lang='lat' dir='ltr'><strong>turbatus</strong></span> <span class='ocrx_word' id='word_1_944' title='bbox 1890 5522 1994 5586; x_wconf 92' lang='lat' dir='ltr'><strong>est,</strong></span> 
     </span>
    </p>
   </div>
   <div class='ocr_carea' id='block_1_93' title="bbox 3884 4313 3890 4846">
    <p class='ocr_par' dir='ltr' id='par_1_93' title="bbox 3885 4339 3887 4846">
     <span class='ocr_line' id='line_1_93' title="bbox 3885 4339 3887 4490; baseline 0 0"><span class='ocrx_word' id='word_1_945' title='bbox 3885 4339 3887 4490; x_wconf 53' lang='grc' dir='ltr'><strong>Ψ</strong></span> 
     </span>
     <span class='ocr_line' id='line_1_94' title="bbox 3885 4559 3887 4684; baseline 0 0"><span class='ocrx_word' id='word_1_946' title='bbox 3885 4559 3887 4684; x_wconf 59' lang='lat' dir='ltr'><strong>l</strong></span> 
     </span>
     <span class='ocr_line' id='line_1_95' title="bbox 3885 4691 3887 4846; baseline 0 -50"><span class='ocrx_word' id='word_1_947' title='bbox 3885 4709 3887 4846; x_wconf 55' lang='grc' dir='ltr'><em>έ</em></span> 
     </span>
    </p>
   </div>
  </div>
