3964 6206
321 280 428 339 885

1615 289 1854 347 VERBA
1892 285 2282 344 SENIORUM.

3484 278 3590 341 886

318 409 616 480 quemdam
645 426 855 477 senem,
878 414 936 466 et
952 413 1203 468 narravit
1218 413 1269 468 ei
1290 430 1412 485 quae
1431 416 1656 471 fuerant
1679 420 1824 471 acta.
1844 416 1977 475 EtA
1994 412 2278 467 osculatus
2304 416 2390 465 est
2426 426 2555 465 eum
2589 429 2603 467 :
2633 419 2689 465 et
2728 412 2928 467 tollens
2962 427 3226 467 coronam
3269 427 3439 483 quam
3465 410 3584 483 ipse

317 499 660 569 respondens
678 516 867 566 senex,
886 501 1027 555 dixit
1043 501 1114 555 ei:
1141 501 1285 557 Sede
1308 520 1527 559 mecum
1547 505 1603 559 in
1626 506 1909 577 spelunca,

313 591 373 642 et
384 588 710 658 jejunatres
721 589 1101 645 hebdomadas
1120 591 1432 660 continuas,
1452 599 1509 649 et
1529 611 1632 665 ego
1653 596 1913 667 depreca-

312 673 419 730 bor
444 678 623 732 Deum
652 695 753 749 pro
780 684 856 734 te.
888 680 961 734 Et
1007 679 1280 735 laboravit
1304 699 1475 738 senex
1502 700 1602 755 pro
1629 684 1821 752 fratre,
1853 691 1913 740 et

311 764 645 838 deprecatus
690 773 778 823 est
819 768 1016 835 Deum,
1049 769 1240 825 dicens
1279 789 1291 824 :
1343 772 1605 840 Obsecro,
1647 774 1904 840 Domine,

311 853 462 909 dona
490 855 630 910 mihi
674 857 924 912 animam
966 858 1129 925 hanc,
1163 864 1221 914 et
1258 861 1478 933 suscipe
1519 863 1907 934 pcenitentiam

310 944 362 1014 ej
371 943 1908 1025 us.EtexaudivitorationemejusDeus.Etcumcompleta

310 1033 938 1104 l'uissetprimahebdom
944 1037 1070 1104 ada,
1077 1039 1228 1093 venit
1235 1041 1477 1095 senexad
1489 1041 1904 1110 illumfratrem,

309 1130 371 1176 et
416 1122 790 1194 interrogavit
823 1125 1003 1191 illum,
1053 1127 1250 1183 dicens
1280 1146 1291 1182 :
1325 1129 1553 1201 Aliquid
1572 1130 1803 1186 vidisti?
1841 1133 1911 1187 Et

309 1211 657 1282 respondens
707 1214 900 1279 frater,
953 1214 1131 1270 dixit:
1166 1217 1390 1285 Etiam;
1431 1218 1543 1273 vidi
1590 1220 1906 1275 columbam

308 1316 534 1355 sursum
548 1300 606 1355 in
616 1302 914 1358 altitudine
923 1304 1048 1359 caeli
1061 1310 1256 1360 contra
1263 1311 1435 1377 caput
1443 1322 1632 1362 meum
1643 1313 1906 1365 stantem.

312 1389 382 1444 Et
412 1391 754 1461 respondens
781 1409 968 1460 senex,
996 1393 1138 1448 dixit
1164 1395 1251 1450 ei:
1284 1396 1528 1451 Attende
1554 1396 1903 1470 tibimetipsi,

311 1483 373 1532 et
385 1478 689 1550 deprecare
709 1481 888 1536 Deum
901 1482 1133 1538 intente.
1152 1484 1542 1540 Secundavero
1556 1485 1794 1543 hebdom
1801 1490 1907 1543 ada

312 1568 469 1622 venit
485 1585 652 1623 senex
683 1569 885 1625 iterum
926 1571 997 1625 ad
1015 1571 1268 1641 fratrem,
1289 1578 1347 1628 et
1365 1573 1731 1645 interrogavit
1756 1594 1904 1647 eum,

308 1656 503 1711 dicens
530 1675 542 1710 :
580 1658 780 1712 Vidisti
810 1659 1063 1731 aliquid?
1092 1662 1162 1717 Et
1187 1663 1480 1733 respondit
1504 1682 1518 1719 :
1550 1664 1678 1719 Vidi
1698 1666 1908 1721 colum-

1994 500 2253 565 habebat,
2280 501 2467 571 posuit
2494 500 2555 555 in
2584 500 2765 573 capite
2794 501 2963 567 illius,
2995 506 3054 556 et
3072 501 3202 556 fecit
3230 517 3359 555 eum
3387 499 3491 554 sibi
3524 500 3582 554 in

1991 607 2108 645 una
2133 590 2264 645 sede
2300 588 2609 654 considere,
2643 589 2834 644 dicens
2867 606 2880 645 :
2910 591 3173 661 Magnam
3215 605 3335 643 rem
3365 588 3583 642 fortiter

1989 680 2229 750 gessisti.
2249 681 2365 734 Hoc
2378 696 2482 749 ego
2499 695 2627 755 cum
2639 678 2943 743 audissem,
2962 678 3421 743 etvidissem,dixi
3435 678 3583 732 intra

1989 770 2267 842 meipsum
2296 788 2307 822 :
2340 769 2514 823 Valde
2541 785 2781 839 magnus
2811 774 2895 822 est
2923 768 3059 822 ordo
3089 769 3508 824 monachorum.

2058 856 2148 915 40.
2185 858 2461 914 Dicebant
2476 858 2545 912 de
2566 858 2807 929 quodam
2832 858 2994 913 Patre
3007 858 3138 929 quia
3148 858 3427 913 saecularis
3444 857 3580 912 tuis-

1989 952 2093 1015 set,
2113 954 2171 1003 et
2188 955 2315 1020 post
2328 964 2625 1003 conversus
2640 952 2744 1013 est,
2768 953 2824 1001 et
2841 947 2909 1001 de
2929 947 3375 1017 concupiscentia
3396 948 3583 1001 uxoris

1989 1053 2108 1092 sua:
2134 1037 2456 1109 frequenter
2474 1036 2891 1101 stimulabatur,
2916 1042 2972 1090 et
2991 1036 3258 1090 narrabat
3282 1036 3385 1090 hoc
3405 1036 3582 1091 Patri-

1990 1125 2117 1183 bus.
2140 1127 2395 1191 Quicum
2425 1125 2695 1180 vidissent
2718 1125 2851 1197 quia
2878 1124 3169 1196 operarius
3189 1130 3354 1191 esset,
3383 1131 3440 1179 et
3466 1141 3583 1178 ma-

1984 1216 2115 1285 jora
2140 1215 2381 1270 faciebat
2392 1232 2561 1287 quam
2577 1215 2658 1269 illi
2683 1214 2962 1279 dicebant,
2982 1212 3347 1285 imponebant
3364 1214 3414 1267 ei
3436 1224 3580 1284 quae;

1989 1304 2140 1371 dam,
2163 1310 2228 1360 ut
2245 1304 2633 1360 debilitaretur
2645 1320 2846 1375 corpus
2873 1305 3015 1373 ejus,
3044 1302 3127 1357 ita
3151 1308 3333 1357 utnec
3352 1319 3582 1372 surgere

1990 1399 2195 1463 posset.
2227 1394 2342 1448 Deo
2372 1398 2560 1447 autem
2591 1393 2968 1464 dispensante,
2998 1392 3149 1446 venit
3175 1391 3403 1463 quidam
3426 1398 3584 1461 pater

1989 1486 2055 1536 ut
2080 1483 2381 1553 applicaret
2414 1483 2474 1537 in
2505 1482 2695 1553 Scythi
2720 1501 2733 1542 ;
2766 1488 2823 1536 et
2851 1499 2979 1536 cum
3002 1481 3242 1536 venisset
3269 1482 3342 1535 ad
3382 1482 3580 1535 cellam

1991 1571 2131 1641 ejus,
2168 1570 2305 1626 vidit
2347 1587 2473 1625 eam
2503 1575 2777 1641 apertam,
2822 1576 2878 1625 et
2916 1569 3276 1641 pertransivit
3312 1570 3580 1639 adjurans

1989 1664 2267 1736 quomodo
2292 1681 2458 1719 nemo
2478 1681 2733 1735 egressus
2762 1668 2911 1718 esset
2937 1663 2996 1718 in
3024 1680 3316 1718 occursum
3346 1664 3488 1733 ejus.
3512 1664 3582 1716 Et

304 1744 436 1800 bam
466 1746 778 1802 venientem
819 1749 983 1818 juxta
1008 1755 1177 1821 caput
1205 1768 1417 1809 meum.
1449 1753 1519 1808 Et
1557 1755 1825 1827 pmcepit
1851 1746 1965 1811 eiB
1987 1769 2244 1808 reversus
2282 1753 2560 1825 pulsabat,
2601 1753 2791 1808 dicens
2815 1772 2827 1807 :
2851 1754 2934 1807 Ne
2954 1753 3103 1807 forte
3114 1751 3287 1806 frater
3306 1751 3402 1822 qui
3423 1751 3479 1805 in
3511 1768 3576 1805 ea

305 1851 495 1900 senex,
525 1835 715 1891 dicens
741 1855 752 1891 :
781 1837 1012 1893 Sobrius
1036 1844 1156 1894 esto
1187 1846 1396 1909 mente,
1430 1847 1489 1898 et
1507 1859 1623 1897 ora.
1654 1844 1725 1899 Et
1751 1860 1904 1899 com-
1985 1841 2209 1897 habitat
2224 1842 2561 1899 inﬁrmatur.
2583 1844 2798 1898 Etcum
2819 1842 3115 1913 pulsasset,
3136 1841 3390 1906 intravit,
3406 1846 3465 1895 et
3486 1840 3576 1895 in-

303 1924 457 1995 pleta
478 1925 647 1980 tertia
664 1925 1032 1989 bebdomada,
1055 1928 1208 1983 venit
1224 1930 1435 1986 iterum
1454 1948 1641 1999 senex,
1663 1933 1908 1989 etinter-
1987 1932 2139 1988 venit
2166 1948 2297 1987 eum
2315 1932 2556 1987 nimium
2584 1932 2895 1986 inﬁrmum.
2928 1932 2998 1986 Et
3016 1930 3154 1985 dicit
3180 1930 3231 1984 ei
3258 1948 3269 1983 :
3300 1929 3447 1995 Quid
3475 1930 3578 1984 ha-

299 2013 522 2083 regavit
551 2030 702 2081 eum,
729 2014 920 2070 dicens
944 2034 955 2069 :
990 2018 1076 2071 Ne
1097 2018 1308 2090 aliquid
1330 2020 1455 2091 plus
1466 2020 1655 2077 vidisti
1676 2022 1701 2075 ?
1720 2022 1789 2078 Et
1806 2023 1901 2078 ille
1986 2019 2103 2086 bes,
2138 2021 2343 2076 Pater?
2364 2022 2435 2076 Et
2459 2020 2711 2076 narravit
2737 2020 2810 2088 ei,
2831 2020 3022 2075 dicens
3051 2037 3063 2073 :
3092 2020 3209 2090 Ego
3226 2019 3297 2074 de
3323 2018 3577 2073 saeculari

300 2103 614 2174 respondit,
661 2103 852 2159 dicens
885 2122 898 2158 :
939 2106 1068 2161 Vidi
1108 2108 1447 2176 columbam,
1478 2111 1613 2181 quia
1637 2111 1794 2166 venit
1844 2117 1902 2167 et
1981 2109 2097 2164 vita
2125 2126 2272 2178 sum,
2322 2117 2382 2165 et
2410 2110 2676 2166 sollicitat
2712 2126 2802 2164 me
2830 2110 2998 2164 modo
3023 2108 3287 2164 inimicus
3314 2108 3375 2162 in
3402 2124 3574 2163 uxore

300 2192 462 2247 stetit
484 2208 658 2264 supra
693 2199 862 2265 caput
887 2210 1096 2262 meum,
1130 2202 1187 2251 et
1214 2198 1427 2254 tetendi
1459 2216 1690 2255 manum
1711 2217 1897 2256 meam

297 2286 495 2335 tenere
513 2298 663 2348 eam,
681 2282 777 2337 illa
794 2288 983 2339 autem
1008 2301 1244 2357 surgens
1272 2286 1505 2344 intravit
1520 2289 1583 2344 in
1602 2305 1664 2344 os
1680 2306 1892 2345 meum.

299 2369 372 2424 Et
386 2371 803 2442 Esagratias
832 2389 1007 2444 agens
1026 2374 1143 2429 Deo
1163 2391 1349 2439 senex,
1381 2376 1522 2432 dixit
1539 2378 1699 2433 fratri
1720 2397 1732 2433 :
1758 2380 1895 2434 Ecce

297 2458 548 2528 suscepit
573 2459 724 2515 Deus
741 2461 1128 2532 paenitentiam
1156 2468 1334 2532 tuam;
1366 2465 1436 2520 de
1449 2470 1652 2521 caetero
1668 2469 1895 2524 attende

298 2547 683 2619 temetipsum,
711 2555 769 2603 et
796 2555 915 2605 esto
944 2550 1233 2607 sollicitus.
1265 2554 1336 2608 Et
1358 2556 1701 2627 respondens
1720 2557 1896 2614 frater

297 2633 442 2689 dixit
472 2654 485 2690 :
518 2636 656 2691 Ecce
674 2638 876 2694 amodo
904 2644 1092 2697 tecum
1114 2658 1212 2696 ero
1235 2642 1413 2698 donec
1439 2644 1668 2699 moriar.

367 2722 457 2780 39.
505 2725 736 2782 Dicebat
768 2727 998 2799 quidam
1045 2730 1115 2785 de
1159 2730 1413 2788 Thebaeis
1447 2733 1693 2801 senibus,
1746 2734 1895 2806 quod

297 2812 452 2868 ﬁlius
493 2821 641 2870 esset
681 2818 988 2874 sacerdotis
1015 2818 1332 2890 idolorum;
1363 2827 1421 2877 et
1460 2839 1588 2878 cum
1630 2824 1894 2895 parvulus

291 2902 518 2958 sederet
543 2904 601 2959 in
615 2908 844 2979 templo,
866 2908 1094 2966 vidisset
1122 2917 1342 2983 patrem
1369 2929 1537 2968 suum
1572 2917 1896 2986 frequenter

292 2989 532 3061 ingredi,
555 2998 613 3048 et
624 2996 898 3052 sacriﬁcia
922 2999 1122 3055 offerre
1136 3001 1315 3069 idolo;
1345 3007 1404 3057 et
1421 3002 1555 3074 quia
1572 3004 1748 3059 semel
1767 3008 1894 3075 post

1978 2214 2143 2253 mea:
2173 2204 2230 2254 et
2246 2200 2470 2254 narravi
2488 2198 2769 2265 Patribus,
2794 2203 2853 2252 et
2878 2197 3267 2269 imposuerunt
3292 2197 3434 2252 mihi
3451 2214 3585 2252 con-

1977 2288 2305 2348 versationis
2322 2304 2493 2344 onera
2504 2289 2743 2343 diversa.
2762 2288 2833 2343 Et
2851 2304 2980 2343 cum
2995 2286 3321 2343 obedienter
3338 2286 3573 2359 implere

1976 2377 2195 2443 vellem,
2234 2394 2361 2432 ecce
2391 2377 2586 2444 deieci,
2619 2382 2677 2432 et
2704 2382 2893 2431 tamen
2920 2376 3183 2431 stimulus
3210 2376 3428 2432 crescit.
3451 2378 3571 2431 Au-

1977 2465 2136 2521 diens
2163 2466 2280 2521 haec
2298 2482 2485 2533 senex,
2519 2466 2881 2521 contristatus
2911 2471 3015 2532 est,
3047 2474 3105 2521 et
3129 2466 3271 2520 dixit
3298 2465 3381 2520 ei:
3407 2466 3574 2536 Equi-

1976 2554 2106 2609 dem
2138 2555 2353 2621 Patres,
2384 2561 2449 2610 ut
2475 2560 2733 2627 potentes
2759 2554 2859 2609 viri
2884 2554 3027 2608 bene
3055 2553 3158 2608 tibi
3184 2554 3577 2625 imposuerunt

1976 2659 2168 2711 onera,
2206 2644 2409 2716 quibus
2433 2644 2713 2715 gravaris;
2746 2643 2843 2698 sed
2873 2643 2923 2698 si
2946 2660 3037 2698 me
3064 2644 3360 2714 parvulum
3388 2642 3568 2709 audis,

1970 2733 2123 2802 jacta
2144 2749 2179 2787 a
2201 2739 2258 2788 te
2286 2734 2422 2801 haec,
2456 2738 2513 2788 et
2535 2750 2696 2788 sume
2724 2748 2923 2804 parum
2943 2732 3051 2787 cibi
3079 2733 3139 2788 in
3170 2736 3425 2805 tempore
3444 2749 3569 2798 suo,

1976 2826 2036 2875 et
2059 2822 2391 2894 recolligens
2410 2822 2554 2877 vires
2582 2827 2729 2887 tuas,
2762 2821 2849 2875 fac
2876 2822 3230 2893 aliquantum
3261 2837 3402 2893 opus
3444 2821 3568 2886 Dei,

1975 2914 2034 2964 et
2055 2910 2209 2981 jacta
2236 2911 2296 2966 in
2319 2910 2560 2966 Domino
2578 2910 2885 2982 cogitatum
2900 2917 3064 2965 tuum
3079 2912 3250 2982 (Psal.
3287 2920 3414 2977 LIV),
3438 2927 3573 2982 quo-

1973 2999 2127 3054 niam
2155 3006 2253 3055 tuo
2282 3000 2473 3056 labore
2517 3001 2665 3054 hanc
2706 3016 2827 3053 rem
2869 3016 2982 3055 non
3038 2999 3248 3070 poteris
3278 3016 3562 3071 superare.

294 3078 479 3151 ipsum
493 3084 707 3139 occulte
732 3084 1041 3155 intraverit,
1071 3094 1130 3145 et
1164 3091 1368 3146 viderit
1395 3092 1661 3147 Satanam
1688 3092 1891 3148 seden-
1910 3101 1952 3163 c
1973 3089 2190 3160 Corpus
2234 3089 2386 3145 enim
2436 3095 2694 3146 nostrum
2738 3092 2893 3146 velut
2919 3089 3315 3145 vestimentum
3359 3093 3463 3143 est.
3508 3089 3567 3144 Si

292 3173 434 3235 tem.
465 3176 525 3225 et
549 3188 771 3229 omnem
801 3176 1059 3232 militiam
1089 3180 1213 3250 ejus
1240 3185 1521 3236 astantem
1550 3181 1603 3236 ei
1633 3199 1645 3235 :
1679 3187 1738 3237 et
1764 3199 1890 3238 ecce
1970 3176 2109 3232 illud
2129 3170 2784 3250 diligentertFactaveris,
2808 3178 2997 3246 stabit;
3017 3178 3067 3232 si
3091 3183 3282 3233 autem
3307 3177 3566 3248 neglexe-

286 3273 437 3313 unus
456 3259 528 3314 de
556 3261 900 3335 principibus
929 3268 1053 3336 ejus
1073 3268 1301 3324 veniens
1319 3270 1575 3325 adoravit
1600 3287 1749 3325 eum.
1782 3272 1885 3327 Cui
1969 3266 2047 3321 ris
2074 3266 2232 3334 illud,
2257 3273 2556 3340 putrescet.
2576 3269 2683 3334 Qui
2708 3285 2835 3323 cum
2852 3268 3104 3323 audisset
3130 3283 3279 3333 eum,
3313 3265 3442 3321 fecit
3458 3266 3559 3333 ita,

287 3345 546 3404 diabolus
567 3350 707 3407 dixit
729 3368 743 3408 :
775 3354 934 3410 Unde
946 3356 1099 3411 venis
1119 3359 1217 3412 tu?
1245 3359 1312 3413 Et
1344 3359 1439 3414 ille
1460 3360 1777 3432 respondit:
1819 3362 1884 3416 In
1967 3361 2025 3411 et
2050 3355 2202 3411 intra
2229 3373 2436 3429 paucos
2455 3358 2576 3413 dies
2602 3358 2832 3413 recessit
2859 3356 2929 3413 ab
2958 3374 3024 3412 eo
3052 3356 3310 3411 stimulus
3337 3356 3452 3410 ille.

284 3434 385 3491 illa
412 3438 696 3508 provincia
716 3458 892 3511 eram,
917 3450 976 3499 et
999 3447 1261 3502 suscitavi
1281 3447 1396 3502 illic
1420 3448 1567 3503 bella
1588 3454 1647 3503 et
1667 3454 1886 3520 pertur-

285 3524 541 3581 bationes
569 3529 857 3600 plurimas,
892 3534 1191 3591 etl‘usiones
1224 3538 1520 3607 sanguinis
1562 3538 1793 3606 faciens,
1826 3545 1884 3595 et
1963 3536 2280 3590 versatione
2309 3536 2624 3607 proﬁciens,
2657 3536 2889 3591 sedebat
2903 3536 2961 3590 in
2991 3540 3181 3589 monte
3214 3534 3274 3589 in
3302 3533 3559 3606 partibus

2036 3445 2124 3500 41.
2156 3447 2462 3502 Monachus
2482 3448 2711 3518 quidam
2737 3446 3019 3502 solitarius
3047 3445 3332 3517 antiquus,
3366 3450 3423 3500 et
3434 3461 3560 3500 con-
3666 3504 3669 3509 ,

282 3615 409 3669 veni
438 3617 699 3674 nuntiare
724 3620 849 3675 tibi.
869 3623 939 3677 Et
955 3623 1211 3679 diabolus
1238 3625 1603 3697 interrogavit
1629 3644 1787 3683 eum:
1813 3629 1880 3685 In

281 3710 494 3774 quanto
514 3712 766 3779 tempore
781 3709 885 3765 hoc
903 3711 1080 3767 fecisti
1101 3713 1124 3767 7
1144 3714 1213 3768 Et
1231 3714 1322 3769 ille
1342 3717 1659 3787 respondit:
1680 3718 1745 3772 In
1772 3719 1878 3773 tri-

276 3791 440 3863 ginta
467 3794 686 3852 diebus.
720 3798 790 3853 Et
815 3799 1071 3856 diabolus
1092 3803 1267 3873 jussit
1295 3820 1426 3859 cum
1455 3806 1746 3877 ﬂagellari,
1788 3807 1876 3862 di-

275 3882 456 3937 cendo
487 3901 498 3936 :
528 3885 708 3941 Tanto
736 3891 989 3960 tempore
1034 3891 1141 3946 hoc
1190 3893 1416 3947 lecisti?
1455 3894 1526 3949 Et
1574 3911 1699 3950 ecce
1730 3896 1875 3952 alius

274 3971 506 4026 veniens
542 3974 796 4030 adoravit
836 3994 985 4033 eum.
1038 3980 1108 4034 Et
1154 3980 1260 4052 ipsi
1310 3981 1449 4037 dixit
1481 4002 1492 4037 :
1529 3984 1689 4039 Unde
1717 3986 1872 4040 venis

276 4062 340 4113 tu
358 4059 384 4111 Ἰ
415 4060 486 4115 Et
514 4064 805 4134 respondit
831 4065 1049 4122 daemon
1082 4087 1094 4122 :
1130 4069 1195 4125 In
1220 4070 1365 4125 mari
1391 4087 1566 4139 eram,
1610 4078 1667 4127 et
1694 4074 1870 4128 susci-

270 4148 385 4202 tavi
413 4152 834 4219 commotiones,
870 4160 929 4210 et
953 4156 1196 4213 demersi
1224 4175 1411 4226 naves,
1453 4165 1511 4214 et
1536 4162 1745 4217 multos
1768 4163 1871 4217 ho-

268 4238 455 4293 mines
475 4240 753 4308 occidens,
786 4244 911 4298 veni
939 4246 1200 4302 nuntiare
1228 4247 1352 4303 tibi.
1387 4250 1457 4304 Et
1504 4249 1644 4304 dixit
1669 4250 1867 4306 diabo-

267 4325 357 4381 lus
381 4345 394 4380 :
422 4326 645 4392 Quanto
663 4336 917 4403 tempore
945 4334 1050 4389 hoc
1077 4335 1295 4391 fecisti?
1317 4337 1386 4392 Et
1412 4338 1508 4392 ille
1540 4340 1861 4410 respondit:

1960 3623 2224 3692 Antinoo,
2252 3625 2398 3681 sicut
2444 3626 2759 3681 audivimus
2789 3642 2825 3680 a
2865 3626 3013 3680 notis
3059 3624 3366 3685 monachis,
3397 3624 3557 3694 cujus

1958 3712 2142 3769 verbis
2166 3720 2223 3769 et
2240 3720 2371 3770 actu
2389 3715 2554 3769 multi
2579 3713 2965 3787 proﬁciebant.
2990 3714 3201 3768 Etcum
3225 3712 3354 3767 talis
3380 3718 3546 3776 esset,

1958 3802 2231 3858 excitatus
2250 3809 2338 3859 est
2364 3803 2620 3859 diabolus
2646 3804 2716 3859 ad
2733 3803 3001 3859 invidiam
3020 3807 3216 3857 contra
3233 3818 3382 3867 eum,
3408 3800 3554 3855 sicut

1957 3895 2014 3946 et
2038 3907 2236 3947 contra
2254 3910 2449 3948 omnes
2472 3893 2746 3948 virtutum
2772 3892 2941 3959 viros,
2979 3896 3037 3946 et
3079 3890 3339 3945 immittit
3363 3889 3552 3944 animo

1955 3980 2078 4049 ejus
2090 3982 2489 4052 cogitationem
2517 3981 2796 4053 talem,|ut
2806 3981 2857 4036 ei
2879 3981 2975 4052 qui
2985 3981 3044 4035 in
3055 3980 3156 4035 tali
3166 3979 3554 4053 .conversatio—

1951 4084 2024 4124 ne
2036 4076 2180 4124 esset
2202 4087 2316 4125 non
2337 4070 2774 4126 deberetserviii
2791 4069 2861 4124 ab
2885 4070 3014 4136 alio,
3046 4075 3146 4124 aut
3174 4068 3550 4125 ministerium

1953 4158 2220 4227 exhiberi,
2260 4159 2359 4213 sed
2393 4159 2573 4229 magis
2608 4159 2790 4230 ipsum
2814 4157 3017 4213 debere
3043 4157 3168 4212 aliis
3197 4158 3540 4212 ministrare.

1952 4247 2112 4311 Quod
2152 4248 2199 4302 si
2239 4248 2365 4303 aliis
2412 4265 2526 4302 non
2568 4247 2855 4302 exhiberet
2902 4247 3297 4313 ministerium,
3343 4247 3543 4301 saltem

1949 4335 2055 4389 sibi
2103 4336 2212 4407 ipsi
2252 4336 2504 4402 serviret,
2546 4336 2774 4390 dicens:
2808 4335 3001 4390 Vende
3045 4351 3178 4405 ergo
3224 4335 3283 4389 in
3321 4334 3545 4391 civitate

268 4413 416 4469 Sunt
441 4416 562 4471 dies
591 4418 806 4488 viginti.
829 4421 900 4475 Et
928 4422 1077 4477 hunc
1105 4424 1366 4480 similiter
1379 4426 1552 4496 jussit
1570 4428 1862 4498 flagellari,
1881 4420 1930 4479 D
1949 4426 2243 4496 sportellas
2270 4442 2410 4497 quas
2439 4425 2592 4492 facis,
2625 4430 2681 4479 et
2697 4441 2823 4480 eme
2858 4423 2962 4479 tibi
2992 4440 3116 4495 qua:
3143 4439 3284 4495 opus
3300 4430 3451 4490 sunt,
3481 4431 3540 4478 et

265 4503 495 4560 dicens:
531 4507 715 4571 Quare
744 4509 804 4565 in
840 4512 1015 4567 tantis
1051 4513 1248 4570 diebus
1285 4515 1391 4570 hoc
1427 4516 1609 4571 solum
1651 4517 1867 4573 fecisti?
1947 4520 2227 4569 revertere
2249 4514 2320 4569 ad
2348 4516 2532 4569 locum
2558 4520 2742 4582 tuum,
2775 4520 2833 4568 et
2861 4514 3001 4568 nulli
3015 4514 3091 4568 sis
3111 4529 3401 4568 onerosus.
3424 4514 3543 4568 Hoc

266 4591 337 4648 Et
374 4594 578 4650 tertius
615 4598 845 4655 veniens
888 4601 1161 4658 adorabat
1183 4620 1333 4659 eum.
1381 4605 1535 4660 Dixit
1578 4611 1770 4661 autem
1810 4613 1869 4663 et
1947 4608 2137 4658 autem
2160 4603 2497 4675 suggerebat
2539 4603 2814 4666 diabolus,
2842 4603 3096 4658 invidens
3122 4602 3299 4674 quieti
3332 4603 3454 4674 ejus
3481 4608 3541 4657 et

263 4681 428 4738 huic:
454 4684 525 4738 Et
542 4690 604 4740 tu
621 4687 769 4742 unde
788 4689 969 4744 venis?
992 4692 1061 4746 Et
1072 4693 1360 4764 respondit
1383 4709 1396 4749 :
1430 4696 1494 4750 In
1523 4695 1623 4750 illa
1637 4696 1862 4751 civitate
1946 4699 2274 4764 opportunae
2302 4693 2577 4748 vacationi
2604 4694 2677 4748 ad
2705 4693 3026 4759 Dominum,
3058 4698 3117 4747 et
3134 4691 3365 4746 utilitati
3388 4693 3538 4747 mul-

261 4768 343 4825 fui
364 4789 379 4838 ;
400 4778 460 4827 et
479 4773 615 4828 dum
632 4774 709 4831 ibi
726 4777 928 4834 ﬁerent
941 4780 1172 4852 nuptiae,
1195 4782 1429 4837 excitavi
1452 4784 1596 4852 lites,
1617 4790 1675 4840 et
1712 4785 1859 4840 mul-
1942 4786 2149 4836 torum.
2173 4782 2430 4854 Undique
2443 4783 2591 4837 enim
2610 4781 2871 4837 inimicus
2890 4780 3081 4836 venari
3108 4796 3239 4835 eum
3258 4785 3315 4835 et
3332 4796 3532 4852 capere

260 4861 348 4913 tas
366 4860 669 4919 effusiones
696 4867 987 4938 sanguinis
1004 4870 1126 4938 ieci;
1149 4871 1380 4943 insuper
1407 4880 1465 4926 et
1492 4873 1674 4944 ipsum
1695 4890 1859 4945 spon-

254 4962 385 5003 sum
410 4950 607 5019 occidi,
639 4957 698 5007 et
740 4956 867 5011 veni
913 4958 1175 5014 nuntiare
1214 4960 1337 5014 tibi.
1382 4962 1452 5015 Et
1496 4961 1636 5017 dixit
1660 4963 1711 5016 ei
1745 4981 1756 5015 :
1792 4964 1857 5018 In

254 5038 486 5109 quantis
513 5039 712 5098 diebus
740 5044 844 5099 hoc
880 5045 1107 5103 fecisti?
1149 5049 1220 5103 Et
1247 5051 1538 5121 respondit
1568 5070 1580 5105 :
1628 5052 1851 5107 Decem.

252 5126 436 5182 Iussit
460 5134 672 5197 autem,
694 5137 967 5205 tanquam
981 5152 1170 5192 moras
1181 5137 1392 5206 fecerit,
1415 5140 1639 5195 ethunc
1658 5142 1853 5211 ﬂagel-

252 5215 381 5270 lari.
415 5216 584 5272 Venit
606 5226 796 5276 autem
826 5224 971 5279 alius
989 5223 1249 5294 [adorare
1277 5244 1426 5295 eum,
1476 5235 1533 5283 et
1581 5229 1727 5284 dixit
1753 5231 1805 5285 ei
1838 5250 1850 5286 :

252 5303 416 5359 Unde
444 5306 639 5361 venis?
661 5309 730 5364 Et
764 5313 1055 5383 respondit
1082 5314 1163 5370 ei:
1194 5316 1258 5370 In
1287 5332 1477 5370 eremo
1507 5333 1663 5371 eram
1689 5336 1701 5384 ;
1728 5334 1855 5373 ecce

251 5393 632 5465 quadraginta
658 5400 793 5455 anni
838 5407 995 5470 sunt,
1043 5403 1193 5475 quod
1221 5404 1488 5476 impugno
1516 5407 1854 5462 monachum

252 5483 587 5554 quemdam;
616 5491 674 5542 et
708 5489 795 5544 vix
822 5496 985 5547 nocte
1022 5492 1134 5548 ista
1175 5494 1460 5565 praevalui,
1510 5500 1576 5550 ut
1614 5495 1855 5551 facerem

251 5585 385 5627 eum
422 5570 706 5632 fornicari.
749 5578 912 5647 Quod
949 5579 1206 5639 diabolus
1233 5582 1470 5641 audiens
1506 5584 1765 5654 surrexit,
1799 5590 1857 5642 et

1941 4869 2256 4926 festinabat.
2305 4872 2404 4926 Ille
2444 4888 2573 4927 vero
2597 4876 2867 4942 tanquam
2896 4870 3056 4926 bona:
3079 4869 3408 4941 cogitationi
3436 4886 3531 4925 ac-

1940 4960 2249 5031 quiescens,
2271 4959 2557 5015 descendit
2581 4960 2651 5015 de
2674 4960 3016 5014 monasterio
3028 4976 3148 5015 suo.
3175 4960 3244 5014 Et
3258 4959 3392 5031 quia
3410 4965 3534 5015 erat

1938 5048 2196 5104 omnibus
2218 5046 2600 5114 admirandus,
2631 5047 2859 5119 ignotus
2884 5053 3075 5104 tamen
3102 5047 3309 5103 habere
3332 5049 3533 5120 hujus-

1936 5138 2088 5193 modi
2107 5138 2341 5193 insidias
2361 5137 2783 5205 astutiae,notus
2803 5143 2996 5193 autem
3015 5144 3072 5192 et
3088 5138 3335 5193 famosus
3352 5138 3530 5193 omni-

1935 5225 2041 5282 bus
2059 5244 2092 5282 a
2112 5220 2314 5298 quibus
2333 5226 2627 5282 videbatur
2636 5226 2896 5281 existens.
2921 5227 3132 5282 Etcum
3150 5232 3278 5299 post
3295 5228 3527 5298 longum

1935 5322 2159 5387 tempus
2185 5316 2480 5371 mulierem
2526 5315 2774 5382 vidisset,
2809 5333 2909 5388 pro
2929 5316 3209 5372 incautela
3246 5334 3350 5373 sua
3394 5333 3528 5387 sup-

1934 5406 2151 5476 plantat
2160 5422 2224 5460 us
2244 5411 2347 5471 est,
2369 5404 2677 5460 etincurrit
2688 5405 2748 5459 in
2763 5421 2909 5473 eam,
2934 5406 3003 5461 Et
3022 5407 3249 5462 veniens
3263 5406 3322 5460 in
3342 5405 3526 5460 deser-

1934 5500 2058 5549 tum
2087 5495 2268 5549 locum
2297 5500 2568 5565 sequente
2600 5494 2820 5549 diabolo
2866 5495 3106 5567 vestigia
3152 5497 3292 5566 ejus,
3326 5492 3526 5548 cecidit

1929 5584 2418 5656 juxtallumen.Et
2428 5584 2680 5656 cogitans
2701 5584 3068 5660 quiagavisus
3092 5590 3217 5655 58
3232 5589 3273 5652 ι
3303 5587 3388 5639 est
3416 5581 3525 5638 ini-
