3964 6206
417 310 525 370 887

1569 304 1662 358 DE
1687 302 1876 358 VITIS
1914 299 2212 356 PATRUM
2249 303 2461 360 LIBER
2497 307 2564 359 V.

3567 315 3658 376 888

419 439 599 495 micus
626 440 696 494 de
723 440 888 494 ruina
914 438 1057 507 ejus,
1080 435 1257 489 voluit
1293 432 1659 503 semetipsum
1685 430 2005 500 desperare,
2025 425 2294 487 Afaeiem
2336 447 2516 498 suam,
2566 449 2769 504 rogans
2820 436 3142 503 Dominum,
3173 441 3230 491 et
3257 437 3441 493 dicens
3470 456 3481 491 :
3529 440 3657 507 Scio,

419 529 554 600 quia
573 528 841 600 Spiritum
863 526 962 579 Dei
989 524 1229 578 maxime
1247 521 1674 584 contristaverit,
1708 524 1762 572 et
1791 523 2011 572 sanctos

419 618 664 687 angelos,
689 622 745 670 et
771 613 1113 669 venerabiles
1141 615 1353 679 Patres,
1387 627 1626 682 quorum
1656 607 1817 662 multi
1839 605 2009 660 etiam

417 707 476 761 in
503 705 820 760 civitatibus
845 703 1164 758 habitantes
1190 705 1596 773 superaverunt
1620 698 1924 752 diabolum.
1944 698 2012 750 Et

417 812 546 850 cum
563 795 700 849 nulli
721 795 921 848 horum
944 810 1003 847 se
1023 793 1205 847 facere
1217 791 1458 845 similem
1488 795 1695 860 posset,
1717 788 2011 842 contrista-

415 883 583 938 batur
608 883 785 948 valde,
819 888 876 937 et
900 901 1010 937 non
1041 880 1442 936 recordabatur
1464 880 1597 950 quia
1624 880 1772 932 Deus
1803 884 1889 931 est
1915 878 2012 948 qui

415 974 682 1027 virtutem
703 973 900 1026 tribuit
932 972 1016 1025 his
1033 972 1129 1042 qui
1159 971 1227 1024 ad
1255 987 1383 1024 eum
1411 969 1765 1022 devotissime
1789 984 2012 1021 conver-

414 1067 638 1118 tuntur.
663 1051 913 1116 Caecatus
940 1077 1094 1130 ergo,
1125 1066 1181 1114 et
1208 1075 1317 1113 non
1345 1059 1536 1111 videns
1567 1057 1776 1127 peccati
1807 1057 1892 1110 sui
1914 1073 2012 1110 cu-

415 1167 559 1217 ram,
577 1150 755 1204 voluit
774 1166 833 1203 se
863 1151 922 1204 in
952 1151 1164 1204 ﬂumen
1193 1148 1330 1202 illud
1348 1149 1582 1217 jactare,
1610 1152 1676 1200 ut
1705 1146 2011 1216 perfectum

412 1239 684 1309 gaudium
722 1239 926 1293 faceret
973 1238 1218 1292 inimico.
1267 1238 1342 1291 Ex
1399 1238 1575 1290 multo
1613 1237 1805 1306 itaque
1838 1235 2009 1288 animi

415 1329 608 1382 dolore
630 1329 947 1382 infirmatus
981 1332 1064 1382 est
1077 1344 1335 1398 corpore;
1361 1332 1417 1380 et
1445 1326 1551 1379 nisi
1578 1331 1772 1396 postea
1800 1324 2012 1377 miseri-

416 1431 543 1469 cors
574 1418 722 1471 Deus
766 1417 1036 1470 auxilium
1085 1416 1438 1487 praestitisset
1483 1414 1550 1479 ei,
1605 1415 1674 1467 ad
1706 1415 2012 1484 perfectum

414 1506 684 1575 gaudium
716 1505 928 1560 inimici
959 1506 1078 1559 sine
1100 1506 1429 1576 poenitentia
1458 1510 1790 1558 moreretur.
1824 1502 2015 1556 Novis-

416 1593 555 1648 sime
586 1601 774 1649 autem
804 1595 862 1649 in
890 1612 949 1649 se
978 1611 1250 1659 reversus,
1283 1595 1546 1665 cogitavit
1569 1595 1836 1663 majorem
1867 1592 2016 1644 labo-

414 1699 534 1737 rem
569 1683 628 1737 in
659 1683 959 1738 afflictione
989 1683 1328 1755 pcenitentize
1357 1684 1765 1747 demonstrare,
1810 1687 1866 1734 et
1887 1697 2015 1750 sup-

2093 517 2346 584 Domine,
2370 521 2501 591 quia
2529 528 2814 578 certamen
2837 524 3043 579 factum
3057 531 3143 580 est
3163 531 3225 580 ut
3235 542 3540 595 coronarer,
3561 546 3658 585 non

2092 607 2220 660 steti
2240 608 2297 662 in
2319 609 2572 679 pedibus,
2594 613 2804 683 eligens
2822 615 3002 685 magis
3015 617 3434 686 proptercarnis
3451 617 3664 673 delecta-

2091 695 2304 750 tionem
2325 700 2621 754 tormentis
2642 700 2942 772 impiorum
2968 703 3171 756 addici.
3190 705 3360 758 Parce
3377 721 3506 776 ergo
3523 706 3661 774 mihi,

2093 785 2348 841 Domine.
2366 789 2502 845 Ecce
2517 789 2668 844 enim
2688 791 2892 844 iterum
2912 793 3305 847 confiteortuae
3325 793 3552 849 bonitati
3567 802 3667 850 tur-

2095 875 2408 945 pitudinem
2426 894 2610 931 meam
2639 896 2826 934 coram
2856 881 3070 950 angelis
3092 881 3224 947 tuis,
3244 888 3302 936 et
3323 900 3507 937 coram
3517 885 3668 955 justis

2095 965 2372 1031 omnibus,
2405 973 2464 1019 et
2492 967 2596 1020 nisi
2646 969 2779 1038 quia
2823 969 3190 1024 scandalizari
3242 979 3487 1042 possent,
3518 975 3669 1028 etiam

2097 1053 2417 1109 hominibus
2431 1055 2690 1110 omnibus
2707 1058 3023 1112 conﬁterer.
3043 1059 3193 1113 Deus
3208 1060 3474 1114 miserere
3493 1063 3672 1126 mei,ut

2097 1148 2152 1196 et
2173 1142 2312 1196 alios
2335 1144 2620 1211 erudiam;
2644 1146 2897 1213 Domine,
2928 1147 3146 1202 viviﬁca
3178 1165 3286 1202 me.
3309 1149 3381 1202 Et
3417 1150 3494 1203 ita
3512 1150 3674 1205 tribus

2094 1230 2303 1286 vicibus
2332 1249 2517 1296 orans,
2564 1235 2858 1289 exauditus
2899 1242 3002 1290 est.
3054 1237 3123 1290 Et
3151 1253 3456 1308 exsurgens
3484 1238 3674 1293 invenit

2095 1320 2377 1374 lucernam
2409 1323 2698 1377 ardentem
2729 1325 2896 1379 clare.
2932 1326 3000 1378 Et
3020 1327 3305 1380 exsultans
3335 1344 3453 1398 spe,
3484 1327 3674 1382 confor-

2095 1416 2247 1463 tatus
2261 1411 2468 1480 gaudio
2480 1412 2662 1466 cordis
2679 1419 2783 1478 est,
2806 1415 3092 1468 admirans
3109 1416 3176 1470 de
3186 1417 3372 1486 gratia
3383 1417 3598 1487 Dei,qui
3609 1418 3676 1471 ita

2098 1505 2154 1551 et
2167 1500 2405 1569 peccatis
2421 1502 2542 1570 ejus
2563 1501 2815 1568 indulsit,
2837 1509 2894 1558 et
2909 1504 3178 1560 satisfecit
3191 1507 3356 1575 juxta
3369 1505 3676 1576 petitionem

2097 1588 2218 1657 ejus
2249 1592 2304 1640 et
2323 1588 2574 1642 animum
2601 1591 2796 1660 ipsius,
2827 1596 2884 1646 et
2903 1592 3156 1647 dicebat:
3195 1594 3421 1647 Gratias
3449 1610 3552 1663 ago
3568 1594 3674 1659 tibi,

2098 1676 2353 1743 Domine,
2378 1678 2510 1748 quia
2541 1679 2709 1733 etiam
2761 1681 2886 1734 vitae
2912 1682 3101 1735 smculi
3129 1683 3297 1753 hujus
3327 1683 3556 1754 indigno
3585 1683 3676 1737 mi-

414 1772 622 1843 plicare
648 1773 764 1826 Deo
785 1773 842 1827 in
859 1745 1006 1827 ﬂetu.
1031 1780 1087 1826 et
1115 1774 1286 1838 luctu,
1320 1779 1377 1826 et
1403 1772 1480 1825 ita
1511 1771 1676 1825 rediit
1713 1745 1915 1823 iterum
1941 1745 2011 1823 ad
2035 1745 2080 1804 B
2094 1771 2277 1819 sertus
2292 1783 2370 1829 es,
2394 1745 2598 1836 magno
2612 1774 2670 1821 et
2687 1785 2827 1823 novo
2841 1770 2945 1824 hoc
2963 1770 3124 1840 signo
3140 1745 3404 1826 fiduciam
3423 1745 3676 1836 tribuens,

414 1861 819 1916 monasterium
850 1878 1035 1915 suum.
1063 1862 1127 1915 Et
1155 1861 1430 1914 damnans
1458 1861 1664 1914 ostium
1693 1859 1846 1913 cellae
1876 1876 2007 1923 suae,

416 1949 561 2004 sicut
579 1951 721 2004 solet
739 1967 908 2020 super
934 1955 1238 2016 mortuum,
1270 1951 1345 2003 ita
1361 1949 1531 2003 flebat
1543 1967 1605 2002 su
1613 1949 1860 2020 pplirans
1874 1949 2009 2001 Deo.

416 2040 690 2109 Jejunans
717 2047 905 2093 autem
928 2047 985 2093 et
1000 2039 1235 2110 vigilans
1257 2056 1384 2093 cum
1405 2038 1556 2092 omni
1577 2038 1857 2092 anxietate
1877 2043 2016 2091 atte-

414 2129 610 2182 nuavit
633 2145 834 2200 corpus
858 2147 1019 2184 suum
1047 2148 1059 2196 ς
1095 2136 1151 2184 et
1179 2145 1281 2183 nec
1299 2129 1379 2182 sic
1407 2129 1752 2182 satisfactum
1783 2126 2019 2198 putabat

414 2217 602 2271 animo
627 2233 748 2284 suo,
783 2218 914 2289 quia
945 2234 1188 2289 congrue
1207 2218 1580 2289 pcenituisset.
1614 2216 1903 2271 Fratribus
1924 2232 2020 2270 au-

2094 1855 2278 1925 parcis
2300 1855 2447 1909 enim
2478 1856 2790 1912 misericors
2812 1859 3128 1927 animabus,
3152 1877 3290 1931 quas
3319 1868 3386 1915 tu
3415 1877 3582 1915 creas.
3607 1861 3681 1915 Ita

2095 1950 2285 1998 autem
2314 1952 2707 2016 perseverante
2736 1964 2801 2001 eo
2815 1948 2875 2001 in
2893 1949 3240 2004 confessione
3266 1950 3456 2006 illuxit
3471 1951 3602 2005 dies.
3625 1950 3686 2007 Et

2098 2033 2394 2089 laetabatur
2415 2035 2474 2089 in
2501 2036 2760 2102 Domino,
2785 2036 2991 2092 oblitus
3021 2037 3132 2093 cibi
3163 2041 3491 2111 corporalis.
3505 2043 3681 2114 Ignem

2100 2128 2290 2178 autem
2311 2125 2555 2180 lucernae
2575 2126 2727 2180 illius
2747 2133 2866 2181 toto
2884 2133 3138 2199 tempore
3160 2128 3284 2184 vitae
3303 2146 3425 2185 suae
3442 2134 3677 2198 servavit,

2101 2213 2288 2268 oleum
2319 2213 2556 2270 subinde
2596 2216 3090 2288 superinfundens,
3141 2225 3200 2273 et
3227 2218 3442 2274 faciens
3463 2221 3684 2294 desuper

413 2313 528 2360 tem
561 2323 705 2378 saepe
735 2308 805 2361 ad
833 2324 961 2362 eum
994 2307 1347 2362 venientibus
1375 2325 1488 2361 suae
1518 2307 1780 2360 utilitatis
1815 2322 2002 2372 causa,
2091 2319 2201 2373 quo
2260 2303 2448 2358 minus
2486 2305 2959 2376 exstingueretur.
3003 2308 3073 2362 Et
3117 2308 3198 2362 ita
3245 2326 3446 2364 rursus
3482 2311 3682 2365 divinus

412 2401 470 2449 et
507 2396 859 2466 pulsantibus
907 2397 1133 2463 ostium,
1176 2397 1296 2468 ipse
1325 2396 1545 2450 dicebat
1588 2413 1699 2450 non
1749 2412 1809 2448 se
1847 2411 2009 2466 posse
2093 2392 2332 2462 Spiritus
2362 2393 2638 2448 habitavit
2665 2395 2724 2449 in
2750 2411 2837 2462 eo,
2870 2402 2928 2450 et
2971 2396 3150 2452 factus
3203 2405 3289 2452 est
3328 2399 3482 2470 apud
3511 2417 3681 2454 omnes

413 2484 652 2556 aperire,
685 2485 918 2539 dicendo
950 2504 960 2538 :
997 2486 1358 2540 Sacramento
1389 2502 1478 2539 me
1509 2484 1813 2538 constrinxi
1834 2499 2012 2538 unum
2094 2482 2350 2552 insignis,
2382 2483 2762 2539 humilitatem
2782 2485 3049 2541 exhibens
3079 2486 3138 2540 in
3166 2487 3517 2542 confessione
3537 2495 3589 2543 et
3608 2506 3683 2543 ac-

415 2588 625 2628 annum
655 2575 851 2628 devote
872 2591 963 2628 me
994 2575 1379 2645 paenitentiam
1408 2591 1601 2643 agere;
1626 2573 1725 2626 sed
1745 2578 1900 2626 orate
1913 2589 2012 2642 pro
2095 2572 2246 2626 tione
2266 2573 2578 2642 gratiarum
2597 2574 2836 2629 Domino
2858 2591 2986 2630 cum
3014 2576 3226 2630 laetitia.
3253 2578 3360 2632 Cui
3381 2579 3550 2632 etiam
3570 2584 3684 2632 ante

417 2679 534 2719 me.
572 2663 687 2718 Nec
717 2662 867 2716 enim
908 2662 1228 2717 inveniebat
1259 2663 1535 2732 quomodo
1565 2662 1646 2716 eis
1700 2666 2009 2726 excusaret,
2095 2661 2311 2733 aliquot
2335 2662 2456 2716 dies
2485 2663 2681 2718 mortis
2706 2681 2820 2718 suae
2849 2665 3089 2720 relatum
3111 2671 3195 2720 est
3216 2668 3286 2721 de
3311 2668 3557 2723 transitu
3572 2685 3679 2724 suo.

421 2751 685 2821 quoniam
717 2747 796 2804 illi
827 2752 1350 2806 scandalizabantur
1372 2752 1490 2806 hzec
1514 2751 1805 2806 audientes
1831 2751 1900 2804 de
1926 2767 2010 2816 eo,

419 2840 552 2898 auia
591 2845 713 2894 erat
763 2841 912 2912 apud
950 2857 1046 2895 eos
1102 2841 1443 2895 honorabilis
1481 2847 1539 2895 et
1564 2840 1722 2894 valde
1777 2856 2015 2909 magnus

419 2930 744 2984 monachus.
777 2930 846 2984 Et
872 2931 1005 2984 fecit
1032 2935 1213 2984 totum
1243 2946 1452 2984 annum
1487 2930 1702 2983 intente
1727 2930 2012 2999 jejunans,

419 3023 476 3072 et
503 3018 701 3074 devote
749 3019 1136 3090 paenitentiam
1180 3036 1371 3090 agens.
1405 3019 1508 3072 Die
1555 3025 1742 3073 autem
1791 3018 2016 3072 Pascha:

2558 2753 2904 2809 LIBELLUS
2943 2756 3232 2811 SEXTUS.

2224 2843 2296 2896 De
2319 2857 2376 2895 eo
2403 2843 2548 2910 quod
2578 2844 2877 2897 monachus
2909 2845 3056 2898 nihil
3081 2846 3265 2898 debeat
3290 2849 3578 2914 possidcrc.

2168 2930 2194 2984 1
2210 2970 2222 2983 .
2249 2931 2447 2985 Frater
2470 2931 2701 3002 quidam
2727 2933 3057 2988 renuntians
3077 2935 3297 3000 saeculo,
3333 2941 3395 2989 et
3424 2935 3559 2990 dans
3579 2953 3686 3008 quae

2099 3019 2342 3075 habebat
2366 3021 2724 3093 pauperibus,
2775 3023 3022 3078 retinens
3069 3030 3262 3079 autem
3301 3043 3486 3097 pauca
3516 3026 3570 3080 in
3597 3042 3686 3082 sua

421 3113 582 3162 nocte
593 3108 714 3179 ipsa
731 3109 1155 3163 resurrectionis
1171 3109 1491 3173 Dominicze,
1515 3109 1717 3162 tollens
1739 3101 2075 3163 lucernamC
2098 3109 2334 3178 ratione,
2358 3111 2512 3166 venit
2537 3113 2610 3166 ad
2638 3112 2899 3168 abbatem
2919 3114 3228 3170 Antonium
3257 3117 3462 3185 (Ruf/2,
3493 3118 3582 3171 lib.
3608 3131 3682 3180 in,

421 3213 619 3252 novam
649 3198 837 3268 posuit
856 3199 913 3252 in
934 3197 1136 3252 caeabo
1158 3215 1316 3253 novo.
1343 3199 1411 3252 Et
1437 3198 1762 3270 coeperiens
1791 3197 1860 3250 de
1887 3196 2016 3251 coo-

421 3288 667 3358 perculo,
693 3305 727 3341 a
749 3304 874 3342 sero
912 3288 1156 3342 surrexit
1181 3288 1252 3342 ad
1281 3287 1612 3353 orationem,
1645 3287 1833 3342 dicens
1865 3305 1875 3340 :
1910 3286 2016 3341 Mi-

420 3376 658 3432 sericors
687 3383 745 3432 et
771 3382 1070 3432 miserator
1088 3378 1360 3450 Dominus
1383 3395 1396 3444 ;
1428 3376 1523 3447 qui
1550 3381 1605 3431 et
1626 3376 2016 3430 barbarossal-

420 3482 550 3520 vare
595 3467 693 3532 vis,
747 3472 804 3520 et
841 3467 910 3520 ad
949 3467 1200 3520 veritatis
1235 3465 1581 3537 agnitionem
1627 3465 1933 3532 venire,'ad
1962 3471 2018 3518 te

423 3554 646 3626 confugi
676 3555 924 3611 fidelium
953 3557 1319 3622 Salvatorem,
1363 3556 1628 3610 miserere
1668 3555 1805 3609 mihi
1835 3555 1932 3626 qui
1961 3560 2019 3608 te

425 3643 732 3714 plurimum
750 3643 1089 3710 exacerbavi,
1115 3644 1405 3698 inimicum
1421 3645 1668 3714 gaudere
1685 3644 1809 3711 feci,
1827 3649 1885 3697 et
1895 3659 2020 3697 ecce

427 3736 685 3785 mortuus
712 3748 838 3786 sum
868 3732 1134 3787 obediens
1153 3733 1224 3788 ei.
1248 3733 1353 3797 Tu,
1373 3733 1627 3799 Domine,
1653 3733 1747 3802 qui
1768 3731 2021 3802 etimpiis

427 3824 485 3872 et
515 3819 600 3872 his
638 3820 733 3889 qui
763 3826 898 3874 sunt
926 3821 1050 3875 sine
1081 3821 1468 3875 misericordia
1504 3821 1807 3886 misereris,
1849 3821 1948 3875 sed
1967 3825 2025 3875 et

428 3906 695 3977 proximis
715 3908 1155 3963 misericordiam
1195 3910 1518 3980 impendere
1548 3910 1822 3981 praecipis,
1849 3909 2020 3963 mise-

431 4012 554 4049 rere
585 3995 888 4052 humilitati
905 4013 1060 4053 meae.
1082 3999 1246 4070 Apud
1265 4005 1322 4053 te
1342 3998 1492 4053 enim
1514 3999 1859 4071 impossibile
1882 3997 2023 4052 nihil

426 4091 531 4152 est,
548 4085 816 4156 quoniam
835 4103 994 4141 secus
1023 4083 1301 4142 infernum
1323 4088 1594 4159 dissipata
1623 4094 1708 4141 est
1724 4087 1869 4142 sicut
1897 4087 2024 4158 pul-

431 4175 510 4229 vis
531 4174 722 4228 anima
737 4190 880 4228 mea.
906 4175 1014 4229 Fac
1039 4175 1497 4242 misericordiam,
1521 4175 1655 4247 quia
1673 4175 1948 4247 benignus
1965 4191 2024 4229 es

429 4269 489 4318 et
515 4263 853 4330 misericors,
877 4266 1144 4335 ﬁgmento
1164 4271 1282 4334 tuo;
1305 4266 1400 4337 qui
1431 4270 1489 4320 et
1511 4282 1745 4337 corpora
1766 4283 1888 4337 quae
1910 4283 2023 4322 non

426 4360 561 4408 sunt
588 4354 647 4408 in
675 4353 767 4408 die
796 4355 1218 4410 resurrectionis
1247 4356 1680 4411 resuscitaturus
1707 4372 1788 4410 es.
1811 4357 2022 4410 Exaudi

427 4463 538 4515 me,
565 4447 823 4515 Domine,
855 4449 988 4518 quia
1025 4449 1225 4504 defecit
1247 4449 1478 4520 spiritus
1507 4467 1687 4514 meus,
1740 4455 1798 4504 et
1836 4449 2026 4504 infelix

429 4541 621 4596 anima
649 4559 792 4595 mea.
826 4543 1188 4597 Tabefactum
1218 4549 1303 4598 est
1354 4545 1525 4598 etiam
1573 4527 1776 4615 corpus
1813 4561 2022 4611 meum,

431 4630 581 4702 quod
610 4631 984 4702 coinquinavi.
1019 4632 1088 4686 Et
1119 4634 1235 4702 jam
1267 4633 1450 4687 vivere
1481 4649 1591 4687 non
1620 4634 1794 4698 valeo,
1831 4650 1931 4704 pro
1961 4650 2026 4688 eo

430 4720 578 4792 quod
626 4735 739 4775 non
777 4721 1006 4776 credidi.
1046 4722 1276 4792 Ignosce
1307 4728 1593 4794 peccatum
1623 4739 1724 4792 per
1750 4723 2026 4793 paeniten-

429 4809 589 4873 tiam,
640 4810 843 4882 duplex
889 4810 1118 4865 habenti
1171 4817 1461 4882 peccatum
1499 4827 1565 4865 ex
1613 4812 2021 4883 desperatione.

433 4897 662 4953 Viviﬁca
690 4915 781 4953 me
805 4900 1127 4968 contritum,
1159 4906 1214 4956 et
1242 4902 1369 4972 igne
1398 4907 1496 4956 tuo
1517 4902 1754 4973 praecipe
1774 4902 1918 4956 hanc
1943 4903 2026 4956 lu-

433 5000 658 5040 cernam
681 4990 926 5045 accendi.
956 4990 1030 5045 Ut
1055 4996 1110 5044 et
1137 5007 1238 5060 ego
1269 4991 1544 5062 accipiens
1573 4991 1831 5045 fiduciam
1866 4991 2030 5044 mise-

431 5073 684 5129 ricordiae
715 5081 772 5130 et
796 5076 1160 5148 indulgentiae
1191 5085 1318 5146 tuae,
1364 5096 1462 5151 per
1490 5079 1776 5133 residuum
1805 5084 2028 5150 tempus

434 5161 559 5217 vitae
585 5178 740 5229 mete,
765 5166 913 5235 quod
935 5168 1071 5221 mihi
1094 5167 1404 5236 donaveris,
1429 5169 1695 5223 mandata
1712 5175 1812 5222 tua
1839 5175 2030 5223 custo-

433 5251 607 5316 diam,
639 5258 695 5306 et
717 5269 750 5306 a
779 5254 980 5308 timore
1009 5260 1105 5311 tuo
1131 5275 1242 5312 non
1273 5259 1549 5324 recedam,
1573 5259 1669 5313 sed
1686 5259 1881 5312 devote
1911 5275 2026 5312 ser-

432 5343 581 5397 viam
606 5341 705 5396 tibi
735 5343 977 5414 amplius
1006 5362 1172 5417 quam
1195 5349 1396 5418 primo.
1423 5349 1492 5402 Et
1507 5349 1622 5403 haec
1651 5349 1706 5402 in
1727 5354 1888 5403 nocte
1908 5349 2030 5419 ipsa

433 5432 862 5487 resurrectionis
883 5449 1008 5487 cum
1036 5435 1227 5489 multis
1255 5437 1516 5509 lacrymis
1545 5439 1752 5502 dicens,
1789 5438 2032 5492 surrexit

434 5527 500 5576 ut
513 5521 729 5578 videret
747 5521 794 5577 si
815 5539 1045 5581 accensa
1057 5529 1204 5578 esset
1222 5525 1466 5580 lucerna.
1482 5528 1550 5582 Et
1561 5529 1778 5582 detecto
1805 5527 2026 5594 cacabo,

433 5611 572 5666 vidit
603 5611 733 5684 quia
771 5629 882 5668 non
913 5618 1060 5669 esset
1106 5629 1352 5668 accensa.
1410 5617 1479 5670 Et
1509 5617 1708 5672 cecidit
1736 5617 1940 5672 iterum
1971 5617 2028 5672 in

2100 3217 2158 3254 η.
2189 3197 2302 3272 68).
2336 3201 2495 3264 Quod
2515 3219 2645 3256 cum
2674 3203 2994 3273 agnovisset
3021 3220 3207 3269 senex,
3238 3205 3386 3259 dixit
3414 3206 3505 3259 ei':
3541 3207 3594 3260 Si
3614 3206 3684 3258 vis

2098 3290 2404 3344 monachus
2433 3290 2576 3357 fieri,
2600 3291 2737 3344 vade
2757 3290 2816 3345 in
2844 3292 3005 3346 illum
3023 3293 3226 3359 vicum,
3247 3300 3302 3347 et
3333 3310 3460 3348 eme
3482 3310 3679 3356 carnes,

2100 3383 2157 3432 et
2182 3378 2410 3450 impone
2438 3381 2656 3450 corpori
2675 3385 2770 3435 tuo
2797 3382 2966 3447 nudo,
3000 3388 3058 3436 et
3079 3381 3160 3436 sic
3182 3383 3309 3437 veni
3343 3383 3470 3437 huc.
3489 3385 3552 3438 Et
3571 3399 3684 3437 cum

2100 3467 2180 3521 sic
2205 3467 2427 3523 fecisset
2454 3469 2629 3524 frater
2655 3470 2768 3537 ille,
2799 3486 2965 3525 canes
2993 3478 3051 3525 et
3075 3488 3204 3526 aves
3232 3489 3440 3544 corpus
3474 3475 3588 3544 ejus
3612 3474 3685 3526 la-

2100 3555 2384 3611 cerabant.
2407 3559 2548 3613 Cum
2581 3559 2926 3630 pervenisset
2951 3566 3140 3615 autem
3173 3562 3244 3616 ad
3284 3578 3502 3628 senem,
3527 3563 3685 3616 inter-

2102 3646 2319 3716 rogavit
2331 3647 2377 3701 si
2408 3647 2631 3702 fecisset
2659 3650 2807 3720 quod
2833 3656 3024 3717 εδει
3050 3651 3103 3704 ei
3122 3651 3362 3705 dixerat.
3398 3653 3498 3706 Illo
3515 3659 3684 3706 autem

2102 3736 2433 3791 ostendente
2451 3753 2652 3809 corpus
2666 3755 2831 3793 suum
2852 3739 3179 3807 laceratum,
3194 3739 3336 3794 dixit
3355 3748 3579 3795 sanctus
3592 3743 3688 3794 An.

2103 3826 2293 3880 tonius
2325 3843 2338 3879 :
2372 3827 2481 3890 Qui
2507 3828 2835 3882 renuntiant
2853 3829 3075 3895 saeculo,
3095 3835 3151 3883 et
3170 3830 3371 3884 volunt
3384 3831 3584 3885 habere
3605 3847 3687 3900 pe-

2105 3914 2449 3982 cunias,ecce
2460 3916 2864 3987 itaimpugnati
2876 3934 2910 3970 a
2921 3917 3267 3973 dmmonibus
3286 3918 3685 3990 discerpuntur.

2177 4002 2230 4061 2.
2257 4005 2518 4059 Narravit
2537 4005 2708 4060 abbas
2729 4007 2927 4061 Daniel
2961 4007 3030 4061 de
3059 4006 3258 4061 abbate
3289 4007 3548 4072 Arsenio,
3573 4007 3690 4078 quia

2109 4092 2258 4146 venit
2283 4094 2585 4165 aliquando
2606 4095 3002 4167 Magistrianus
3023 4095 3154 4169 (24),
3173 4097 3435 4152 deferens
3467 4098 3516 4151 ei
3541 4100 3692 4151 testa-

2105 4189 2359 4237 mentum
2387 4185 2679 4254 cujusdam
2703 4187 2977 4240 senatoris
2997 4187 3246 4257 parentis
3275 4189 3422 4257 ejus,
3457 4187 3550 4258 qui
3578 4185 3688 4240 reli-

2105 4279 2305 4344 querat
2331 4274 2383 4327 ei
2413 4273 2796 4329 hsereditatem
2830 4293 3094 4347 magnam
3131 4277 3310 4331 valde.
3332 4278 3406 4331 Et
3431 4276 3688 4347 accipiens

2113 4368 2535 4430 testamentum,
2577 4363 2752 4419 voluit
2788 4365 2927 4419 illud
2965 4365 3220 4420 scindere
3254 4385 3266 4420 :
3313 4365 3688 4437 Magistrianus

2107 4459 2295 4506 autem
2325 4453 2525 4508 cecidit
2552 4453 2623 4508 ad
2639 4455 2807 4525 pedes
2832 4456 2880 4525 ej
2891 4455 3212 4524 us,dicens:
3237 4455 3522 4527 Deprecor
3537 4460 3605 4519 te,
3629 4467 3689 4506 ne

2107 4542 2329 4596 scindas
2357 4543 2515 4607 illud,
2549 4545 2682 4614 quia
2711 4543 2990 4597 incidetur
3013 4544 3152 4598 mihi
3183 4552 3373 4616 caput.
3395 4546 3466 4599 Et
3495 4544 3622 4598 dicit
3644 4540 3687 4594 ei

2108 4629 2280 4684 abbas
2309 4631 2607 4686 Arsenius:
2640 4634 2754 4703 Ego
2777 4632 2930 4704 prius
2959 4639 3215 4688 mortuus
3237 4650 3363 4688 sum
3392 4650 3558 4706 quam
3587 4631 3685 4686 ille.

2109 4721 2235 4792 Ipse
2272 4725 2460 4776 autem
2492 4722 2657 4775 modo
2688 4728 2942 4778 mortuus
2981 4728 3083 4790 est,
3127 4723 3409 4793 quomodo
3449 4739 3539 4777 me
3576 4719 3691 4774 fecit

2107 4811 2421 4866 haeredem?
2451 4812 2523 4865 Et
2547 4812 2767 4866 remisit
2792 4816 3213 4878 testamentum,
3239 4812 3380 4866 nihil
3409 4812 3685 4883 accipiens.

2178 4898 2230 4956 3.
2246 4901 2555 4970 ZEgrotavit
2570 4901 2871 4972 aliquando
2894 4906 3236 4955 memoratus
3254 4901 3428 4955 abbas
3444 4900 3690 4954 Arsenius

2109 4988 2168 5042 in
2189 4989 2400 5060 Scythi,
2425 4994 2482 5043 et
2506 5006 2645 5060 opus
2670 4989 2866 5043 habuit
2886 4990 2943 5043 in
2965 4991 3300 5044 necessitate
3323 5007 3428 5044 sua
3443 5005 3613 5060 usque
3631 4985 3690 5039 ad

2110 5094 2283 5132 unam
2312 5078 2574 5149 siliquam
2597 5079 2834 5132 nummi.
2859 5079 3073 5132 Etcum
3099 5095 3209 5132 non
3235 5079 3530 5144 inveniret,
3552 5091 3691 5130 acce-

2111 5168 2194 5238 pit
2205 5185 2240 5222 a
2253 5167 3092 5240 quodamveluteleemosynam,
3109 5174 3166 5222 et
3175 5168 3314 5222 dixit
3329 5186 3340 5221 :
3355 5167 3578 5222 Gratias
3603 5164 3690 5220 tibi

2111 5274 2235 5328 ago,
2262 5257 2515 5324 Domine,
2537 5258 2669 5329 quia
2689 5275 2778 5313 me
2797 5258 3032 5328 dignum
3044 5257 3223 5312 fecisti
3241 5274 3340 5328 pro
3354 5257 3577 5310 nomine
3603 5260 3689 5308 tuo

2111 5348 2180 5402 ad
2201 5348 2304 5401 hoc
2321 5347 2627 5418 pervenire,
2643 5353 2708 5402 ut
2723 5364 2892 5417 egens
2908 5347 3322 5418 eleemosynam
3337 5345 3684 5417 postularem.

2183 5436 2236 5490 4.
2269 5437 2650 5491 Narraverunt
2681 5437 2750 5490 de
2781 5434 2980 5490 abbate
3017 5436 3329 5507 Agathone,
3364 5435 3500 5506 quia
3543 5435 3690 5502 longo

2114 5531 2364 5596 tempore
2393 5527 2590 5580 cellam
2618 5526 2722 5580 sibi
2753 5542 2880 5580 cum
2910 5525 3028 5580 suis
3067 5525 3348 5597 discipulis
3386 5523 3686 5578 fabricaret.

2114 5617 2292 5681 Quam
2321 5632 2447 5671 cum
2477 5616 2856 5687 perfecissent,
2897 5619 2953 5670 et
2991 5615 3248 5688 ccepisset
3282 5613 3394 5669 illic
3433 5612 3687 5674 habitare,
