3964 6206
301 297 404 354 889

1601 301 1840 356 VERBA
1880 299 2270 356 SENIORUM.

3463 298 3572 360 890

299 421 439 475 vidit
456 420 516 476 in
537 422 659 494 ipsa
683 422 1034 478 hebdomada
1063 426 1319 496 quaedam
1346 439 1460 478 non
1479 423 1642 477 utilia
1663 424 1768 478 sibi
1792 443 1804 491 ;
1829 429 1885 479 et
1907 426 1957 485 Α
1975 429 2032 478 et
2058 423 2223 478 dicit:
2257 423 2433 490 Abba,
2467 439 2594 479 cum
2613 427 2861 481 venirem
2883 427 2950 481 ad
2981 431 3058 494 te,
3091 426 3277 482 inveni
3297 427 3448 482 hunc
3475 443 3568 482 so-

298 510 442 564 dixit
467 511 754 582 discipulis
811 513 928 567 suis
976 514 1114 568 illud
1145 514 1292 586 quod
1321 513 1594 568 Dominus
1625 515 1894 583 apostolis

296 597 554 654 dixerat:
588 601 831 671 Surgite,
865 619 1060 656 eamus
1092 604 1220 656 hinc
1249 604 1425 669 (Joan.
1463 602 1589 670 XIV).
1627 603 1893 674 Discipuli

296 693 490 742 autem
519 689 834 744 contristati
865 697 995 745 sunt
1021 693 1197 757 valde,
1229 692 1481 746 dicentes
1509 709 1520 744 :
1573 692 1631 746 Si
1663 694 1893 747 omnino

295 777 644 831 voluntatem
665 778 909 833 habebas
942 780 1221 851 migrandi
1247 781 1393 847 hinc,
1424 786 1489 834 ut
1508 780 1642 852 quid
1671 786 1893 836 tantum

296 865 547 920 laborem
595 867 992 937 sustinuimus,
1053 871 1394 924 aediﬁcantes
1430 871 1596 940 longo
1639 876 1894 942 tempore

295 955 806 1027 cellam?Incipient
826 964 1017 1012 autem
1056 959 1314 1013 homines
1334 960 1697 1013 scandalizari
1715 962 1772 1014 in
1798 977 1894 1015 no-

293 1043 400 1110 bis,
434 1050 494 1098 et
515 1045 729 1099 dicere:
761 1048 900 1101 Ecce
933 1048 1141 1102 iterum
1183 1049 1451 1119 migrant,
1484 1065 1764 1120 nusquam
1812 1067 1896 1104 se-

291 1133 621 1188 dentes.llle
642 1142 831 1197 autem
854 1153 980 1190 cum
1002 1154 1097 1191 eos
1111 1137 1337 1192 vidisset
1352 1138 1739 1208 pusillanimes
1759 1140 1892 1193 effe-

291 1222 579 1288 ctos,dicit
597 1223 706 1277 eis:
739 1225 855 1278 Etsi
877 1226 1328 1280 scandalizantur
1356 1227 1548 1297 aliqui;
1574 1227 1672 1281 sed
1687 1227 1894 1280 iterum

291 1317 430 1365 sunt
454 1311 549 1365 alii
580 1313 674 1382 qui
701 1314 1049 1369 zediticentur
1078 1321 1135 1368 et
1165 1316 1396 1370 dicunt:
1433 1316 1590 1369 Beati
1612 1321 1745 1370 sunt
1773 1317 1885 1382 isti,

1977 514 2152 568 lidum
2178 514 2236 568 in
2265 514 2371 568 via.
2404 515 2649 569 Ostende
2680 533 2812 587 ergo
2859 516 3212 582 charitatem,
3244 522 3301 570 et
3328 516 3572 588 pradica

1971 603 2271 674 jejunium,
2306 621 2376 658 ne
2405 604 2530 675 quis
2560 605 2869 676 perdiderit
2897 607 3120 660 eum.Et
3137 605 3458 678 praedicavit
3475 605 3570 660 ab-

1975 692 2157 757 bas,et
2185 709 2349 747 nemo
2377 698 2461 746 est
2490 689 2747 748 inventus
2778 696 2873 752 aui
2896 695 3230 766 perdidisset
3256 695 3567 750 eum.Tunc

1976 798 2105 835 vero
2126 781 2260 836 dicit
2273 781 2700 836 abbatiJacobo:
2722 784 2778 838 Si
2801 801 2932 855 ergo
2961 801 3126 838 nemo
3153 801 3280 838 eum
3301 784 3572 856 perdidit,

1977 871 2048 924 do
2079 887 2207 924 eum
2235 871 2316 924 illi
2345 871 2524 936 fratri,
2549 872 2680 942 quia
2706 872 2808 943 ipsi
2839 872 3013 928 debeo
3047 873 3306 927 solidum.
3341 873 3410 928 Et
3439 889 3568 929 cum

1977 960 2225 1014 venirem
2255 960 2324 1014 ad
2341 966 2398 1014 te
2418 965 2482 1014 ut
2493 966 2556 1015 tu
2579 960 2716 1014 mihi
2729 961 2966 1016 solidum
2985 967 3361 1033 praestares,et
3374 962 3570 1018 redde-

1977 1066 2095 1103 rem
2127 1049 2397 1114 debitum,
2431 1050 2617 1104 inveni
2638 1067 2767 1104 eum
2788 1051 2846 1104 in
2868 1052 2976 1105 via.
3000 1052 3068 1106 Et
3095 1051 3330 1106 miratus
3359 1057 3444 1106 est
3475 1052 3567 1106 ab-

1974 1141 2072 1193 bas
2103 1140 2356 1206 Jacobus,
2391 1142 2669 1210 quomodo
2697 1142 3016 1212 compulsus
3053 1159 3153 1213 pro
3183 1141 3368 1196 debito
3410 1141 3567 1197 inve-

1975 1230 2166 1295 nisset,
2201 1234 2258 1283 et
2287 1246 2399 1284 non
2430 1231 2620 1284 statim
2650 1230 2873 1286 tulisset
2903 1248 3052 1297 eum,
3088 1236 3144 1284 et
3169 1230 3414 1285 reddidit
3442 1231 3568 1286 soli-

1975 1320 2107 1373 dum
2139 1319 2297 1372 fratri
2329 1319 2428 1373 illi.
2481 1321 2549 1374 Et
2575 1321 2680 1374 hoc
2706 1325 2828 1374 erat
2862 1320 3114 1374 mirabile
3145 1321 3214 1374 de
3241 1321 3363 1390 ipso
3394 1337 3405 1374 :
3438 1319 3569 1391 quia

293 1400 430 1471 quia
459 1410 689 1472 propter
717 1403 897 1456 Deum
929 1405 1328 1474 migraverunt,
1348 1410 1405 1458 et
1423 1421 1526 1458 sua
1552 1405 1744 1459 omnia
1763 1422 1892 1459 con-
1974 1408 2022 1462 si
2053 1409 2309 1463 veniebat
2337 1410 2461 1479 quis
2493 1415 2752 1464 mutuum
2779 1410 2990 1480 aliquid
3024 1414 3216 1480 petere
3247 1409 3316 1463 ab
3338 1423 3423 1476 eo,
3456 1425 3570 1465 non

291 1491 1077 1560 tempserunt.Verumtamen
1097 1494 1220 1547 dico
1242 1493 1411 1560 vobis,
1431 1495 1527 1564 qui
1547 1495 1886 1561 vultvenire,
1973 1514 2073 1568 per
2090 1498 2335 1568 seipsum
2363 1499 2551 1564 dabat,
2583 1499 2680 1552 sed
2711 1498 2931 1553 dicebat
2958 1499 3116 1552 fratri
3145 1505 3405 1553 mutuum
3438 1513 3570 1570 pos-

293 1579 502 1644 veniat,
521 1580 653 1650 quia
668 1597 771 1650 ego
792 1581 1019 1635 interim
1045 1583 1299 1636 vado.Illi
1316 1599 1446 1637 vero
1466 1589 1892 1653 prostraverunt
1973 1588 2206 1641 tulanti:
2255 1588 2427 1652 Vade,
2479 1589 2612 1642 tolle
2644 1588 2745 1642 tibi
2774 1595 2834 1643 tu
2866 1589 2985 1660 ipse
3018 1589 3166 1659 quod
3197 1604 3336 1659 opus
3363 1588 3560 1643 habes.

291 1683 353 1721 se
382 1668 445 1722 in
474 1673 704 1734 terram,
741 1677 1002 1748 rogantes
1046 1677 1110 1725 ut
1137 1672 1468 1726 concederet
1487 1689 1678 1726 secum
1710 1673 1885 1727 abire.
1915 1743 1936 1748 4
1976 1677 2042 1730 Et
2073 1676 2297 1746 quando
2327 1677 2605 1731 referebat
2632 1678 2780 1748 quod
2829 1682 3087 1732 mutuum
3132 1677 3452 1748 accepisset,
3483 1677 3569 1731 di-

366 1759 422 1812 5.
459 1758 612 1812 Dixit
633 1745 1107 1831 abbasEvagrius
1135 1761 1248 1827 (25)
1268 1761 1440 1815 fuisse
1463 1763 1763 1833 quemdam
1785 1743 1955 1817 fra-B
1974 1743 2131 1820 cebat
2173 1766 2252 1820 ei:
2287 1767 2512 1838 Repone
2541 1743 2679 1820 illud
2718 1767 2924 1821 iterum
2977 1766 3126 1820 unde
3150 1743 3441 1823 tulisti..Si
3467 1781 3569 1819 au-

289 1851 458 1911 trem,
483 1847 579 1918 qui
609 1847 749 1901 nihil
769 1848 967 1903 habuit
985 1850 1042 1903 in
1071 1849 1387 1905 substantia
1403 1867 1524 1916 sua,
1543 1851 1651 1904 nisi
1671 1857 1892 1908 tantum
1975 1859 2089 1908 tem
2119 1854 2263 1908 nihil
2292 1861 2482 1922 583
2513 1854 2788 1910 referebat
2808 1856 2902 1909 ille
2933 1855 3028 1926 qui
3051 1860 3310 1909 mutuum
3339 1868 3567 1926 accepe-

291 1935 676 2005 Evangelium,
706 1943 762 1991 et
790 1938 973 2008 ipsum
1003 1939 1255 1993 vendidit
1284 1939 1343 1993 in
1373 1957 1685 2011 pauperum
1714 1943 1892 1996 nutri-

290 2031 483 2078 mento
515 2026 767 2094 (Ruf/im,
797 2030 835 2080 ι.
861 2041 943 2097 m,
967 2045 1022 2082 η.
1057 2029 1144 2095 70,
1171 2031 1392 2082 nomine
1418 2029 1774 2100 Serapionis).
1799 2032 1892 2086 Di-

290 2129 424 2167 cens
473 2115 716 2184 quodam
767 2115 955 2182 verbo,
993 2117 1141 2188 quod
1184 2118 1468 2172 memoriae
1513 2118 1746 2188 dignum
1805 2125 1892 2175 est

290 2204 680 2258 commendari
706 2223 716 2257 :
753 2207 945 2276 Ipsum
976 2205 1168 2270 etiam,
1203 2206 1405 2278 inquit,
1437 2206 1668 2261 verbum
1689 2208 1885 2262 vendi-

290 2292 369 2358 di,
428 2294 578 2363 quod
629 2293 817 2364 jubet:
852 2295 1043 2349 Vende
1090 2296 1298 2362 omnia,
1356 2301 1413 2350 et
1447 2297 1520 2350 da
1550 2296 1888 2367 pauperibus

290 2383 508 2446 (Matth.
533 2389 662 2450 nx).

362 2473 410 2528 6.
432 2473 620 2530 Abbas
637 2476 979 2541 Theodorus,
1007 2483 1378 2546 cognomento
1398 2478 1466 2532 de
1492 2479 1750 2547 Pherme,
1785 2481 1888 2534 ha-

290 2562 461 2618 bebat
477 2569 593 2618 tres
637 2565 866 2620 Codices
896 2565 1091 2620 bonos.
1108 2567 1178 2620 Et
1206 2583 1332 2620 cum
1355 2567 1599 2621 venisset
1618 2569 1689 2622 ad
1715 2568 1887 2623 abba-

287 2657 406 2706 tem
455 2653 780 2720 Macarium,
810 2654 949 2708 dixit
969 2655 1020 2708 ei
1043 2673 1054 2708 :
1076 2654 1268 2708 Habeo
1291 2659 1405 2709 tres
1426 2655 1737 2724 Codices,et
1756 2675 1886 2728 pro-

287 2741 418 2795 ﬁcio
448 2728 514 2796 ex
547 2743 783 2797 lectione
804 2759 1017 2798 eorum.
1044 2744 1153 2797 Sed
1171 2749 1227 2798 et
1250 2745 1454 2799 fratres
1475 2752 1676 2816 petunt
1690 2763 1784 2801 eos
1813 2748 1884 2802 ad

288 2831 614 2900 legendum,
633 2838 692 2886 et
719 2832 823 2903 ipsi
855 2833 1172 2903 proﬁciunt.
1202 2833 1301 2887 Dic
1325 2851 1458 2905 ergo
1489 2835 1627 2888 mihi
1650 2836 1782 2906 quid
1798 2837 1885 2890 de-

293 2919 400 2974 beo
426 2921 608 2974 facere
637 2921 648 2974 !
675 2922 744 2975 Et
773 2922 1118 2992 respondens
1150 2937 1347 2989 senex,
1373 2923 1512 2978 dixit
1537 2943 1548 2978 :
1587 2925 1727 2978 Boni
1758 2931 1891 2980 sunt

290 3009 519 3080 quidem
548 3015 724 3078 actus,
757 3012 853 3065 sed
876 3011 1078 3066 melius
1108 3011 1366 3066 omnibus
1387 3017 1473 3067 est
1487 3012 1626 3066 nihil
1647 3015 1890 3085 posside-

1973 1950 2080 2011 rat,
2110 1961 2276 1998 senex
2310 1945 2452 1998 nihil
2481 1944 2700 2000 dicebat
2725 1945 2794 1999 ei.

2042 2032 2096 2091 8.
2149 2035 2537 2088 Narraverunt
2587 2033 2815 2105 quidam
2863 2035 3097 2088 Patrum
3127 2033 3261 2104 quia
3288 2033 3440 2088 Venit
3463 2032 3568 2089 ali-

1973 2123 2197 2194 quando
2225 2123 2400 2177 frater
2415 2123 2617 2194 aliquis
2638 2124 2698 2177 in
2718 2133 3051 2178 conventum
3066 2123 3346 2178 Cellarum
3374 2138 3564 2178 coram

1972 2211 2171 2266 abbate
2201 2214 2373 2279 Isaac,
2407 2212 2641 2268 vestitus
2671 2213 2953 2267 modicum
2982 2213 3262 2267 cucullum
3286 2232 3298 2278 ;
3330 2217 3388 2267 et
3414 2229 3566 2285 spec-

1971 2302 2129 2356 tabat
2159 2319 2288 2356 eum
2317 2319 2502 2367 senex,
2537 2302 2756 2356 dicens:
2790 2301 2893 2356 Hic
2921 2303 3328 2356 monachorum
3355 2306 3441 2357 est
3470 2302 3569 2357 ha-

1971 2391 2204 2454 bitatio;
2237 2397 2300 2446 tu
2330 2391 2611 2446 saecularis
2642 2408 2719 2457 es,
2752 2396 2808 2445 et
2833 2408 2943 2446 non
2974 2391 3185 2463 poteris
3203 2391 3302 2446 hic
3331 2407 3473 2448 esse.

2041 2480 2094 2534 9.
2129 2481 2361 2536 Dicebat
2388 2487 2579 2536 autem
2622 2480 2886 2535 fratribus
2915 2481 3086 2536 abbas
3139 2482 3331 2537 Isaac:
3371 2483 3567 2538 Patres

1972 2571 2149 2626 nostri
2189 2577 2246 2626 et
2274 2571 2446 2626 abbas
2478 2572 2708 2639 Pambo,
2759 2571 2994 2626 vetustis
3025 2578 3083 2626 et
3112 2571 3180 2626 de
3210 2571 3404 2626 multis
3433 2587 3560 2643 par-

1969 2659 2119 2714 tibus
2175 2661 2457 2715 resarcitis
2503 2661 2748 2716 vestibus
2792 2661 3116 2727 utebantur,
3175 2676 3326 2715 nunc
3377 2665 3568 2714 autem

1967 2749 2225 2819 pretiosis
2289 2749 2536 2803 vestibus
2609 2749 2850 2803 utimini.
2925 2748 3204 2804 Discedite
3271 2746 3422 2815 hinc,
3483 2747 3573 2803 de-

1973 2839 2230 2893 sertastis
2291 2840 2475 2893 locum
2519 2839 2687 2894 hunc.
2735 2838 2972 2903 Quando
3017 2844 3208 2893 autem
3255 2835 3565 2914 profecturi

1972 2933 2135 2981 erant
2175 2927 2243 2981 ad
2300 2943 2562 2990 messem,
2615 2927 2837 2980 dicebat
2872 2927 2980 2980 eis:
3032 2928 3158 2982 Jam
3204 2926 3361 2982 vobis
3409 2925 3568 2980 nulla

1970 3015 2240 3068 mandata
2266 3015 2428 3082 dabo,
2456 3016 2589 3086 quia
2619 3033 2731 3070 non
2760 3015 3087 3070 observatis.

287 3115 372 3152 re.
403 3099 566 3162 Quod
592 3117 719 3154 cum
751 3101 1016 3166 audisset,
1051 3099 1210 3165 abiit,
1248 3107 1305 3155 et
1333 3103 1586 3156 vendidit
1613 3116 1947 3176 memora-(3
2047 3102 2296 3160 lO.Dixit
2309 3102 2480 3158 abbas
2501 3105 2800 3159 Cassianus
2823 3105 3226 3173 (0assian.,lib.
3253 3119 3330 3159 vn
3353 3107 3562 3172 Instit,

291 3193 378 3242 tos
404 3189 654 3255 Codices,
678 3195 735 3243 et
754 3189 907 3243 dedit
926 3189 1309 3259 indigentibus
1339 3191 1582 3262 pretium
1612 3192 1880 3263 ipsorum.

362 3273 416 3331 7.
455 3278 719 3332 Narravit
749 3278 979 3349 quidam
1027 3280 1259 3333 Patrum
1305 3280 1374 3333 de
1419 3280 1626 3335 abbate
1669 3283 1885 3337 Joanne

289 3367 484 3433 Persa,
507 3368 638 3438 quia
667 3385 731 3421 ex
762 3369 953 3422 multis
973 3367 1274 3423 virtutibus
1300 3368 1418 3422 suis
1448 3370 1519 3423 ad
1548 3371 1884 3441 profundam

291 3456 712 3526 simplicitatem
740 3464 910 3527 atque
939 3457 1319 3512 innocentiam
1354 3461 1670 3528 pervenerit
1701 3463 1883 3532 (Ra/ﬂ,

292 3547 388 3599 lib.
422 3559 504 3612 III,
538 3562 593 3599 η..
631 3546 772 3614 148).
796 3546 1097 3600 Hicautem
1121 3545 1386 3600 manebat
1404 3547 1462 3601 in
1481 3547 1688 3602 Arabia
1708 3549 1889 3604 vicina

291 3633 546 3705 Egypti.
581 3635 650 3688 Et
672 3635 948 3689 mutuavit
969 3635 1271 3706 aliquando
1293 3635 1512 3690 afratre
1526 3654 1627 3692 suo
1646 3637 1887 3692 solidum

289 3739 489 3789 unum,
523 3728 578 3778 et
601 3724 740 3778 emit
767 3725 964 3791 linum,
990 3730 1053 3778 ut
1081 3731 1427 3796 operaretur.
1452 3727 1521 3781 Et
1549 3727 1701 3782 venit
1713 3727 1890 3782 frater

290 3828 498 3883 rogans
514 3829 664 3879 eum,
691 3813 945 3868 etdicens
967 3831 978 3867 :
999 3815 1159 3868 Dona
1177 3815 1338 3881 mihi,
1357 3814 1519 3883 abba,
1536 3816 1888 3887 aliquantum

289 3902 413 3966 lini,
443 3907 500 3956 et
525 3902 725 3956 faciam
757 3903 895 3957 mihi
922 3903 1320 3959 vestimentum
1337 3921 1446 3976 quo
1466 3911 1614 3960 utar.
1644 3907 1713 3960 Et
1736 3907 1891 3960 dedit

290 3991 343 4045 ei
358 4007 488 4045 cum
505 3992 731 4062 gaudio.
756 3992 1030 4047 Similiter
1049 3999 1106 4046 et
1117 3993 1261 4048 alius
1280 3994 1508 4048 veniens
1526 3995 1745 4065 rogavit
1761 4012 1889 4050 eum

290 4084 356 4134 ut
382 4080 547 4134 daret
573 4081 624 4135 ei
646 4081 999 4152 aliquantum
1020 4083 1140 4148 lini,
1171 4088 1236 4137 ut
1255 4082 1461 4138 faceret
1479 4083 1583 4137 sibi
1602 4090 1890 4154 tegumen-

290 4170 513 4224 tum.Et
530 4170 686 4225 dedit
707 4170 758 4224 ei
786 4171 874 4225 .Et
887 4172 1078 4226 multis
1096 4171 1218 4226 aliis
1235 4173 1554 4243 petentibus
1571 4173 1740 4228 dabat
1759 4175 1889 4229 sim-

290 4258 516 4329 pliciter
554 4274 683 4312 cum
711 4259 937 4328 gaudio.
991 4260 1193 4314 Postea
1223 4261 1374 4316 venit
1423 4262 1684 4316 dominus
1726 4264 1889 4318 solidi

293 4363 460 4418 quem
486 4352 683 4402 mutuo
698 4353 1006 4419 acceperat,
1030 4349 1222 4404 volens
1247 4351 1494 4421 recipere
1511 4353 1660 4422 quod
1673 4359 1892 4407 mutua-

1969 3211 2014 3247 ο.
2053 3192 2136 3263 Η)
2171 3193 2302 3264 quia
2323 3194 2669 3264 Syncleticus
2699 3194 2905 3265 aliquis
2933 3193 3160 3248 nomine
3183 3193 3566 3248 renuntiasset

1969 3283 2557 3350 szecalo,etfacultates
2588 3300 2718 3338 suas
2739 3283 3078 3354 pauperibus
3100 3282 3568 3354 dividens,aliqua

1971 3373 2079 3426 sibi
2110 3373 2436 3427 retinuisset
2464 3373 2534 3426 ad
2557 3374 2846 3445 proprium
2872 3391 3059 3439 usum,
3087 3373 3284 3428 nolens
3321 3370 3564 3446 perfecte

1972 3480 2036 3516 ex
2057 3462 2314 3516 omnibus
2343 3463 2791 3517 renuntiantium
2821 3462 3199 3518 humilitatem
3229 3467 3286 3517 et
3320 3478 3568 3517 commu-

1971 3551 2058 3606 nis
2128 3551 2602 3606 monasteriorum
2642 3553 2768 3608 vita:
2803 3552 3085 3630 suscipere
3146 3553 3418 3622 regulam.
3473 3551 3558 3606 Ad

1972 3658 2138 3712 quem
2168 3647 2372 3696 sanctae
2403 3641 2686 3697 memoriae
2710 3641 2949 3697 Basilius
2978 3642 3120 3696 dixit
3132 3642 3237 3696 hoc
3266 3660 3276 3694 :
3313 3641 3381 3696 Et
3408 3656 3566 3695 sena-

1969 3736 2061 3785 tor
2089 3748 2209 3785 esse
2235 3732 2470 3798 desiisti,
2500 3735 2556 3786 et
2584 3731 2920 3786 monachum
2941 3747 3055 3786 non
3081 3731 3281 3787 fecisti.

2047 3820 2132 3877 ll.
2167 3821 2318 3876 Dixit
2348 3821 2576 3892 quidam
2597 3821 2772 3875 frater
2789 3820 2976 3876 abbati
2999 3820 3372 3876 Pisteramoni
3390 3840 3401 3874 :
3420 3819 3567 3884 Quid

1973 3909 2471 3980 faciam,quoniam
2493 3911 2698 3965 durum
2709 3915 2794 3964 est
2814 3909 2953 3965 mihi
2966 3910 3207 3966 vendere
3221 3910 3365 3982 quod
3391 3908 3568 3964 mani-

1975 3999 2076 4052 bus
2106 3999 2244 4052 meis
2273 3999 2487 4053 laboro.
2516 4001 2584 4053 Et
2612 4000 2955 4071 respondens
3006 4000 3180 4054 dixit:
3217 3999 3362 4063 Quia
3396 3997 3570 4053 abbas

1974 4087 2147 4142 Sisois
2169 4093 2226 4141 et
2235 4089 2420 4142 caeteri
2439 4088 2754 4142 vendebant
2765 4105 2906 4159 opus
2922 4105 3190 4143 manuum
3207 4088 3569 4154 suarum;hoc

1975 4177 2126 4231 enim
2144 4193 2256 4231 non
2287 4177 2472 4231 laedet.
2511 4179 2618 4232 Sed
2644 4178 2868 4248 quando
2889 4177 3098 4244 vendis,
3124 4177 3297 4232 semel
3317 4177 3407 4231 dic
3438 4192 3567 4247 pre-

1973 4267 2116 4320 tium
2149 4266 2355 4338 speciei
2384 4283 2552 4337 quam
2585 4266 2872 4320 distrahis.
2905 4266 2973 4320 Et
3001 4265 3049 4319 si
3071 4265 3152 4320 vis
3172 4267 3429 4319 relaxare
3453 4281 3569 4318 mo-

1975 4356 2162 4412 dicum
2184 4357 2371 4428 pretii,
2394 4357 2453 4410 in
2476 4361 2532 4411 te
2553 4356 2740 4423 est,sic
2761 4355 2909 4410 enim
2925 4361 2982 4410 et
3013 4356 3257 4427 quietem
3295 4353 3563 4408 invenies.

292 4441 468 4491 verat.
525 4437 596 4491 Et
623 4437 763 4491 dixit
813 4437 863 4491 ei
895 4454 1064 4491 senex
1091 4457 1102 4491 :
1139 4440 1254 4509 Ego
1287 4440 1458 4494 affero
1505 4441 1607 4495 tibi
1635 4459 1787 4496 eum.
1820 4444 1889 4497 Et
1908 4438 1956 4497 D
1979 4447 2192 4501 Iterum
2205 4446 2344 4500 dixit
2364 4446 2414 4500 ei
2429 4445 2631 4501 frater:
2655 4445 2906 4502 Sihabeo
2928 4446 3076 4518 quod
3109 4444 3352 4500 sufficiat
3376 4459 3568 4499 neces-

293 4543 422 4580 cum
456 4542 566 4580 non
605 4526 838 4582 haberet
866 4528 1014 4581 unde
1044 4528 1324 4596 redderet,
1361 4529 1501 4584 abiit
1530 4530 1599 4583 ad
1629 4530 1890 4586 abbatem

291 4615 470 4670 Jacob
498 4615 967 4686 dispensatorem,
1005 4621 1068 4672 ut
1094 4623 1323 4688 rogaret
1353 4634 1504 4686 eum,
1548 4625 1605 4673 et
1649 4620 1811 4676 daret
1840 4623 1890 4676 ei

291 4703 555 4758 solidum.
589 4705 804 4758 Etcum
825 4705 950 4771 iret,
984 4705 1196 4760 invenit
1225 4706 1283 4760 in
1314 4711 1467 4761 terra
1491 4709 1774 4779 jacentem
1805 4727 1890 4765 so-

291 4793 492 4859 lidum,
517 4797 575 4848 et
593 4810 705 4848 non
727 4793 915 4863 tetigit
931 4811 1079 4861 eum,
1104 4795 1203 4849 sed
1216 4796 1346 4850 fecit
1365 4797 1698 4865 orationem,
1721 4805 1776 4854 et
1806 4817 1891 4854 re-

289 4897 486 4937 versus
508 4881 668 4938 estin
681 4883 882 4937 cellam
901 4885 1160 4938 suam.Et
1177 4885 1329 4940 venit
1342 4886 1548 4941 iterum
1569 4888 1744 4942 frater
1771 4889 1885 4959 ille,

297 4976 356 5025 et
381 4973 553 5044 caepit
599 4972 652 5026 ei
690 4973 959 5027 molestus
1007 4989 1129 5027 esse
1159 4991 1260 5044 pro
1299 4975 1496 5030 solido.
1529 4977 1598 5031 Et
1625 4977 1759 5032 dicit
1787 4979 1837 5032 ei
1875 4997 1887 5034 :

290 5059 408 5130 Ego
440 5060 672 5114 reddam
699 5060 822 5114 tibi.
849 5061 916 5115 Et
956 5061 1094 5116 abiit
1129 5062 1337 5118 iterum
1367 5081 1555 5133 senex,
1593 5072 1649 5121 et
1678 5067 1892 5122 invenit

289 5148 532 5204 solidum
562 5149 622 5204 in
650 5155 804 5204 terra
831 5150 928 5205 ubi
958 5157 1078 5206 erat
1107 5152 1280 5223 prius,
1303 5158 1361 5208 et
1393 5172 1589 5210 rursus
1610 5156 1756 5211 facta
1769 5174 1892 5212 ora-

289 5242 448 5297 tione
475 5260 731 5298 reversus
758 5250 861 5298 est.
896 5246 966 5300 Et
1019 5262 1142 5300 ecce
1170 5247 1379 5302 iterum
1405 5249 1573 5320 coepit
1603 5249 1778 5305 frater
1798 5251 1891 5305 ille

291 5331 565 5386 molestus
595 5349 736 5399 esse,
770 5339 827 5387 et
858 5334 993 5388 dicit
1022 5351 1215 5389 senex:
1252 5336 1450 5391 Adhuc
1479 5339 1650 5393 semel
1673 5355 1763 5393 me
1796 5357 1896 5394 ex-

293 5426 506 5492 specta,
541 5426 597 5476 et
619 5422 789 5477 all‘ero
803 5423 906 5478 tibi
931 5424 1171 5480 solidum
1200 5427 1464 5481 tuum.Et
1480 5444 1717 5499 surgens
1740 5431 1894 5485 venit

292 5509 365 5564 ad
389 5510 552 5565 illum
583 5511 853 5580 locum,et
878 5513 1092 5569 invenit
1118 5515 1302 5586 ipsum
1322 5517 1565 5571 solidum
1585 5517 1688 5586 ibi;
1723 5524 1780 5573 et
1803 5518 1888 5574 fa-

290 5604 381 5654 cta
400 5599 655 5658 oratione
681 5603 811 5660 tulit
829 5619 977 5675 eum,
996 5611 1053 5662 et
1071 5606 1222 5662 venit
1235 5606 1307 5662 ad
1322 5605 1583 5663 abbatem
1597 5607 1884 5678 Jacobum,

1974 4535 2234 4590 sitatibus
2264 4536 2403 4590 meis
2435 4536 2680 4603 aliunde,
2711 4535 2932 4591 videtur
2959 4535 3062 4590 tibi
3088 4539 3152 4590 ut
3184 4551 3296 4589 non
3325 4533 3566 4605 cogitem

1975 4624 2044 4678 de
2072 4624 2262 4680 labore
2284 4625 2582 4680 manuum?
2600 4624 2970 4698 Respondens
2991 4641 3177 4693 senex,
3200 4625 3356 4680 dixit:
3378 4624 3567 4688 Quan-

1973 4715 2181 4770 tumvis
2221 4714 2448 4783 habeas,
2492 4732 2604 4770 non
2633 4716 2885 4788 negligas
2931 4715 3172 4788 operari,
3206 4721 3259 4770 et
3293 4717 3568 4786 quantum

1973 4809 2150 4876 potes,
2182 4805 2288 4872 fac,
2311 4809 2534 4860 tantum
2563 4822 2676 4860 non
2706 4821 2832 4860 cum
2861 4804 3180 4860 turbatione
3201 4803 3392 4859 animi.

2042 4893 2132 4949 12.
2165 4895 2363 4950 Frater
2392 4894 2759 4964 interrogavit
2789 4893 3049 4950 abbatem
3079 4894 3463 4966 Serapionem,
3487 4894 3570 4950 di-

1973 4999 2138 5038 cens:
2175 4984 2276 5038 Dic
2313 4983 2450 5037 mihi
2491 5000 2668 5038 unum
2697 4982 2948 5038 verbum.
2999 4984 3148 5040 Dicit
3174 5000 3379 5039 senex:
3415 4983 3560 5049 Quid

1973 5072 2073 5126 tibi
2103 5071 2278 5127 habeo
2325 5073 2666 5145 dicere,quia
2707 5072 2886 5128 tulisti
2912 5089 2980 5128 ea
3009 5090 3131 5146 quae
3161 5077 3321 5128 erant
3368 5073 3563 5129 vidua-

1973 5179 2101 5217 rum
2143 5168 2200 5217 et
2228 5163 2627 5234 orphanorum,
2659 5167 2716 5217 et
2744 5163 2983 5234 posuisti
3013 5164 3074 5220 in
3101 5163 3363 5220 fenestra.
3395 5163 3564 5220 Vide—

1975 5257 2064 5306 rat
2095 5252 2245 5306 enim
2272 5268 2394 5306 eam
2419 5252 2702 5308 codicibus
2725 5253 2967 5324 plenam.

2051 5341 2135 5398 13.
2179 5341 2532 5412 Interrogata
2563 5347 2648 5396 est
2676 5342 2853 5398 beatae
2885 5342 3171 5400 memoria:
3218 5343 3555 5416 Syncletica:

1978 5430 2035 5486 Si
2053 5430 2359 5502 perfectum
2379 5430 2589 5486 bonum
2614 5436 2700 5486 est
2723 5431 2864 5486 nihil
2895 5432 3104 5489 habere
3133 5433 3157 5488 ?
3178 5433 3248 5489 Et
3269 5433 3364 5486 illa
3383 5431 3558 5486 dixit:

1973 5520 2149 5575 Valde
2178 5519 2387 5575 bonum
2417 5527 2503 5576 est
2531 5521 2617 5576 his
2649 5521 2746 5594 qui
2762 5528 3017 5594 possunt.
3041 5523 3260 5579 Etenim
3279 5520 3337 5576 hi
3369 5519 3466 5591 qui
3481 5524 3563 5574 to-

1972 5610 2153 5667 lerare
2172 5616 2424 5684 possunt,
2437 5609 2863 5670 tribulationem
2887 5613 3114 5686 quidem
3124 5611 3304 5671 carnis
3329 5608 3559 5682 habent,
