3964 6206
454 296 555 354 891
1582 307 1676 362 DE
1712 307 1902 364 VITIS
1941 307 2238 369 PATRUM
2275 310 2489 366 LIBER
2528 313 2594 364 V.
3577 314 3664 372 89‘2

451 423 552 480 sed
581 425 783 483 animae
827 427 1078 500 requiem
1108 429 1414 500 possident.
1450 431 1726 496 Quoniam
1757 433 1904 488 sicut
1930 434 2044 488 for-
2063 435 2108 492 A
2131 449 2256 489 cum
2288 452 2490 491 aurum
2521 437 2578 491 in
2604 436 2814 509 Scythi,
2849 442 2905 492 et
2934 436 3168 508 rogabat
3183 437 3548 510 presbyterum
3571 458 3668 497 ere.

452 512 529 568 tia
563 516 904 577 vestimenta
939 517 1074 572 dum
1127 520 1432 586 calcantur,
1467 527 1524 576 et
1565 523 1796 593 pedibus
1845 527 2047 598 saepius
2131 524 2226 591 mi,
2258 532 2324 580 ut
2349 533 2677 597 erogaretur
2705 528 2775 581 ad
2799 527 3190 582 fratres.Dixit
3210 533 3393 582 autem
3409 529 3458 582 ei
3473 529 3669 600 presby-

453 609 829 672 reversantur,
861 606 1125 662 lavantur
1151 614 1320 680 atque
1349 610 1802 681 incandidantur,
1831 617 1913 670 ita
1941 617 2048 672 for-
2129 616 2250 665 ter:
2284 614 2407 666 Non
2439 630 2579 685 opus
2607 613 2818 669 habent
2845 615 3070 669 fratres.
3124 615 3194 669 Et
3221 632 3346 670 cum
3375 616 3529 670 nimis
3550 626 3672 672 esset

452 691 526 746 tis
570 693 759 749 anima
795 711 897 766 per
937 697 1312 753 voluntariam
1361 707 1748 772 paupertatem
1807 707 2048 778 amplius
2129 702 2445 768 vehemens,
2474 707 2530 756 et
2557 719 2672 757 non
2698 704 3096 774 acquiesceret,
3119 708 3303 774 posuit
3321 710 3554 775 sportam
3569 723 3671 761 cum

451 782 838 838 conﬁrmatur.
2131 790 2322 844 solidis
2351 791 2409 844 in
2437 791 2691 862 ingressu
2723 792 2986 858 ecclesiae,
3011 798 3068 846 et
3095 792 3229 846 dicit
3260 792 3530 864 presbyter
3553 813 3562 846 :
3587 797 3673 859 Qui

530 869 616 926 14.
640 871 792 927 Dixit
817 873 991 929 abbas
1021 876 1414 948 Hyperichius:
1442 880 1761 938 Thesaurus
1791 888 2050 942 monachi

453 963 540 1014 est
565 961 885 1042 voluntaria
907 971 1233 1036 paupertas.
1266 969 1619 1024 Thaesauriza
1647 989 1778 1042 ergo
1806 974 2046 1037 tibi,fra-

453 1044 558 1105 ter,
594 1040 653 1095 in
685 1043 845 1110 eti-.10,
879 1044 1013 1115 quia
1040 1045 1115 1100 ibi
1162 1048 1232 1101 ad
1275 1040 1739 1120 requiescendum
1771 1055 1892 1109 sine
1935 1058 2047 1112 ﬁne

449 1133 586 1183 sunt
603 1131 826 1186 saecula.

521 1217 612 1274 15.
638 1219 776 1274 Erat
802 1220 1032 1291 quidam
1069 1230 1411 1292 sanctorum,
1448 1228 1767 1300 Philagrius
1796 1237 2042 1292 nomine.

452 1305 556 1361 Hic
571 1307 860 1365 habitabat
886 1311 945 1366 in
958 1312 1338 1384 Jerosolymis,
1367 1315 1721 1374 etlaborabat
1741 1327 2043 1393 operando,

453 1399 520 1450 ut
548 1397 826 1467 potuisset
855 1399 961 1453 sibi
999 1401 1070 1454 ad
1111 1417 1313 1472 panem
1342 1405 1692 1462 sufﬁcere.Et
1714 1410 1846 1466 dum
1873 1419 2047 1470 staret

454 1483 514 1538 in
543 1484 749 1555 platea,
774 1488 964 1542 volens
1001 1490 1238 1544 vendere
1269 1493 1415 1562 quod
1439 1496 1696 1551 manibus
1720 1499 1836 1554 suis
1863 1502 2048 1558 fuerat

458 1579 741 1645 operatus,
769 1577 1005 1647 contigit
1036 1584 1102 1633 ut
1127 1580 1353 1635 caderet
1379 1584 1600 1639 cuidam
1631 1591 1898 1644 saccellus
1919 1610 2044 1648 cum

453 1661 648 1717 solidis
678 1664 850 1727 mille,
885 1671 943 1720 et
979 1667 1271 1724 inveniens
1303 1687 1429 1726 eum
1461 1690 1648 1740 senex,
1681 1679 1836 1733 stetit
1864 1682 1921 1735 in
1951 1700 2045 1738 eo-

2131 895 2270 948 opus
2295 877 2482 946 habet,
2514 881 2693 934 tollat.
2729 882 2797 935 Et
2824 898 2991 936 nemo
3019 881 3209 951 tetigit
3235 899 3248 949 ;
3274 881 3491 952 quidam
3517 889 3676 938 autem

2130 983 2233 1020 nec
2276 975 2630 1039 aspexerunt.
2687 971 2756 1024 Et
2809 970 2946 1024 dicit
2969 971 3020 1024 ei
3045 986 3251 1024 senex:
3286 971 3531 1041 Suscepit
3555 971 3676 1026 Deus

2131 1055 2468 1111 oblationem
2498 1064 2654 1112 tuam
2681 1077 2692 1125 ;
2726 1060 2882 1122 vade,
2908 1065 2966 1113 et
2991 1060 3064 1113 da
3092 1058 3231 1112 illud
3262 1059 3597 1130 pauperibus.
3620 1061 3676 1114 Et

2131 1147 2288 1200 valde
2317 1147 2625 1202 aediﬁcatus
2654 1148 2927 1202 discessit.

2199 1233 2286 1292 20.
2315 1236 2522 1291 Attulit
2549 1237 2774 1307 quidam
2798 1237 2917 1291 seni
2945 1236 3260 1308 pecuniam,
3293 1237 3477 1290 dicens
3507 1255 3518 1289 :
3548 1236 3679 1290 Habe

2130 1324 2200 1378 ad
2227 1341 2496 1396 expensas
2520 1331 2666 1392 tuas,
2693 1326 2826 1397 quia
2853 1326 3090 1381 senuisti
3119 1331 3177 1379 et
3194 1326 3449 1379 inﬁrmus
3467 1342 3554 1389 es;
3580 1333 3679 1380 erat

2129 1413 2279 1466 enim
2333 1414 2608 1484 leprosus.
2668 1415 2772 1469 Hic
2820 1421 3011 1470 autem
3057 1413 3399 1485 respondens
3427 1413 3586 1469 dixit:
3611 1416 3680 1469 Tu

2129 1508 2256 1572 post
2306 1503 2598 1572 sexaginta
2649 1520 2826 1557 annos
2880 1504 3036 1558 venis
3092 1503 3316 1557 auferre
3376 1503 3677 1558 nutritorem

2129 1607 2315 1645 meum
2338 1592 2362 1643 ?
2394 1593 2528 1646 Ecce
2553 1597 2774 1646 tantum
2795 1591 3064 1664 temporis
3086 1592 3300 1646 habens
3318 1591 3375 1644 in
3395 1591 3682 1645 inﬁrmitate

2131 1696 2274 1744 mea,
2333 1680 2471 1733 nihil
2501 1680 2736 1751 indigui,
2771 1682 2877 1735 Deo
2905 1680 3193 1736 tribuente
3223 1687 3282 1734 et
3320 1684 3566 1751 pascente
3592 1697 3680 1735 me.

454 1749 583 1804 dem
605 1752 746 1821 loco,
774 1754 966 1810 dicens
990 1782 1005 1811 :
1027 1757 1266 1814 Necesse
1295 1766 1380 1814 est
1409 1764 1573 1819 modo
1595 1782 1722 1821 eum
1741 1770 1835 1838 qui
1855 1773 2032 1841 perdi-
2061 1747 2110 1809 Β
2133 1770 2202 1823 Et
2226 1785 2338 1823 non
2358 1769 2636 1839 acquievit
2662 1770 2932 1840 accipere.

453 1838 540 1930 dit
567 1840 677 1896 huc
705 1843 916 1899 venire.
969 1845 1040 1900 Et
1081 1863 1206 1902 ecce
1246 1852 1516 1918 veniebat,
1567 1857 1662 1926 qui
1703 1838 2041 1930 perdiderat,
2199 1858 2287 1912 21.
2321 1838 2702 1913 Narraverunt
2730 1838 2892 1914 senes
2907 1858 2974 1912 de
3001 1858 3244 1929 quodam
3275 1858 3560 1912 hortulano
3579 1859 3689 1930 quia

448 1929 698 2000 P10111118.
723 1932 878 1988 Tillit
906 1951 1038 2006 ergo
1087 1954 1214 1992 eum
1237 1957 1509 2007 seorsum,
1562 1950 1619 1998 et
1647 1947 1888 2004 reddidit
1932 1929 2047 2008 sae;
2126 1946 2429 2012 laboraret,
2464 1953 2522 2000 et
2545 1963 2770 2002 omnem
2811 1946 3064 2001 laborem
3093 1963 3261 2000 suum
3292 1929 3613 2017 expenderet
3637 1947 3683 2000 in

450 2017 655 2074 cellum
701 2036 885 2076 suum.
941 2024 1119 2088 Quem
1170 2027 1262 2082 ille
1292 2030 1526 2100 rogabat
1553 2039 1618 2088 ut
1645 2039 1923 2108 acciperet
1941 2043 2046 2097 ali-
2127 2036 2563 2107 eleemosynam.
2597 2035 3016 2090 Ettantumsibi
3037 2035 3339 2102 retinebat,
3364 2041 3613 2106 quantum
3633 2035 3688 2088 ad

451 2122 623 2180 quam
651 2115 870 2181 partem
897 2129 963 2167 ex
992 2131 1075 2181 eo,
1099 2117 1198 2171 sed
1211 2135 1378 2173 senex
1404 2121 1724 2179 nullatenus
1745 2129 2044 2198 acquievit,
2125 2124 2333 2179 victum
2361 2125 2537 2196 ipsius
2565 2125 2864 2180 sufﬁceret.
2899 2126 3103 2179 Postea
3130 2141 3262 2179 vero
3287 2125 3517 2179 Satanas
3535 2124 3687 2178 immi-

451 2195 609 2252 Tunc
630 2197 726 2254 ille
755 2202 925 2272 coepit
953 2203 1196 2259 clamare
1225 2213 1282 2262 et
1310 2208 1522 2265 dicere:
1559 2195 1844 2283 Venite,et
1862 2219 2046 2276 videte
2127 2213 2203 2267 sit
2247 2213 2306 2266 in
2336 2195 2503 2268 Corde
2531 2215 2675 2284 eius,
2710 2214 2902 2268 dicens
2934 2232 2946 2267 :
2988 2213 3199 2284 Collige
3227 2213 3333 2267 tibi
3381 2213 3688 2284 aliquantam

447 2285 740 2344 hominem
767 2290 888 2358 Dei,
925 2293 1059 2364 quid
1084 2294 1232 2350 fecit.
1267 2298 1446 2353 Senex
1476 2307 1666 2356 autem
1706 2307 1918 2362 occulte
1956 2309 2039 2365 fu-

2127 2303 2443 2373 pecuniam,
2475 2320 2545 2357 ne
2597 2320 2726 2357 cum
2751 2303 3004 2357 senueris
3035 2309 3135 2358 aut
3162 2302 3530 2373 aegrotaveris,
3561 2319 3622 2372 op
3635 2317 3686 2356 us

447 2373 627 2446 giens,
689 2377 861 2435 exivit
915 2381 985 2435 de
1013 2383 1256 2449 civitate,
1298 2403 1369 2441 ne
1408 2398 1806 2460 agnosceretur
1859 2397 1927 2451 de
1977 2415 2042 2454 eo
2126 2390 2332 2446 habeas
2358 2391 2428 2445 ad
2454 2409 2743 2462 expensas.
2779 2393 2849 2446 Et
2870 2392 3096 2463 collegit
3123 2398 3180 2446 et
3196 2391 3454 2462 implevit
3471 2392 3688 2460 lagenam

448 2464 585 2535 quid
614 2466 838 2536 fecerat,
875 2475 932 2525 et
957 2471 1302 2530 houorarent
1329 2493 1477 2532 eum.
2125 2481 2194 2534 de
2212 2481 2739 2552 nummis.i;‘-ontigit
2762 2486 2952 2535 autem
2983 2497 3115 2536 eum
3140 2480 3438 2545 inﬁrmari,
3461 2485 3514 2533 et
3530 2485 3690 2550 putre-

520 2553 611 2608 16.
645 2557 1035 2630 Interrogatus
1068 2569 1153 2617 est
1181 2581 1348 2620 senex
1371 2568 1600 2638 quidam
1630 2587 1664 2625 a
1683 2572 1874 2642 fratre,
1908 2578 2042 2647 quid
2124 2569 2248 2623 ﬁeri
2274 2570 2476 2640 Pedem
2497 2571 2618 2640 ejus
2643 2589 2654 2637 ;
2681 2576 2738 2624 et
2765 2569 3030 2641 expendit
3048 2569 3197 2640 quod
3223 2570 3522 2640 collegerat
3537 2568 3690 2622 inme-

449 2639 659 2732 faceret
685 2650 752 2700 ut
778 2647 962 2704 salvus
993 2657 1157 2706 esset.
1188 2654 1286 2708 Ille
1314 2660 1504 2712 autem
1533 2662 1847 2732 exspolians
1864 2639 1942 2720 se
1955 2683 2044 2721 ve-
2127 2639 2298 2724 dicos;
2331 2664 2390 2713 εἰ
2409 2639 2548 2713 Nihil
2578 2659 2630 2713 ei
2661 2639 2922 2730 Ρΐοάθέεθ
2943 2639 3148 2730 Ροίιίίι-
3179 2639 3392 2713 Ροδῒοθέ
3410 2674 3531 2712 vero
3558 2655 3683 2710 venit

448 2730 714 2789 stimento
746 2752 867 2801 suo,
901 2744 958 2793 et
990 2739 1218 2811 cingens
1232 2743 1452 2800 lumbos
1481 2730 1830 2822 suos,Vatque
1861 2759 2047 2811 exten-
2129 2747 2358 2818 quidam
2380 2749 2448 2802 de
2473 2749 2715 2820 expertis
2737 2748 2987 2815 ωθάίείεν
3011 2751 3068 2802 et
3095 2747 3230 2802 die“
3263 2748 3346 2822 ei!
3380 2746 3494 2802 Νίεί
3514 2745 3690 2800 made“

449 2819 589 2909 deus
617 2839 839 2892 manus,
871 2827 1039 2883 dixit:
1061 2829 1152 2885 Sic
1179 2832 1346 2888 debet
1373 2836 1558 2892 nudus
1588 2855 1709 2894 esse
1737 2819 2045 2900 monachus
2127 2836 2206 2890 Pis
2234 2837 2434 2907 Pedem
2458 2819 2640 2904 ῒυιίη),
2670 2838 3038 2909 ΡυῐΐθίὶθῐοΕῒι
3057 2819 3477 2891 εοηδῖίῖιιέιυοδ
3498 2835 3629 2890 diem
3642 2839 3693 2888 ut

453 2908 526 2963 ab
555 2912 709 2967 omni
755 2917 996 2972 materia
1023 2921 1294 2987 saeculari,
1323 2929 1380 2977 et
1408 2926 1736 2998 cruciﬁgere
1765 2948 1824 2985 se
1853 2933 2045 2988 adver-
2126 2925 2438 2981 inciderent
2468 2929 2590 2998 ejus
2617 2928 2836 2998 Pedem-
2866 2927 2970 2981 Illa
3005 2931 3196 2980 autem
3231 2930 3399 2980 nocte
3426 2924 3626 2978 rediens
3645 2921 3692 2976 in

448 3003 927 3089 sustentationem
954 3012 1122 3078 atque
1151 3013 1462 3068 certamina
1488 3018 1704 3076 mundi.
2063 3067 2103 3089 η
2126 3017 2490 3088 semetipsum
2495 3025 2576 3086 ,et
2586 3017 2978 3089 pmnitentiam
3001 3032 3175 3086 agens
3187 3015 3258 3070 de
3285 3015 3372 3069 his
3393 3031 3508 3086 quae
3529 3012 3689 3084 gessit,

525 3086 857 3155 l7.Quidam
875 3097 1293 3166 rogavitsenem
1318 3105 1638 3173 quemdam,
1670 3112 1735 3162 ut
1769 3086 2104 3182 acciperet“
2124 3086 2402 3175 ingemuit
2429 3113 2486 3160 et
2516 3086 2684 3173 ﬂevit,
2741 3106 2972 3160 dicens:
3031 3105 3246 3159 Memor
3301 3109 3438 3168 esto,
3474 3102 3689 3157 Domine.

445 3179 712 3248 pecunias
736 3181 793 3236 in
805 3183 923 3238 suis
943 3188 1368 3245 necessitatibus
1389 3193 1834 3262 profuturas.Ille
1854 3179 2039 3257 autem

2125 3209 2359 3265 operum
2380 3211 2635 3250 meorum
2648 3195 2903 3266 priorum
2930 3210 3053 3264 quae
3065 3192 3494 3258 faciebam,cum
3512 3189 3694 3244 labora-

447 3266 693 3335 nolebat,
722 3277 917 3343 utpote
929 3275 1024 3345 qui
1036 3277 1190 3348 operi
1210 3295 1484 3336 manuum
1506 3300 1737 3340 suarum
1767 3295 1915 3344 esset
1937 3291 2042 3346 sibi
2123 3298 2245 3336 rem
2269 3283 2326 3336 in
2359 3284 2522 3338 horto
2549 3300 2692 3347 meo.
2711 3300 2777 3338 ex
2807 3299 2916 3354 quo
2947 3281 3293 3353 Pauperibus
3307 3279 3688 3336 Πιίηίδῖηδδω·

447 3355 732 3449 sufﬁCieIIS
762 3363 947 3432 (Rulli,
969 3366 1064 3419 lib.
1088 3379 1171 3428 III,
1203 3384 1259 3424 η.
1295 3369 1402 3439 71).
1446 3372 1552 3426 Sed
1587 3374 1722 3428 dum
1749 3376 1842 3430 ille
1873 3381 2044 3449 per-si-
2127 3371 2198 3424 Et
2226 3388 2353 3426 cum
2385 3373 2489 3427 hoc
2518 3373 2770 3438 dixisset,
2807 3371 2964 3426 stetit
2991 3371 3228 3441 angelus
3258 3370 3559 3436 Domini,et
3577 3366 3695 3421 dixit

450 3449 624 3535 steret
654 3447 1015 3520 obsecrando,
1050 3461 1114 3509 ut
1143 3457 1350 3512 saltem
1403 3477 1503 3530 pro
1533 3447 1912 3535 indigentium
1942 3486 2042 3523 ne-
2125 3463 2177 3518 ei
2203 3480 2216 3520 :
2262 3462 2367 3518 Ubi
2399 3469 2533 3517 sunt
2561 3462 2778 3516 nummi
2801 3478 2940 3532 quos
2969 3459 3281 3529 collegisti?
3303 3465 3361 3513 et
3379 3458 3471 3513 ubi
3487 3462 3563 3511 est
3585 3472 3690 3526 spes

449 3534 710 3628 cessitate
738 3541 1373 3628 susciperet,respondit
1397 3558 1650 3617 senex,et
1665 3534 2043 3628 dixitzDuplex
2125 3556 2196 3611 de
2225 3572 2338 3627 qua
2365 3551 2665 3608 tractasti?
2698 3552 2854 3606 Tunc
2878 3549 3217 3620 intelligens,
3253 3547 3399 3602 dixit
3426 3569 3438 3602 :
3472 3543 3687 3608 Peccavi,

447 3623 586 3678 mihi
607 3627 970 3701 approbrium
998 3639 1175 3688 esset:
1200 3637 1334 3706 quia
1360 3642 1418 3692 et
1445 3655 1572 3694 cum
1599 3658 1710 3696 non
1739 3623 2041 3716 indigeam,
2130 3623 2392 3710 Domine;
2437 3642 2663 3712 ignosce
2705 3639 2864 3706 mihi,
2898 3645 2954 3693 et
2981 3638 3185 3692 amodo
3213 3636 3453 3692 ulterius
3479 3636 3573 3689 hoc
3598 3649 3691 3687 non

447 3713 700 3805 accipio}
729 3722 786 3772 et
812 3719 998 3775 aliena
1027 3721 1297 3790 tribuens,
1330 3743 1532 3782 vanam
1550 3730 1788 3800 gloriam
1819 3713 2038 3805 colligo.
2129 3733 2352 3788 faciam.
2383 3732 2540 3786 Tunc
2569 3729 2802 3800 angelus
2828 3728 3015 3798 tetigit
3042 3726 3244 3798 pedem
3262 3728 3470 3796 ejus,et
3492 3728 3689 3778 sanatus

525 3799 609 3857 18.
654 3801 937 3862 Venerunt
981 3809 1284 3880 aliquando
1322 3799 1570 3884 quidamr
1601 3799 2040 3890 Graecorumfut
2125 3828 2210 3877 est
2238 3819 2536 3877 statim.Et
2554 3799 2858 3888 exsurgens
2886 3832 3074 3878 mane,
3105 3814 3246 3870 abiit
3277 3815 3338 3870 in
3367 3829 3557 3884 agrum
3586 3825 3690 3882 ope-

449 3887 653 3944 darent
681 3893 1095 3967 eleemosynam
1125 3898 1182 3954 in
1220 3901 1443 3957 civitate
1483 3905 1802 3963 Ostracines
1826 3887 1950 3978 (26).
1985 3920 2044 3969 et
2121 3911 2254 3966 rari.
2302 3909 2469 3964 Venit
2520 3923 2653 3977 ergo
2701 3905 2952 3988 medicus
2999 3904 3314 3959 secundum
3344 3902 3682 3958 constitutum

448 3989 878 4051 assumpserunt
913 3985 1020 4040 sibi
1050 4003 1364 4046 ceconomos
1395 3994 1658 4062 ecclesiae,
1693 4004 1756 4052 ut
1787 4002 2042 4057 ostende-
2123 4017 2250 4056 cum
2270 3996 2645 4062 ferramentis,
2677 3985 2748 4050 ut
2771 4000 2986 4049 secaret
3007 3993 3208 4066 pedem
3235 3995 3363 4063 ejus
3390 4011 3404 4060 ;
3434 3996 3489 4046 et
3517 3989 3688 4044 dicunt

449 4073 575 4122 rent
606 4068 686 4124 eis
715 4071 811 4142 qui
853 4076 1244 4133 necessitatem
1303 4083 1575 4152 majorem
1631 4085 1919 4145 haberent.
1952 4094 2040 4148 Illi
2123 4089 2174 4143 ei
2206 4107 2218 4142 :
2249 4087 2396 4142 Exiit
2437 4103 2472 4140 a
2495 4101 2661 4139 mane
2689 4083 2909 4155 operari
2939 4083 2999 4136 in
3029 4099 3184 4153 agro.
3217 4083 3380 4136 Tunc
3409 4078 3686 4134 admiratus

447 4161 638 4213 autem
671 4159 952 4218 duxerunt
981 4181 1074 4220 eos
1105 4167 1174 4221 ad
1205 4170 1504 4239 quemdam
1529 4172 1833 4245 leprosum,
1865 4186 1921 4234 et
1941 4181 2039 4235 de-
2121 4177 2370 4232 medicus
2400 4173 2644 4247 perrexit
2674 4173 2733 4226 in
2761 4189 2982 4242 agrum,
3011 4171 3106 4226 ubi
3128 4170 3472 4242 operabatur
3497 4169 3598 4222 ille.
3635 4164 3691 4218 Et

446 4247 653 4304 derunt
679 4249 856 4307 ei.Ille
885 4259 1075 4310 autem
1103 4257 1330 4313 nolebat
1347 4261 1618 4332 accipere,
1648 4265 1868 4322 dicens:
1904 4269 2040 4326 Ecce
2123 4267 2315 4321 videns
2376 4281 2505 4319 eum
2561 4263 2863 4317 fodientem
2891 4267 3123 4326 terram,
3154 4259 3494 4330 gloriﬁcavit
3520 4256 3687 4317 Deum,

443 4337 692 4395 modicas
718 4341 934 4412 palmas
963 4343 1161 4414 habeo,
1178 4363 1317 4419 quas
1328 4357 1608 4420 operor,et
1635 4353 1776 4409 facio
1801 4356 2031 4427 plectas,
2058 4345 2108 4404 D
2127 4355 2223 4428 qui
2253 4353 2573 4408 reddiderat
2603 4351 2655 4405 ei
2684 4351 2960 4423 sanitema

445 4432 502 4482 et
530 4445 594 4482 ex
625 4429 705 4484 eis
733 4432 1010 4487 manduco
1037 4450 1262 4505 panem.
1291 4438 1506 4494 Iterum
1535 4441 1817 4499 duxerunt
1843 4463 1938 4502 eos
1964 4449 2035 4503 ad

443 4517 642 4571 cellam
670 4519 837 4574 unius
873 4521 1070 4590 viduae,
1107 4540 1228 4594 qua:
1258 4532 1379 4581 erat
1397 4544 1526 4582 cum
1557 4530 1777 4587 ﬁliabus
1804 4535 1939 4590 suis.
1968 4538 2041 4592 Et

443 4621 571 4660 cum
602 4607 893 4678 pulsarent
916 4610 1144 4677 ostium,
1172 4615 1417 4670 cucurrit
1449 4617 1566 4671 ﬁlia
1594 4620 1716 4689 ejus
1732 4622 1802 4675 ad
1829 4623 2038 4680 ostium

443 4696 613 4752 nuda.
639 4699 818 4753 Mater
845 4704 1037 4755 autem
1062 4703 1184 4772 ejus
1204 4703 1420 4759 abierat
1449 4707 1520 4761 ad
1545 4710 1825 4779 quoddam
1855 4729 1996 4784 opus
2021 4735 2032 4782 ;

443 4791 567 4840 erat
595 4787 745 4842 enim
773 4789 1206 4853 candidatrix,et
1224 4792 1434 4848 dabant
1445 4795 1572 4850 ﬁliae
1601 4799 1723 4868 ejus
1743 4801 2038 4858 vestimen-

445 4877 568 4926 tum
598 4879 654 4928 et
675 4879 1066 4934 nummos.llla
1092 4884 1282 4936 autem
1312 4883 1539 4938 nolebat
1567 4887 2035 4958 accipere,dicens

443 4961 660 5017 venisse
678 4971 918 5021 matrem
947 4984 1128 5036 suam,
1160 4975 1216 5025 et
1242 4971 1448 5027 dixisse
1465 4973 1601 5029 sibi:
1627 4976 1877 5044 Conﬁde,
1903 4981 2037 5051 quia

450 5049 630 5104 voluit
655 5052 822 5120 Deus,
839 5060 896 5109 et
913 5055 1100 5112 inveni
1123 5075 1264 5130 opus
1285 5061 1436 5131 quod
1464 5061 1664 5117 faciam
1694 5049 2035 5134 hodie,unde

441 5136 749 5196 habeamus
777 5143 983 5199 victum
1015 5151 1289 5203 nostrum.
1335 5151 1405 5205 Et
1422 5167 1550 5206 cum
1579 5154 1824 5210 venisset
1853 5163 2036 5212 mater

439 5228 583 5298 ejus,
616 5229 891 5301 rogabant
919 5249 1046 5288 eam
1073 5241 1138 5291 ut
1165 5239 1441 5310 acciperet
1465 5259 1478 5308 ;
1511 5246 1569 5296 et
1596 5243 1992 5310 noluit,dicens
2016 5268 2028 5302 :

441 5317 559 5389 Ego
587 5317 766 5374 habeo
795 5327 1109 5380 curatorem
1139 5343 1329 5383 meum
1358 5329 1558 5398 Deum,
1607 5337 1665 5386 et
1687 5349 1814 5387 eum
1840 5335 2035 5389 tollere

441 5423 539 5462 vos
551 5407 760 5464 vultisa
775 5426 865 5465 me
880 5411 1047 5466 hodie
1077 5419 1099 5467 Ρ
1131 5414 1220 5469 Illi
1239 5422 1428 5472 autem
1449 5427 1818 5490 agnoscentes
1845 5428 2036 5490 584

443 5496 613 5552 ﬁdem
637 5499 779 5570 ejus,
801 5499 1260 5572 gloriﬁcaverunt
1275 5505 1466 5562 Deum.

517 5584 600 5645 19.
635 5588 804 5647 Venit
822 5590 1052 5663 quidam
1073 5592 1158 5650 vir
1175 5610 1416 5666 magnus
1445 5597 1692 5670 ignotus,
1699 5604 1933 5672 portans
1957 5617 2038 5658 se-

2195 4443 2288 4501 22.
2324 4443 2520 4497 Frater
2549 4439 2920 4510 interrogavit
2938 4454 3131 4494 senem
3161 4435 3682 4510 quemdam,dicens:

2118 4533 2222 4588 Vis
2270 4537 2434 4587 teneo
2481 4529 2619 4585 mihi
2669 4530 2809 4584 duos
2837 4529 3042 4583 solidos
3071 4532 3305 4599 propter
3333 4525 3684 4581 inﬁrmitatem

2123 4622 2371 4694 corporis
2395 4623 2584 4688 (Ruf/1,
2619 4621 2715 4674 lib.
2752 4633 2834 4685 lu,
2868 4635 2927 4673 η.
2957 4615 3088 4686 69)?
3119 4617 3330 4672 Videns
3349 4621 3530 4671 autem
3549 4624 3688 4667 senex

2119 4711 2526 4783 cogitationem
2568 4710 2712 4779 ejus,
2729 4707 2862 4778 quia
2880 4706 3411 4774 vellettenere,dixit
3421 4703 3492 4759 ei:
3509 4702 3681 4758 Etiam.

2119 4801 2189 4855 Et
2210 4800 2419 4854 vadens
2447 4799 2622 4853 frater
2641 4797 2700 4852 in
2710 4798 2907 4851 cellam
2935 4812 3114 4862 suam,
3147 4795 3541 4850 conterebatur
3556 4789 3678 4858 cogi-

2116 4888 2425 4945 tationibus
2452 4887 2587 4952 suis,
2610 4886 2800 4941 dicens
2829 4904 2841 4939 :
2875 4885 3050 4940 Putas
3072 4901 3267 4938 verum
3291 4884 3434 4938 dixit
3457 4879 3586 4935 mihi
3614 4892 3683 4930 se-

2118 4993 2248 5048 nex,
2279 4994 2352 5032 an
2381 4993 2494 5031 non
2514 4975 2541 5029 ?
2596 4976 2668 5030 Et
2715 4991 2956 5045 surgens
2985 4974 3192 5028 iterum
3221 4973 3378 5028 venit
3403 4971 3473 5026 ad
3499 4981 3682 5029 senem,

2116 5084 2289 5139 agens
2317 5065 2708 5138 pcenitentiam
2741 5070 2798 5118 et
2836 5080 3060 5134 rogans,
3112 5080 3177 5117 ac
3213 5063 3406 5117 dicens
3434 5080 3448 5114 :
3479 5060 3684 5126 Propter

2116 5157 2419 5212 Dominum
2432 5154 2670 5210 dicmihi
2685 5153 3000 5218 veritatem,
3032 5151 3166 5223 quia
3193 5151 3417 5221 afﬂigor
3440 5166 3473 5203 a
3499 5144 3682 5215 cogita-

2113 5245 2361 5300 tionibus
2389 5244 2529 5298 meis
2560 5247 2790 5315 prOpter
2816 5242 2957 5296 duos
2987 5241 3212 5295 solidos.
3237 5239 3387 5294 Dicit
3427 5236 3479 5292 ei
3505 5245 3679 5324 senex?

2120 5335 2264 5398 Quia
2289 5333 2402 5387 vidi
2433 5338 2488 5388 te
2525 5333 2873 5386 voluntatem
2902 5329 3113 5384 habere
3143 5327 3431 5384 retinendi
3459 5341 3564 5389 eos,
3589 5319 3680 5374 dixi

2118 5422 2221 5477 tibi
2250 5428 2315 5478 ut
2333 5422 2625 5489 retineres,
2639 5424 3030 5476 verumtamen
3061 5435 3173 5473 non
3199 5421 3284 5472 est
3297 5417 3504 5470 bonum
3517 5418 3679 5466 tenere

2119 5512 2244 5584 P111s
2268 5528 2435 5583 quam
2462 5527 2602 5583 opus
2630 5514 2717 5566 est
2745 5509 3052 5580 corpori.Si
3079 5525 3212 5580 ergo
3238 5506 3380 5560 duos
3399 5501 3590 5593 solidos
3611 5511 3680 5593 re.-

2119 5599 2376 5670 tiuueris,
2398 5601 2459 5656 in
2485 5599 2623 5674 ipsis
2648 5599 2964 5657 invenietur
2992 5615 3119 5672 spes
3138 5596 3332 5655 tua.Et
3349 5594 3398 5651 si
3414 5587 3680 5661 contigerit
