3964 6206
217 244 327 304 893
1517 266 1756 325 VERBA
1793 270 1824 327 ε

1909 269 2186 328 HORUM.
3387 252 3495 314 894

209 378 284 466 u_t
307 378 559 443 Pereant’
583 374 732 431 Deus
745 378 867 447 jam
894 396 1007 437 non
1029 384 1239 456 οοείῐειΐ
1283 387 1354 443 de
1382 388 1566 447 nobis.
1594 394 1815 466 Cogita-
1828 400 1882 459 A
1963 397 2020 453 8.
2046 395 2198 451 Dixit
2210 391 2381 448 abbas
2412 390 2611 445 Pastor
2633 388 2703 444 de
2731 386 2932 443 abbate
2947 385 3163 440 Joanne
3184 380 3367 439 brevis
3380 385 3495 436 sta-

212 461 428 515 tionem
455 479 587 534 ergo
609 472 859 523 nostram
884 471 1232 541 jactemusin
1262 477 1519 548 Domino,
1546 461 1812 553 quoniam
1893 491 2034 540 turae
2064 485 2197 556 quia
2224 479 2501 553 rogaverit
2538 477 2860 543 Dominum,
2895 480 2954 530 et
2994 473 3291 529 θδδῒυὶθνίίῖ
3327 470 3397 524 ab
3427 486 3492 525 θο

210 549 319 621 iPsi
351 568 486 607 cura
518 559 605 608 est
632 556 701 611 de
734 558 916 613 nobis.
1562 549 1580 553 _
1894 549 2099 628 omnes
2116 549 2423 644 passiones,
2457 572 2514 623 et
2533 567 2760 622 effectus
2789 570 2876 619 est
2903 578 3152 629 securus,
3176 564 3235 615 et
3260 558 3491 614 veniens

630 645 976 704 LIBELLUS
1018 651 1389 711 SEPTIMUS.
1895 662 2099 717 dixerit
2119 661 2340 716 cuidam
2361 657 2507 714 seni:
2546 656 2688 710 Vide
2718 653 3002 709 hominem
3022 650 3359 723 quietum,et
3370 646 3491 701 nul-

566 735 639 789 De
662 740 940 804 patientia
980 756 1071 795 seu
1100 745 1454 810 fortitudine.
1895 752 2008 806 lam
2029 751 2330 805 habentem
2359 762 2625 819 pugnam.
2678 744 2748 798 Et
2783 742 2923 797 dixit
2970 740 3022 795 ei
3046 750 3235 806 {senex
3267 755 3279 790 :
3314 735 3487 801 Vade,

290 818 336 875 1.
362 820 601 911 Sanctus
622 827 900 884 Antonius
921 830 1093 887 abbas
1105 850 1233 888 cum
1260 836 1484 892 sederet
1512 838 1815 910 aliquando
1897 856 2035 911 roga
2060 818 2386 903 Dominum,
2418 841 2481 891 ut
2512 834 2714 905 jubeat
2743 832 2802 886 in
2847 837 2905 885 te
2953 828 3165 884 moveri
3221 840 3489 899 pugnam,

205 906 270 960 in
284 909 736 981 eremo(Ruf/In.,
756 918 791 968 ἱ.
824 930 908 983 III,
943 935 999 973 η.
1029 920 1167 988 105),
1193 921 1415 978 animus
1445 926 1568 996 ejus
1587 906 1816 983 tazdium
1898 906 2165 1000 qubniam
2187 926 2409 999 proﬁcit
2440 922 2741 996 pugnando
2772 920 2980 975 anima.
3014 918 3083 972 Et
3106 932 3233 971 cum
3256 914 3495 970 redisset

209 1000 272 1050 et
288 998 678 1055 confusionem
708 1005 1113 1075 cogitationum
1131 1009 1386 1080 incurrit,
1420 1019 1479 1068 et
1505 1014 1727 1071 dicebat
1745 1018 1816 1072 ad
1898 998 1958 1072 in
1978 1035 2043 1073 eo
2063 998 2269 1090 pugna,
2299 1014 2536 1070 ulterius
2557 1027 2670 1067 non
2689 1009 2886 1076 oravit,
2909 1013 2974 1063 ut
2996 1007 3310 1061 auferretur
3336 1003 3406 1057 ab
3427 1018 3492 1057 eo

208 1084 426 1140 Deum:
460 1088 716 1157 Domine,
746 1095 870 1149 volo
923 1098 1107 1153 salvus
1153 1100 1294 1167 fieri,
1328 1106 1385 1156 et
1430 1120 1542 1157 non
1573 1121 1664 1159 me
1694 1123 1815 1177 per—
1895 1084 2104 1178 pugna,
2139 1084 2237 1161 sed
2264 1103 2518 1160 dicebat:
2553 1100 2811 1165 Domine,
2849 1098 2922 1152 da
2959 1095 3098 1151 mihi
3128 1091 3489 1149 tolerantiam

209 1173 451 1264 mittunt
477 1178 844 1248 cogitationes
871 1200 1026 1239 meae.
1080 1186 1227 1251 Quid
1257 1188 1455 1244 faciam
1484 1192 1541 1246 in
1585 1173 1818 1249 hac—tri-
1896 1173 2215 1251 sustinendi
2263 1195 2365 1248 has
2383 1207 2626 1264 pugnas.

211 1260 523 1330 bulatione,
557 1271 834 1338 quomodo
870 1274 1057 1329 salvus
1083 1277 1225 1330 ero?
1282 1278 1351 1332 Et
1378 1280 1593 1335 modice
1623 1299 1815 1338 assur-
1971 1285 2023 1339 9.
2057 1284 2225 1339 Venit
2251 1260 2423 1338 abbas
2462 1260 2740 1336 Macarius
2769 1276 2952 1346 major
2997 1273 3069 1328 ad
3098 1271 3357 1327 abbatem
3383 1269 3496 1323 An-

211 1368 376 1422 gens,
412 1356 581 1426 caepit
608 1357 757 1414 foras
778 1360 951 1419 exire.
975 1364 1044 1419 Et
1058 1365 1195 1420 vidit
1216 1369 1814 1444 quemdam,tanquam
1901 1373 2115 1428 tonium
2145 1373 2202 1427 in
2234 1375 2485 1427 montem
2509 1388 2522 1435 ;
2557 1373 2760 1423 etcum
2789 1365 3067 1437 pulsasset
3080 1361 3307 1426 ostium,
3327 1356 3498 1412 exivit

214 1440 488 1512 seipsum,
522 1446 808 1503 sedentem
841 1456 1009 1523 atque
1042 1461 1407 1526 operantem;
1456 1440 1817 1517 deinde—sur-
1899 1463 1970 1516 ad
1991 1479 2143 1527 eum,
2176 1467 2233 1517 et
2267 1460 2409 1515 dixit
2464 1458 2515 1513 ei
2549 1476 2561 1510 :
2598 1458 2682 1511 Tu
2723 1455 2847 1526 quis
2866 1453 2965 1508 es?
2996 1453 3066 1506 Et
3091 1450 3185 1504 ille
3213 1449 3294 1503 ait
3325 1467 3337 1502 :
3373 1446 3494 1517 Ego

211 1535 442 1599 gentem
456 1532 527 1587 ab
556 1536 816 1606 operibus
846 1545 903 1594 et
926 1548 1209 1611 amntem;
1230 1545 1501 1602 etiterum
1525 1550 1813 1606 sedentem
1895 1568 2018 1605 sum
2050 1550 2346 1605 Macarius.
2380 1549 2449 1603 Et
2468 1546 2734 1601 claudens
2754 1543 2960 1598 ostium
2982 1539 3230 1604 intravit,
3262 1542 3320 1592 et
3332 1534 3494 1591 dimi-

214 1624 273 1674 et
301 1620 547 1692 plectam
573 1624 641 1678 de
666 1627 871 1696 palmis
917 1630 1236 1700 facientem,
1282 1640 1339 1689 et
1368 1636 1498 1690 inde
1517 1655 1712 1694 rursus
1740 1641 1812 1695 ad
1895 1639 1970 1693 sit
1989 1639 2286 1694 eumforis.
2321 1639 2390 1692 Et
2417 1653 2544 1691 cum
2558 1634 2787 1687 vidisset
2805 1636 3000 1702 postea
3026 1627 3357 1701 patientiam
3370 1625 3491 1694 ejus

214 1708 531 1765 orationem
558 1721 901 1785 surgentem.
944 1719 1078 1775 Erat
1100 1726 1289 1778 autem
1322 1726 1558 1795 angelus
1588 1728 1813 1783 Domini
1832 1711 1873 1769 Β
1895 1727 2203 1800 aperuitei.
2227 1727 2296 1781 Et
2316 1725 2639 1796 adgaudens
2656 1722 2726 1789 ei,
2745 1719 2998 1774 dicebat:
3021 1717 3256 1773 Multum
3267 1719 3492 1783 tempus

214 1797 425 1853 missus
452 1800 521 1854 ad
552 1805 959 1875 correptionem
988 1815 1050 1875 et,
1073 1812 1347 1867 cautelam
1379 1814 1624 1869 dandam
1642 1818 1815 1872 Anto-
1896 1797 1983 1872 est
2012 1833 2078 1870 ex
2108 1832 2217 1888 quo
2264 1821 2321 1870 te
2364 1814 2552 1868 videre
2609 1808 3018 1873 desiderabam,
3053 1805 3287 1861 audiens
3314 1802 3383 1857 de
3410 1807 3490 1856 te.

213 1886 328 1940 nio.
366 1888 436 1942 Et
463 1891 678 1946 audivit
706 1910 896 1949 vocem
927 1900 1133 1969 angeli,
1168 1900 1405 1957 dicentis
1437 1921 1447 1956 :
1505 1904 1595 1959 Sic
1618 1906 1722 1973 fac,
1757 1911 1815 1962 et
1896 1907 1963 1960 Et
2022 1886 2288 1959 exhibens
2319 1904 2371 1959 ei
2401 1902 2864 1974 hospitalitatem,
2908 1896 3104 1952 refecit
3151 1910 3309 1949 eum:
3370 1894 3494 1944 erat

213 1977 405 2031 salvus
434 1979 563 2033 eris.
606 1982 707 2036 Ille
743 1989 950 2051 autem,
985 1988 1089 2042 hoc
1137 1991 1349 2059 audito,
1382 2009 1651 2064 magnum
1677 2012 1814 2067 gau-
1896 1995 2045 2050 enim
2074 1995 2255 2049 fessus
2293 1993 2362 2048 de
2392 1993 2570 2046 multo
2600 1990 2810 2045 labore.
2843 1988 3089 2079 Vespere
3106 1979 3492 2079 autem‘factuo

212 2064 372 2120 dium
419 2070 659 2141 sumpsit
686 2077 855 2145 atque
895 2076 1177 2137 fiduciam.
1205 2080 1276 2135 Et
1304 2080 1383 2135 ita
1412 2081 1637 2150 faciens,
1664 2064 1812 2140 salu-
1892 2084 2099 2139 infudit
2129 2083 2236 2137 sibi
2255 2081 2426 2137 abbas
2453 2079 2729 2136 Antonius
2757 2077 3005 2132 modicas
3033 2075 3268 2147 palmas,
3284 2075 3342 2126 et
3358 2068 3495 2124 dicit

213 2160 331 2210 tem
362 2173 531 2228 quam
555 2162 840 2231 quaerebat
872 2164 1102 2222 invenit.

285 2243 341 2297 2.
374 2246 571 2302 Frater
599 2251 826 2320 quidam
857 2253 1225 2328 interrogavit
1262 2258 1523 2315 abbatem
1569 2261 1814 2332 Agatho-
1846 2266 1861 2271 “’

218 2350 369 2400 nem,
403 2335 594 2392 dicens
629 2357 640 2391 :
700 2341 1030 2399 Mandatum
1086 2346 1224 2401 mihi
1256 2348 1425 2415 venit,
1471 2355 1528 2404 et
1568 2356 1655 2405 est
1676 2351 1815 2406 mihi

220 2440 411 2495 pugna
464 2428 650 2497 gravis
696 2429 755 2485 in
787 2431 926 2499 loco,
958 2451 1068 2505 quo
1099 2440 1185 2489 est
1224 2435 1408 2509 ipsum
1460 2440 1809 2495 mandatum.

218 2513 360 2568 Volo
391 2532 525 2585 ergo
552 2524 782 2590 propter
804 2524 1134 2578 mandatum
1164 2542 1400 2598 pergere
1429 2527 1588 2594 illud,
1620 2534 1676 2583 et
1720 2546 1815 2601 pa-

216 2620 381 2658 vesco
413 2604 633 2661 bellum.
670 2609 816 2665 Dicit
845 2611 896 2665 ei
928 2629 1095 2667 senex
1129 2632 1140 2666 :
1176 2615 1267 2670 Sic
1295 2620 1417 2670 erat
1434 2616 1683 2687 Agatho;
1714 2618 1817 2673 im-

218 2692 412 2765 plebat
432 2697 782 2766 mandatum,
813 2705 871 2754 et
897 2700 1154 2757 vincebat
1174 2702 1401 2759 bellum.

286 2781 340 2839 3.
374 2784 533 2841 Dixit
563 2786 734 2842 abbas
761 2790 1088 2858 Ammonas,
1113 2792 1247 2864 quia
1274 2794 1699 2865 quatuordecim
1721 2812 1814 2850 an-

216 2888 319 2926 nos
344 2872 543 2928 fecerit
578 2875 637 2930 in
664 2877 875 2948 Scythi,
900 2879 1205 2950 deprecans
1232 2883 1412 2937 Deum
1443 2883 1532 2938 die
1565 2901 1630 2938 ac
1653 2890 1817 2941 nocte

215 2967 283 3016 ut
309 2962 475 3017 daret
497 2965 549 3017 ei
575 2964 837 3021 virtutem
859 2971 1161 3040 superandi
1189 2971 1352 3027 iram.

1895 2174 1947 2228 ei
1973 2172 2145 2227 abbas
2161 2170 2437 2227 Macarius
2465 2188 2478 2223 :
2517 2169 2608 2225 Da
2626 2168 2784 2235 mihi,
2820 2171 2885 2222 ut
2901 2182 3004 2237 ego
3028 2162 3321 2218 infundam
3342 2156 3491 2231 quod

1896 2279 2113 2334 operer.
2150 2262 2250 2317 Ille
2266 2265 2455 2316 autem
2488 2259 2653 2314 dixit:
2675 2259 2802 2312 Non
2825 2254 3004 2309 habeo
3022 2253 3169 2325 plus.
3193 2250 3264 2306 Et
3282 2246 3491 2303 faciens

1895 2350 2221 2406 fasciculum
2238 2351 2533 2421 majorem,
2555 2346 2764 2401 infudit
2777 2361 2927 2400 eum.
2948 2343 3018 2398 Et
3036 2340 3294 2396 sedentes
3314 2355 3348 2392 a
3365 2350 3491 2391 sero

1898 2446 1956 2496 et
1982 2441 2362 2511 colloquentes
2419 2438 2489 2492 de
2532 2436 2779 2492 utilitate
2831 2433 3168 2497 animarum,
3211 2426 3495 2483 faciebant

1895 2530 2157 2601 plectam,
2190 2533 2248 2581 et
2273 2528 2394 2598 ipsa
2422 2526 2607 2598 plecta
2646 2541 2748 2596 per
2790 2521 3094 2577 fenestram
3123 2511 3495 2614 descendebat

1894 2616 1955 2672 in
1984 2618 2268 2688 spelunca.
2303 2617 2372 2670 Et
2397 2614 2688 2685 egrediens
2736 2628 2903 2667 mane
2931 2614 3156 2665 sanctus
3192 2607 3490 2667 Antonius,

1898 2706 2038 2760 vidit
2063 2706 2445 2769 collectionem
2471 2704 2782 2777 plectarum
2807 2699 3026 2756 abbatis
3052 2694 3301 2760 Macarii,
3324 2696 3382 2748 et
3399 2690 3496 2746 ad-

1897 2795 2135 2850 miratus
2160 2801 2263 2861 est,
2287 2800 2346 2849 et
2369 2792 2870 2853 osculatusimanus
2889 2790 3031 2860 ejus,
3066 2784 3302 2842 dicebat:
3323 2780 3497 2838 Multa

1903 2885 2076 2938 virtus
2107 2884 2177 2937 de
2205 2883 2329 2937 istis
2353 2882 2659 2953 egreditur.

1970 2972 2060 3030 20.
2091 2972 2391 3027 Descendit
2409 2969 2711 3042 aliquando
2742 2968 2861 3040 ipse
2888 2963 3169 3021 Macarius
3200 2962 3270 3016 de
3300 2957 3495 3032 Scythi

289 3051 346 3105 4.
378 3052 531 3106 Dixit
550 3053 722 3109 abbas
759 3056 1044 3124 Besarion,
1074 3060 1206 3131 quia
1233 3062 1608 3134 quadraginta
1626 3068 1818 3119 noctes
1837 3067 1881 3130 α
1903 3062 1975 3117 ad
2002 3063 2186 3116 locum
2205 3061 2301 3145 qui
2321 3060 2528 3116 dicitur
2539 3057 2905 3123 Terenuthin,
2923 3060 2981 3145 et
3005 3047 3497 3145 intravitdormire

218 3141 499 3196 manserit
525 3142 673 3197 inter
702 3145 893 3216 spinas
913 3153 1088 3214 stans,
1124 3155 1182 3204 et
1205 3166 1319 3205 non
1345 3151 1657 3207 dormierit.

292 3227 347 3286 5.
380 3230 581 3286 Frater
607 3233 838 3304 quidam
866 3236 1066 3291 sedens
1082 3238 1384 3309 singularis
1406 3240 1823 3308 turbabatur,et

220 3335 465 3390 pergens
490 3321 561 3375 ad
595 3321 853 3377 abbatem
894 3325 1250 3382 Theodorum
1281 3328 1350 3383 de
1383 3329 1645 3398 Pherme,
1684 3331 1824 3386 dixit

220 3407 293 3473 ei,
322 3409 458 3479 quia
479 3411 927 3470 conturbaretur.
961 3415 1139 3469 Senex
1159 3422 1350 3472 autem
1371 3417 1514 3473 dixit
1542 3419 1619 3473 ei:
1644 3420 1818 3487 Vade,

221 3496 465 3552 humilia
487 3505 678 3566 585
699 3508 946 3556 mentem
964 3508 1144 3571 tuam,
1169 3510 1226 3560 et
1251 3505 1427 3561 subde
1454 3512 1531 3574 te,
1551 3513 1609 3562 et
1636 3508 1829 3563 habita

226 3603 354 3641 cum
383 3587 528 3642 aliis.
565 3589 719 3644 Abiit
748 3596 938 3645 autem
970 3592 1026 3646 in
1059 3600 1327 3662 montem,
1362 3600 1421 3650 et
1441 3596 1655 3652 mansit
1699 3614 1827 3652 cum

225 3676 372 3730 aliis.
400 3678 472 3732 Et
499 3695 753 3734 reversus
782 3685 870 3734 est
901 3686 1095 3752 postea
1122 3683 1193 3737 ad
1240 3700 1453 3752 senem,
1485 3690 1544 3740 et
1569 3684 1712 3741 dixit
1732 3686 1782 3741 ei
1807 3705 1818 3739 :

224 3766 343 3821 Nec
370 3783 499 3821 cum
547 3768 673 3822 aliis
704 3769 1026 3825 hominibus
1078 3771 1357 3840 habitans,
1392 3774 1638 3845 quietem
1675 3776 1825 3831 inve-

224 3855 340 3910 nio.
377 3856 448 3910 Et
467 3856 608 3910 dixit
637 3857 687 3911 ei
730 3875 901 3913 senex
929 3877 940 3912 :
996 3860 1055 3915 Si
1103 3861 1387 3916 solitarius
1416 3878 1528 3917 non
1560 3864 1819 3935 quiescis,

224 3960 411 4016 neque
435 3961 562 4000 cum
594 3946 738 4012 aliis,
796 3964 897 4002 cur
924 3948 1149 4003 voluisti
1203 3951 1542 4006 monachum
1586 3952 1769 4007 facere
1799 3954 1823 4006 ?

222 4050 414 4089 nonne
450 4039 514 4089 ut
536 4036 816 4090 sustineas
842 4036 1277 4094 tribulationes?
1332 4040 1434 4095 Dic
1460 4046 1652 4096 autem
1681 4041 1820 4097 mihi

225 4129 368 4195 quot
393 4139 571 4179 annos
599 4124 772 4179 habes
801 4126 859 4180 in
888 4125 1084 4181 habitu
1111 4128 1218 4183 isto
1238 4129 1263 4181 ’ἱ
1292 4129 1362 4183 Et
1387 4129 1523 4184 dicit
1549 4130 1627 4184 ei:
1662 4130 1821 4186 Octo.

224 4213 295 4268 Et
326 4213 468 4267 dicit
490 4213 539 4266 ei
566 4230 735 4268 senex
768 4234 783 4268 :
816 4215 992 4270 Crede
1035 4217 1195 4281 mihi,
1229 4217 1427 4273 habitu
1455 4219 1565 4273 isto
1603 4225 1825 4291 septua-

224 4303 390 4373 ginta
417 4318 615 4367 aunos,
650 4308 708 4358 et
734 4320 838 4359 nec
866 4321 980 4359 una
995 4305 1084 4360 die
1102 4307 1259 4378 potui
1280 4307 1533 4378 requiem
1551 4307 1819 4377 invenire;

228 4397 287 4446 et
313 4396 378 4446 tu
408 4392 468 4445 in
489 4399 615 4447 octo
639 4393 801 4448 annis
815 4394 1067 4466 requiem
1090 4394 1172 4450 vis
1200 4395 1444 4451 habere?

300 4479 354 4534 6.
389 4481 764 4553 Interrogavit
792 4498 920 4537 eum
951 4483 1156 4538 iterum
1171 4485 1346 4540 frater
1360 4485 1820 4557 quidam,dicens:

228 4568 290 4623 Si
340 4570 445 4623 fiat
484 4569 673 4624 subito
701 4588 871 4625 sonus
899 4572 1077 4628 ruinae
1106 4574 1362 4645 alicujus,
1414 4575 1479 4628 fit
1505 4574 1607 4629 tibi
1633 4575 1822 4641 timor,

228 4657 414 4713 abba?
446 4658 516 4713 Et
534 4659 675 4714 dixit
702 4659 753 4714 ei
783 4677 984 4715 senex:
1020 4662 1079 4717 Si
1108 4663 1309 4716 coelum
1336 4667 1499 4719 terrae
1526 4664 1824 4731 adhaereat,

225 4748 560 4803 Theodorus
580 4766 695 4804 non
715 4748 998 4805 formidat.
1030 4751 1371 4822 Poposcerat
1392 4752 1543 4807 enim
1570 4753 1827 4825 precibus

224 4854 263 4893 a
288 4838 410 4893 Deo
439 4843 505 4892 ut
524 4837 842 4894 auferretur
863 4838 932 4893 ab
960 4856 1025 4893 eo
1054 4840 1311 4909 formido,
1343 4845 1401 4895 et
1431 4842 1828 4913 pr0ptereain-

226 4928 543 4998 terrogavit
567 4944 694 4983 eum
726 4928 918 4983 frater.

302 5018 354 5071 7.
379 5015 655 5071 Dicebant
678 5017 747 5071 de
793 5017 996 5073 abbate
1014 5014 1329 5086 Theodoro,
1355 5024 1412 5075 et
1431 5019 1632 5075 abbate
1660 5020 1829 5075 Lucio

228 5105 298 5160 de
317 5106 482 5160 Nono
508 5105 856 5161 Alexandriae
881 5105 1012 5177 (27),
1030 5107 1162 5179 quia
1172 5107 1403 5163 fecerint
1423 5109 1833 5180 quinquaginta

229 5212 431 5261 annos,
467 5194 799 5250 seducentes
833 5196 1054 5250 animos
1069 5213 1219 5262 suos,
1248 5202 1307 5251 et
1332 5197 1579 5251 dicentes
1600 5198 1829 5253 :Trans-

230 5292 357 5340 acta
374 5284 563 5339 hieme
592 5283 721 5351 ista,
738 5284 1107 5356 migrabimus
1124 5285 1277 5340 hinc.
1301 5285 1369 5340 Et
1388 5286 1593 5340 iterum
1606 5287 1829 5358 quando

232 5373 407 5429 ﬁebat
434 5378 620 5441 aestas,
645 5372 907 5429 dicebant
937 5392 948 5427 :
978 5374 1120 5438 Quia
1140 5379 1421 5430 transacto
1441 5375 1833 5442 aestivo,disce-

230 5463 435 5519 demus
457 5462 607 5518 hinc.
636 5462 706 5518 Et
736 5462 814 5518 sic
841 5462 1095 5519 fecerunt
1116 5470 1235 5519 toto
1262 5468 1515 5536 tempore
1543 5479 1832 5520 conversa-

230 5552 402 5609 tionis
433 5568 549 5609 suae
576 5568 799 5625 semper
829 5551 1124 5610 reminisce
1135 5552 1232 5609 ndi
1256 5553 1470 5610 Patres.

1901 3151 1960 3206 in
2008 3142 2393 3215 monumento,
2426 3148 2523 3203 ubi
2556 3152 2718 3203 erant
2744 3144 3059 3216 antiquitus
3097 3140 3318 3213 sepulta
3369 3151 3496 3191 cor-

1902 3256 2043 3313 pora
2069 3255 2438 3312 paganorum.
2463 3240 2531 3293 Et
2559 3237 2732 3292 traxit
2755 3250 2935 3290 unum
2962 3248 3164 3303 corpus
3190 3227 3294 3284 sub
3329 3228 3500 3296 caput

1903 3345 2069 3384 suum
2093 3334 2365 3399 tanquam
2397 3326 2735 3399 plumatium
2764 3325 2833 3379 de
2853 3323 3036 3394 scirpo
3061 3320 3186 3390 (‘28).
3205 3318 3497 3373 Daemones

1907 3423 2097 3472 autem
2124 3417 2374 3471 videntes
2401 3415 2661 3470 fiduciam
2676 3410 2988 3485 ejus,invisi
3005 3412 3221 3475 sunt,et
3247 3405 3496 3460 volentes

1907 3513 2121 3563 terrere
2146 3523 2296 3571 eum,
2327 3504 2604 3560 vocabant
2645 3502 2805 3576 quasi
2835 3499 3140 3573 quamdam
3177 3494 3494 3558 mulierem,

1907 3597 2156 3652 dicentes
2189 3613 2199 3648 :
2233 3596 2436 3649 Nonna
2468 3592 2571 3663 (39)
2603 3593 2720 3659 illa,
2759 3591 2887 3646 veni
2915 3587 3205 3645 nobiscum
3259 3584 3332 3638 ad
3385 3580 3501 3635 bal-

1907 3703 2100 3741 neum.
2127 3686 2196 3739 Et
2210 3685 2354 3738 alter
2375 3684 2591 3738 daemon
2621 3682 2689 3737 de
2704 3680 2806 3736 sub
2826 3680 2949 3751 ipso
2977 3683 3248 3748 tanquam
3268 3690 3334 3728 ex
3353 3686 3500 3725 mor-

1904 3774 2021 3827 tuis
2050 3773 2160 3828 illis
2181 3773 2492 3845 respondit,
2522 3772 2713 3826 dicens
2744 3788 2757 3824 :
2789 3767 3159 3839 Peregrinum
3200 3760 3501 3836 quemdam

1906 3862 2085 3917 habeo
2113 3879 2284 3934 super
2307 3879 2416 3924 me.
2449 3878 2563 3916 non
2593 3876 2823 3932 possum
2868 3856 3076 3913 venire.
3106 3855 3285 3910 Senex
3307 3856 3499 3906 autem

1905 3968 2019 4006 non
2061 3952 2297 4023 expavit,
2346 3952 2444 4006 sed
2472 3949 2759 4005 conﬁdens
2794 3946 3069 4004 tundebat
3113 3959 3314 4015 corpus
3338 3938 3495 4006 illud,

1906 4039 2099 4095 dicens
2132 4059 2142 4093 :
2170 4041 2368 4110 Surge,
2399 4040 2557 4105 vade,
2579 4038 2627 4092 si
2656 4043 2834 4110 potes.
2867 4035 3029 4101 Quod
3055 4050 3183 4088 cum
3212 4030 3501 4086 audissent

1906 4129 2190 4184 daemones
2219 4128 2599 4183 clamaverunt
2619 4142 2751 4182 voce
2779 4140 3004 4196 magna,
3027 4122 3309 4176 dicentes:
3348 4115 3497 4171 Vici-

1906 4216 1980 4273 sti
2010 4234 2129 4272 nos.
2154 4218 2222 4272 Et
2241 4217 2509 4288 fugerunt
2525 4214 2757 4271 confusi.

1974 4304 2065 4362 11.
2097 4305 2326 4361 Dicebat
2372 4304 2543 4359 abbas
2599 4301 2842 4359 Mathois
2876 4320 2887 4356 :
2922 4300 3062 4354 Volo
3109 4294 3337 4369 aliquod
3381 4293 3501 4347 leve

1845 4388 2049 4467 Dopus
2081 4401 2138 4450 et
2165 4394 2512 4459 continuum,
2546 4409 2715 4464 quam
2743 4407 2913 4463 grave
2938 4388 3088 4462 quod
3116 4387 3227 4442 cito
3248 4382 3464 4438 ﬁnitur.

1984 4483 2467 4542 12.Narraverunt
2486 4483 2557 4537 de
2596 4481 2797 4537 abbate
2814 4480 3005 4535 Milido
3041 4474 3169 4547 (30),
3213 4473 3347 4546 quia
3371 4486 3502 4526 cum

1908 4572 2196 4628 habitaret
2214 4573 2518 4644 aliquando
2541 4588 2670 4627 cum
2686 4569 2902 4626 duobus
2922 4564 3209 4639 discipulis
3219 4565 3279 4618 in
3299 4559 3504 4616 finibus

1908 4663 2231 4729 Persarum,
2261 4662 2523 4718 exierunt
2553 4661 2664 4716 duo
2687 4659 2788 4715 filii
2808 4655 3165 4730 imperatoris
3194 4650 3503 4709 secundum

1910 4752 2374 4807 consuetudinem
2394 4752 2453 4807 in
2481 4750 2856 4816 venationem,
2894 4753 2952 4802 et
2982 4746 3259 4800 miserunt
3280 4738 3424 4795 retia
3442 4737 3501 4792 in

1910 4842 2139 4911 longum
2163 4858 2266 4913 per
2288 4841 2464 4896 millia
2479 4839 2870 4912 quadraginta,
2884 4841 2948 4891 ut
2965 4834 3336 4907 quodcunque
3356 4828 3507 4884 intra

1910 4930 2055 4984 retia
2070 4930 2436 4997 inveniretur,
2458 4929 2793 4984 occiderent.
2821 4927 3088 4981 Inventus
3107 4927 3194 4977 est
3209 4924 3400 4976 autem
3419 4934 3503 4973 se-

1910 5035 2017 5075 nex
2040 5037 2168 5075 cum
2189 5020 2407 5076 duobus
2435 5018 2722 5091 discipulis
2750 5017 2902 5073 intra
2921 5013 3087 5069 retia.
3109 5013 3181 5069 Et
3199 5027 3324 5067 cum
3339 5008 3505 5065 vidis-

1910 5113 2038 5164 sent
2080 5126 2209 5164 eum
2240 5109 2485 5181 pilosum
2532 5112 2591 5163 et
2616 5104 2927 5162 terribilem
2953 5107 3201 5176 aspectu,
3243 5098 3505 5156 admirati

1911 5203 2062 5265 sunt,
2089 5204 2148 5253 et
2166 5198 2431 5253 dixerunt
2454 5197 2537 5252 ei:
2566 5197 2748 5251 Homo
2775 5210 2855 5261 es,
2886 5210 2960 5249 an
2980 5192 3209 5266 spiritus
3239 5190 3444 5269 aliquis
3480 5189 3506 5243 ?

1913 5287 2001 5343 dic
2021 5287 2201 5342 nobis.
2234 5288 2304 5343 Et
2331 5287 2469 5341 dixit
2515 5284 2594 5339 eis
2639 5302 2650 5338 :
2711 5284 2892 5339 Homo
2938 5299 3063 5339 sum
3115 5286 3393 5354 peccator,
3447 5284 3506 5333 et

1913 5375 2055 5433 exivi
2073 5378 2208 5432 flere
2218 5380 2444 5448 peccata
2455 5390 2583 5429 mea
2622 5393 2635 5442 ;
2670 5378 2728 5428 et
2738 5373 2910 5428 adoro
2930 5371 3133 5427 Filium
3150 5370 3254 5426 Dei
3267 5368 3392 5423 vivi.
3414 5366 3503 5423 Illi

1913 5470 2104 5521 autem
2122 5465 2384 5520 dixerunt
2403 5464 2491 5519 ei:
2548 5464 2674 5519 Non
2707 5466 2793 5518 est
2811 5461 2956 5518 alius
2981 5461 3151 5528 Deus,
3181 5458 3291 5515 nisi
3305 5457 3419 5522 Sol,
3446 5459 3504 5508 et

1914 5553 2087 5627 Ignis,
2130 5559 2191 5609 et
2215 5554 2379 5625 Aqua
2410 5552 2556 5627 (31);
2596 5551 2750 5626 ipsos
2776 5551 2968 5619 adora,
3018 5555 3075 5607 et
3101 5547 3353 5606 sacriﬁca
3398 5542 3498 5601 eis.
