3976 6186
529 263 636 324 895
1676 268 1769 322 DE
1809 267 1996 323 vms
2037 265 2332 323 ramum
2367 267 2583 323 LIBER
2620 269 2684 322 v.
3625 281 3704 340 895

527 393 600 450 Et
628 391 723 448 ille
751 391 1039 465 respondit
1061 409 1073 445 :
1099 391 1215 447 Ista
1234 397 1502 448 creaturae
1531 398 1680 461 sunt,
1700 399 1757 447 et
1773 394 1991 448 erratis.
2018 393 2126 448 Sed
2144 396 2191 454 A
2211 409 2314 465 per
2330 393 2642 449 adhibitum
2671 391 2775 449 tibi
2795 395 2983 465 ignem
3007 394 3230 451 amittes
3249 399 3709 471 aeruginemQuodsi

529 481 758 538 obsecro
810 498 938 548 vos,
1000 482 1407 548 convertimini,
1467 489 1525 537 et
1583 484 1868 554 agnoscite
1926 501 2120 538 verum
2198 484 2385 553 justus
2414 502 2473 539 es
2497 489 2552 538 et
2586 485 2702 540 haec
2731 485 2955 555 pateris,
2986 485 3054 540 de
3084 503 3284 556 magno
3311 489 3374 542 ad
3399 493 3580 562 majora
3617 514 3711 567 pro.

527 572 729 638 Deum,
762 570 858 642 qui
885 576 944 624 et
972 570 1082 625 ista
1109 573 1335 639 creavit,
1362 577 1419 626 et
1438 578 1640 627 caetera
1663 573 1870 627 omnia.
1905 573 1991 628 Illi
2023 590 2121 628 au-
2205 573 2461 627 moveris.
2494 575 2711 628 Aurum
2752 591 2828 640 es,
2858 575 2954 629 sed
2979 591 3080 646 per
3123 574 3306 646 ignem
3355 579 3597 648 probatior
3613 587 3711 640 eris.

526 666 644 715 tem
675 659 1014 727 deridentes,
1049 660 1310 716 dixerunt
1341 679 1351 714 :
1384 662 1831 716 Condemnatum
1864 667 1920 716 et
1948 662 2122 716 cruci-
2202 663 2378 717 Datus
2407 668 2493 718 est
2519 664 2670 718 enim
2700 663 2802 718 tibi
2832 663 3065 734 angelus
3077 665 3310 733 Satanae,
3331 666 3552 724 stimulus
3575 675 3713 728 carnis

528 750 699 804 fixum
724 749 861 804 dicis
881 766 1002 805 esse
1021 767 1215 805 verum
1236 751 1451 806 Deum?
1482 752 1685 817 Etiam,
1707 751 1908 822 inquit,
1935 752 2120 823 ipsum
2203 757 2312 806 tuae
2340 756 2390 818 (Ι
2417 753 2538 807 Cor.
2572 756 2690 816 xu).
2716 753 2944 806 Exsulta
2965 753 3180 818 videns,
3211 753 3641 814 cuisimilisfactus
3657 779 3714 828 es,

527 837 625 911 qui
654 839 928 894 crucifixit
952 845 1008 894 et
1037 839 1238 894 occidit
1264 846 1523 907 mortem,
1549 841 1700 895 hunc
1727 841 1851 894 dico
1880 858 1999 894 esse
2028 857 2122 894 ve-
2203 841 2363 895 Pauli
2393 841 2542 895 enim
2565 842 2746 896 simile
2775 843 2984 896 donum
3013 843 3268 897 meruisti
3297 844 3534 915 accipere.
3585 849 3631 902 Si
3663 850 3718 906 fe-

527 944 656 982 rum
685 928 885 983 Deum.
913 929 1001 984 Illi
1032 934 1222 984 autem
1252 935 1369 984 tam
1397 931 1504 1001 ipsi
1537 946 1706 1002 quam
1734 929 2003 984 fratribus
2025 929 2120 1000 qui
2203 930 2413 996 bribus,
2449 931 2498 984 si
2524 932 2709 1000 rigore
2736 931 2961 1001 frigoris
2990 932 3602 1002 castigaris,memoresto
3619 939 3717 1008 quid

526 1034 656 1073 cum
699 1034 766 1072 eo
811 1024 973 1073 erant
1013 1018 1317 1074 inferentes
1360 1025 1660 1084 tormenta,
1707 1019 1976 1090 cogebant
2027 1036 2121 1073 eos
2205 1019 2496 1091 Scriptura
2531 1020 2668 1074 dicit
2701 1020 3119 1074 :Transivimus
3141 1037 3241 1091 per
3261 1021 3433 1091 ignem
3453 1028 3502 1077 et
3524 1040 3715 1095 aquam;

527 1106 862 1162 sacriﬁcare.
887 1107 958 1161 Et
970 1107 1110 1162 duos
1130 1107 1359 1178 quidem
1379 1107 1581 1162 fratres
1602 1113 1728 1179 post
1745 1107 1991 1179 plurima
2009 1114 2122 1162 tor—
2203 1110 2491 1163 residuum
2518 1115 2604 1163 est
2633 1109 2779 1181 quod
2811 1110 3083 1180 sequitur,
3115 1115 3178 1166 ut
3208 1110 3513 1165 inducamur
3529 1113 3577 1166 in
3598 1114 3721 1168 refri-

529 1202 723 1252 menta
751 1197 1226 1269 decapitaverunt,
1261 1214 1453 1251 senem
1483 1203 1673 1252 autem
1703 1197 1899 1252 diebus
1930 1197 2124 1251 multis
2207 1197 2426 1268 gerium
2458 1201 2620 1260 (Psal.
2651 1202 2793 1266 va).
2825 1198 3131 1253 Obtinuisti
3161 1199 3410 1270 primum,
3429 1207 3643 1272 exspecta
3664 1220 3726 1258 se-

526 1285 884 1357 torquebant.
919 1287 1121 1342 Postea
1148 1303 1276 1341 vero
1299 1291 1621 1340 statuerunt
1639 1303 1767 1341 eum
1795 1287 1851 1341 in
1883 1288 2125 1358 quodam
2209 1287 2474 1354 cundum,
2518 1305 2690 1358 agens
2721 1305 2844 1358 qua:
2875 1287 3142 1343 virtutum
3199 1294 3343 1342 sunt.
3395 1289 3564 1343 Clama
3600 1290 3728 1344 verba

528 1375 669 1442 loco,
695 1380 755 1430 et
779 1374 1124 1446 sagittabant
1152 1375 1210 1428 in
1232 1375 1352 1445 ipso
1373 1375 1533 1446 quasi
1553 1376 1623 1429 ad
1644 1376 1865 1446 signum
1892 1394 1901 1428 :
1929 1392 2076 1430 unus
2097 1394 2130 1431 a
2212 1377 2523 1448 Prophetas,
2547 1376 2786 1431 dicentis
2820 1395 2832 1430 :
2862 1378 3084 1447 Pauper
3109 1383 3166 1431 et
3193 1377 3350 1448 inops
3377 1383 3428 1431 et
3469 1378 3631 1432 dolens
3651 1397 3728 1450 ego

527 1461 714 1532 dorso,
746 1469 803 1520 et
831 1465 974 1519 alter
998 1481 1033 1519 a
1059 1470 1301 1536 pectore.
1328 1465 1474 1519 Dicit
1503 1467 1583 1518 eis
1613 1482 1781 1519 senex
1808 1484 1819 1519 :
1846 1466 2123 1530 Quoniam
2211 1482 2337 1520 sum
2369 1466 3053 1534 (Psal.vam).Perfectus
3074 1466 3227 1520 enim
3241 1466 3348 1520 eris
3366 1483 3456 1537 per
3471 1467 3730 1538 hujusmodi

527 1550 660 1608 facti
689 1554 823 1608 estis
842 1555 900 1608 in
919 1571 1191 1608 consensu
1211 1555 1271 1608 in
1289 1571 1485 1619 unum,
1518 1561 1582 1608 ut
1607 1554 1907 1608 effundatis
1933 1559 2125 1621 586
2204 1555 2642 1610 tribulationem.
2672 1556 2768 1610 Ait
2803 1556 2951 1610 enim
2991 1574 3002 1608 :
3046 1553 3110 1610 In
3164 1555 3505 1610 tribulatione
3539 1556 3732 1612 dilatasti

529 1643 865 1713 sanguinem
907 1643 1283 1711 innocentem,
1333 1644 1579 1698 crastina
1605 1644 1665 1698 in
1695 1650 1980 1698 momento
2020 1645 2123 1698 hac
2205 1661 2295 1698 me
2318 1647 2485 1710 (Psal.
2517 1647 2608 1713 ιν).
2642 1646 2706 1699 In
2723 1645 2810 1699 his
2839 1661 2971 1715 ergo
3001 1644 3242 1699 maxime
3271 1644 3523 1698 exercitiis
3563 1645 3731 1699 animas

527 1733 686 1799 hora,
737 1750 859 1804 quae
894 1734 1060 1788 modo
1099 1740 1203 1800 est,
1249 1733 1370 1788 sine
1409 1735 1540 1788 ﬁliis
1585 1734 1899 1790 remanebit
1944 1719 2426 1788 mateanostras
2453 1733 2771 1805 probemus,
2795 1739 2923 1788 ante
2947 1735 3136 1789 oculos
3161 1734 3308 1788 enim
3323 1733 3567 1788 habemus
3588 1734 3734 1788 adver-

529 1825 734 1888 vestra,
768 1826 826 1876 et
851 1821 1163 1894 privabitur
1190 1822 1391 1876 affectu
1420 1828 1624 1889 vestro,
1667 1827 1725 1876 et
1763 1823 2003 1894 propriis
2031 1838 2124 1876 sa-
2205 1824 2417 1878 sarium
2444 1828 2720 1878 nostrum.

527 1910 686 1982 gittis
706 1910 942 1965 invicem
958 1912 1292 1982 sanguinem
1312 1917 1561 1966 vestrum
1582 1911 1899 1966 eifundetis.
1923 1911 2010 1966 Illi
2030 1927 2126 1965 au-
2284 1910 2364 1968 17.
2383 1912 2533 1967 Dixit
2553 1912 2802 1967 iterum':
2826 1911 2883 1966 Si
2913 1911 3214 1967 inﬁrmitas
3247 1913 3469 1968 molesta
3485 1911 3622 1967 nobis
3643 1910 3734 1965 iue-

527 2004 646 2056 tem
675 1997 1086 2054 subsannantes
1117 1999 1285 2054 verba
1313 2001 1454 2070 ejus,
1487 2001 1745 2054 exierunt
1774 2000 1831 2054 in
1857 1999 2120 2065 crastino,
2207 2002 2299 2068 rit,
2315 2018 2428 2056 non
2455 2001 2872 2066 contristemur,
2903 2007 3176 2072 tanquam
3206 2001 3301 2074 qui
3341 2019 3432 2073 pro
3461 1999 3728 2055 inﬁrmitate

527 2092 594 2144 ut
606 2093 962 2144 venarentur.
989 2089 1057 2143 Et
1077 2090 1311 2160 contigit
1327 2096 1390 2144 ut
1405 2091 1667 2144 evaderet
1680 2106 1827 2144 unus
1843 2106 2036 2144 cervus
2058 2090 2126 2142 de
2210 2096 2266 2144 et
2287 2091 2514 2145 vulnere
2552 2091 2799 2161 corporis
2814 2105 2925 2144 non
2946 2091 3231 2161 possimus
3251 2098 3396 2146 stare
3423 2091 3486 2144 ad
3507 2088 3729 2144 orandum

527 2183 647 2234 rete
675 2195 890 2244 eorum,
925 2183 982 2232 et
1008 2179 1383 2234 ascenderunt
1416 2196 1608 2251 equos,
1645 2185 1702 2233 et
1736 2178 2037 2234 currebant
2065 2183 2129 2233 ut
2209 2185 2308 2234 aut
2339 2180 2693 2251 psallendum
2723 2180 2794 2233 ad
2816 2195 3026 2233 vocem.
3059 2180 3186 2234 Iizec
3226 2185 3409 2235 autem
3436 2175 3732 2234 omnianobis

527 2268 1070 2341 comprehenderent
1099 2284 1324 2323 cervum
1359 2284 1373 2323 :
1425 2268 1521 2340 qui
1552 2286 1677 2323 cum
1705 2270 2014 2339 jactassent
2043 2284 2127 2321 sa-
2208 2284 2308 2340 pro
2339 2268 2676 2322 destruendo
2727 2268 2976 2339 corporis
3005 2268 3284 2324 desiderio
3329 2266 3609 2323 necessaria
3633 2269 3732 2319 sunt

523 2359 695 2430 gittas
723 2363 851 2431 post
878 2357 1081 2430 ipsum,
1116 2353 1354 2412 invicem
1398 2358 1501 2412 sibi
1530 2358 1591 2411 in
1616 2373 1712 2411 cor
1739 2357 2034 2422 dederunt,
2069 2361 2126 2410 et
2209 2357 2472 2428 quoniam
2487 2357 2704 2428 jejunia
2742 2364 2798 2412 et
2843 2357 3062 2412 labores
3083 2364 3315 2431 propter
3335 2363 3515 2430 turpes
3543 2356 3731 2410 delecta-

523 2448 734 2504 mortui
766 2449 1076 2518 suntjuxta
1095 2447 1325 2502 verbum
1353 2447 1501 2518 quod
1530 2447 1865 2517 praedixerat
1891 2462 2077 2500 senex.
2207 2447 2388 2502 tiones
2409 2447 2572 2502 nobis
2593 2447 2898 2502 constituta
2917 2453 3068 2502 sunt.
3106 2447 3164 2502 Si
3194 2448 3371 2519 igitur
3395 2445 3632 2518 agritudo
3653 2443 3735 2497 ista

592 2534 682 2593 13.
715 2536 866 2591 Dixit
894 2535 1065 2590 abbas
1095 2535 1326 2589 Pastor:
1373 2535 1520 2598 Quia
1549 2534 1726 2588 virtus
1755 2534 2014 2588 monachi
2066 2534 2124 2588 in
2208 2536 2478 2604 retundit,
2506 2537 2791 2608 superflua
2811 2536 2880 2591 de
2908 2536 2995 2591 his
3025 2537 3384 2592 observandis
3400 2537 3531 2591 ratio
3556 2539 3640 2589 est.
3677 2531 3737 2585 Si-

520 2624 929 2680 tentationibus
959 2630 1212 2696 apparet.
2207 2631 2301 2680 cut
2322 2627 2468 2680 enim
2502 2642 2706 2697 magno
2738 2632 2795 2680 et
2822 2625 2954 2681 forti
2986 2627 3355 2681 medicamine
3405 2623 3655 2697 aegritudo,
3679 2621 3738 2674 ita

604 2713 688 2770 14.
712 2712 864 2768 Dixit
887 2713 1092 2768 iterum
1122 2712 1219 2783 qui
1261 2728 1433 2783 supra
1463 2710 1595 2783 quia
1623 2711 1870 2766 Isidorus
1899 2711 2125 2784 presby—
2208 2711 2538 2782 aegritudine
2592 2712 2838 2783 corporis
2884 2711 3020 2766 vitia
3078 2713 3420 2768 reciduntur.
3477 2711 3538 2765 Et
3559 2709 3656 2762 haec
3679 2710 3741 2759 est

529 2808 618 2858 ter
643 2803 714 2858 de
731 2801 922 2875 Scythi
933 2802 1209 2856 allocutus
1230 2801 1304 2856 sit
1327 2801 1627 2872 aliquando
1648 2799 1870 2872 plebem
1887 2801 2125 2856 fratrum
2210 2817 2417 2872 magna
2447 2801 2642 2867 virtus,
2690 2801 2914 2871 quando
2942 2801 3002 2856 in
3051 2801 3473 2856 infirmitatibus
3499 2795 3740 2852 tolerantia

529 2893 720 2948 dicens
753 2911 766 2946 :
801 2892 1047 2957 Fratres,
1079 2891 1337 2962 nunquid
1368 2907 1481 2944 non
1510 2890 1581 2944 ad
1620 2889 1995 2945 laborandum
2041 2908 2128 2944 ve-
2209 2891 2399 2955 fuerit,
2435 2896 2491 2944 et
2532 2891 2846 2961 gratiarum
2893 2890 3038 2945 actio
3079 2890 3328 2945 mittitur
3375 2889 3442 2944 ad
3492 2889 3664 2943 Deum.
3699 2881 3743 2936 Si

528 2981 717 3037 nimus
743 2980 803 3036 in
820 2981 926 3035 hoc
953 2981 1117 3036 loco?
1147 2982 1215 3035 Et
1242 2996 1392 3034 nunc
1437 2980 1615 3044 video,
1653 2980 1784 3051 quia
1813 2981 2001 3034 nullus
2033 2980 2124 3034 hic
2153 3041 2188 3051 Α
2211 2980 2524 3034 amittimus
2554 2981 2760 3046 oculos,
2793 2995 2907 3034 non
2937 2971 3743 3050 feramus'graviterExtollentiaz

526 3071 688 3128 labor
722 3077 825 3128 est.
867 3072 982 3143 Ego
1027 3071 1200 3142 igitur
1229 3071 1459 3125 collecta
1511 3071 1653 3142 pelle
1701 3086 1826 3124 mea
1855 3070 1994 3124 vado
2026 3069 2123 3125 ubi
2149 3041 2190 3100 c
2210 3069 2358 3124 enim
2381 3069 2821 3123 instrumentum
2835 3068 3145 3137 amisimus,
3167 3069 3270 3124 sed
3301 3064 3631 3123 interioribus
3650 3075 3745 3115 ocu-

528 3167 614 3218 est
643 3161 821 3229 labor,
856 3167 915 3216 et
930 3161 1007 3215 ibi
1035 3161 1257 3216 invenio
1278 3161 1554 3232 requiem.
2209 3159 2279 3213 lis
2305 3157 2543 3229 gloriam
2573 3158 2798 3212 Domini
2825 3159 3199 3229 speculemur.
3236 3157 3400 3214 Surdi
3420 3155 3540 3211 facti
3563 3147 3745 3206 sumus?

606 3249 689 3309 15.
723 3251 874 3306 Dixit
920 3256 1116 3306 sancta
1158 3250 1472 3323 Syncletica
1510 3268 1521 3303 :
1553 3249 1612 3304 Si
1661 3249 1720 3303 in
1777 3249 2126 3303 monasterio
2210 3264 2323 3302 non
2349 3247 2764 3313 contristemur,
2799 3247 2933 3318 quia
2951 3247 3212 3302 auditum
3239 3263 3444 3301 vanum
3487 3240 3745 3299 amisimus.

529 3357 656 3397 cum
686 3340 810 3395 aliis
839 3341 1098 3407 versaris,
1130 3356 1242 3394 non
1264 3343 1446 3393 mater
1463 3340 1647 3393 locum
1672 3338 1927 3405 ;1aederis
1951 3338 2121 3402 enim,
2212 3337 2414 3391 Manus
2442 3342 2639 3391 vestrae
2672 3354 2737 3390 ex
2766 3337 2955 3408 aliqua
2983 3337 3248 3408 passione
3294 3335 3579 3390 debilitatae
3614 3325 3750 3383 sunt?

529 3431 577 3486 si
601 3430 770 3486 facias
798 3431 923 3486 hoc.
978 3429 1200 3484 Etenim
1247 3429 1390 3484 sicut
1438 3429 1650 3500 gallina
1679 3428 1726 3482 si
1762 3426 2131 3498 dereliquerit
2211 3427 2308 3482 sed
2356 3426 2651 3480 interiores
2694 3431 2919 3497 paratas
2948 3425 3262 3481 habeamus
3299 3425 3549 3480 adversus
3577 3414 3746 3474 inimici

530 3537 634 3575 ova
657 3536 764 3576 sua
792 3519 928 3588 fota,
974 3518 1094 3574 sine
1121 3517 1288 3591 pullis
1319 3535 1386 3572 ea
1417 3517 1568 3572 exire
1607 3516 1743 3570 facit
1776 3535 1788 3583 ;
1822 3516 1904 3570 ita
1932 3531 2130 3570 mona-
2211 3516 2570 3571 tentationes.
2593 3516 2901 3570 Inﬁrmitas
2920 3521 3322 3588 totumcorpus
3345 3519 3583 3569 nostrum
3605 3503 3751 3562 tenet?

528 3609 665 3664 chus
692 3609 780 3664 vel
807 3609 962 3680 virgo
991 3608 1240 3679 frigescit
1263 3613 1320 3663 et
1347 3606 1720 3662 mortificatur
1761 3605 1821 3660 in
1873 3605 2000 3671 ﬁde,
2059 3605 2129 3659 de
2213 3606 2311 3661 sed
2336 3610 2526 3660 nostro
2555 3605 2809 3660 interiori
2830 3605 3043 3660 homini
3062 3606 3282 3661 sanitas
3310 3602 3518 3660 crescit.

527 3699 648 3754 loco
676 3698 748 3753 ad
778 3699 963 3753 locum
991 3698 1354 3753 transeundo.
2289 3695 2370 3752 18.
2401 3695 2551 3750 Dixit
2578 3695 2784 3749 iterum
2827 3712 2950 3767 quae
2970 3712 3143 3766 supra
3160 3693 3218 3749 ²ε
3259 3694 3368 3760 Qui
3388 3694 3444 3748 in
3472 3688 3649 3745 saeculo
3667 3684 3750 3738 isto

596 3783 686 3843 19.
721 3785 873 3841 Dixit
899 3787 1106 3843 iterum
1131 3785 1585 3842 aliudzDiabolus
1602 3801 1726 3838 cum
1752 3801 1850 3856 per
1870 3784 2128 3839 stimulos
2213 3785 2405 3856 aliqua
2432 3785 2671 3839 crimina
2697 3785 3117 3851 commiserunt,
3162 3785 3337 3839 etiam
3381 3781 3615 3838 nolentes
3655 3772 3752 3827 mit-

528 3875 880 3947 paupertatis
919 3891 1031 3929 non
1069 3874 1325 3943 moverit,
1357 3874 1580 3929 divitias
1610 3873 1840 3928 adhibet
1867 3873 1938 3928 ad
1965 3874 2126 3928 sedu-
2205 3879 2407 3930 tuntur
2431 3873 2488 3928 in
2519 3858 2820 3942 carcerem,
2854 3880 3024 3930 etnos
3050 3891 3152 3946 pro
3189 3878 3420 3946 peccato
3445 3873 3619 3926 nostro
3640 3859 3753 3918 redi-

529 3963 770 4019 cendum
802 3965 1054 4034 (Rufﬁn.,
1099 3967 1117 4018 ι
1131 4009 1144 4022 .
1182 3978 1245 4019 ιιι
1277 3981 1334 4018 η.
1358 3964 1462 4019 157
1496 3983 1508 4031 ;
1537 3964 1747 4029 Fascia,
1782 3980 1827 4018 c.
1861 3961 1933 4018 ‘20
1969 3980 2026 4017 η.
2053 3963 2121 4032 1).
2207 3981 2408 4037 gamus
2450 3964 2820 4036 nosmetipsos
2875 3965 2934 4018 in
2984 3964 3323 4030 custodiam,
3373 3967 3438 4016 ut
3486 3950 3754 4012 voluntaria

531 4054 600 4110 Et
613 4053 749 4109 dum
777 4071 879 4126 per
905 4054 1273 4109 contumelias
1295 4058 1352 4108 et
1377 4053 1677 4126 opprobria
1693 4069 1805 4107 non
1837 4052 2117 4125 praevalet,
2206 4055 2411 4109 mentis
2438 4065 2641 4108 nostrae
2672 4053 2914 4108 vindicta
2929 4054 3149 4109 futuras
3178 4069 3215 4106 a
3252 4051 3416 4107 nobis
3439 4055 3755 4135 pmnasamv:

528 4143 722 4199 laudes
755 4149 812 4198 et
838 4143 1076 4214 gloriam
1097 4143 1342 4200 adhibet.
1363 4143 1460 4198 Sin
1473 4148 1662 4198 autem
1677 4144 1996 4197 satietatem
2007 4158 2126 4196 cor-
2205 4148 2349 4199 veat.
2384 4143 2441 4198 Si
2447 4144 2692 4214 jejunas,
2712 4160 2824 4198 non
2836 4142 2938 4198 tibi
2950 4143 3203 4198 invenias
3220 4141 3560 4198 occasionem
3576 4127 3755 4188 dicendi

527 4233 682 4306 poris
709 4233 986 4301 immittit,
1021 4238 1079 4288 et
1096 4249 1224 4289 cum
1241 4233 1703 4288 delectationibus
1724 4232 1988 4288 seducere
2011 4246 2125 4286 non
2207 4233 2337 4305 quia
2353 4231 2783 4288 exacerbatusin
2795 4233 3185 4304 aegritudinem
3203 4227 3508 4294 incurristi,
3537 4218 3757 4297 quoniam

527 4328 730 4397 potest,
762 4341 864 4396 per
886 4323 1193 4392 molestias,
1227 4341 1350 4396 quae
1381 4329 1577 4379 contra
1598 4328 1790 4378 votum
1837 4322 2118 4389 eveniunt,
2145 4328 2265 4420 Det
2293 4323 2388 4395 qui
2419 4339 2531 4377 non
2556 4324 2821 4393 jejunant
2848 4323 3062 4377 similes
3101 4320 3464 4420 aegritudines
3495 4309 3759 4420 inc-um??-

527 4394 1015 4470 animaniconatur
1027 4394 1738 4469 subverterelnfirmitates
1750 4418 1940 4468 autem
1960 4429 2129 4484 quas-
2146 4394 2194 4420 υ
2211 4411 2494 4467 Inchoasti
2516 4411 2727 4482 aliquid
2749 4411 2923 4466 boni?
2945 4428 3058 4466 non
3099 4410 3382 4466 revoceris
3427 4422 3523 4481 per
3567 4394 3760 4491 impedi-

526 4503 660 4560 dam
687 4520 887 4575 graves
915 4502 1226 4575 expetendo
1245 4503 1512 4558 adversus
1538 4520 1667 4557 eum
1689 4503 1782 4575 qui
1819 4503 2124 4557 tentandus
2209 4505 2402 4555 menta
2428 4499 2657 4565 inimici,
2708 4498 2973 4570 quoniam
2995 4505 3053 4553 et
3073 4498 3190 4571 ipse
3221 4497 3487 4553 inimicus
3531 4489 3758 4584 patieflti3

527 4598 614 4649 est
633 4593 880 4660 adhibet,
912 4599 978 4648 ut
1003 4609 1106 4666 per
1132 4610 1226 4647 eas
1254 4592 1639 4665 pusillanimes
1681 4592 1890 4647 faciens
1935 4608 2125 4646 mona-
2211 4590 2661 4644 tuadestruetur.
2684 4588 2906 4643 Etenim
2918 4589 3014 4660 qui
3033 4589 3301 4660 navigare
3318 4581 3593 4658 cmperini,
3611 4581 3759 4650 primo

526 4683 678 4751 chos,
705 4682 1004 4739 conturbet
1029 4682 1361 4738 charitatem
1390 4698 1586 4737 eorum
1613 4698 1782 4754 quam
1819 4681 2028 4736 habent
2056 4682 2126 4735 ad
2211 4679 2524 4753 pandentes
2539 4678 2659 4733 vela
2672 4694 3003 4750 prosperum
3016 4683 3245 4732 ventum
3259 4674 3552 4732 inveniunt
3570 4688 3586 4734 ;
3605 4668 3763 4738 postea

527 4773 730 4830 Deum.
759 4773 868 4830 Sed
909 4773 1160 4846 quamvis
1198 4773 1525 4828 concidatur
1544 4788 1765 4843 corpus,
1794 4777 1852 4826 et
1880 4770 2128 4825 febribus
2209 4774 2400 4825 autem
2433 4768 2747 4824 contrarius
2764 4773 2961 4822 ventus
2973 4766 3330 4822 eisoccurrit.
3359 4763 3468 4820 Sed
3485 4763 3653 4814 nauta:
3671 4763 3757 4846 ηοῐξ

528 4861 724 4918 validis
752 4863 1158 4932 inﬂammetur,
1190 4861 1423 4934 insuper
1447 4861 1618 4916 etiam
1649 4859 1988 4915 intolerabili
2033 4860 2128 4914 siti
2208 4877 2338 4915 mox
2362 4863 2594 4930 propter
2615 4857 2900 4911 incursum
2914 4856 3181 4912 contrarii
3201 4855 3484 4919 venti,aut
3506 4841 3763 4934 exonerant

529 4949 1113 5025 affligatur,siquidem
1133 4957 1393 5025 peccator
1421 4969 1480 5006 es
1505 4951 1600 5023 qui
1619 4951 1736 5005 haec
1752 4949 2012 5016 sustines,
2044 4967 2129 5005 re-
2210 4955 2309 5004 aut
2332 4949 2602 5004 deserunt
2635 4947 2842 5012 navim,
2881 4947 2979 5000 sed
3001 4947 3297 5018 paululum
3337 4940 3659 4998 sustinentes
3691 4930 3764 4982 aut

529 5040 759 5096 cordare
776 5041 950 5098 futuri
973 5043 1392 5115 saeculipoenas,
1424 5045 1482 5096 et
1518 5046 1793 5095 aeternum
1830 5040 2039 5112 ignem,
2072 5045 2129 5094 et
2210 5037 2804 5111 pugnantesadversus
2818 5032 3765 5121 procellam,iterumrectumcui?mn

522 5129 816 5202 judicialia
840 5136 1141 5200 tormenta;
1167 5114 1224 5187 et
1260 5133 1340 5186 ita
1356 5148 1470 5186 non
1490 5130 1714 5185 deﬁcies
1735 5130 1804 5184 ad
1827 5147 1894 5184 ea
1916 5146 2037 5202 quae
2067 5130 2126 5184 in
2209 5127 2520 5184 inveniunt.
2537 5127 2624 5182 Ita
2652 5142 2785 5197 ergo
2815 5131 2873 5179 et
2912 5141 3014 5179 nos
3066 5125 3125 5179 in
3162 5123 3516 5179 contrarium
3543 5114 3761 5205 spiritl-lm

527 5219 792 5292 praesenti
820 5220 1155 5291 contingunt
1179 5239 1191 5287 ;
1226 5220 1523 5292 insuperet
1548 5219 1747 5290 gaude,
1776 5219 1910 5291 quia
1935 5218 2129 5274 visita-
2210 5217 2578 5282 incurrentes,
2607 5232 2828 5270 crucem
2841 5231 2943 5286 pro
2957 5214 3076 5269 velo
3089 5209 3582 5285 erigamus,58¢
3616 5206 3768 5256 θῐδιηθ

528 5310 611 5365 vit
637 5314 694 5364 te
722 5309 891 5364 Deus.
912 5309 980 5364 Et
998 5309 1136 5364 illud
1155 5309 1592 5365 famosissimum
1612 5309 1825 5364 dictum
1855 5308 1914 5363 in
1939 5309 2132 5380 lingua
2212 5306 2459 5379 periculo
2476 5305 2661 5360 saeculi
2690 5304 2853 5358 istius
2883 5303 3169 5374 navigium
3196 5299 3634 5390 explicabimus:
3698 5374 3707 5383 .

529 5398 752 5467 habeto,
787 5397 843 5454 id
859 5404 964 5465 est,
994 5399 1288 5470 Castigans
1322 5399 1610 5472 castigavit
1639 5416 1729 5453 me
1750 5399 2041 5468 Dominus,
2073 5403 2130 5454 et
2286 5393 2371 5452 19.
2405 5393 2675 5450 Dicebant
2701 5393 2770 5448 de
2795 5391 3078 5448 abbatissa
3101 5392 3279 5447 beatae
3299 5385 3576 5446 memoriae
3595 5385 3769 5448 virng

529 5490 699 5546 morti
728 5505 841 5544 non
889 5487 1124 5543 tradidit
1149 5504 1238 5543 me
1283 5490 1446 5556 (Psal.
1477 5491 1672 5559 cxvn).
1728 5488 1786 5544 Si
1818 5488 2025 5545 ferrum
2048 5506 2127 5559 es,
2215 5488 2372 5552 Sara,
2407 5485 2556 5556 quod
2578 5499 2750 5556 supra
2795 5483 3014 5538 alveum
3037 5481 3289 5537 fluminis
3314 5477 3596 5551 sexaginta
3625 5477 3769 5523 annos

605 5578 622 5615 ¹
654 5579 825 5639 Deest
842 5577 947 5637 hoc
975 5576 1035 5636 in
1064 5576 1310 5636 editione
1333 5577 1656 5635 Parisiensi.
2285 5574 2308 5610 ²
2336 5575 2505 5631 Deest
2533 5574 2638 5630 hoc
2664 5572 2724 5629 in
2753 5571 2886 5630 edit.
2909 5569 3230 5630 Parisiensi.
