3976 6186
261 259 373 317 897

1559 262 1798 320 VERBA
1838 263 2226 320 SNORUM.

3440 263 3544 325 εκ

261 386 624 452 habitaverit,
660 393 716 442 et
744 403 1034 459 nunquam
1089 389 1359 443 inclinata
1403 392 1507 455 est,
1550 392 1614 443 ut
1653 389 1862 443 ﬂumen
1884 391 1936 449 Α
1951 405 2150 458 rogare
2162 403 2290 442 eum
2306 393 2371 442 ut
2387 387 2738 458 permitteret
2750 386 2925 443 abire.
2940 387 3148 444 Videns
3166 395 3358 446 autem
3373 390 3546 448 abbas

261 476 455 547 ipsum
483 478 779 548 aspiceret.

338 584 430 640 ‘20.
472 586 624 641 Dixit
651 585 823 640 abbas
850 586 1222 659 Hypericnius
1256 606 1267 641 :
1311 588 1518 659 Hymni
1547 588 1867 660 spirituales

260 674 384 729 sint
416 675 475 728 in
505 692 600 730 ore
627 681 744 742 tuo,
773 680 830 730 et
860 677 1151 731 meditatio
1183 677 1410 731 assidua
1433 678 1687 732 sublevet
1735 695 1868 748 pon-

262 763 373 816 dus
399 765 778 818 tentationum
807 765 1322 835 supervenientium
1357 765 1476 819 tibi.
1513 767 1695 835 Hujus
1719 767 1867 820 enim

261 852 349 906 rei
373 855 691 924 exemplum
723 854 1083 908 manifestum
1113 860 1199 908 est
1229 855 1412 909 viator
1442 855 1662 909 sarcina
1692 855 1866 909 alicu-

255 942 360 1013 jus
389 943 576 996 oneris
603 948 1004 1013 praegravatus,
1039 944 1227 998 ﬂando
1258 950 1315 998 et
1355 945 1703 1015 respirando,
1739 961 1870 998 one-

261 1031 345 1084 ris
374 1037 434 1085 et
464 1032 562 1088 viae
593 1031 863 1103 paulatim
889 1033 1135 1088 laborem
1168 1033 1476 1088 imminuit.

338 1135 432 1194 ‘Zl.
464 1138 615 1192 Dixit
646 1139 852 1192 iterum
871 1139 966 1210 qui
997 1156 1192 1210 supra:
1215 1139 1452 1211 Oportet
1480 1157 1582 1195 nos
1605 1140 1870 1195 adversus

262 1228 613 1282 tentationes
627 1228 1134 1299 armari,quoniam
1144 1229 1323 1283 modis
1339 1229 1600 1284 omnibus
1617 1231 1868 1296 veniunt;

263 1316 349 1370 sic
376 1316 528 1370 enim
556 1317 1082 1389 supervenientibus
1111 1319 1191 1372 eis
1213 1318 1432 1389 probati
1453 1318 1868 1391 apparebimus.

341 1423 435 1483 2‘2.
457 1425 608 1479 Dixit
626 1425 851 1496 quidam
883 1442 1084 1480 senex:
1121 1426 1178 1481 Si
1211 1427 1422 1480 venerit
1445 1427 1656 1481 homini
1684 1432 1872 1482 tenta-

263 1514 370 1580 tio,
399 1514 648 1585 undique
676 1514 727 1568 ei
754 1515 1200 1586 multiplicantur
1227 1515 1642 1580 tribulationes,
1676 1521 1739 1570 ut
1767 1534 1872 1588 pu-

265 1602 570 1657 sillanimis
622 1604 720 1658 ﬁat
753 1610 810 1658 et
839 1609 1172 1658 murmuret.
1235 1605 1303 1658 Et
1331 1605 1582 1660 narravit
1596 1622 1763 1660 senex
1775 1607 1872 1660 ita:

1949 478 2070 546 ejus
2096 477 2228 548 quia
2257 483 2448 531 tenere
2468 493 2598 531 eum
2630 493 2741 531 non
2759 483 2996 549 poterat.
3021 479 3164 534 facta
3187 481 3550 550 oratione,di-

1950 566 2102 620 misit
2131 584 2280 620 eum.
2310 567 2676 621 Postmodum
2690 567 2825 620 dicit
2846 567 3034 621 abbati
3046 585 3174 623 suo:
3199 570 3353 640 Rogo
3371 569 3549 637 te,ab-

1949 654 2040 720 ba,
2062 661 2126 708 ut
2153 656 2422 710 concedas
2445 655 2540 726 qui
2563 656 2862 710 ostendant
2881 657 3017 710 mihi
3037 658 3163 725 iter,
3183 675 3293 730 quo
3313 675 3546 731 pergere

1952 743 2208 797 debeam.
2245 746 2313 798 Et
2344 744 2626 798 ordinavit
2653 761 2779 798 cum
2823 761 2887 799 eo
2927 746 3065 800 duos
3096 748 3398 803 monachos
3423 765 3547 803 mo-

1950 833 2201 897 nasterii,
2230 838 2287 886 et
2311 833 2574 888 abierunt
2611 850 2738 887 cum
2778 851 2864 891 eo.
2895 835 3325 892 Ambulantibus
3357 843 3548 893 autem

1953 922 2033 974 eis
2062 939 2162 992 per
2203 938 2453 977 eremum
2504 939 2619 976 una
2649 923 2738 976 die
2769 929 2826 977 et
2851 924 3049 991 altera,
3083 925 3408 982 defecerunt
3433 944 3548 999 prae

1953 1016 2110 1076 aestu,
2128 1017 2185 1065 et
2201 1012 2560 1082 projicientes
2590 1029 2650 1067 se
2679 1014 2738 1067 in
2769 1024 2978 1067 terram
3001 1013 3281 1084 jacebant,
3297 1021 3354 1072 et
3381 1033 3550 1088 sopo-
3631 1013 3648 1038 ί

1952 1099 2060 1154 rati
2081 1101 2297 1155 modico
2317 1118 2532 1168 somno,
2575 1119 2699 1157 ecce
2725 1103 3091 1174 aquilavenit,
3120 1107 3551 1177 percutiensque

1953 1205 2048 1242 eos
2078 1189 2147 1243 de
2175 1189 2279 1244 alis
2307 1191 2444 1256 suis,
2479 1191 2763 1262 praecessit
2797 1193 3009 1262 procul,
3042 1198 3100 1246 et
3124 1193 3271 1249 sedit
3291 1195 3352 1249 in
3376 1200 3548 1250 terra.

1955 1277 2294 1347 Evigilantes
2340 1280 2603 1335 viderunt
2649 1281 2984 1352 aquilam,et
3027 1282 3384 1338 dixeruntei:
3415 1283 3554 1338 Ecce

1959 1367 2194 1436 angelus
2211 1373 2535 1440 tuus,surge
2557 1375 2614 1424 et
2634 1387 2867 1440 sequere
2889 1372 3114 1426 eam.Et
3125 1388 3379 1443 surgens,
3402 1373 3554 1427 vale-

1954 1455 2254 1527 dicensque
2265 1457 2903 1530 fratribus,sequebatur
2917 1477 3042 1514 eam
3066 1481 3079 1528 ;
3112 1467 3170 1516 et
3195 1462 3350 1516 venit
3377 1478 3557 1533 usque

1960 1543 2054 1598 ubi
2085 1545 2272 1599 stabat
2293 1547 2484 1618 aquila
2504 1548 2600 1601 illa
2626 1567 2637 1600 :
2672 1565 2794 1618 quae
2823 1565 2950 1603 mox
2969 1566 3228 1620 surgens,
3249 1552 3455 1606 volavit
3466 1568 3559 1607 us-

1962 1649 2071 1704 que
2109 1635 2179 1688 ad
2209 1652 2385 1690 unum
2415 1637 2682 1703 stadium,
2743 1643 2799 1692 et
2826 1638 3032 1692 iterum
3080 1640 3260 1707 sedit;
3293 1640 3559 1695 similiter

267 1692 474 1798 ‘Fra‘tel‘:
502 1692 730 1798 quiq”?
773 1697 896 1793 erat
948 1693 1005 1747 in
1062 1694 1219 1798 ei"?
1254 1697 1328 1798 let
1359 1695 1510 1748 venit
1537 1712 1713 1798 ‘Sulper
1741 1713 1933 1779 CumB
1961 1692 2303 1794 sequebatur
2319 1743 2443 1780 eam
2460 1692 2764 1782 fraterille:
2791 1733 2849 1781 et
2861 1728 3066 1783 iterum
3088 1692 3560 1798 voiiavit,et—sedit

264 1781 512 1836 tentatio
539 1801 551 1849 ;
578 1787 635 1836 et
654 1783 701 1836 si
732 1782 856 1854 quis
880 1799 1010 1836 eum
1048 1782 1290 1849 videbat,
1320 1801 1422 1838 nec
1471 1785 1717 1838 salutare
1743 1802 1871 1840 eum

266 1871 513 1935 volebat,
548 1889 731 1943 neque
769 1873 827 1926 in
859 1873 1056 1927 cellam
1088 1873 1355 1944 recipere;
1381 1878 1439 1927 et
1455 1874 1501 1927 si
1534 1891 1673 1945 opus
1699 1873 1871 1928 habe-

267 1959 370 2014 bat
422 1977 644 2032 panem,
685 1978 850 2017 nemo
877 1962 1174 2017 mutuabat
1197 1963 1248 2016 ei
1275 1982 1286 2029 ;
1312 1969 1368 2016 et
1397 1963 1443 2017 si
1471 1963 1540 2017 de
1562 1980 1743 2017 messe
1777 1980 1870 2017 ve-

270 2048 484 2114 niebat,
519 2066 683 2104 nemo
708 2068 858 2117 eum,
888 2051 1033 2105 sicut
1058 2056 1180 2106 erat
1210 2053 1575 2119 consuetudo,
1600 2057 1663 2106 ut
1683 2053 1872 2106 refice-

267 2144 380 2204 ret,
429 2139 720 2194 invitabat.
747 2141 917 2194 Venit
945 2146 1135 2195 autem
1169 2143 1340 2196 semel
1370 2141 1438 2195 de
1483 2159 1738 2196 messura
1771 2159 1872 2212 per

269 2243 495 2294 cauma,
516 2245 618 2283 nec
643 2246 814 2300 panes
835 2228 1034 2284 habuit
1062 2231 1118 2284 in
1148 2231 1288 2285 cella
1318 2248 1452 2297 sua;
1488 2230 1616 2285 etin
1646 2231 1732 2284 his
1763 2247 1878 2284 om-

267 2315 440 2371 nibus
465 2318 678 2388 gratias
703 2319 908 2388 agebat
934 2319 1069 2374 Deo.
1095 2319 1304 2374 Videns
1351 2325 1543 2373 autem
1573 2321 1722 2374 Deus
1776 2337 1876 2390 pa-

269 2405 538 2461 tientiam
561 2408 702 2477 ejus,
733 2407 966 2462 abstulit
993 2408 1202 2463 bellum
1223 2409 1550 2462 tentationis
1580 2408 1649 2462 ab
1677 2426 1784 2472 eo._
1811 2409 1878 2463 Et

269 2510 401 2549 ecce
423 2495 653 2566 quidam
681 2496 872 2550 statim
894 2497 1098 2551 ostium
1125 2497 1402 2568 pulsabat,
1433 2498 1664 2552 trahens
1693 2515 1878 2552 came-

275 2583 399 2638 lum
421 2589 687 2640 onustum
719 2602 863 2656 pane
893 2585 962 2639 ab
991 2587 1266 2658 Egypto;
1302 2588 1449 2658 quod
1471 2604 1598 2641 cum
1648 2587 1878 2641 vidisset

269 2671 453 2728 frater
480 2673 596 2738 ille,
619 2675 787 2746 cmpit
814 2675 967 2739 ﬂere,
1004 2676 1224 2731 dicens:
1282 2677 1541 2740 Domine,
1603 2693 1716 2730 non
1751 2694 1876 2731 sum

269 2761 485 2834 dignus
509 2763 844 2818 vel-modice
871 2763 1148 2820 tribulari.
1200 2766 1270 2820 Et
1300 2783 1427 2819 cum
1460 2765 1756 2820 transisset
1780 2767 1878 2820 tri-

271 2850 494 2906 bulatio
540 2854 680 2922 ejus,
707 2853 976 2908 tenebant
1005 2871 1131 2909 eum
1159 2855 1361 2910 fratres
1390 2855 1446 2909 in
1474 2855 1628 2910 cellis
1648 2855 1782 2922 suis,
1815 2860 1872 2908 et

267 2942 332 2996 in
361 2943 618 3007 ecclesia,
643 2947 699 2997 et
724 2943 1103 3014 repausabant
1131 2961 1277 2999 eum.

1955 1829 2065 1867 non
2096 1815 2278 1884 longe,
2308 1821 2365 1869 et
2392 1815 2600 1870 factum
2625 1821 2710 1871 est
2725 1817 2828 1871 hoc
2858 1835 2958 1889 per
2969 1819 3137 1873 horas
3149 1824 3285 1874 tres.
3309 1820 3561 1874 Postmo-

1961 1903 2095 1957 dum
2119 1909 2308 1958 autem
2323 1905 2459 1959 dum
2482 1912 2815 1977 sequeretur
2833 1923 2977 1974 eam,
2995 1908 3224 1964 divertit
3236 1909 3362 1980 ipsa
3371 1908 3561 1980 aquila

1953 1991 2012 2045 in
2038 1993 2326 2048 dexteram
2353 2000 2568 2064 partem
2589 1997 2874 2067 sequentis
2895 2014 2975 2063 se,
3000 2003 3058 2052 et
3080 2014 3192 2052 non
3221 1997 3556 2070 comparuit.

1952 2081 2150 2136 Frater
2165 2100 2297 2154 ergo
2312 2083 2405 2138 ille
2415 2085 2783 2140 nihilominus
2796 2086 3219 2157 sequebaturzet
3228 2088 3555 2160 respiciens,

1961 2170 2101 2225 vidit
2124 2176 2235 2226 tres
2263 2173 2491 2228 arbores
2507 2175 2912 2244 palmarum,et
2936 2175 3150 2231 fontem
3169 2193 3348 2248 aquae,
3369 2181 3428 2232 et
3437 2193 3561 2249 spe-

1960 2259 2186 2314 luncam
2215 2261 2766 2334 modicam,dixitque
2791 2283 2801 2317 :
2819 2265 2956 2319 Ecce
2972 2271 3058 2320 est
3068 2265 3221 2320 locus
3236 2282 3403 2337 quem
3419 2266 3560 2321 mihi

1959 2351 2291 2420 praparavit
2342 2351 2636 2407 Dominus.
2663 2353 2730 2406 Et
2759 2353 3051 2424 ingressus
3083 2355 3251 2426 coepit
3291 2354 3560 2410 sederein

1959 2453 2044 2502 ea,
2074 2454 2304 2493 sumens
2345 2439 2532 2494 cibum
2581 2441 2952 2513 dactylorum,
2987 2449 3045 2498 et
3073 2445 3142 2498 de
3171 2443 3325 2499 fonte
3353 2460 3561 2516 aquam

1958 2524 2238 2593 bibens,et
2267 2529 2396 2584 fecit
2422 2530 2628 2585 ibidem
2644 2547 2821 2585 annos
2838 2549 2933 2586 sex
2944 2532 3253 2599 solitarius,
3273 2533 3561 2590 neminem

1958 2615 2172 2670 videns.
2209 2617 2278 2672 Et
2306 2635 2430 2673 ecce
2455 2636 2570 2674 una
2597 2620 2688 2674 die
2718 2621 2870 2675 venit
2899 2622 2970 2675 ad
3000 2637 3131 2676 eum
3147 2621 3403 2678 diabolus
3416 2622 3479 2677 in
3490 2621 3563 2678 si-

1961 2704 2336 2761 militudinem
2367 2709 2661 2778 cujusdam
2690 2710 2927 2765 senioris
2953 2709 3189 2778 abbatis,
3203 2711 3418 2766 habens
3448 2712 3563 2767 vul-

1957 2797 2080 2847 tum
2114 2795 2441 2850 terribilem.
2491 2797 2692 2853 Videns
2745 2803 2936 2854 autem
2983 2799 3145 2855 illum
3171 2800 3346 2855 frater
3371 2801 3466 2856 ille
3494 2801 3564 2856 ti-

1951 2883 2112 2949 muit,
2139 2889 2194 2938 et
2217 2886 2510 2956 procidens
2535 2887 2594 2940 in
2616 2887 2945 2954 orationem,
2978 2889 3240 2944 surrexit.
3266 2890 3337 2944 Et
3360 2889 3497 2944 dicit
3509 2890 3563 2946 ei

1950 2971 2234 3028 diabolus:
2291 2975 2532 3030 Oremus
2584 2975 2812 3044 iterum,
2874 2977 3064 3033 frater.
3119 2979 3188 3033 Et
3241 2985 3557 3050 surgentes,

351 3046 444 3105 23.
477 3048 710 3104 Dicebat
736 3067 909 3105 senex
934 3067 948 3106 :
988 3051 1295 3123 Propterea
1316 3068 1428 3106 non
1459 3041 1937 3123 promovemur.fc
1961 3061 2102 3116 dixit
2129 3062 2383 3118 diabolus
2427 3083 2438 3116 :
2483 3065 2770 3128 Quantum
2798 3041 3068 3138 temporis
3113 3065 3289 3122 habes
3317 3041 3452 3122 hic?

275 3138 418 3210 quia
446 3137 727 3193 nescimus
747 3156 1040 3195 mensuras
1061 3147 1305 3207 nostras,
1332 3157 1515 3212 neque
1546 3141 1878 3212 patientiam

274 3225 556 3282 habemus
599 3228 659 3282 in
707 3245 874 3300 Opere
913 3229 1059 3302 quod
1089 3231 1377 3301 coepimus,
1416 3231 1512 3284 sed
1534 3231 1654 3285 sine
1683 3230 1874 3286 labore

275 3315 471 3388 aliquo
502 3317 764 3372 virtutem
783 3318 1040 3373 volumus
1060 3321 1365 3391 possidere.

351 3421 444 3478 24.
462 3423 701 3488 Quidam
715 3424 1264 3497 fraterinterrogavit
1280 3427 1706 3490 senem,dicens:
1734 3428 1882 3492 Quid

1960 3152 2282 3222 respondit:
2308 3152 2498 3208 Habeo
2527 3169 2704 3209 annos
2732 3171 2846 3210 sex.
2879 3156 3030 3210 Dicit
3057 3155 3108 3210 ei
3143 3155 3391 3210 daemon:
3423 3156 3561 3211 Ecce

1956 3245 2014 3294 te
2043 3241 2286 3296 vicinum
2313 3242 2570 3310 habui,et
2595 3260 2708 3298 non
2724 3245 2883 3315 potui
2905 3260 3262 3315 cognoscere,
3291 3245 3401 3300 nisi
3427 3251 3561 3300 ante

1961 3329 2080 3383 dies
2097 3337 2341 3402 quatuor
2370 3332 2502 3403 quia
2531 3333 2622 3390 hic
2649 3333 2956 3389 habitares.
2990 3334 3061 3389 Et
3085 3351 3188 3404 ego
3216 3350 3330 3404 non
3345 3334 3563 3406 longea

1965 3425 2021 3473 te
2057 3419 2236 3474 habeo
2264 3422 2700 3479 monasterium:
2725 3428 2780 3478 et
2792 3439 2918 3478 ecce
2949 3424 3084 3479 anni
3112 3429 3246 3478 sunt
3273 3423 3558 3493 undecim,

281 3510 450 3579 facio,
485 3513 620 3583 quia
647 3514 911 3584 cogitatio
941 3531 1067 3569 mea
1094 3532 1206 3570 non
1233 3517 1470 3571 dimittit
1487 3534 1576 3571 me
1605 3518 1744 3572 hora
1771 3533 1877 3572 una

1968 3509 2114 3579 quod
2147 3509 2214 3563 de
2241 3511 2581 3565 monasterio
2612 3528 2726 3567 non
2754 3512 3016 3568 exivinisi
3039 3513 3564 3586 hodie,quocogno-

277 3600 482 3655 sedere
506 3601 566 3656 in
585 3601 726 3657 cella
745 3603 898 3657 mea?
913 3604 982 3658 Et
995 3604 1130 3658 dicit
1144 3605 1195 3658 ei
1216 3622 1400 3660 senex:
1435 3606 1561 3670 Fili,
1581 3613 1880 3674 revertere,

277 3687 416 3745 sede
443 3690 504 3745 in
534 3692 674 3746 cella
693 3696 812 3760 tua,
872 3697 925 3747 et
956 3692 1150 3748 labora
1201 3694 1462 3749 manibus
1513 3696 1647 3763 tuis,
1681 3701 1738 3750 et
1781 3713 1880 3751 ora

275 3779 464 3834 Deum
483 3779 846 3849 incessanter,
881 3787 939 3837 et
957 3783 1110 3854 jacta
1133 3783 1441 3854 cogitatum
1480 3789 1644 3839 tuum
1673 3785 1731 3840 in
1773 3786 1881 3840 Do-

276 3867 460 3934 mino,
483 3874 540 3923 et
581 3886 652 3924 ne
680 3875 736 3925 te
767 3871 892 3942 quis
934 3872 1166 3927 seducat
1190 3874 1340 3928 exire
1368 3874 1519 3928 inde.
1553 3875 1622 3928 Et
1635 3874 1877 3929 dicebat:

274 3957 429 4022 Quia
457 3964 579 4013 erat
604 3960 832 4030 quidam
862 3961 1182 4018 adolescens
1210 3963 1514 4030 saecularis,
1547 3963 1760 4019 habens
1780 3980 1880 4035 pa—

270 4052 450 4114 trem,
483 4053 538 4101 et
563 4047 920 4105 desiderabat
941 4051 1061 4106 ﬁeri
1091 4054 1398 4107 monachus
1430 4070 1441 4106 :
1479 4057 1536 4106 et
1574 4052 1708 4107 dum
1739 4053 1882 4107 mul-

273 4142 408 4191 tum
458 4136 799 4207 supplicaret
835 4138 981 4210 patri
1013 4155 1114 4194 suo
1143 4145 1207 4194 ut
1234 4140 1542 4195 dimitteret
1571 4157 1700 4196 eum
1752 4157 1881 4196 con-

273 4226 517 4293 versari,
535 4243 648 4281 non
673 4229 1060 4299 acquiescebat
1084 4249 1096 4297 ;
1124 4231 1482 4301 postmodum
1503 4235 1692 4286 autem
1713 4248 1879 4302 roga-

274 4322 380 4372 tus
407 4332 440 4370 a
460 4315 717 4371 ﬁdelibus
742 4316 936 4372 amicis
959 4319 1046 4372 vix
1067 4319 1359 4391 acquievit.
1401 4321 1470 4374 Et
1498 4337 1754 4392 egressus
1773 4321 1883 4375 fra-

1966 3598 2020 3652 vi
2052 3599 2198 3669 quod
2229 3599 2320 3653 hic
2346 3600 2486 3654 mihi
2515 3601 2574 3654 in
2601 3605 2798 3667 640
2829 3602 3010 3658 vicino
3042 3601 3346 3658 habitares.
3377 3603 3448 3658 Et
3471 3620 3561 3658 co-

1959 3687 2131 3758 gitavi
2153 3705 2374 3744 mecum
2397 3689 2610 3744 dicens:
2639 3691 2852 3746 Vadam
2873 3692 2946 3747 ad
2965 3692 3250 3747 hominem
3272 3691 3562 3748 Deiistum

1963 3782 2020 3831 et
2047 3793 2176 3833 cum
2203 3795 2269 3833 eo
2302 3779 2586 3834 conferam
2620 3781 2769 3852 quod
2799 3786 2987 3853 potest
3014 3797 3135 3837 esse
3163 3782 3332 3837 saluti
3361 3782 3562 3838 anime

1963 3871 2168 3921 nostrae
2187 3866 2215 3921 ?
2255 3868 2325 3922 Et
2354 3868 2458 3923 hoc
2499 3869 2646 3936 dico,
2687 3869 2880 3938 frater,
2911 3870 3043 3942 quia
3071 3871 3212 3926 nihil
3241 3870 3563 3942 proficimus

1962 3956 2220 4011 sedentes
2251 3958 2311 4011 in
2340 3958 2492 4012 cellis
2520 3959 2747 4024 nostris,
2763 3960 2897 4031 quia
2923 3976 3124 4032 corpus
3143 3966 3202 4016 et
3228 3959 3561 4032 sanguinem

1965 4045 2174 4100 Christi
2201 4063 2314 4101 non
2343 4047 2702 4119 percipimus,
2736 4055 2793 4103 et
2814 4049 2987 4104 timeo
3026 4067 3098 4105 ne
3128 4049 3438 4104 efﬁciamur
3465 4066 3561 4104 ex-

1962 4136 2070 4190 teri
2101 4134 2170 4189 ab
2199 4152 2283 4200 eo,
2317 4136 2364 4190 si
2391 4152 2494 4190 nos
2520 4137 2590 4191 ab
2619 4138 2724 4192 hoc
2765 4139 3034 4210 mysterio
3078 4139 3557 4209 elongaverimus;

1963 4225 2059 4278 sed
2090 4224 2212 4279 dico
2239 4223 2560 4292 tibi,frater,
2593 4243 2719 4280 ecce
2751 4227 2880 4281 hinc
2902 4227 2974 4282 ad
2997 4227 3109 4282 tria
3123 4227 3301 4282 millia
3322 4233 3408 4282 est
3436 4243 3562 4281 mo-

1964 4314 2273 4368 nasterium
2294 4313 2505 4368 habens
2535 4315 2961 4387 presbyterum;
2993 4331 3187 4371 eamus
3214 4320 3341 4371 cata
3367 4315 3563 4372 Domi-

275 4412 377 4459 ter
401 4405 496 4459 ille
552 4406 895 4473 adolescens,
948 4406 1198 4462 introivit
1241 4409 1300 4462 in
1330 4410 1735 4463 monasterium
1769 4428 1782 4477 ;
1826 4403 2156 4463 etDnicum
2181 4403 2350 4470 diem,
2374 4408 2474 4459 aut
2507 4410 2636 4475 post
2649 4405 2790 4460 duas
2810 4405 3208 4474 hebdomadas,
3244 4411 3303 4460 et
3327 4405 3564 4477 accipia-

279 4495 468 4549 factus
497 4511 549 4547 m
564 4495 807 4550 machus
837 4497 1006 4567 ccepit
1033 4513 1199 4551 omne
1231 4514 1371 4568 opus
1397 4498 1726 4554 monasterii
1751 4515 1881 4570 per-

276 4583 427 4638 fecte
456 4584 742 4654 perﬁcere,
773 4590 830 4639 et
867 4586 1128 4656 jejunare
1177 4587 1426 4656 quotidie
1459 4606 1470 4655 ;
1504 4587 1670 4659 coepit
1711 4587 1882 4642 etiam

277 4678 342 4728 et
369 4671 647 4728 biduanas
673 4673 972 4739 abstinere,
992 4674 1250 4729 similiter
1267 4677 1440 4730 semel
1461 4677 1518 4730 in
1534 4677 1884 4732 hebdomada

275 4762 535 4817 reﬁcere.
568 4762 809 4817 Videbat
849 4769 1040 4817 autem
1069 4781 1201 4818 eum
1235 4764 1408 4818 abbas
1437 4782 1591 4832 suus,
1624 4771 1682 4820 et
1708 4766 1883 4820 mira-

276 4851 472 4914 batur,
516 4857 574 4906 et
598 4851 963 4907 benedicebat
984 4853 1164 4908 Deum
1183 4853 1241 4907 in
1266 4853 1608 4910 abstinentia
1621 4861 1676 4911 et
1696 4855 1884 4911 labore

275 4940 482 5012 ipsius.
534 4941 786 5011 Contigit
837 4958 969 5014 ergo
1010 4948 1136 5014 post
1189 4942 1416 5014 aliquod
1445 4950 1687 5017 tempus,
1719 4945 1885 5016 coepit

274 5030 462 5084 frater
480 5029 571 5082 ille
613 5031 925 5101 supplicare
956 5031 1146 5086 abbati
1193 5049 1312 5098 suo,
1375 5033 1592 5088 dicens:
1629 5035 1784 5105 Rogo
1805 5040 1881 5101 te,

275 5119 523 5186 abba,ut
541 5118 793 5173 dimittas
818 5137 927 5186 me,
962 5126 1019 5175 et
1056 5122 1256 5176 vadam
1291 5121 1348 5176 in
1401 5139 1608 5178 eremo.
1660 5123 1808 5178 Dicit
1835 5124 1886 5178 ei

275 5207 479 5263 abbas:
499 5207 744 5274 Fili,noli
758 5209 862 5264 hoc
882 5211 1267 5280 cogitare,non
1286 5217 1444 5284 potes
1460 5213 1693 5267 sull‘erre
1712 5213 1886 5267 talem

277 5297 569 5364 laborem,
592 5303 649 5352 et
678 5305 950 5369 praeterea
972 5301 1317 5356 tcntationes
1350 5301 1556 5356 diaboli
1609 5308 1666 5356 et
1691 5319 1884 5357 versu-

276 5388 394 5443 tias
423 5388 549 5458 ejus
579 5405 592 5454 ;
639 5393 696 5442 et
723 5405 849 5442 cum
881 5389 1178 5460 contigerit
1213 5391 1316 5445 tibi
1364 5391 1621 5458 tentatio,
1655 5408 1767 5446 non
1797 5391 1886 5446 in-

277 5477 478 5533 venies
511 5476 588 5530 ibi
612 5476 708 5548 qui
734 5483 788 5533 te
835 5479 1154 5535 consoletur
1182 5497 1212 5534 a
1237 5479 1754 5551 perturbationibus
1783 5481 1888 5536 ini-

278 5566 684 5638 mici,qu'aetibi
702 5568 867 5623 illatae
884 5569 1218 5626 fuerint.llle
1235 5575 1423 5624 autem
1449 5571 1616 5642 ccepit
1645 5571 1886 5642 amplius

1963 4511 2089 4549 mus
2117 4511 2318 4567 corpus
2347 4501 2404 4550 et
2431 4495 2764 4566 sanguinem
2796 4497 3026 4565 Christi,
3041 4501 3097 4552 et
3108 4500 3461 4552 revertamur
3487 4495 3563 4552 ad

1964 4584 2131 4638 cellas
2159 4590 2399 4639 nostras.
2437 4584 2657 4639 Placuit
2683 4590 2875 4641 autem
2923 4586 3036 4640 haec
3065 4586 3254 4642 suasio
3283 4585 3564 4640 diabolica

1964 4673 2126 4727 fratri
2157 4673 2258 4727 illi.
2303 4674 2370 4727 Et
2396 4673 2651 4729 veniente
2687 4675 2976 4730 Dominico
3005 4675 3115 4741 die,
3153 4691 3280 4731 ecce
3307 4673 3563 4730 diabolus

1966 4762 2120 4817 venit
2144 4767 2200 4816 et
2227 4762 2362 4817 dicit
2387 4763 2438 4817 ei
2471 4783 2482 4818 :
2521 4765 2681 4826 Veni,
2738 4781 2952 4826 eamus.
2994 4765 3127 4835 quia
3161 4764 3302 4819 hora
3341 4769 3452 4823 est.
3490 4763 3564 4820 Et

1967 4857 2232 4908 exeuntes
2282 4859 2651 4923 perrexerunt
2677 4855 2745 4908 ad
2777 4853 3106 4925 praedictum
3136 4853 3563 4922 monasterium,

1967 4942 2063 4997 ubi
2090 4942 2184 4996 ille
2207 4942 2500 5014 presbyter
2521 4950 2644 4998 erat
2667 4962 2678 5009 ;
2704 4949 2760 4996 et
2784 4943 3021 5013 ingressi
3056 4942 3114 4996 in
3139 4943 3564 5010 ecclesiam,mi-

1968 5039 2164 5087 serunt
2177 5049 2237 5086 se
2249 5032 2306 5086 in
2318 5033 2630 5087 orationem
2639 5075 2649 5086 .
2658 5033 2724 5086 Et
2734 5048 3037 5102 exsurgens
3047 5031 3115 5086 ab
3127 5033 3379 5089 oratione
3389 5034 3566 5091 frater

1967 5121 2080 5188 ille,
2109 5122 2416 5192 respiciens
2435 5139 2545 5175 non
2575 5122 2786 5175 invenit
2812 5121 2961 5175 hunc
2980 5121 3077 5192 qui
3110 5121 3566 5181 adduxerateum

1968 5211 2116 5277 illuc,
2135 5216 2191 5266 et
2205 5211 2370 5264 dixit:
2391 5210 2495 5265 Ubi
2515 5215 2680 5281 putas
2697 5211 2966 5281 perrexit?
2985 5227 3055 5265 ne
3070 5212 3143 5266 ad
3161 5229 3456 5270 commune
3471 5230 3566 5269 ne-

1968 5300 2270 5355 cessarium
2283 5299 2626 5353 ambulavit?
2653 5298 2727 5353 Et
2744 5315 2872 5353 cum
2888 5299 2986 5354 diu
3001 5301 3442 5369 sustineret,non
3470 5319 3564 5356 ve-

1968 5390 2070 5444 nit.
2105 5389 2468 5443 Postmodum
2495 5393 2684 5443 autem
2701 5388 2888 5444 exiens
2901 5389 3396 5463 foras,requirebat
3411 5406 3564 5448 eum.

1969 5479 2038 5535 Et
2056 5496 2183 5534 cum
2201 5495 2311 5532 non
2322 5478 2641 5549 reperisset,
2657 5478 2792 5533 dixit
2805 5480 2877 5533 ad
2895 5480 3096 5536 fratres
3108 5481 3214 5535 loci
3233 5480 3382 5536 illius
3394 5479 3566 5533 inter-

1969 5586 2173 5640 rogans
2202 5585 2297 5623 eos
2324 5587 2333 5621 :
2357 5568 2462 5622 Ubi
2484 5573 2565 5622 est
2592 5567 2763 5624 abbas
2793 5569 2904 5637 ille,
2939 5570 3033 5640 qui
3063 5585 3280 5626 mecum
3307 5569 3366 5624 in
3395 5567 3566 5625 eccle-
