3964 6206
513 335 618 396 899

1642 317 1735 372 DE
1772 312 1962 371 VITIS
2000 304 2298 363 PATRUM
2337 309 2553 366 LIBER
2592 313 2659 366 V.

3632 331 3718 391 900

512 466 658 521 siam
685 464 971 532 ingressus
1001 453 1124 508 est?
1154 451 1225 507 Et
1245 449 1440 504 dicunt
1460 445 1511 500 ei
1532 463 1544 497 :
1571 445 1684 498 Nos
1713 439 1998 495 neminem
2022 433 2104 487 vi-
2125 433 2176 492 A
2194 449 2482 506 nunquam
2508 437 2674 493 debet
2701 441 3120 510 quovis,suasus
3150 446 3220 500 ab
3241 448 3436 520 aliquo,
3453 456 3616 524 egredi
3629 461 3719 513 cel-

512 556 698 609 dimus
727 549 899 603 alium
929 544 1040 599 nisi
1067 549 1123 596 te
1171 544 1415 595 tantum.
1466 537 1622 590 Tunc
1656 529 1913 601 cognovit
1937 527 2111 580 frater

512 644 605 696 ille
635 640 766 711 quia
796 638 1012 691 daemon
1041 632 1258 692 fuisset,
1282 635 1338 682 et
1358 626 1499 681 dixit
1523 623 1693 678 :Vide
1721 637 1850 674 cum
1878 633 1988 688 qua
2017 631 2108 669 ar-

508 731 667 802 gutia
680 726 933 782 diabolus
963 739 1052 776 me
1069 720 1234 791 ejecit
1261 719 1329 771 de
1343 717 1483 770 cella
1497 730 1649 779 mea;
1664 711 1760 764 sed
1775 716 1967 763 tamen
1996 721 2109 758 non

511 820 582 874 ad
613 835 703 872 me
729 815 989 888 pertinet,
1027 811 1157 882 quia
1184 809 1253 862 ad
1271 807 1480 861 bonum
1499 820 1638 874 opus
1659 800 1784 854 veni
1810 818 1822 865 ;
1861 795 2107 868 percipio

509 923 712 978 corpus
730 885 798 959 et
823 901 1155 973 sanguinem
1178 896 1404 960 Christi,
1438 899 1494 946 et
1523 892 1603 945 sic
1626 893 1875 943 revertar
1904 885 1972 938 ad
2004 885 2110 938 cel-

509 998 624 1052 lam
652 1011 855 1051 meam.
880 994 950 1048 Et
987 995 1112 1062 post
1150 988 1322 1041 factas
1345 984 1544 1038 missas
1566 981 1624 1034 in
1647 977 1896 1042 ecclesia,
1920 974 2108 1028 volens

499 1085 711 1141 rreverti
737 1085 914 1139 frater
932 1081 1025 1134 ille
1048 1079 1118 1133 ad
1139 1077 1335 1131 cellam
1360 1088 1539 1136 suam,
1576 1067 1758 1123 tenuit
1779 1081 1908 1120 eum
1937 1062 2109 1116 abbas

512 1172 839 1230 monasterii
860 1169 1036 1242 ipsius
1056 1209 1069 1234 ,
1097 1167 1312 1221 dicens:
1354 1162 1475 1216 Nisi
1511 1156 1769 1213 refeceris
1798 1153 2105 1216 nobiscum,

512 1281 625 1321 non
646 1263 994 1318 dimittemus
1013 1264 1070 1311 te
1093 1253 1389 1310 reverti.Et
1402 1266 1528 1304 cum
1545 1245 1885 1318 percepisset
1903 1241 2107 1304 cibum,

512 1369 770 1409 reversus
791 1355 876 1405 est
890 1350 949 1402 in
976 1347 1173 1401 cellam
1187 1359 1367 1397 suam.
1393 1341 1460 1394 Et
1492 1354 1616 1392 ecce
1635 1337 1839 1390 iterum
1856 1330 2111 1385 diabolus

516 1443 665 1498 venit
691 1442 751 1494 in
780 1436 1207 1494 similitudinem
1239 1429 1461 1502 juvenis
1482 1425 1774 1497 cujusdam
1804 1419 2105 1483 saecularis,

526 1539 584 1586 et
612 1531 779 1602 cuepit
806 1544 933 1582 eum
953 1525 1230 1596 respicere
1247 1538 1281 1574 a
1299 1533 1519 1574 summo
1533 1514 1713 1585 capite
1732 1527 1910 1582 usque
1931 1509 2000 1562 ad
2023 1524 2116 1579 pe-

514 1621 630 1684 des,
665 1597 722 1673 et
745 1619 960 1671 dicere:
1014 1615 1136 1685 Ipse
1157 1616 1242 1664 est
1270 1610 1374 1663 iste
1392 1607 1419 1660 τὶ
1462 1608 1588 1660 Non
1605 1609 1690 1658 est
1711 1602 1818 1655 hic.
1846 1599 1922 1653 Et
1950 1597 2116 1668 coepit

515 1726 642 1764 eum
674 1707 1049 1761 considerare.
1103 1703 1169 1756 Et
1199 1699 1340 1754 dixit
1368 1697 1420 1751 ei
1451 1696 1655 1748 frater:
1699 1692 1885 1754 Quare
1915 1704 2004 1741 me
2035 1687 2114 1740 sic

2193 524 2306 577 lam
2327 542 2505 580 suam.

2263 613 2351 669 ‘25.
2411 616 2701 673 Venerunt
2722 622 2952 690 quidam
2981 623 3039 678 in
3074 642 3259 680 eremo
3281 629 3349 682 ad
3379 647 3550 685 senem
3572 651 3724 704 quem-

2192 703 2328 802 dam.
2356 721 2650 802 magnum,
2683 716 2737 763 et
2766 711 3027 767 dixerunt
3054 715 3135 768 ei:
3180 717 3461 780 Quomodo
3481 703 3725 780 contentus

2191 808 2251 844 es
2273 792 2383 856 hic,
2417 794 2579 861 abba,
2613 803 2670 850 et
2690 799 2932 854 sustines
2962 802 3209 858 laborem
3226 807 3542 876 hunclRu/f.,
3559 815 3638 865 lib.
3659 828 3707 868 ul

2513 885 2523 894 .
3068 855 3108 857 η
3130 855 3480 873 _-_-_-,-.",
3509 855 3520 862 .
3559 855 3638 865 ..η

2194 897 2252 935 η.
2283 881 2331 949 3)
2375 883 2443 936 Et
2471 885 2611 939 dixit
2636 887 2715 940 eis
2743 905 2942 944 senex:
2995 893 3168 947 Totus
3189 894 3344 948 labor
3370 855 3722 968 tempdrismei:

2193 987 2358 1040 quem
2386 972 2476 1026 hic
2503 976 2773 1043 sustineo,
2827 995 2936 1033 non
2969 987 3056 1035 est
3102 983 3336 1038 idoneus
3372 944 3655 1057 com'parari

2195 1075 2364 1113 unam
2417 1062 2566 1116 diem
2605 1070 3014 1124 tormentorum
3051 1088 3172 1142 quae
3201 1075 3567 1143 peccatoribus
3592 1077 3641 1131 in
3664 1082 3730 1134 tu-

2193 1152 2320 1202 turo
2342 1153 2542 1206 saeculo
2563 1165 2970 1226 praeparantur.

2263 1238 2350 1295 ‘26.
2385 1241 2618 1296 Dicebat
2645 1260 2842 1300 senex:
2891 1248 3032 1311 Quia
3053 1251 3268 1321 antiqui
3321 1269 3429 1306 non
3455 1253 3554 1307 cito
3573 1255 3734 1325 migra-

2195 1327 2331 1426 bant
2353 1331 2437 1426 de
2466 1332 2586 1426 loco
2610 1334 2679 1388 ad
2709 1335 2912 1402 locum,
2945 1338 3052 1391 nisi
3099 1340 3241 1394 forte
3271 1359 3371 1411 pro
3403 1342 3571 1396 tribus
3587 1344 3733 1412 rebus,

2194 1417 2249 1471 1d
2281 1421 2441 1484 cst,si
2472 1422 2596 1492 quis
2626 1429 2765 1491 erat,
2791 1426 3329 1496 quicontristaretur
3354 1431 3599 1485 adversus
3615 1449 3735 1501 eum,

2197 1512 2253 1560 et
2280 1509 2628 1565 satisfaciens
2661 1513 2712 1566 ei
2739 1531 2841 1584 per
2861 1517 3048 1570 omnia
3081 1535 3192 1572 non
3226 1520 3495 1590 potuisset
3517 1538 3627 1574 eum
3649 1523 3737 1592 pla-

2196 1612 2324 1651 care
2353 1617 2366 1665 ;
2389 1606 2488 1653 aut
2512 1601 2718 1656 iterum
2746 1603 2791 1657 si
2821 1605 3148 1676 contigisset
3176 1614 3241 1662 ut
3268 1625 3303 1661 a
3323 1609 3562 1679 pluribus
3584 1611 3736 1664 lauda-

2195 1691 2370 1753 retur,
2401 1694 2501 1742 aut
2519 1691 2566 1743 si
2597 1691 2654 1744 in
2671 1694 2981 1748 tentatione
2999 1695 3699 1753 fornicationisincurrisset.

513 1797 745 1869 respicis
766 1795 794 1849 ?
814 1794 994 1848 Atille
1013 1791 1092 1845 ait
1116 1807 1128 1847 :
1162 1790 1305 1842 Puto
1334 1801 1446 1839 non
1471 1799 1561 1836 me
1577 1778 1890 1851 cognoscis:
1921 1781 2111 1869 tamen
2129 1786 2176 1846 Β
2226 1863 2236 1869 -
2269 1775 2354 1830 Ξῖ.
2384 1778 2581 1832 Frater
2601 1781 2829 1851 quidam
2862 1783 3004 1838 dixit
3027 1784 3214 1840 abbati
3236 1787 3468 1841 Arsenio
3491 1808 3501 1842 :
3533 1788 3654 1852 Quid
3671 1789 3735 1842 fa-

513 1863 641 1959 pos-t
667 1889 889 1940 tantum
909 1889 1130 1951 tempus
1152 1875 1432 1948 quomodo
1451 1889 1540 1926 me
1561 1869 1733 1923 habes
1751 1863 2111 1936 cognoscere?

515 1993 622 2046 ego
653 1991 778 2029 sum
804 1973 1018 2026 vicinus
1062 1967 1238 2040 patris
1266 1963 1370 2029 tui,
1397 1961 1546 2015 filius
1575 1959 1745 2010 illius.
1780 1953 2111 2019 Quomodo?

513 2045 641 2121 Non
672 2068 758 2116 est
786 2062 967 2115 dictus
997 2064 1157 2130 pater
1186 2061 1319 2110 tuus
1349 2053 1448 2115 sic,
1476 2054 1532 2103 et
1553 2052 1734 2101 mater
1749 2051 1848 2100 tua
1875 2045 1988 2097 tale
2016 2058 2111 2095 no-

514 2171 645 2210 men
668 2169 782 2207 non
817 2150 1096 2217 habuit,et
1129 2161 1289 2200 soror
1311 2149 1411 2197 tua
1433 2141 1513 2194 sic
1536 2155 1649 2192 non
1672 2143 1759 2190 est
1781 2135 2012 2196 dicta.,et
2046 2138 2109 2186 tu

513 2244 592 2299 sic
611 2259 724 2297 non
743 2239 956 2294 vocaris
967 2238 992 2290 ?
1012 2242 1068 2290 et
1080 2232 1358 2304 mancipia
1377 2231 1474 2283 illa
1486 2233 1543 2282 et
1562 2227 1659 2280 illa
1673 2225 1751 2278 sic
1762 2240 1870 2277 non
1885 2227 2018 2276 sunt
2032 2221 2112 2274 di-

512 2333 628 2388 cta?
649 2333 830 2387 Mater
856 2343 986 2382 vero
1013 2332 1112 2379 tua
1130 2329 1187 2378 et
1205 2337 1364 2376 soror
1391 2322 1521 2373 ante
1541 2322 1656 2370 tres
1684 2330 1860 2367 annos
1886 2315 2119 2365 mortuae

512 2428 646 2477 sunt
671 2441 683 2489 ;
715 2424 875 2492 pater
901 2433 1031 2470 vero
1055 2421 1187 2469 tuus
1213 2410 1379 2465 modo
1409 2406 1703 2461 defunctus
1731 2408 1835 2467 est,
1868 2407 1925 2454 et
1950 2407 2007 2454 te
2035 2400 2116 2453 fe-

513 2512 591 2566 cit
619 2489 918 2571 haeredem,
953 2504 1175 2558 dicens:
1200 2499 1302 2555 Cui
1332 2496 1510 2552 habeo
1540 2491 1823 2545 dimittere
1853 2489 2117 2543 substan-

511 2600 653 2653 tiam
683 2602 889 2660 meam,
922 2592 1030 2647 nisi
1059 2591 1173 2645 ﬁlio
1204 2604 1329 2666 meo
1372 2585 1490 2638 viro
1522 2585 1733 2646 sancto,
1765 2579 1860 2649 qui
1889 2579 2117 2648 reliquit

513 2688 797 2752 saeculum,
815 2690 871 2738 et
882 2683 1021 2737 abiit
1042 2685 1168 2752 post
1183 2679 1361 2733 Deum
1381 2680 1403 2728 ?
1423 2671 1535 2744 Ipsi
1555 2669 1778 2723 dimitto
1800 2667 1988 2722 omnia
2014 2666 2112 2720 bo-

513 2794 589 2832 na
639 2791 786 2830 mea.
818 2772 984 2828 Modo
1015 2774 1206 2824 autem
1237 2766 1333 2838 qui
1361 2764 1531 2819 habet
1573 2758 1894 2823 Dominum,
1928 2763 1985 2810 et
2012 2755 2117 2809 scit

511 2865 608 2921 ubi
635 2869 737 2930 est,
772 2863 937 2926 dicat,
960 2865 1025 2915 ut
1052 2859 1280 2912 veniens
1308 2856 1585 2910 distrahat
1613 2867 1837 2908 omnem
1864 2846 2116 2901 substan-

516 2956 675 3020 tiam,
708 2960 767 3008 et
792 2955 986 3022 eroget
1027 2964 1151 3002 eam
1184 2945 1526 3018 pauperibus
1556 2960 1656 3015 pro
1681 2941 1872 2995 anima
1909 2952 2032 2990 mea
2063 2940 2118 2988 et

517 3060 639 3100 sua.
675 3044 744 3098 Et
770 3042 1140 3113 perrexerunt
1156 3035 1319 3090 multi
1340 3034 1689 3104 requirentes
1709 3035 1784 3096 te,
1808 3033 1865 3082 et
1888 3025 2117 3080 minime

2193 1881 2294 1964 (ἔξοἶ
2328 1866 2488 1934 abba,
2524 1869 2656 1938 quia
2682 1871 2904 1942 affligor
2925 1890 2960 1926 a
2995 1875 3337 1944 cogitatione
3370 1893 3506 1942 mea,
3536 1877 3694 1931 dicens
3724 1898 3732 1929 :

2193 1953 2336 2052 Qunia
2356 1973 2467 2010 non
2489 1963 2648 2052 potes
2671 1961 2951 2052 jejunare,
2974 1968 3166 2028 589
3193 1981 3377 2035 neque
3414 1964 3656 2028 laborare,
3673 1965 3734 2019 vel

2194 2044 2452 2099 Infirmos
2475 2047 2721 2115 visitare,
2756 2050 2886 2120 quia
2908 2056 2966 2104 et
2993 2052 3096 2105 hoc
3126 2069 3344 2108 merces
3369 2053 3736 2108 est.Vidensau-

2193 2136 2306 2185 tem
2345 2151 2516 2188 senex
2576 2136 2852 2192 diabolica
2889 2141 3106 2194 semina
3152 2159 3297 2208 esse,
3330 2144 3462 2196 dixit
3491 2143 3569 2196 ei:
3601 2143 3733 2205 Vade,

2203 2223 2495 2289 manduca,
2531 2225 2676 2291 bibe,
2711 2233 2768 2280 et
2787 2229 2988 2293 dormi,
3011 2232 3408 2286 tantummodo
3431 2233 3494 2285 de
3519 2232 3638 2285 cella
3654 2247 3737 2285 non

2202 2325 2385 2377 exeas,
2412 2313 2592 2367 sciens
2616 2315 2747 2385 quia
2765 2319 3186 2387 perseverantia
3204 2321 3360 2374 cellae
3390 2321 3620 2391 perducit
3643 2336 3735 2374 mo-

2202 2401 2442 2454 nachum
2461 2403 2519 2455 in
2541 2404 2794 2458 ordinem
2813 2424 3000 2461 suum.
3027 2409 3274 2472 Quicum
3306 2409 3522 2464 fecisset
3536 2416 3634 2462 tres
3650 2409 3738 2462 dies

2200 2489 2530 2545 extmdiatus
2552 2499 2720 2559 est,et
2748 2495 3035 2551 inveniens
3066 2515 3276 2568 paucas
3307 2499 3587 2570 palmulas,
3616 2497 3739 2552 scidit

2200 2595 2294 2678 eas
2319 2587 2437 2678 ζει.
2450 2582 2656 2637 iterum
2685 2584 2742 2638 in
2763 2586 3008 2640 crastino
3038 2588 3207 2658 cmpit
3235 2589 3479 2659 plectam
3520 2589 3671 2642 facere
3693 2602 3740 2640 ex

2198 2670 2297 2722 eis.
2334 2670 2441 2733 Qui
2472 2689 2599 2725 cum
2659 2675 2948 2741 esurisset,
3000 2677 3141 2730 dixit
3177 2677 3333 2731 intra
3372 2695 3469 2732 se:
3511 2675 3742 2731 Eccealia

2197 2775 2387 2828 paucae
2414 2766 2548 2814 sunt
2565 2763 2784 2833 palmae,
2811 2765 3024 2835 explico
3046 2782 3159 2830 eas,
3192 2773 3248 2820 et
3267 2743 3553 2824 manduco.
3573 2767 3738 2820 Etcum

2197 2850 2659 2920 perexpendisset
2687 2869 2801 2919 eas,
2835 2854 2974 2908 dixit
3002 2855 3227 2909 iterum:
3254 2857 3408 2927 Lego
3430 2853 3742 2927 parum,etsic

2201 2938 2496 2994 manduco.
2532 2941 2745 2995 Etcum
2766 2943 3010 3012 legisset,
3049 2943 3224 2998 dixit:
3258 2945 3453 2999 Dicam
3480 2945 3742 3014 aliquanto:

2201 3028 2465 3096 psalmos,
2500 3036 2556 3083 et
2569 3031 2688 3100 jam
2717 3047 2947 3085 securus
2987 3033 3288 3088 manduco.
3344 3034 3412 3087 Et
3429 3033 3505 3086 ita
3519 3030 3740 3102 paulatim

516 3135 853 3189 invenerunt
885 3149 898 3196 ;
959 3144 1062 3198 ego
1117 3132 1306 3180 autem
1337 3123 1563 3178 veniens
1593 3139 1659 3175 ex
1687 3117 1975 3174 occasione
2019 3130 2119 3185 pro
2140 3097 2186 3160 α
2204 3117 2531 3187 proﬁciebat
2560 3097 2674 3174 Deo
2695 3126 3049 3191 cooperante,
3082 3121 3259 3176 donec
3308 3097 3602 3176 veniret-ad
3624 3117 3741 3173 ordi-

517 3224 760 3296 quodam
783 3234 950 3291 opere
977 3217 1106 3282 huc,
1137 3213 1368 3284 cognovi
1389 3219 1472 3266 te:
1492 3211 1641 3266 unde
1670 3226 1782 3263 non
1811 3206 1980 3261 facias
2006 3220 2121 3258 mo-

517 3332 627 3378 ras,
661 3311 758 3367 sed
790 3308 910 3364 veni
936 3313 992 3360 et
1018 3305 1194 3358 vende
1223 3302 1427 3366 omnia,
1473 3306 1530 3355 et
1558 3300 1642 3353 fac
1671 3296 1980 3352 secundum
2022 3309 2120 3344 vo-

511 3405 788 3459 luntatem
819 3396 994 3469 patris
1023 3394 1126 3449 tui.
1156 3391 1518 3463 Respondens
1541 3383 2119 3442 fraterilledixitzNon

513 3507 741 3548 necesse
797 3486 975 3541 habeo
999 3481 1202 3537 reverti
1232 3481 1303 3535 ad
1333 3480 1615 3534 saeculum.
1653 3475 1800 3530 Dicit
1831 3472 2112 3527 diabolus:

517 3583 578 3638 Si
604 3596 715 3635 non
737 3575 976 3642 veneris,
1007 3578 1065 3627 et
1087 3569 1389 3643 deperierit
1415 3566 1730 3624 substantia
1760 3565 1876 3620 illa;
1907 3562 1965 3615 in
1991 3576 2118 3614 con-

516 3676 712 3742 spectu
740 3667 843 3723 Dei
872 3670 934 3719 tu
994 3661 1191 3717 exinde
1223 3659 1423 3713 reddes
1450 3657 1746 3712 rationem.
1781 3651 1926 3716 Quid
1967 3650 2116 3704 enim

515 3738 651 3812 mali
679 3755 803 3810 dico
832 3753 1026 3818 tibi,ut
1049 3749 1240 3802 venias
1271 3751 1329 3800 et
1358 3761 1557 3815 eroges
1593 3761 1660 3798 ea
1689 3738 2031 3813 pauperibus
2061 3741 2118 3790 et

517 3844 728 3916 egenis,
756 3839 1035 3913 quomodo
1062 3838 1244 3891 bonus
1266 3834 1635 3905 dispensator,
1661 3837 1724 3885 ut
1737 3846 1850 3884 non
1871 3845 1904 3882 a
1931 3842 2114 3881 mere-

514 3931 749 3989 tricibus
778 3934 837 3984 et
864 3928 1011 3982 male
1039 3923 1350 3979 viventibus
1381 3922 1700 3987 extricetur,
1725 3919 1870 3990 quod
1900 3933 2113 3988 paupe-

515 4022 673 4078 ribus
683 4019 976 4075 dimissum
997 4014 1121 4070 est?
1147 4018 1246 4067 aut
1265 4011 1398 4083 quid
1421 4026 1716 4065 onerosum
1738 4014 1822 4062 est
1848 4012 1912 4061 ut
1923 4005 2109 4061 venias

517 4118 574 4166 et
609 4109 777 4164 facias
805 4108 1196 4176 eleemosynas
1229 4100 1532 4156 secundum
1565 4100 1908 4154 voluntatem
1932 4094 2108 4167 patris

515 4201 600 4257 tui
632 4215 734 4272 pro
777 4197 967 4252 anima
1020 4199 1141 4255 tua,
1170 4198 1227 4246 et
1259 4190 1556 4245 revertaris
1585 4190 1644 4243 in
1672 4188 1868 4243 cellam
1897 4191 2054 4240 tuam
2081 4183 2106 4236 ’ἶ

513 4287 661 4354 Quid
689 4283 910 4341 multa?
940 4283 1180 4338 suadens
1199 4279 1430 4333 fratrem
1456 4277 1786 4349 deposuitin
1817 4275 2100 4342 saeculum;

513 4385 570 4434 et
587 4377 816 4432 veniens
841 4389 968 4428 cum
990 4389 1054 4426 eo
1081 4386 1257 4441 usque
1285 4369 1355 4422 ad
1386 4365 1925 4436 civitatem,reliquit
1951 4380 2099 4418 eum.

2202 3222 2332 3260 nem
2376 3223 2560 3262 suum.
2625 3209 2846 3264 Etcum
2877 3211 3179 3281 accepisset
3227 3211 3492 3266 ﬁduciam
3514 3210 3735 3264 adversus

2202 3296 2569 3365 cogitationes
2600 3299 2795 3364 malas,
2835 3299 3084 3353 vincebat
3097 3316 3216 3358 eas.

2272 3383 2363 3441 ‘28.
2423 3388 2807 3458 Interrogatus
2845 3395 2930 3442 est
2970 3406 3156 3454 senex,
3192 3406 3371 3460 quare
3400 3389 3583 3443 sedens
3608 3388 3745 3440 frater

2200 3474 2257 3527 in
2287 3476 2428 3529 cella
2452 3477 2682 3530 taedium
2705 3484 3012 3548 pateretur.
3049 3480 3118 3532 Et
3146 3479 3290 3532 dixit
3321 3480 3372 3533 ei
3401 3495 3555 3532 senex
3586 3496 3595 3530 :
3632 3474 3744 3539 Quia

2199 3564 2382 3618 adhuc
2397 3581 2507 3619 non
2538 3567 2724 3621 vidisti
2749 3585 2929 3639 neque
2962 3573 3243 3639 speratam
3296 3567 3733 3628 resurrectionem,

2199 3670 2381 3724 neque
2409 3671 2642 3709 accensa
2679 3662 2964 3711 tormenta
2999 3676 3010 3710 :
3064 3674 3196 3711 nam
3226 3657 3275 3711 si
3306 3658 3425 3712 haec
3454 3656 3677 3720 vidisses,
3702 3656 3746 3704 et

2203 3743 2283 3796 ita
2309 3749 2458 3797 esset
2477 3745 2617 3798 cella
2641 3751 2742 3799 tua
2765 3747 2932 3816 plena
2964 3747 3270 3812 vermibus,
3305 3753 3371 3802 ut
3394 3761 3561 3816 usque
3578 3743 3638 3797 ad
3660 3739 3745 3794 ωι-

2198 3831 2314 3886 lum
2338 3838 2497 3887 tuum
2529 3836 2863 3906 mergereris
2883 3836 2942 3889 in
2971 3836 3126 3907 ipsis,
3155 3836 3464 3892 sustineres
3494 3835 3678 3904 utique,
3701 3833 3744 3883 et

2197 3938 2309 3976 non
2325 3923 2722 3997 extmdiareris.

2263 4010 2350 4068 29.
2385 4013 2700 4077 Quemdam
2717 4032 2907 4069 senem
2929 4014 3201 4087 rogabant
3229 4015 3521 4081 fratres,ut
3542 4011 3747 4084 quiesce-

2189 4105 2277 4154 ret
2301 4117 2333 4154 a
2361 4103 2518 4172 gravi
2548 4101 2758 4157 labore.
2791 4104 2891 4158 Ille
2935 4111 3124 4159 autem
3148 4104 3439 4176 respondit
3466 4103 3572 4157 eis:
3628 4099 3734 4153 Cre-

2187 4189 2302 4244 dite
2333 4190 2490 4258 mihi,
2521 4208 2552 4245 ο
2583 4192 2705 4260 ﬁlii,
2741 4193 2874 4264 quia
2913 4193 3196 4248 Abraham
3224 4192 3605 4265 poenitebatur,
3633 4201 3733 4242 cum

2187 4279 2401 4334 videret
2430 4297 2636 4352 magna
2665 4287 2722 4336 et
2746 4283 3013 4352 praeclara
3056 4285 3202 4338 dona
3233 4284 3355 4350 Dei,
3389 4299 3486 4337 cur
3512 4295 3611 4334 non
3637 4291 3732 4330 am-

2189 4369 2338 4440 plius
2359 4369 2527 4424 fuerit
2554 4370 2612 4424 in
2641 4370 2926 4426 laboribus
2956 4372 3294 4428 decertatus.

513 4467 704 4522 Voluit
724 4470 913 4519 autem
931 4462 1105 4514 frater
1132 4459 1227 4512 ille
1245 4456 1464 4528 ingredi
1477 4455 1535 4510 in
1552 4456 1778 4509 domum
1803 4454 1978 4525 patris
1995 4453 2100 4520 sui,
2120 4457 2166 4512 D
2258 4456 2344 4515 30.
2371 4460 2569 4513 Frater
2595 4460 2965 4532 interrogavit
2976 4478 3186 4526 senem,
3211 4461 3432 4516 dicens;
3470 4453 3733 4528 Cogitatio-

512 4561 784 4627 tanquam
805 4554 926 4622 jam
954 4549 1214 4604 defuncto
1237 4562 1461 4609 eo,ecce
1485 4545 1603 4615 ipse
1632 4549 1792 4615 pater
1811 4544 1931 4613 ejus
1950 4543 2104 4596 vivus

513 4643 928 4718 egrediebatur;
954 4645 1011 4694 et
1038 4639 1227 4692 videns
1253 4652 1382 4690 eum
1411 4650 1524 4688 non
1548 4633 1819 4703 cognovit,
1844 4639 1901 4686 et
1928 4633 2007 4685 ait
2034 4633 2105 4685 ad

515 4752 646 4792 eum
678 4752 689 4787 :
721 4733 808 4788 Tu
837 4730 961 4802 quis
991 4726 1086 4782 es?
1119 4726 1217 4781 Ille
1247 4740 1375 4778 vero
1426 4722 1686 4778 turbatus
1716 4722 1853 4794 nihil
1885 4727 2107 4793 poterat

513 4820 947 4894 respondere.Et
964 4816 1132 4888 cmpit
1161 4831 1290 4869 eum
1315 4813 1518 4867 iterato
1549 4817 1707 4882 pater
1726 4813 1847 4881 ejus
1873 4811 2108 4865 interro-

514 4929 650 4982 gare
677 4910 827 4964 unde
855 4907 1181 4963 esset.Tunc
1205 4902 1488 4969 confusus,
1532 4900 1672 4954 dixit
1691 4900 1743 4954 ei
1773 4919 1783 4953 :
1817 4901 1932 4970 Ego
1982 4916 2105 4954 sum

516 5001 668 5055 ﬁlius
692 5003 844 5054 tuus.
872 4999 943 5051 Et
961 4996 1043 5049 ait
1072 4994 1155 5049 ei:
1191 4994 1264 5048 Ut
1282 4991 1415 5064 quid
1439 5007 1693 5045 reversus
1719 4988 2108 5046 es?Erubesce-

516 5088 617 5144 bat
644 5093 832 5142 autem
864 5085 914 5140 ei
945 5085 1148 5150 dicere,
1197 5081 1344 5153 quod
1374 5085 1600 5135 ventum
1633 5086 1772 5146 erat,
1815 5080 1911 5133 sed
1939 5080 2100 5134 dixit:

517 5177 774 5234 Charitas
801 5180 902 5229 tua
927 5173 1060 5228 fecit
1078 5189 1168 5227 me
1199 5169 1586 5242 reverti,'quia
1613 5169 1998 5224 desiderabam
2026 5175 2101 5224 te.

513 5269 586 5324 Et
611 5262 1066 5321 remansitibi.Et
1095 5266 1222 5333 post
1247 5261 1597 5332 aliquantum
1625 5265 1846 5330 tempus
1871 5259 2111 5314 incurrit

515 5359 575 5413 in
603 5351 1049 5417 fornicationem,
1081 5355 1138 5404 et
1165 5350 1358 5404 multis
1378 5349 1662 5421 suppliciis
1687 5349 1928 5404 afflictus
1957 5366 1991 5403 a
2015 5367 2108 5420 pa-

515 5455 604 5504 tre
620 5441 939 5510 suo,infelix
959 5440 1079 5511 ipse
1088 5455 1202 5493 non
1231 5439 1346 5509 egit
1362 5440 1870 5509 paenitentiam,sed
1893 5457 2110 5495 reman-

515 5538 588 5596 sit
619 5536 680 5591 in
706 5531 906 5589 saeculo
941 5548 953 5598 ;
983 5528 1220 5599 ideoque
1247 5527 1389 5594 dico,
1421 5528 1781 5601 fratres,quia
1804 5531 2110 5587 monachus

2187 4565 2287 4603 nes
2318 4566 2454 4603 meae
2474 4555 2695 4616 nutant,
2729 4558 2786 4604 et
2807 4550 3064 4608 tribulor.
3100 4552 3168 4606 Et
3195 4552 3287 4606 ille
3317 4552 3456 4604 dixit
3486 4569 3496 4603 :
3531 4549 3605 4602 Tu
3629 4541 3734 4598 sedc

2195 4655 2250 4692 ιη
2275 4640 2416 4693 cella
2443 4645 2560 4707 tua,
2593 4646 2650 4694 et
2698 4640 3064 4711 cogitationes
3094 4641 3299 4695 iterum
3328 4640 3553 4696 veniunt
3581 4655 3592 4701 ;
3620 4634 3738 4687 sicut

2191 4729 2340 4782 enim
2363 4729 2408 4782 si
2437 4730 2597 4783 asina
2627 4730 2800 4799 ligata
2828 4731 2920 4797 sit,
2946 4731 3130 4801 pullus
3160 4731 3282 4800 ejus
3315 4733 3548 4799 vagatur
3572 4729 3620 4778 et
3633 4735 3733 4776 cur-

2188 4818 2263 4871 rit
2293 4818 2400 4871 huc
2423 4824 2591 4889 atque
2612 4818 2761 4884 illuc,
2796 4836 3019 4890 semper
3042 4825 3232 4873 autem
3253 4819 3324 4872 ad
3356 4824 3582 4871 matrem
3605 4823 3734 4865 suam

2189 4907 2507 4973 revertitur,
2542 4906 2860 4977 ubicunque
2890 4909 3035 4975 ierit;
3058 4907 3137 4961 ita
3155 4913 3322 4961 erunt
3337 4913 3394 4960 et
3413 4900 3733 4975 cogitationes

2189 4997 2312 5066 ejus
2345 4996 2438 5067 qui
2478 5003 2706 5067 propter
2747 4997 2925 5050 Deum
2968 4996 3335 5050 tolerabiliter
3385 4996 3442 5048 in
3495 4991 3623 5046 cella
3649 5000 3734 5040 sua

2188 5085 2462 5139 resederit
2494 5105 2506 5152 ;
2561 5087 2695 5157 quia
2733 5086 2837 5141 etsi
2867 5086 2938 5140 ad
2967 5085 3247 5140 modicum
3288 5090 3506 5149 nutant,
3547 5078 3633 5134 sed
3656 5075 3734 5129 ite-

2189 5191 2315 5229 rum
2354 5180 2712 5228 revertuntur
2735 5176 2803 5229 ad
2837 5192 2985 5231 eum.

2259 5262 2350 5319 3i.
2385 5264 2562 5318 Senex
2597 5265 2825 5334 quidam
2869 5263 3099 5319 sedebat
3124 5264 3183 5318 in
3213 5280 3418 5327 eremo,
3469 5260 3556 5330 qui
3599 5257 3730 5321 ιοιιεε

2192 5352 2431 5407 habebat
2460 5371 2665 5426 aquam
2689 5371 2721 5408 a
2751 5355 2892 5409 cella
2931 5370 3049 5422 sua,
3101 5371 3202 5425 per
3230 5351 3514 5408 duodecim
3544 5343 3691 5400 millia
3714 5358 3727 5403 ,'

2191 5441 2286 5496 ubi
2308 5443 2440 5497 dum
2461 5445 2635 5498 semel
2645 5445 2754 5499 iret
2767 5442 2994 5499 haurire
3015 5459 3239 5515 aquam,
3273 5441 3486 5504 defecit,
3504 5443 3557 5491 et
3575 5433 3692 5487 dixit
3713 5446 3724 5481 :

2192 5532 2338 5596 Quid
2368 5549 2594 5587 necesse
2617 5539 2702 5587 est
2727 5539 2791 5588 ut
2813 5535 2961 5588 hunc
2988 5532 3238 5588 laborem
3267 5528 3486 5604 patiar?
3517 5523 3668 5580 Venio
3683 5522 3728 5573 et

2192 5622 2382 5678 habito
2409 5625 2557 5678 circa
2577 5623 2783 5694 aquam
2813 5625 2976 5679 hanc.
3011 5625 3078 5679 Et
3106 5640 3232 5679 cum
3263 5625 3362 5678 hoc
3383 5619 3725 5678 dixissctcon"
