3976 6186
245 256 345 313 901

1551 247 1791 304 VERBA
1829 239 2219 298 SENIORUM.

3415 231 3520 291 902

243 397 436 436 versus
451 377 903 449 viditquemdam
925 377 1252 447 sequentem
1280 391 1340 428 se
1364 379 1421 428 et
1445 376 1837 428 numerantem
1857 370 1906 427 A
1923 368 2224 418 occurrunt
2249 359 2512 415 scandala
2531 359 2719 414 omnia
2732 358 3077 431 praeteriens,
3103 357 3280 414 donec
3293 358 3364 414 ad
3394 374 3517 414 cru-

241 469 483 539 vestigia
499 485 621 522 sua:
645 465 1014 536 interrogavit
1034 470 1224 520 autem
1245 463 1609 528 eum,dicens:
1630 459 1767 524 Quis
1783 475 1841 512 es

243 560 334 614 tu?
351 559 526 613 Etille
556 557 711 611 dixit:
741 555 986 625 Angelus
1011 554 1234 608 Domini
1257 570 1402 616 sum,
1419 558 1476 606 et
1495 551 1696 604 missus
1718 564 1842 601 sum

245 663 551 702 numerare
568 645 803 715 vestigia
829 650 948 709 tua,
973 649 1026 697 et
1041 643 1176 696 dare
1204 642 1305 696 tibi
1328 641 1659 694 mercedem.
1684 636 1843 701 Quod

246 754 380 792 cum
409 736 661 790 audisset
689 750 874 797 senex,
909 732 1038 786 forti.
1073 732 1262 785 animo
1303 732 1481 784 factus
1512 727 1838 799 promptior,

245 833 305 882 et
339 826 523 880 adhuc
553 823 772 894 longius
810 821 998 893 posuit
1026 821 1225 874 cellam
1254 836 1413 874 suam
1453 818 1522 872 ab
1551 833 1700 887 aqua
1726 815 1838 868 illa.

318 941 407 996 3?.
440 940 712 996 Dicebant
733 939 943 992 Patres:
976 937 1033 992 Si
1061 935 1164 990 tibi
1192 934 1489 1004 contigerit
1518 932 1756 987 tentatio
1787 930 1842 984 in

243 1032 368 1085 loco
399 1046 509 1101 quo
526 1029 765 1094 habitas,
787 1044 899 1082 non
921 1027 1144 1080 deseras
1174 1026 1358 1079 locum
1377 1025 1434 1078 in
1449 1030 1701 1093 tempore
1726 1025 1846 1074 ten-

241 1120 512 1185 tationis;
544 1117 675 1189 quia
703 1118 750 1172 si
780 1115 1117 1179 deserueris,
1149 1129 1480 1186 quocunque
1505 1108 1838 1184 perrexeris,

245 1214 382 1262 ante
427 1213 483 1261 te
515 1206 761 1260 invenies
806 1205 954 1277 quod
1005 1203 1284 1274 fugiebas;
1333 1202 1429 1256 sed
1476 1201 1695 1272 patiens
1724 1204 1844 1254 esto

246 1296 428 1350 donec
457 1295 694 1349 tentatio
730 1297 998 1356 transeat,
1033 1309 1102 1346 ne
1135 1291 1398 1345 discessio
1418 1296 1520 1344 tua
1547 1289 1671 1344 aliis
1691 1303 1844 1343 scan-

243 1385 443 1438 dalum
472 1383 656 1449 faciat,
681 1389 736 1436 et
759 1399 828 1436 ne
858 1383 1000 1436 forte
1015 1381 1140 1435 aliis
1162 1381 1256 1451 qui
1272 1380 1418 1433 circa
1446 1379 1630 1433 locum
1660 1379 1844 1449 ipsum

244 1473 510 1527 habitant
528 1471 948 1526 tribulationem
978 1471 1198 1540 ingerat
1223 1468 1488 1522 discessio
1510 1473 1628 1522 tua.

317 1590 410 1645 33.
451 1591 650 1644 Frater
678 1587 906 1658 quidam
931 1592 1053 1640 erat
1082 1585 1140 1638 in
1169 1585 1604 1654 congregatione
1624 1582 1846 1653 inquie-

244 1685 359 1744 tus,
393 1685 450 1732 et
462 1678 785 1749 frequenter
804 1675 1133 1729 movebatur
1155 1674 1226 1727 ad
1249 1673 1393 1726 iram
1419 1674 1648 1744 (Ra/ﬁn.
1665 1711 1678 1736 ,
1702 1675 1740 1725 Ι.
1765 1685 1849 1737 Ill,
1869 1663 1916 1723 B

230 1787 307 1823 -n.
342 1765 457 1837 98).
492 1767 635 1821 Dicit
663 1782 795 1836 ergo
825 1766 886 1818 in
911 1763 1240 1834 semetipso:
1274 1761 1450 1828 Vado,
1479 1767 1533 1814 et
1562 1761 1714 1814 solus
1743 1759 1848 1814 ali-

244 1857 374 1912 cubi
405 1855 668 1909 habitabo
697 1873 709 1920 ;
738 1860 796 1908 et
835 1869 963 1908 cum
994 1869 1106 1906 non
1139 1851 1317 1905 habeo
1354 1867 1480 1905 cum
1502 1866 1612 1920 quo
1641 1849 1844 1914 dicam,

243 1948 333 2000 vel
351 1945 600 2009 audiam,
629 1960 724 1998 ero
755 1942 998 2013 quietus,
1023 1948 1078 1995 et
1101 1940 1382 2012 quiescita
1404 1955 1495 1992 me
1516 1938 1700 2009 passio
1727 1938 1842 1991 irae.

244 2035 556 2105 Egrediens
585 2049 719 2103 ergo
749 2030 1015 2085 manebat
1039 2030 1098 2083 in
1128 2030 1394 2100 spelunca
1414 2027 1585 2082 solus.
1611 2027 1733 2081 Una
1754 2043 1849 2080 au-

246 2131 366 2178 tem
398 2123 488 2176 die
517 2121 755 2193 implens
783 2119 889 2174 sibi
918 2118 1250 2173 surisculam
1277 2134 1455 2188 aquae,
1481 2115 1666 2188 posuit
1695 2115 1849 2169 illam

251 2213 310 2266 in
333 2217 520 2266 terra:
561 2209 798 2280 contigit
823 2213 1012 2263 autem
1051 2214 1114 2262 ut
1155 2206 1340 2261 subito
1380 2210 1726 2272 versaretur;
1757 2203 1849 2258 ille

248 2318 380 2355 vero
410 2299 664 2371 implevit
687 2298 948 2360 secundo,
976 2302 1034 2350 et
1053 2297 1261 2350 iterum
1285 2300 1500 2349 versata
1520 2299 1624 2361 est;
1647 2293 1849 2347 deinde

250 2390 423 2446 tertio
454 2389 696 2459 implens
743 2387 931 2458 posuit
957 2393 1101 2450 eam,
1150 2391 1208 2438 et
1235 2401 1430 2438 rursus
1477 2388 1696 2436 versata
1742 2387 1844 2435 est.

251 2479 360 2543 Qui
390 2483 704 2532 commotus
733 2477 941 2539 furore,
973 2474 1158 2528 tenuit
1183 2473 1465 2527 vasculum
1486 2472 1642 2534 illud,
1668 2477 1724 2524 et
1745 2470 1851 2525 fre-

247 2568 352 2638 git;
389 2568 449 2620 in
477 2583 538 2620 se
561 2571 749 2619 autem
783 2579 1100 2628 conversus,
1128 2562 1386 2632 cognovit
1405 2561 1537 2632 quia
1564 2559 1634 2614 ab
1655 2560 1851 2614 eodem

249 2658 509 2712 daemone
540 2654 841 2708 iracundiae
877 2653 953 2707 sit
975 2652 1193 2716 illusus,
1225 2658 1283 2704 et
1315 2650 1473 2704 dixit:
1499 2649 1634 2704 Ecce
1663 2665 1767 2720 ego
1797 2653 1855 2703 et

248 2746 405 2800 solus
435 2761 581 2810 sum,
605 2750 663 2798 et
689 2743 820 2796 vicit
847 2759 936 2796 me
970 2759 985 2808 ;
1015 2745 1266 2794 revertar
1294 2756 1427 2809 ergo
1467 2740 1523 2792 in
1545 2754 1853 2808 congrega-

255 2836 494 2900 tionem,
529 2833 663 2903 quia
688 2831 895 2902 ubique
920 2830 1080 2884 labor
1107 2835 1165 2882 et
1192 2829 1463 2900 patientia
1497 2843 1638 2898 opus
1668 2832 1773 2894 est,
1800 2832 1855 2880 et

1926 453 2149 507 ciﬁxum
2181 449 2488 523 perveniat.

1996 546 2189 608 590
2214 539 2302 594 36.
2348 539 2498 593 Dixit
2544 554 2745 592 senex:
2791 538 2946 592 Sicut
2990 537 3158 591 arbor
3183 537 3518 592 fructiﬁcare

1927 647 2039 684 non
2069 635 2270 700 potest,
2312 629 2359 682 si
2390 627 2592 698 saepius
2622 627 3012 691 transferatur,
3045 627 3125 681 sic
3170 643 3274 682 nec
3320 643 3519 682 mona-

1926 719 2062 773 chus
2091 719 2415 788 frequenter
2443 717 2692 786 migrans
2717 721 2901 786 potest
2928 716 3286 774 fructiﬁcare.

1998 807 2084 863 37.
2119 808 2316 861 Frater
2344 806 2572 876 quidam
2604 805 2737 858 dum
2760 805 3156 860 sollicitaretur
3184 805 3522 876 acogitatio-

1925 896 2092 950 nibus
2123 896 2383 968 propriis,
2409 900 2472 949 ut
2501 894 2677 948 exiret
2698 911 2732 947 a
2754 894 3112 962 monasterio,
3133 895 3395 950 indicavit
3417 898 3522 950 hoc

1925 987 2110 1057 ipsum
2141 985 2347 1039 abbati.
2368 985 2466 1039 llle
2485 990 2676 1038 autem
2705 983 2844 1037 dixit
2869 1002 2880 1036 :
2916 983 3090 1049 Vade,
3115 988 3174 1038 et
3195 984 3348 1050 sede,
3369 989 3428 1038 et
3444 983 3518 1038 da

1925 1074 2128 1147 parieti
2155 1075 2305 1128 cellae
2334 1081 2444 1128 tua:
2473 1089 2674 1143 corpus
2691 1072 2922 1126 tuumin
2934 1071 3186 1143 pignore,
3212 1077 3269 1126 et
3288 1088 3400 1126 non
3421 1087 3520 1126 ex-

1926 1178 2022 1220 eas
2047 1163 2208 1218 inde:
2238 1163 2634 1234 cogitationem
2663 1169 2853 1216 autem
2883 1167 3040 1215 tuam
3059 1161 3525 1232 dimitte;cogitet

1927 1258 2200 1324 quantum
2236 1253 2370 1318 vult,
2416 1257 2634 1308 tantum
2673 1268 2742 1306 ne
2783 1251 2974 1322 ejicias
3012 1250 3082 1306 de
3105 1251 3246 1306 cella
3277 1257 3378 1306 tua
3405 1267 3526 1306 cor-

1929 1358 2033 1411 pus
2065 1347 2244 1394 tuum.

2001 1428 2088 1486 38.
2123 1429 2274 1483 Dixit
2299 1445 2505 1483 senex:
2539 1429 2692 1483 Cella
2729 1429 2990 1483 monachi
3029 1433 3116 1482 est
3153 1428 3406 1483 caminus
3432 1427 3527 1483 ille

1930 1517 2290 1589 Babylonius,
2322 1516 2418 1571 ubi
2449 1524 2562 1571 tres
2586 1518 2748 1587 pueri
2775 1519 2980 1574 Filium
3012 1517 3114 1571 Dei
3142 1517 3480 1573 invenerunt
3509 1536 3524 1586 ;

1928 1607 2027 1662 sed
2055 1616 2113 1662 et
2162 1608 2422 1662 columna
2460 1606 2625 1661 nubis
2654 1613 2741 1662 est
2767 1624 2832 1662 ex
2869 1625 2982 1679 qua
3010 1607 3161 1662 Deus
3186 1606 3404 1662 locutus
3437 1613 3524 1662 est

1932 1697 2126 1768 Moysi.

2004 1785 2090 1843 39.
2111 1787 2306 1840 Frater
2337 1785 2565 1856 quidam
2592 1799 2792 1838 novem
2811 1782 2974 1836 annis
2994 1784 3202 1839 mansit
3223 1784 3524 1856 impugna-

1931 1878 2023 1927 tus
2054 1889 2088 1926 a
2116 1873 2548 1943 cogitationibus
2567 1873 2706 1939 suis,
2725 1878 2789 1926 ut
2809 1871 2985 1926 exiret
3003 1871 3073 1925 de
3093 1873 3528 1943 congregatione

1933 1962 2193 2028 fratrum,
2216 1969 2272 2016 et
2293 1962 2544 2032 quotidie
2557 1960 2790 2015 tollebat
2804 1960 3121 2032 pelliculam
3141 1977 3320 2026 suam,
3345 1962 3406 2016 in
3417 1977 3530 2033 qua

1927 2051 2118 2120 jacere
2141 2050 2340 2105 solitus
2361 2057 2499 2117 erat,
2534 2057 2598 2105 ut
2626 2051 2821 2105 exiret.
2855 2051 2924 2104 Et
2961 2051 3185 2120 quando
3206 2050 3376 2106 ﬁebat
3403 2067 3530 2106 ves-

1933 2156 2067 2210 pere
2120 2139 2346 2194 dicebat
2388 2141 2445 2194 in
2481 2139 2693 2210 seipso:
2726 2139 2986 2194 Crastina
3020 2139 3151 2194 hinc
3181 2139 3426 2194 discedo.
3459 2140 3530 2195 Et

1933 2245 2097 2282 mane
2125 2228 2347 2282 dicebat
2385 2229 2444 2283 in
2487 2229 2854 2299 cogitatione:
2887 2229 3330 2300 Extorqueamus
3366 2228 3527 2284 nobis

1931 2317 2020 2370 hic
2049 2323 2199 2370 stare
2228 2325 2284 2372 et
2314 2318 2479 2372 hodie
2508 2323 2738 2389 propter
2774 2317 3098 2372 Dominum.
3131 2317 3239 2382 Qui
3267 2334 3396 2372 cum
3425 2318 3531 2374 im-

1931 2407 2138 2476 plesset
2165 2423 2364 2461 novem
2385 2423 2578 2473 annos,
2611 2407 2681 2461 de
2703 2407 2792 2461 die
2810 2406 2867 2460 in
2887 2407 3039 2461 diem
3067 2406 3383 2476 itafaciens,
3407 2406 3533 2463 abs-

1934 2495 2069 2549 tulit
2100 2496 2373 2550 Dominus
2403 2495 2472 2549 ab
2504 2512 2569 2550 eo
2599 2495 2969 2549 tentationem
2991 2497 3132 2566 ejus.

2008 2584 2095 2638 40.
2129 2585 2328 2638 Frater
2369 2584 2598 2656 quidam
2630 2584 2880 2638 incidens
2919 2585 2978 2639 in
2998 2585 3389 2651 tentationem,
3422 2585 3529 2640 tri-

1935 2671 2178 2727 bulando
2209 2673 2452 2744 perdidit
2471 2675 2724 2744 regulam
2757 2674 3128 2728 monachilem
3155 2692 3168 2742 ;
3201 2680 3260 2729 et
3277 2690 3406 2730 cum
3432 2673 3534 2728 ite-

1937 2777 2061 2815 rum
2092 2762 2258 2816 vellet
2283 2762 2648 2818 observantiae
2660 2763 2935 2834 regularis
2956 2763 3061 2817 sibi
3076 2763 3350 2834 principia
3371 2763 3529 2830 dare,

1936 2867 1971 2904 a
2008 2849 2371 2906 tribulatione
2418 2851 2848 2922 impediebatur,
2883 2857 2940 2906 et
2963 2851 3183 2906 dicebat
3210 2851 3269 2906 in
3297 2851 3482 2923 seipso
3514 2868 3528 2904 :

253 2924 505 2978 maxime
531 2921 875 2992 adjutorium
893 2919 1014 2974 Dei.
1059 2919 1127 2972 Et
1151 2934 1388 2989 surgens
1415 2933 1678 2972 reversus
1700 2915 1854 2970 estin
1871 2989 1916 3010 Π
1937 2939 2172 3002 Quando
2185 2939 2363 2994 habeo
2376 2957 2466 2994 me
2488 2915 3004 3001 i‘tainvenire;sicut
3022 2939 3324 3010 aliquando
3345 2915 3530 2994 em?

253 3015 443 3067 locum
463 3027 649 3065 suum.

327 3119 416 3174 34.
449 3119 646 3172 Frater
662 3116 1028 3186 interrogavit
1046 3131 1235 3170 senem
1260 3116 1440 3184 (Ra/7.,
1460 3117 1498 3168 ι.
1517 3127 1598 3166 ιη.
1625 3109 1849 3179 71.106),

247 3210 465 3263 dicens:
499 3206 646 3271 Quid
690 3206 853 3272 facio,
884 3206 1069 3268 Pater,
1095 3204 1229 3275 quia
1265 3203 1405 3257 nihil
1441 3218 1642 3272 operer
1665 3217 1851 3254 mona-

248 3297 418 3363 chile,
452 3296 551 3351 sed
590 3297 646 3350 in
674 3294 1017 3366 negligentia
1051 3293 1292 3364 quadam
1323 3308 1447 3346 sum
1487 3290 1850 3353 manducans,

247 3386 471 3452 bibens,
523 3390 582 3440 et
623 3385 927 3450 dormiens,
983 3389 1040 3437 et
1093 3399 1262 3454 super
1314 3382 1372 3435 in
1422 3379 1856 3450 cogitationibus

253 3475 519 3546 turpibus
549 3480 606 3529 et
633 3473 811 3528 multa
846 3471 1268 3543 perturbatione
1307 3487 1454 3535 sum,
1483 3468 1764 3522 transiens
1786 3468 1854 3522 ab

254 3581 427 3636 Opere
458 3564 529 3618 ad
559 3580 719 3634 opus,
749 3569 806 3617 et
832 3578 866 3615 a
893 3559 1324 3632 cogitationibus
1350 3558 1420 3612 ad
1447 3557 1854 3628 cogitationes?

254 3654 411 3710 Dixit
454 3659 644 3706 autem
675 3651 726 3705 ei
754 3667 953 3706 senex:
987 3651 1072 3704 Tu
1093 3649 1224 3704 sede
1263 3648 1322 3702 in
1344 3647 1485 3702 cella
1513 3652 1630 3712 tua,
1686 3652 1744 3700 et
1768 3645 1853 3700 fac

256 3743 410 3815 quod
442 3747 600 3813 potes
627 3741 747 3796 sine
773 3739 1195 3812 perturbatione
1221 3757 1234 3805 ;
1257 3737 1337 3792 ita
1361 3741 1448 3791 est
1474 3735 1624 3790 enim
1653 3751 1853 3806 parum

255 3832 410 3904 quod
438 3838 503 3886 tu
531 3830 698 3885 modo
740 3830 893 3895 facis,
927 3829 1072 3884 sicut
1117 3827 1340 3899 quando
1367 3825 1538 3880 abbas
1578 3824 1854 3879 Antonius

1869 2989 1917 3052 C
1935 2989 2006 3082 ἐι
2032 3028 2296 3083 deﬁciens
2325 3029 2511 3084 animo
2535 3045 2644 3083 non
2677 2989 3013 3100 pmvalebat

1935 3118 2098 3171 nachi
2123 3134 2284 3189 opus.
2325 3119 2568 3172 Veniens
2605 3124 2796 3172 autem
2844 3118 2914 3171 ad
2961 3116 3263 3188 quemdam
3306 3117 3532 3185 senem,

1936 3206 2186 3260 narravit
2201 3207 2252 3260 ei
2276 3223 2398 3278 quae
2417 3206 2730 3276 agebantur
2744 3206 2893 3260 circa
2909 3205 3096 3276 ipsum
3113 3224 3124 3259 :
3143 3221 3313 3260 senex
3337 3211 3530 3261 autem

1939 3295 2174 3349 audiens
2213 3312 2280 3349 ea
2307 3296 2377 3350 de
2408 3294 2611 3367 quibus
2645 3293 3021 3366 affligebatur,
3055 3293 3313 3348 adhibuit
3337 3295 3390 3349 ei
3414 3295 3530 3350 tale

1939 3385 2275 3456 exemplum,
2310 3385 2534 3439 dicens:
2561 3385 2740 3438 Homo
2760 3383 2990 3454 quidam
3010 3382 3208 3438 habuit
3235 3383 3536 3454 possessio-

1938 3490 2088 3539 nem,
2118 3480 2175 3527 et
2199 3474 2268 3528 de
2295 3473 2642 3544 negligentia
2671 3475 2792 3544 ejus
2817 3473 2876 3527 in
2903 3472 3156 3528 sentibus
3175 3473 3401 3528 redacta
3423 3479 3528 3541 est,

1937 3568 1994 3616 et
2021 3563 2234 3634 repleta
2261 3569 2342 3616 est
2371 3562 2594 3616 tribulis
2623 3567 2681 3616 et
2699 3563 2897 3634 spinis.
2930 3561 3126 3617 Visum
3152 3568 3239 3616 est
3264 3569 3456 3617 autem
3482 3563 3534 3618 ei

1935 3657 2133 3723 postea
2155 3658 2217 3706 ut
2243 3651 2517 3706 excoleret
2545 3668 2697 3718 eam;
2731 3658 2789 3706 et
2815 3651 2956 3706 dixit
2980 3651 3094 3706 ﬁlio
3119 3668 3253 3706 suo:
3279 3652 3456 3719 Vade,
3479 3658 3538 3707 et

1936 3756 2117 3811 purga
2143 3757 2342 3811 agrum
2370 3741 2742 3812 possessionis
2770 3740 2940 3795 illius.
2967 3740 3036 3794 Et
3062 3740 3214 3795 venit
3242 3741 3390 3796 ﬁlius
3412 3742 3536 3812 ejus

1937 3835 2002 3883 ut
2011 3836 2296 3900 purgaret.
2319 3830 2426 3894 Qui
2440 3847 2566 3885 cum
2580 3830 2934 3902 respexisset,
2957 3829 3536 3885 viditmultitudinem

254 3937 470 3992 magna
497 3926 556 3974 et
579 3919 821 3991 plurima
841 3917 1081 3972 faciebat
1099 3917 1156 3971 in
1177 3932 1385 3971 eremo.
1419 3914 1598 3968 Credo
1626 3913 1775 3966 enim
1797 3913 1855 3966 in
1939 3918 2275 3973 tribulorum
2307 3925 2363 3973 et
2409 3919 2698 3991 spinarum
2727 3919 3027 3974 increvisse
3057 3919 3110 3974 ei
3137 3938 3150 3986 ;
3186 3925 3244 3974 et
3274 3919 3540 3974 deﬁciens

247 4012 396 4076 Deo,
430 4010 564 4081 quia
591 4009 909 4080 quicunque
937 4007 1095 4062 sedet
1136 4008 1195 4060 in
1224 4005 1363 4060 cella
1392 4008 1622 4076 propter
1649 4017 1856 4056 nomen
1941 4008 2298 4075 animo,dixit
2319 4008 2391 4062 ad
2409 4009 2920 4081 seipsuszuando
2941 4024 3044 4078 ego
3075 4007 3254 4062 habeo
3284 4008 3403 4062 haec
3416 4024 3542 4063 om-

251 4103 405 4172 ejus,
435 4105 494 4152 et
528 4097 770 4152 custodit
811 4096 1210 4151 conscientiam
1239 4111 1424 4166 suam,
1457 4092 1774 4147 inveniatur
1803 4095 1860 4145 et
1941 4097 2034 4150 nia
2057 4097 2340 4151 eradicare
2371 4103 2428 4152 et
2456 4099 2734 4169 purgare?
2767 4098 2836 4152 Et
2854 4097 3156 4168 projiciens
3176 4096 3306 4151 sein
3328 4103 3541 4152 terram

252 4191 386 4262 ipse
416 4188 475 4242 in
490 4186 719 4243 Antonii
744 4187 884 4242 loco.
1941 4186 2109 4256 cmpit
2137 4185 2383 4240 dormire
2403 4205 2415 4253 ;
2434 4186 2539 4241 hoc
2568 4193 2758 4240 autem
2777 4185 2906 4240 fecit
2939 4185 3133 4240 multis
3169 4183 3386 4240 diebus.
3407 4185 3543 4239 Post

329 4295 423 4353 35.
459 4295 844 4366 Interrogatus
868 4299 950 4348 est
972 4309 1158 4358 senex,
1194 4291 1472 4363 quomodo
1503 4293 1759 4360 oporteat
1785 4285 1918 4366 vi-_
1941 4275 2059 4329 haec
2089 4275 2239 4366 νεξτιξε
2269 4280 2430 4346 Pal":r
2460 4276 2582 4345 eius
2599 4275 2803 4366 11m“???
2823 4273 3224 4366 QPOdeCGI‘ata
3251 4278 3308 4327 et
3326 4273 3541 4328 invenit

250 4386 534 4457 gilanth
557 4383 894 4438 monachum
925 4399 1037 4438 non
1061 4380 1443 4447 scandalizari,
1471 4379 1694 4449 quando
1712 4377 1852 4431 videt

1944 4380 2073 4418 eum
2089 4364 2228 4418 nihil
2250 4369 2564 4434 operatum.
2597 4365 2664 4418 Et
2681 4363 2823 4418 dixit
2850 4364 2931 4418 ei:
2962 4363 3146 4428 Quare
3163 4378 3343 4434 usque
3366 4361 3535 4418 modo

253 4476 484 4545 aliquos
506 4474 576 4527 ad
592 4474 854 4527 saeculum
873 4477 1232 4527 revertentes.
1255 4471 1324 4524 Et
1343 4467 1649 4540 respondit:
1674 4468 1861 4522 Intue-

254 4565 308 4618 ri
339 4563 508 4617 debet
532 4562 837 4616 monachus
866 4577 1050 4625 canes,
1085 4560 1180 4631 qui
1209 4564 1487 4613 venantur
1519 4557 1734 4627 lepores
1759 4574 1771 4622 ;
1805 4560 1863 4608 et

257 4653 419 4707 sicut
435 4667 582 4705 unus
619 4667 684 4704 ex
707 4651 787 4703 eis
806 4650 1000 4703 videns
1026 4649 1273 4719 leporem
1307 4645 1640 4716 insequitur,
1674 4643 1860 4698 czeteri

255 4747 462 4796 autem
489 4738 882 4794 tantummodo
906 4754 1103 4792 canem
1121 4736 1371 4790 videntes
1393 4738 1728 4799 currentem,
1763 4732 1862 4785 ali-

257 4829 523 4903 quandiu
569 4844 697 4882 cum
743 4827 864 4898 ipso
909 4830 1161 4890 currunt,
1197 4830 1391 4895 postea
1428 4839 1560 4876 vero
1587 4823 1861 4875 lassantes

251 4926 391 4992 post
410 4933 468 4972 se
495 4922 880 4980 revertuntur;
915 4915 1065 4969 solus
1086 4918 1276 4968 autem
1305 4912 1400 4966 ille
1427 4911 1522 4982 qui
1553 4910 1690 4964 vidit
1715 4910 1861 4980 lepo-

254 5025 387 5064 rem
423 5007 678 5077 sequitur
707 5006 884 5059 donec
912 5002 1366 5075 comprehendat,
1402 5016 1504 5055 nec
1560 4998 1866 5070 impeditur

253 5098 331 5153 ab
363 5095 681 5150 intentione
701 5110 897 5149 cursus
919 5093 1006 5148 sui
1038 5097 1266 5164 propter
1284 5090 1408 5144 illos
1426 5089 1522 5161 qui
1547 5093 1675 5160 post
1701 5103 1762 5142 se
1783 5103 1867 5141 re-

255 5191 586 5250 vertuntur,
607 5184 704 5238 sed
738 5199 921 5255 neque
968 5179 1310 5254 praecipitiis,
1351 5194 1533 5249 neque
1576 5177 1645 5231 de
1687 5175 1861 5242 silvis,

257 5293 452 5350 neque
481 5275 551 5329 de
580 5273 842 5346 vepribus
870 5272 1139 5343 cogitans,
1160 5270 1258 5324 sed
1289 5269 1348 5322 in
1373 5266 1547 5338 spinis
1570 5264 1867 5336 aliquoties

255 5369 564 5423 incurrens
594 5364 814 5419 raditur
839 5367 896 5417 et
923 5361 1212 5432 pungitur,
1228 5364 1285 5413 et
1305 5373 1418 5412 non
1439 5355 1674 5428 quiescit
1695 5355 1872 5408 donec

255 5455 728 5528 comprehendat.
772 5454 860 5508 Ita
883 5457 942 5506 et
969 5449 1294 5514 monachus,
1329 5447 1414 5501 vel
1445 5445 1539 5516 qui
1570 5444 1873 5499 Dominum

251 5547 558 5604 Christum
598 5543 814 5615 quierit,
846 5541 999 5597 cruci
1026 5538 1411 5594 indesinenter
1455 5533 1716 5600 intendit,
1751 5550 1874 5605 quw

1942 4453 2082 4507 nihil
2100 4452 2323 4507 fecisti?
2356 4454 2422 4507 Et
2450 4453 2590 4507 dixit
2602 4452 2825 4523 juvenis
2855 4453 2949 4508 ille
2967 4452 3115 4524 patri
3143 4468 3248 4507 suo
3281 4470 3292 4505 :
3328 4454 3450 4510 Mox
3473 4457 3539 4507 ut

1943 4541 2232 4596 veniebam
2263 4542 2502 4613 operari,
2534 4549 2714 4613 pater,
2759 4559 2888 4597 cum
2917 4541 3178 4596 vidissem
3216 4540 3540 4597 multitudi-

1945 4648 2076 4685 nem
2107 4631 2251 4685 hanc
2297 4631 2634 4686 tribulorum
2681 4636 2742 4686 et
2769 4631 3080 4704 spinarum,
3127 4629 3431 4685 revocabar
3469 4628 3542 4686 ab

1943 4719 2564 4790 assumptionelaboris,
2585 4727 2643 4775 et
2662 4738 2775 4792 prae
2794 4719 3157 4784 tribulatione
3171 4719 3539 4791 projiciebam

1943 4826 2033 4863 me
2049 4809 2108 4863 in
2137 4815 2308 4876 terra,
2325 4816 2382 4864 et
2401 4809 2770 4864 dormiebam.
2788 4807 3096 4863 Tuncdixit
3107 4808 3158 4862 ei
3178 4814 3342 4879 pater
3365 4824 3533 4863 suus:

1944 4898 2064 4964 Fili,
2102 4899 2173 4952 ad
2202 4915 2520 4952 mensuram
2552 4897 2884 4963 latitudinis,
2909 4913 3079 4968 quam
3095 4897 3289 4967 jacens
3306 4897 3364 4953 in
3391 4903 3547 4953 terra

1947 5005 2206 5060 occupas,
2238 5005 2339 5059 per
2367 4988 2619 5058 singulos
2643 4987 2762 5041 dies
2805 5002 3057 5057 operare,
3083 4991 3142 5040 et
3170 4985 3249 5041 ita
3268 4987 3544 5058 paulatim

1948 5077 2201 5149 proﬁciet
2229 5094 2368 5148 opus
2397 5082 2575 5142 tuum,
2603 5082 2659 5130 et
2679 5081 2741 5130 tu
2789 5075 3162 5146 pusillanimis
3189 5092 3302 5131 non
3343 5076 3544 5132 efﬁcie-

1949 5168 2046 5223 ris.
2080 5167 2238 5230 Quod
2253 5183 2379 5220 cum
2392 5166 2644 5220 audisset
2661 5165 2901 5235 juvenis,
2922 5165 3055 5220 fecit
3067 5165 3149 5221 sic
3171 5185 3184 5234 ;
3209 5170 3266 5221 et
3293 5165 3352 5220 in
3373 5183 3544 5239 parvo

1952 5264 2210 5328 tempore
2241 5260 2479 5327 purgata
2507 5260 2592 5309 est
2651 5261 2708 5309 et
2759 5255 2978 5309 exculta
3028 5255 3326 5326 possessio.
3373 5256 3444 5310 Et
3479 5259 3544 5311 tu

1954 5348 2050 5412 ita,
2081 5347 2271 5406 frater,
2287 5343 2558 5415 paulatim
2573 5360 2805 5414 operare
2833 5349 2891 5398 et
2920 5360 3032 5399 non
3061 5345 3302 5411 deﬁcies,
3327 5350 3381 5398 et
3396 5344 3547 5398 Deus

1955 5456 2056 5511 per
2084 5435 2325 5508 gratiam
2349 5450 2514 5488 suam
2544 5433 2806 5488 restituet
2841 5440 2896 5488 te
2927 5434 3135 5489 iterum
3163 5433 3337 5507 priori
3364 5432 3547 5487 ordini

1956 5536 2072 5584 tuo.
2128 5527 2242 5581 Hoc
2271 5523 2482 5591 audito,
2535 5523 2706 5579 frater
2743 5523 2836 5579 ille
2886 5523 3040 5594 abiit,
3103 5529 3160 5580 et
3213 5539 3340 5578 cum
3394 5523 3550 5579 omni
