3964 6206
522 253 630 312 903

1647 253 1740 308 DE
1779 253 1970 309 VITIS
2011 253 2307 310 PATRUM
2345 255 2559 311 LIBER
2596 256 2664 310 V.

3649 263 3737 324 904

524 382 798 454 patientia
831 380 1028 436 sedens
1091 378 1329 434 faciebat
1378 379 1523 434 sicut
1577 379 1806 434 edoctus
1859 380 2044 435 fuerat
2083 381 2394 446 aAfecisti,
2427 382 2514 435 vel
2545 381 2679 452 quid
2723 382 2981 452 cogitasti
3011 387 3175 436 nocte
3207 381 3330 437 hac.
3373 383 3555 439 Frater
3579 396 3735 444 autem

525 489 689 540 sene;
738 476 793 525 et
821 470 900 524 sic
928 469 1214 523 inveniens
1244 469 1516 539 requiem,
1552 469 1982 539 promovebatur
2019 486 2118 540 per

525 561 828 616 Dominum
851 558 1158 613 Christum.

594 649 681 705 61.
731 649 910 704 Senex
937 647 1164 718 quidam
1196 653 1319 702 erat
1347 647 1442 717 qui
1473 647 1795 718 frequenter
1811 646 2120 716 aegrotabat

525 740 776 805 (Ruf/im,
811 742 850 792 ι.
882 752 961 803 in,
994 755 1050 791 η.
1079 737 1198 804 158;
1223 738 1432 803 Pasch.,
1460 755 1504 791 c.
1537 735 1624 800 '20,
1660 754 1717 791 η.
1751 736 1827 805 2).
1861 737 2110 806 Contigit

523 833 855 883 autemeum
867 843 981 881 uno
993 843 1141 881 anno
1169 843 1281 880 non
1307 833 1607 896 aegrotare;
1639 827 1736 897 qui
1757 826 2113 895 affligebatur

522 915 769 987 graviter
786 923 847 972 et
871 916 1146 988 plorabat,
1174 916 1396 970 dicens:
1430 916 1741 986 Dereliquit
1768 933 1857 971 me
1873 917 2040 979 Deus,
2061 919 2120 967 et

525 1022 638 1064 non
663 1006 910 1062 visitavit
939 1021 1049 1061 me.

589 1095 681 1152 42.
709 1095 862 1150 Dixit
876 1112 1047 1150 senex
1073 1095 1206 1166 quia
1218 1095 1392 1149 frater
1405 1093 1708 1164 aliquando
1723 1093 2123 1148 stimulabatur

521 1202 557 1241 a
582 1184 1015 1257 cogitationibus
1040 1185 1156 1239 suis
1187 1201 1288 1255 per
1314 1201 1491 1238 annos
1507 1199 1728 1250 novem,
1763 1183 1842 1237 ita
1870 1189 1935 1237 ut
1959 1187 2117 1239 metu

518 1273 640 1345 ipso
668 1274 994 1344 desperaret
1007 1274 1076 1328 de
1097 1274 1277 1328 salute
1301 1275 1669 1342 sua(Ruf/in.,
1699 1276 1736 1328 ι.
1765 1287 1928 1338 111,71.
1967 1269 2112 1340 194);

524 1369 582 1417 et
610 1363 951 1433 adjudicavit
979 1363 1343 1433 semetipsum
1363 1361 1552 1415 dicens
1575 1379 1586 1414 :
1615 1361 1841 1415 Perdidi
1866 1361 2114 1414 animam

522 1467 741 1518 meam;
771 1457 827 1506 et
856 1453 979 1522 jam
1021 1452 1153 1522 quia
1173 1451 1336 1522 perii,
1371 1451 1574 1504 vadam
1601 1451 1672 1504 ad
1694 1449 1978 1504 saeculum.
2011 1449 2118 1513 Qui

523 1557 653 1598 cum
663 1541 1020 1608 abiret,venit
1033 1541 1084 1594 ei
1098 1540 1156 1595 in
1176 1540 1264 1594 via
1278 1557 1377 1594 vox
1394 1539 1969 1594 dicens:Tentationes
1982 1555 2118 1609 quas

520 1631 580 1686 in
605 1647 807 1686 novem
849 1630 1013 1686 annis
1043 1629 1380 1695 sustinuisti,
1415 1647 1632 1684 coronae
1673 1636 1782 1684 tuae
1811 1635 2003 1693 erunt;
2036 1645 2121 1682 re-

2201 471 2341 524 uihil
2361 471 2466 524 sibi
2488 471 2741 524 conscius
2772 471 2904 541 quid
2934 471 3156 540 egisset,
3193 489 3302 526 non
3323 472 3612 530 inveniebat
3629 479 3738 548 quid

2201 561 2442 626 diceret;
2479 559 2700 614 dicebat
2728 567 2918 614 autem
2951 557 3102 614 seni:
3147 562 3372 630 Ignosce
3412 563 3558 628 mihi,
3587 565 3738 623 Pater.

2202 651 2344 704 nihil
2373 651 2496 716 feci,
2522 650 2627 704 nisi
2648 655 2870 704 tantum
2885 650 2987 704 hoc
3000 650 3147 720 quod
3161 652 3473 721 compulsus
3492 669 3602 707 sum
3617 663 3740 710 motu

2201 739 2606 810 cogitationum
2635 756 2911 806 mearum,
2944 746 3008 793 ut
3037 740 3382 794 discederem
3402 745 3457 795 et
3484 741 3740 800 dormirem

2200 829 2427 899 septies,
2452 828 2549 883 sed
2582 829 2715 899 quia
2744 846 2778 881 a
2797 833 2852 881 te
2881 828 3145 882 dimissus
3166 831 3466 884 secundum
3496 839 3742 886 consuetu-

2201 918 2389 972 dinem
2410 935 2523 972 non
2551 918 2786 982 fueram,
2823 935 2933 972 non
2958 918 3178 971 recessi.
3211 919 3456 972 Audiens
3479 927 3646 974 autem
3665 922 3744 976 hoc

2201 1024 2387 1072 senex,
2421 1007 2612 1060 statim
2641 1006 2913 1060 intellexit
2933 1007 3063 1078 quia
3095 1007 3312 1077 quoties
3343 1008 3542 1061 restitit
3570 1010 3743 1078 cogita-

2201 1096 2338 1150 tioni
2369 1114 2502 1156 suae,
2533 1095 2701 1149 toties
2744 1095 3118 1150 coronabatur
3146 1113 3180 1148 a
3210 1096 3340 1149 Deo.
3380 1096 3446 1150 Et
3473 1097 3617 1151 fratri
3649 1100 3744 1170 qui-

2196 1186 2326 1239 dem
2349 1186 2487 1239 nihil
2503 1186 2702 1239 horum
2725 1186 2882 1250 dixit,
2909 1202 3079 1238 causa
3105 1184 3366 1239 utilitatis
3378 1187 3514 1256 ejus,
3546 1187 3629 1240 sed
3648 1188 3745 1240 aliis

2197 1292 2317 1329 nari
2332 1276 2445 1328 avit
2457 1276 2574 1329 haec
2588 1275 2975 1346 spiritualibus
2999 1274 3350 1339 Patribus,ut
3366 1274 3624 1328 discamus
3641 1276 3745 1347 quia

2199 1369 2253 1418 et
2280 1382 2380 1436 pro
2410 1364 2593 1435 parvis
2622 1363 3053 1434 cogitationibus
3075 1363 3224 1417 Deus
3240 1363 3398 1416 nobis
3414 1380 3650 1418 coronam
3671 1367 3748 1419 tri-

2200 1453 2338 1508 buit.
2373 1454 2590 1507 Bonum
2620 1470 2752 1524 ergo
2781 1458 2884 1518 est,
2916 1459 2977 1506 ut
3002 1457 3336 1523 extorqueat
3361 1452 3462 1506 sibi
3484 1453 3590 1524 ipse
3615 1455 3748 1508 homo

2201 1543 2258 1596 in
2289 1543 2444 1596 omni
2472 1560 2532 1596 re
2574 1547 2802 1613 propter
2831 1543 3010 1596 Deum
3037 1562 3047 1607 ;
3082 1542 3314 1609 etenim,
3359 1542 3499 1595 sicut
3524 1543 3748 1613 scriptum

2203 1637 2309 1699 est,
2341 1632 2594 1702 Regnum
2621 1632 2887 1685 ccelorum
2916 1631 3024 1683 vim
3052 1631 3282 1701 patitur,
3328 1637 3384 1684 et
3411 1631 3616 1684 violenti
3639 1632 3750 1684 diri-

520 1724 737 1774 vertere
762 1736 895 1789 ergo
923 1719 983 1774 in
1011 1720 1198 1774 locum
1213 1725 1393 1784 tuum,
1419 1724 1476 1772 et
1491 1719 1790 1772 sublevabo
1823 1724 1878 1772 te
1909 1735 1942 1772 a
1971 1707 2180 1787 cogi-13
2201 1721 2364 1792 piunt
2383 1721 2522 1774 illud
2553 1722 2765 1782 (Matth.
2802 1721 2904 1790 x1).

520 1809 829 1866 tationibus
858 1808 1040 1862 malis.
1073 1808 1234 1864 Unde
1271 1808 1596 1878 agnoscitur
1632 1808 1764 1877 quia
1787 1823 1899 1860 non
1920 1812 2006 1860 est
2024 1806 2118 1860 bo-

521 1914 659 1954 num
686 1898 986 1968 desperare
1011 1897 1080 1951 de
1115 1914 1174 1951 se
1203 1897 1449 1967 aliquem
1478 1913 1580 1968 pro
1607 1896 1692 1950 his
1723 1913 1844 1966 quae
1873 1896 1931 1950 in
1961 1896 2115 1965 cogi-

521 1986 829 2044 tationibus
856 1986 1112 2042 veniunt.
1132 1987 1228 2040 Ha:
1246 1986 1396 2040 enim
1422 1986 1788 2055 cogitationes
1819 1985 1998 2055 magis
2019 2002 2113 2038 co-

525 2092 723 2134 ronam
754 2076 915 2132 nobis
952 2075 1264 2147 provident,
1296 2075 1342 2128 si
1371 2075 1512 2129 bene
1543 2092 1638 2128 eas
1669 2075 2039 2144 exegerimus.

591 2165 682 2222 43.
717 2166 896 2220 Senex
911 2165 1141 2235 quidam
1160 2170 1283 2218 erat
1311 2164 1369 2217 in
1393 2163 1676 2218 Thebaida
1691 2164 1891 2218 sedens
1905 2163 1964 2216 in
1986 2179 2111 2233 spe-

520 2255 702 2321 lusca,
731 2258 790 2308 et
817 2253 1016 2308 habuit
1057 2253 1359 2323 quemdam
1397 2253 1734 2323 discipulum
1763 2247 2061 2322 probatum
2096 2270 2109 2304 :

519 2343 866 2400 consuetudo
895 2348 1087 2398 autem
1118 2348 1242 2396 erat
1267 2347 1334 2395 ut
1361 2358 1528 2396 senex
1541 2358 1771 2411 vespere
1785 2341 2010 2394 doceret
2027 2340 2112 2392 di-

516 2433 815 2505 scipulum,
857 2437 917 2487 et
961 2436 1347 2486 commoneret
1388 2447 1519 2484 eum
1549 2447 1673 2500 quae
1720 2435 1883 2483 erant
1911 2429 2114 2483 animae

520 2522 833 2594 profutura;
849 2527 906 2576 et
920 2526 1047 2592 post
1059 2520 1500 2574 admonitionem
1509 2560 1522 2585 ,
1531 2518 1765 2573 faciebat
1776 2520 2086 2572 orationem
2095 2557 2109 2584 ,

518 2618 576 2668 et
611 2610 934 2667 dimittebat
971 2626 1100 2665 eum
1140 2609 1406 2663 dormire.
1445 2608 1695 2678 Contigit
1723 2613 1913 2662 autem
1940 2607 2110 2660 laicos

517 2700 791 2773 quasdam
821 2699 1111 2769 religiosos
1147 2697 1385 2753 scientes
1431 2697 1668 2751 multam
1712 2696 2112 2751 abstinentiam

519 2790 670 2848 senis
701 2789 892 2845 venire
913 2787 985 2842 ad
1016 2804 1175 2853 eum;
1209 2792 1268 2841 et
1285 2803 1412 2842 cum
1440 2786 1758 2840 consolatus
1769 2801 1863 2838 eos
1891 2783 2109 2850 fuisset,

517 2881 914 2938 discesserunt.
947 2879 1084 2933 Post
1113 2894 1352 2949 quorum
1391 2877 1699 2930 discessum
1727 2875 1876 2929 sedit
1906 2874 2112 2928 iterum

521 2987 692 3028 senex
705 2985 934 3042 vespere
948 2973 1076 3040 post
1085 2968 1285 3023 missas
1305 2965 1614 3022 secundum
1627 2963 2109 3031 consuetudinem,

2270 1810 2358 1866 44.
2386 1810 2696 1880 Egrotavit
2723 1809 3024 1881 aliquando
3039 1825 3206 1863 senex
3237 1810 3465 1880 quidam
3493 1809 3579 1880 qui
3600 1809 3751 1862 solita-

2199 1899 2314 1952 rius
2344 1897 2659 1963 habitabat;
2696 1903 2751 1950 et
2789 1897 3045 1967 quianon
3079 1896 3324 1950 habebat
3352 1897 3444 1967 qui
3473 1897 3520 1950 ei
3544 1897 3748 1952 serviret.

2205 1987 2495 2057 surgebat,
2527 1991 2585 2040 et
2630 1987 3000 2057 quodcunque
3033 1986 3340 2040 invenisset
3393 1987 3448 2039 in
3495 1986 3619 2039 cella
3653 2002 3747 2040 sua.

2211 2077 2614 2142 manducabat;
2635 2082 2691 2129 et
2710 2093 2836 2130 cum
2863 2076 3081 2146 aliquot
3104 2075 3303 2129 diebus
3333 2075 3413 2128 ita
3441 2076 3603 2140 ﬁeret,
3621 2090 3750 2128 nemo

2195 2166 2454 2222 veniebat
2481 2167 2551 2220 ad
2575 2165 2950 2219 visitationem
2973 2166 3114 2234 ejus.
3143 2165 3467 2218 Transactis
3489 2170 3655 2218 autem
3675 2163 3749 2216 tri-

2197 2257 2355 2326 ginta
2373 2255 2588 2320 diebus,
2619 2260 2674 2308 et
2694 2255 2848 2308 nullo
2873 2254 3130 2307 veniente
3160 2254 3230 2307 ad
3253 2270 3405 2317 eum,
3438 2253 3580 2306 misit
3597 2251 3746 2306 Domi-

2195 2362 2301 2398 nus
2329 2345 2590 2415 angelum
2621 2361 2805 2406 suum,
2835 2344 2929 2414 qui
2975 2343 3325 2397 ministraret
3351 2343 3430 2409 ei;
3474 2348 3526 2396 et
3550 2358 3659 2396 cum
3684 2341 3742 2393 sic

2197 2437 2356 2514 ﬁeret
2383 2453 2482 2507 per
2510 2441 2725 2506 septem
2740 2435 2877 2501 dies,
2894 2435 3170 2488 recordati
3188 2441 3326 2488 sunt
3356 2439 3536 2505 patres
3558 2439 3608 2487 et
3627 2432 3744 2486 dixe-

2195 2531 2328 2579 runt
2354 2527 2423 2578 ad
2453 2525 2722 2579 invicem:
2757 2525 2962 2578 Eamus
2981 2530 3036 2577 et
3066 2524 3361 2577 videamus
3391 2540 3458 2576 ne
3484 2523 3611 2577 forte
3628 2521 3745 2574 inﬁr-

2197 2615 2493 2668 meturille
2525 2631 2712 2668 senex.
2748 2615 2890 2667 Cum
2903 2629 3035 2682 ergo
3068 2612 3373 2676 venissent,
3403 2619 3457 2666 et
3479 2612 3744 2683 pulsassent

2194 2705 2448 2759 discessit
2479 2704 2712 2774 angelus
2737 2702 2806 2756 ab
2837 2719 2921 2756 eo.
2958 2703 3136 2756 Senex
3185 2707 3379 2756 autem
3412 2702 3478 2755 de
3517 2703 3643 2754 intro
3665 2700 3747 2753 cla-

2197 2794 2395 2848 mavit:
2446 2792 2724 2847 Discedite
2758 2791 2907 2857 hinc,
2943 2790 3166 2844 fratres.
3200 2791 3290 2844 Illi
3331 2796 3513 2845 autem
3543 2790 3744 2842 levantes

2194 2899 2228 2936 a
2273 2882 2499 2936 cardine
2547 2881 2754 2936 ostium
2795 2881 3168 2945 intraverunt,
3217 2884 3278 2933 et
3309 2880 3744 2949 interrogaverunt

2195 2988 2344 3038 eum,
2380 2988 2554 3042 quare
2574 2969 2919 3024 clamaverit.
2954 2969 3134 3022 Etille
3163 2968 3316 3023 dixit
3351 2988 3362 3022 :
3395 2969 3530 3032 Quia
3556 2967 3742 3036 triginta

517 3026 827 3116 admonens
854 3026 1015 3114 illum
1044 3057 1275 3112 fratrem
1301 3063 1358 3111 et
1386 3056 1686 3111 instituens
1705 3071 1854 3109 eum.
1887 3054 1955 3107 Et
1983 3069 2114 3108 cum
2135 3026 2179 3086 δ
2197 3061 2316 3115 dies
2335 3026 2503 3114 habui
2534 3060 2795 3114 laborans
2814 3059 3163 3123 infirmitate,
3189 3064 3247 3111 et
3262 3026 3436 3112 nemo
3446 3074 3530 3111 me
3541 3026 3741 3110 visitant

517 3149 864 3221 loqueretur,
893 3153 1159 3219 gravatus
1187 3151 1275 3200 est
1301 3161 1517 3213 somno;
1537 3145 1712 3199 frater
1739 3149 1928 3198 autem
1949 3142 2114 3198 susti-

516 3238 705 3305 nebat,
745 3238 923 3293 donec
965 3236 1305 3291 excitaretur
1334 3251 1522 3301 senex,
1553 3240 1612 3288 et
1639 3233 1847 3288 faceret
1875 3234 1925 3286 ei
1951 3233 2114 3302 juxta

513 3327 976 3384 consuetudinem
994 3326 1328 3380 orationem.
1353 3326 1495 3378 Cum
1507 3340 1660 3394 ergo,
1685 3339 1797 3377 non
1813 3321 2112 3392 evigilante

512 3434 666 3485 sene,
687 3417 785 3472 diu
812 3416 1036 3471 sederet
1067 3415 1391 3485 discipulus,
1422 3413 1743 3484 compulsus
1776 3417 1865 3465 est
1893 3410 2106 3480 cogita-

513 3507 734 3563 tionum
759 3521 993 3560 suarum
1020 3504 1282 3559 molestia
1305 3503 1564 3556 recedere
1596 3506 1653 3555 et
1681 3501 1927 3554 dormire
1963 3519 1976 3566 ;
2011 3499 2106 3570 qui

515 3601 852 3668 extorquens
880 3594 1008 3659 sibi,
1036 3593 1248 3648 restitit
1281 3591 1628 3662 cogitationi,
1657 3597 1715 3644 et
1743 3589 1972 3644 resedit.
2005 3590 2115 3643 Ite-

515 3703 646 3742 rum
665 3691 856 3740 autem
882 3681 1324 3754 compellebatur
1347 3697 1564 3746 somno,
1598 3686 1657 3734 et
1685 3696 1799 3734 non
1827 3678 1985 3733 abiit.
2020 3678 2109 3732 Si-

516 3775 728 3829 militer
771 3774 981 3827 factum
1009 3776 1096 3826 est
1121 3787 1300 3841 usque
1329 3770 1556 3840 septies,
1591 3773 1648 3822 et
1678 3767 1890 3822 restitit
1919 3767 2108 3822 animo

517 3879 638 3918 suo.
670 3862 923 3916 Posthac
942 3862 1064 3931 jam
1093 3861 1277 3914 media
1307 3864 1470 3913 nocte
1516 3863 1803 3912 transacta
1827 3857 2110 3927 evigilavit

517 3967 707 4018 senex,
735 3955 793 4005 et
810 3949 1024 4005 invenit
1044 3966 1174 4003 eum
1197 3947 1536 4002 assidentem
1568 3947 1692 4013 sibi,
1727 3951 1785 4001 et
1812 3945 1980 4000 dicit:
2010 3946 2109 4000 Us-

517 4057 627 4114 que
655 4040 820 4095 modo
850 4055 964 4093 non
991 4037 1293 4092 discessisti
1318 4038 1342 4090 Τ
1373 4037 1442 4091 Et
1469 4037 1562 4090 ille
1591 4036 1757 4090 dixit:
1796 4036 1941 4101 Non,
1975 4034 2109 4106 quia

514 4147 606 4187 me
631 4146 744 4186 non
788 4129 1104 4195 dimiseras,
1156 4133 1334 4194 59]
1387 4127 1574 4180 Pater.
1617 4126 1687 4180 Et
1712 4142 1885 4180 senex
1927 4124 2103 4178 dixit:

514 4224 700 4290 Quare
729 4239 821 4277 me
848 4238 961 4276 non
992 4220 1281 4276 excitasti?
1305 4220 1372 4274 Et
1399 4219 1492 4273 ille
1525 4218 1814 4290 respondit
1848 4237 1858 4270 :
1896 4218 2022 4271 Non
2050 4221 2108 4270 te

509 4312 841 4386 pmsumpsi
866 4311 1114 4383 pulsare,
1141 4327 1212 4364 ne
1232 4315 1287 4363 te
1313 4308 1768 4364 contribularem.
1788 4309 2094 4376 Surgentes

513 4408 703 4458 autem
724 4405 1016 4473 coeperunt
1034 4400 1215 4454 facere
1230 4399 1556 4465 matutinos,
1582 4403 1639 4452 et
1657 4402 1784 4468 post
1802 4395 2105 4450 matutino-

513 4509 641 4548 rum
659 4488 1074 4557 fmem,dimisit
1084 4504 1251 4542 senex
1265 4487 1723 4558 discipulum;qui
1741 4501 1868 4540 cum
1890 4485 2112 4539 sederet

511 4582 686 4646 solus,
715 4579 897 4634 factus
931 4582 1017 4632 est
1044 4578 1102 4631 in
1131 4593 1359 4631 excessu
1389 4576 1608 4630 mentis:
1642 4582 1699 4629 et
1727 4591 1851 4629 ecce
1879 4574 2107 4645 quidam

510 4669 841 4727 ostendebat
859 4669 912 4723 ei
936 4668 1121 4722 locum
1149 4665 1476 4736 gloriosum,
1518 4671 1575 4719 et
1605 4664 1796 4718 sedem
1833 4663 1891 4716 in
1922 4680 2008 4727 eo,
2050 4667 2106 4716 et

511 4776 686 4831 super
726 4758 917 4814 sedem
955 4762 1173 4827 septem
1205 4770 1459 4808 coronas.
1495 4751 1886 4822 Interrogabat
1915 4756 2102 4804 autem

511 4848 672 4902 illum
693 4848 788 4918 qui
803 4847 921 4903 hac
935 4843 1265 4901 ostendebat
1276 4843 1347 4910 ei,
1371 4843 1560 4897 dicens
1579 4859 1590 4895 :
1617 4843 1791 4912 Cujus
1803 4845 1936 4894 sunt
1948 4841 2065 4894 haec
2079 4840 2104 4894 ?

511 4935 582 4991 Et
608 4936 703 4990 ille
730 4937 903 4990 dixit:
928 4933 1375 5006 Discipulitui,et
1388 4933 1573 4987 locum
1594 4931 1820 5002 quidem
1838 4937 1895 4984 et
1913 4931 2103 4984 sedem

511 5040 614 5096 pro
660 5025 1080 5079 conversatione
1117 5040 1222 5079 sua
1263 5022 1492 5076 donavit
1533 5021 1585 5074 ei
1615 5021 1798 5085 Deus;
1831 5020 1932 5073 has
1973 5035 2104 5073 vero

513 5118 729 5184 septem
761 5129 996 5168 coronas
1015 5118 1179 5168 nocte
1209 5113 1319 5168 ista
1347 5111 1677 5183 promeruit.
1712 5111 1842 5164 Haec
1871 5108 2104 5162 audiens

510 5218 681 5258 senex
704 5201 942 5256 miratus
971 5208 1139 5269 est,et
1159 5201 1521 5257 tremefactus
1539 5199 1754 5254 vocavit
1768 5198 2103 5269 discipulum

511 5297 568 5348 et
580 5289 718 5345 dicit
737 5290 816 5344 ei:
841 5291 942 5346 Dic
973 5293 1112 5347 mihi
1134 5292 1266 5363 quid
1286 5292 1480 5346 feceris
1492 5295 1652 5345 nocte
1676 5289 1875 5342 hac.Et
1894 5287 1986 5341 ille
2011 5304 2102 5341 re-

508 5379 838 5454 spondebat:
855 5380 1084 5450 Ignosce
1105 5380 1262 5446 mihi,
1285 5381 1472 5446 Pater,
1490 5379 1623 5451 quia
1633 5377 1775 5432 nihil
1795 5376 2104 5430 feci.Senex

508 5476 701 5529 autem
725 5468 1011 5526 testimans
1032 5469 1164 5540 quia
1183 5469 1529 5524 humiliando
1543 5486 1602 5524 se
1613 5485 1726 5523 non
1742 5467 2106 5522 confiteretur

508 5561 650 5618 dixit
673 5561 754 5616 ei:
781 5559 980 5628 Crede,
1003 5573 1116 5614 non
1154 5557 1399 5628 quiesco,
1427 5559 1537 5614 nisi
1561 5558 1765 5612 dixeris
1801 5555 1938 5610 mihi
1971 5554 2105 5626 quid

2120 4358 2167 4416 D

2197 3156 2254 3204 et
2281 3167 2405 3205 ecce
2430 3150 2549 3220 jam
2572 3149 2692 3203 dies
2713 3153 2929 3219 septem
2959 3153 3093 3202 sunt
3114 3163 3181 3200 ex
3208 3164 3324 3218 quo
3341 3147 3594 3201 Dominus
3613 3160 3742 3214 ange-

2196 3241 2312 3293 lum
2344 3240 2498 3293 misit
2519 3245 2583 3294 ut
2625 3238 2971 3292 ministraret
2998 3237 3152 3302 mihi,
3189 3236 3287 3306 qui
3320 3253 3445 3290 cum
3474 3233 3739 3294 venissetis,

2192 3328 2423 3383 recessit
2447 3345 2480 3381 a
2509 3344 2616 3381 me.
2651 3327 2720 3381 Et
2748 3327 2862 3379 haec
2893 3325 3084 3378 dicens
3104 3323 3378 3378 dormivit
3403 3325 3459 3377 in
3487 3339 3622 3394 pace.
3643 3322 3742 3375 Fra-

2192 3423 2306 3471 tres
2336 3423 2528 3471 autem
2577 3415 2764 3468 mirati
2800 3421 2950 3479 sunt,
3004 3420 3061 3467 et
3101 3413 3551 3482 glorificaverunt
3581 3411 3738 3474 Deum,

2191 3507 2462 3561 dicentes:
2499 3505 2642 3570 Quia
2671 3521 2780 3558 non
2824 3502 3168 3572 derelinquit
3200 3503 3474 3556 Dominus
3500 3505 3740 3572 sperantes

2193 3595 2252 3649 in
2282 3613 2362 3649 se.

2265 3684 2350 3738 45.
2381 3684 2534 3739 Dixit
2556 3683 2785 3755 quidam
2817 3698 3012 3737 senex:
3065 3682 3122 3735 Si
3166 3686 3223 3734 te
3252 3680 3591 3753 occupaverit
3614 3677 3739 3732 inﬁr-

2191 3774 2363 3828 mitas
2402 3774 2667 3844 corporis,
2713 3773 2826 3826 noli
2859 3770 3235 3842 pusillaminis
3275 3771 3437 3830 ﬁeri;
3478 3768 3595 3840 quia
3630 3766 3668 3819 si
3694 3770 3738 3819 te

2190 3864 2462 3918 Dominus
2510 3865 2659 3918 Deus
2685 3863 2806 3916 vult
2849 3877 3082 3932 corpore
3109 3859 3354 3914 debilem
3403 3859 3534 3924 ﬁeri,
3565 3855 3668 3927 quis
3691 3869 3736 3907 es

2189 3953 2284 4023 qui
2301 3955 2530 4007 moleste
2560 3952 2830 4022 suscipias
2856 3952 2880 4004 Ἰ)
2909 3952 3108 4005 Nonne
3134 3949 3254 4021 ipse
3284 3966 3386 4021 pro
3409 3953 3463 4002 te
3492 3946 3670 4016 cogitat
3684 3942 3736 3996 de

2189 4041 2491 4096 omnibus?
2519 4039 2773 4111 nunquid
2810 4039 2930 4093 sine
2979 4039 3098 4110 ipso
3120 4039 3256 4092 vivis
3279 4039 3304 4090 ?
3341 4038 3611 4092 Patienter
3632 4046 3735 4102 ergo

2188 4131 2288 4197 fer,
2322 4137 2378 4186 et
2403 4147 2538 4200 roga
2568 4147 2698 4183 eum
2720 4135 2783 4183 ut
2801 4129 2973 4184 donet
2984 4127 3082 4182 tibi
3106 4145 3228 4198 qum
3246 4125 3648 4199 expediunt,hoc
3671 4125 3734 4174 est

2189 4225 2254 4274 ut
2283 4220 2431 4291 quod
2459 4221 2716 4274 voluntas
2746 4218 2922 4290 ipsius
2945 4222 3029 4271 est
3059 4217 3248 4280 facias,
3283 4225 3342 4271 et
3369 4217 3496 4270 sede
3521 4230 3628 4270 cum
3659 4225 3734 4280 pa-

2190 4309 2392 4364 tientia
2414 4309 2758 4364 manducans
2788 4307 2938 4378 quod
2959 4305 3130 4360 habes
3157 4307 3218 4360 in
3244 4306 3530 4361 charitate.

2262 4397 2352 4454 46.
2387 4398 2652 4452 Narravit
2680 4397 2907 4467 quidam
2939 4397 3192 4461 Patrum,
3225 4395 3418 4450 dicens
3444 4415 3453 4449 :
3483 4392 3607 4457 Quia
3635 4402 3732 4442 cum

2193 4504 2371 4542 essem
2402 4487 2460 4541 in
2492 4487 2828 4558 Oxyrincho,
2861 4491 3140 4540 venerunt
3170 4484 3245 4538 ibi
3276 4499 3540 4556 pauperes
3565 4480 3613 4534 in
3637 4493 3730 4530 ves-

2191 4593 2323 4648 pere
2354 4576 2581 4631 Sabbati
2602 4582 2665 4630 ut
2679 4577 2994 4647 acciperent
3020 4591 3278 4644 agapem;
3303 4581 3360 4628 et
3387 4565 3729 4628 dormientibus

2192 4667 2288 4730 eis,
2325 4672 2445 4720 erat
2473 4665 2549 4720 ibi
2593 4665 2822 4736 quidam
2851 4664 3061 4718 habens
3102 4662 3492 4718 tantummodo
3518 4661 3724 4712 mattam.

2185 4757 2345 4825 cujus
2375 4755 2732 4809 medietatem
2759 4753 2863 4808 sibi
2888 4752 3368 4817 subtermittebat,
3400 4757 3454 4804 et
3482 4745 3726 4803 medietate

2186 4843 2628 4914 cooperiebatur,
2657 4850 2779 4898 erat
2805 4843 2952 4898 enim
2965 4842 3040 4896 ibi
3074 4843 3316 4896 validum
3337 4841 3522 4909 frigus.
3555 4836 3726 4890 Etcum

2187 4933 2390 4987 exisset
2439 4933 2509 4986 ad
2549 4933 2789 4998 urinam,
2832 4931 3018 4986 audivi
3067 4947 3196 4986 eum
3245 4929 3656 4983 murmurantem
3686 4921 3726 4970 et

2185 5028 2504 5093 gementem
2535 5022 2603 5076 de
2632 5021 2856 5092 frigore,
2886 5026 2942 5076 et
2977 5019 3372 5074 consolabatur
3398 5013 3722 5083 semetipsum

2187 5111 2403 5166 dicens:
2432 5111 2655 5165 Gratias
2672 5127 2778 5182 ago
2800 5111 2922 5177 tibi,
2955 5110 3222 5176 Domine;
3257 5106 3448 5179 quanti
3471 5095 3723 5158 suntmodo

2187 5201 2387 5255 divites
2419 5201 2475 5254 in
2501 5200 2774 5267 custodia,
2808 5199 2904 5270 qui
2953 5199 3124 5253 etiam
3172 5199 3232 5252 in
3269 5198 3414 5251 ferro
3442 5193 3631 5252 sedent,
3651 5187 3724 5238 aut

2185 5290 2354 5360 pedes
2385 5289 2591 5344 habent
2620 5289 2678 5344 in
2707 5289 2858 5359 ligno
2882 5289 3227 5353 constrictos,
3249 5287 3343 5358 qui
3362 5298 3532 5354 neque
3548 5276 3722 5333 urinam

2186 5396 2346 5433 suam
2358 5379 2530 5433 libere
2561 5379 2792 5446 faciant;
2817 5394 2920 5450 ego
2940 5383 3130 5433 autem
3151 5377 3300 5431 velut
3319 5373 3604 5444 imperator
3625 5375 3722 5450 Si?“

2189 5468 2492 5522 extendens
2505 5469 2672 5539 pedes
2704 5447 2878 5536 meos,
2907 5473 2965 5522 et
2993 5466 3092 5522 ubi
3114 5467 3236 5522 volo
3264 5461 3504 5519 ambulo.
3529 5447 3722 5511 Racilio

2189 5556 2427 5625 dicente,
2456 5575 2558 5628 ego
2579 5558 2796 5613 stabam
2812 5558 3046 5613 audiens
3073 5555 3239 5610 verba
3268 5554 3388 5623 ejus
3412 5572 3424 5621 ;
3457 5542 3720 5618 ingrediens
