3976 6186
301 263 410 325 905

1605 269 1845 328 VERBA
1883 266 2275 328 SENIORUM.

3473 276 3579 336 906

303 396 518 457 autem,
546 390 770 445 narravi
816 407 884 446 ea
913 390 1202 462 fratribus,
1242 399 1300 449 et
1351 395 1646 452 audientes
1674 413 1742 452 ea
1768 395 2194 468 mul-AJoseph
2215 397 2274 451 in
2304 397 2424 451 loco
2457 395 2553 470 qui
2575 395 2781 456 dicitur
2813 397 3104 476 Panepho,
3145 405 3378 462 credens
3396 423 3456 462 se
3473 409 3578 463 ali-

301 487 425 536 tum
457 481 717 536 aediﬁcati
747 487 900 537 sunt.

374 568 464 627 47.
510 571 710 626 Frater
737 571 1105 644 interrogavit
1132 590 1323 629 senem
1347 577 1645 647 quemdam
1675 576 1896 632 dicens:

300 661 365 716 Si
387 661 547 716 fuero
575 661 633 715 in
655 661 844 732 aliquo
871 663 1077 728 loco,et
1095 669 1228 718 nata
1240 663 1410 719 fuerit
1429 666 1571 721 mihi
1590 666 1898 734 tribulatio,

299 755 359 805 et
380 767 494 806 non
513 750 765 806 habuero
794 751 883 806 cui
913 768 1002 806 me
1031 753 1401 822 committam,
1427 761 1484 810 et
1521 756 1762 811 indicem
1785 773 1906 827 pas-

300 840 520 895 sionem
550 840 879 909 animimei;
905 841 1040 912 quid
1054 841 1197 896 facio
1215 843 1405 898 ?Dixit
1433 845 1482 898 ei
1513 861 1698 900 senex:
1727 846 1905 900 Crede

301 929 362 984 in
385 929 502 984 Deo
522 930 655 1002 quia
678 930 797 1002 ipse
814 930 1002 985 mittet
1041 933 1303 1002 angelum
1322 938 1379 987 et
1396 935 1637 1003 gratiam
1659 940 1904 1002 suam,et

301 1018 426 1090 ipse
461 1018 566 1073 tibi
611 1025 698 1074 est
749 1020 1074 1087 consolatio,
1129 1021 1176 1075 si
1206 1022 1264 1076 in
1299 1023 1573 1078 charitate
1620 1025 1903 1094 rogaveris

303 1123 458 1162 eum.
491 1108 562 1162 Et
588 1107 806 1162 addidit
825 1109 1016 1163 dicens
1047 1128 1058 1163 :
1085 1110 1286 1164 Audivi
1315 1112 1464 1166 enim
1495 1113 1694 1184 quiain
1712 1113 1902 1186 Scythi

303 1196 520 1268 aliquid
551 1197 664 1252 tale
685 1197 892 1252 factum
923 1204 1026 1253 est.
1059 1199 1193 1253 Erat
1233 1200 1384 1254 enim
1411 1200 1488 1255 ibi
1519 1202 1748 1273 quidam
1807 1203 1903 1274 qui

303 1285 625 1342 sustinebat
645 1287 983 1343 tentationes
1042 1293 1100 1342 et
1154 1305 1267 1343 non
1291 1289 1502 1345 habens
1555 1291 1818 1346 fiduciam
1843 1293 1902 1346 in

304 1375 497 1446 aliquo
521 1375 610 1430 cui
630 1377 1254 1450 confiteretur,parabat
1267 1395 1301 1433 a
1314 1396 1439 1434 sero
1463 1380 1724 1435 melotem
1743 1397 1904 1435 suam

305 1468 372 1518 ut
397 1464 712 1520 discederet
735 1483 749 1533 ;
781 1470 972 1520 etecce
983 1472 1145 1522 nocte
1165 1469 1428 1540 apparuit
1447 1469 1498 1523 ei
1525 1471 1709 1540 gratia
1727 1470 1828 1525 Dei
1845 1470 1905 1524 in

305 1553 490 1625 specie
510 1551 760 1624 virginis,
794 1560 852 1609 et
892 1555 1128 1627 rogabat
1169 1573 1318 1622 eum,
1350 1558 1574 1613 dicens:
1612 1560 1903 1630 Nusquam

305 1643 503 1712 vadas,
521 1643 620 1697 sed
649 1644 782 1698 sede
814 1644 904 1698 hic
927 1661 1169 1712 mecum,
1194 1647 1336 1700 nihil
1359 1647 1509 1702 enim
1543 1649 1689 1702 male
1715 1650 1812 1702 fiet
1837 1663 1904 1702 ex

1986 501 2157 556 quam
2179 485 2466 542 duriorem
2497 489 3164 548 continentiaminvenire
3178 497 3327 566 apud
3352 499 3580 554 eum.Et

1985 573 2294 645 suscipiens
2340 593 2470 630 eum
2518 595 2684 633 senex
2715 597 2839 634 cum
2883 581 3108 652 gaudio,
3154 585 3302 654 quod
3333 584 3578 640 habebat

1984 663 2116 718 fecit
2135 664 2185 719 ei
2215 681 2316 736 pro
2335 665 2608 722 charitate
2633 669 2840 740 parari.
2881 671 3154 726 Dixerunt
3191 679 3380 728 autem
3414 675 3577 732 disci-

1985 753 2102 824 puli
2132 753 2349 824 Eulogii
2383 772 2394 807 :
2428 755 2554 810 Non
2587 757 2829 811 comedit
2850 759 3140 831 presbyter
3163 761 3270 815 nisi
3296 779 3498 833 panem
3524 769 3580 820 et

1987 843 2182 903 salem.
2213 842 2385 898 abbas
2413 851 2603 899 autem
2631 845 2835 917 Joseph
2852 848 3054 902 tacitus
3071 850 3581 917 manducabat.Qui

1987 948 2114 986 cum
2144 932 2406 988 fecissent
2427 938 2543 989 tres
2573 934 2711 1001 dies,
2745 952 2859 989 non
2879 936 3180 992 audierunt
3200 956 3294 993 eos
3310 946 3410 994 aut
3437 942 3581 1012 psal-

1985 1022 2164 1076 lentes
2193 1027 2548 1088 autorantes,
2576 1025 2860 1079 occultum
2875 1026 3024 1079 enim
3047 1033 3169 1082 erat
3191 1045 3328 1098 opus
3353 1029 3578 1086 illorum

1985 1116 2044 1165 et
2069 1111 2327 1165 exierunt
2346 1112 2487 1166 nihil
2531 1113 2808 1168 aedificati.
2859 1115 2974 1169 Deo
3007 1121 3196 1170 autem
3218 1117 3578 1188 dispensante

1985 1199 2132 1254 facta
2150 1206 2237 1255 est
2265 1201 2463 1271 caligo,
2492 1207 2549 1256 et
2578 1209 2832 1258 errantes
2862 1204 2930 1257 de
2974 1205 3063 1258 via
3092 1207 3300 1260 reversi
3347 1213 3480 1261 sunt
3508 1210 3580 1263 ad

1985 1305 2178 1343 senem
2212 1309 2223 1344 :
2258 1296 2315 1344 et
2357 1291 2688 1362 priusquam
2711 1293 3002 1362 pulsarent
3027 1293 3252 1362 ostium,
3279 1295 3583 1352 audierunt

1986 1379 2325 1451 psallentes;
2360 1385 2418 1434 et
2445 1396 2573 1433 cum
2603 1387 3018 1452 exspectassent
3044 1383 3141 1437 diu
3188 1389 3254 1438 ut
3298 1385 3580 1454 audirent,

1986 1473 2182 1538 postea
2201 1468 2645 1538 pulsaverunt,et
2664 1470 2909 1540 suscepit
2924 1487 3017 1524 eos
3033 1471 3239 1526 iterum
3258 1490 3427 1528 senex
3443 1491 3578 1545 gau-

1987 1556 2142 1610 dens.
2167 1557 2457 1626 Hijautem
2481 1557 2576 1628 qui
2597 1574 2722 1612 cum
2747 1558 2978 1629 Eulogio
3001 1566 3179 1626 erant,
3198 1568 3430 1634 propter
3457 1581 3585 1618 cau-

1987 1662 2081 1700 ma
2091 1646 2343 1701 tulerunt
2353 1647 2702 1712 surisculam,
2713 1653 2770 1702 et
2782 1648 3058 1702 dederunt
3073 1649 3122 1703 ei
3137 1655 3200 1704 ut
3213 1649 3445 1706 biberet:
3461 1659 3585 1708 erat

306 1733 400 1786 his
433 1749 556 1803 quae
584 1733 811 1787 audisti.
844 1734 952 1798 Qui
988 1735 1221 1790 credens
1267 1735 1450 1791 verbis
1478 1738 1600 1808 ejus
1651 1737 1814 1805 sedit,
1848 1743 1904 1792 et
1923 1716 1970 1778 Β
1990 1739 2179 1789 autem
2202 1752 2348 1806 aqua
2379 1737 2651 1807 permista
2684 1736 2754 1791 de
2783 1737 2926 1791 mari
2947 1743 3003 1791 et
3023 1738 3341 1806 flumine,et
3358 1757 3469 1795 non
3488 1758 3583 1813 po-

305 1823 505 1877 statim
534 1828 796 1878 sanatum
831 1828 916 1878 est
944 1840 1040 1878 cor
1068 1825 1209 1895 ejus.

751 1947 1100 2004 LIBELLUS
1127 1949 1476 2007 OCTAVUS.

407 2075 482 2130 De
508 2091 564 2128 eo
592 2075 736 2144 quod
764 2076 910 2130 nihil
935 2091 1035 2145 per
1059 2080 1420 2131 ostensionem
1451 2079 1578 2145 ﬁeri
1603 2078 1807 2133 debeat.

383 2180 434 2238 1.
466 2181 694 2236 Audivit
716 2182 1018 2252 aliquando
1048 2182 1219 2237 abbas
1239 2184 1516 2239 Antonius
1553 2184 1622 2239 de
1662 2185 1906 2256 quodam

303 2272 514 2342 juvene
547 2272 820 2326 monacho
851 2272 984 2342 quia
1011 2271 1241 2342 signum
1276 2273 1558 2344 quoddam
1584 2273 1908 2345 hujusmodi

309 2359 509 2415 fecerit
535 2364 730 2427 592
757 2361 817 2414 in
845 2360 954 2427 via,
983 2361 1041 2415 id
1062 2365 1167 2428 est,
1198 2378 1328 2416 cum
1357 2362 1587 2417 vidisset
1636 2363 1909 2434 quosdam

310 2465 477 2503 senes
500 2449 610 2503 iter
636 2455 868 2520 agentes
898 2455 955 2504 et
978 2449 1298 2506 laborantes
1321 2451 1379 2506 in
1409 2451 1771 2519 ambulando,
1782 2469 1916 2507 ona-

309 2539 430 2609 gris
453 2539 625 2609 jussit
642 2545 706 2593 ut
726 2539 982 2594 venirent
1011 2545 1068 2594 et
1095 2545 1390 2611 portarent
1419 2558 1535 2607 eos,
1587 2541 1764 2596 donec
1793 2559 1917 2613 per-

311 2628 573 2682 venirent
598 2627 670 2682 ad
701 2645 762 2682 se
795 2647 809 2695 ;
842 2628 922 2682 illi
951 2635 1142 2683 autem
1165 2645 1336 2684 senes
1364 2629 1676 2686 indicantes
1701 2631 1805 2686 hoc
1823 2629 1917 2685 ab-

316 2715 434 2772 bati
461 2717 726 2784 Antonio,
778 2717 916 2772 dixit
945 2717 1116 2772 abbas
1145 2719 1458 2774 Antonius:
1494 2719 1731 2775 Videtur
1777 2719 1914 2775 mihi

315 2806 626 2861 monachus
672 2807 779 2861 iste
824 2806 1024 2862 similis
1053 2824 1176 2862 esse
1201 2807 1329 2862 navi
1365 2813 1609 2863 oneratae
1655 2808 1914 2863 omnibus

316 2895 498 2962 bonis,
530 2895 600 2950 de
632 2912 742 2966 qua
769 2895 1046 2951 incertum
1083 2902 1169 2951 est
1198 2901 1388 2952 utrum
1420 2898 1710 2969 pervenire
1741 2898 1916 2969 possit

316 2985 378 3039 in
403 2989 657 3056 portum.
689 2985 759 3040 Et
789 2991 918 3056 post
943 2985 1792 3058 aliquantumtemporis,subito
1812 3003 1919 3042 cae-

1985 1825 2096 1879 tuit
2123 1823 2331 1880 bibere.
2358 1825 2465 1890 Qui
2481 1841 2606 1880 cum
2618 1826 2736 1881 haec
2754 1826 2814 1880 in
2838 1826 3026 1881 animo
3045 1843 3147 1882 suo
3163 1829 3452 1899 cogitaret,
3479 1847 3584 1885 cae-

1987 1914 2074 1984 pit
2115 1930 2314 1984 rogare
2342 1931 2554 1982 senem,
2588 1921 2653 1970 ut
2683 1916 2919 1970 disceret
2945 1917 3068 1986 ejus
3113 1917 3454 1986 institutum,
3506 1920 3586 1974 di-

1991 2019 2150 2058 cens:
2185 2003 2331 2068 Quid
2352 2010 2437 2059 est
2453 2005 2574 2070 hoc,
2595 2004 2896 2076 abba,quia
2910 2007 3091 2076 primo
3107 2023 3217 2062 non
3235 2008 3581 2079 psallebatis,

1992 2092 2090 2145 sed
2112 2107 2259 2146 nunc
2277 2092 2493 2162 ccepisti
2510 2097 2875 2163 posteaquam
2897 2108 2998 2147 nos
3033 2110 3227 2149 sumus
3259 2099 3490 2166 egressi,
3530 2103 3586 2154 et

1993 2180 2125 2251 quia
2146 2197 2272 2234 cum
2298 2197 2503 2251 aquam
2521 2180 2707 2235 bibere
2724 2181 3089 2249 volui,inveni
3109 2199 3232 2237 eam
3244 2185 3449 2239 salsam
3466 2186 3586 2241 ?Di-

1990 2269 2066 2324 cit
2096 2269 2146 2323 ei
2159 2286 2362 2325 senex:
2405 2270 2605 2324 Frater
2648 2269 2851 2341 aliquis
2880 2278 3066 2326 motus
3089 2278 3190 2339 est,
3234 2279 3291 2328 et
3318 2291 3420 2345 per
3440 2292 3589 2330 erro-

1990 2375 2109 2412 rem
2129 2359 2356 2414 miscuit
2387 2375 2594 2430 aquam
2623 2360 2922 2414 marinam.
2969 2361 3235 2431 Eulogius
3263 2379 3393 2417 vero
3424 2382 3585 2435 roga-

1996 2447 2095 2502 bat
2106 2464 2318 2516 senem,
2334 2449 2524 2503 volens
2536 2465 2795 2519 agnoscet
2806 2463 2837 2504 e
2851 2449 3142 2504 veritatem
3152 2497 3164 2508 .
3201 2451 3267 2505 Et
3283 2450 3425 2506 dixit
3439 2453 3490 2507 ei
3504 2470 3588 2509 se-

1997 2553 2133 2591 nex:
2170 2538 2381 2593 Parvus
2403 2537 2496 2592 ille
2528 2538 2674 2592 calix
2711 2537 2782 2592 ad
2813 2537 3002 2592 vinum
3040 2547 3125 2593 est
3165 2541 3314 2611 quod
3345 2541 3591 2597 charitas

1996 2626 2268 2698 providet,
2303 2627 2393 2680 hic
2411 2632 2600 2682 autem
2617 2627 2684 2681 ad
2712 2643 2920 2698 aquam
2937 2644 3107 2699 quam
3147 2629 3371 2685 assidue
3389 2631 3592 2687 fratres

1998 2715 2292 2772 bibunt.Et
2308 2715 2395 2770 his
2417 2716 2600 2771 verbis
2615 2716 2803 2771 docuit
2821 2734 2949 2772 eum
2963 2717 3170 2772 habere
3201 2718 3593 2776 discretionem

1997 2805 2423 2875 cogitationum,
2457 2810 2514 2860 et
2555 2805 2793 2860 abscidit
2819 2805 2890 2860 ab
2923 2823 2988 2860 eo
3037 2807 3227 2861 omnia
3267 2809 3594 2864 humanitus

1998 2895 2284 2948 moventia
2311 2900 2558 2948 mentem
2593 2896 2752 2964 ejus;
2812 2899 2869 2949 et
2897 2895 3075 2950 factus
3130 2901 3217 2950 est
3257 2898 3590 2963 communis,

1999 2983 2346 3038 manducans
2373 2983 2443 3037 de
2471 2988 2670 3038 czetero
2693 2983 2882 3038 omnia
2911 3001 3036 3055 quae
3061 2985 3317 3056 apposita
3340 2992 3473 3041 sunt
3519 2987 3591 3045 ei.

315 3072 400 3145 pit
428 3072 604 3128 abbas
631 3074 911 3129 Antonius
937 3076 1092 3143 flere,
1140 3081 1197 3130 et
1213 3075 1440 3130 trahere
1467 3075 1572 3130 sibi
1593 3075 1841 3147 capillos,
1863 3075 1978 3136 etC
2001 3071 2150 3127 Dicit
2202 3072 2372 3126 etiam
2425 3071 2546 3143 ipse
2571 3072 2630 3127 in
2653 3077 2868 3127 secreto
2887 3073 3128 3144 operari,
3161 3079 3219 3129 et
3247 3074 3388 3129 dixit
3417 3075 3536 3130 seni
3576 3093 3590 3130 :

314 3161 531 3232 lugere.
564 3161 726 3226 Quod
757 3179 887 3217 cum
914 3163 1188 3218 vidissent
1214 3163 1908 3235 discipuliejus,dicuntei:

314 3251 461 3316 Quid
473 3250 858 3323 ploras,abba?
879 3252 949 3307 Et
967 3253 1257 3324 respondit
1278 3269 1463 3308 senex:
1495 3253 1697 3323 Magna
1709 3253 1918 3308 colum-

316 3357 392 3395 na
426 3341 678 3395 ecclesiaa
707 3339 909 3395 cecidit
935 3341 1366 3396 modo.Dicebat
1391 3347 1582 3396 autem
1593 3342 1697 3396 hoc
1712 3340 1782 3396 de
1804 3358 1920 3396 mo-

320 3430 501 3485 nacho
522 3430 620 3484 illo
644 3431 868 3500 juvene,
903 3436 960 3486 et
994 3430 1233 3502 adjecit:
1266 3430 1565 3486 Ambulate
1583 3430 1654 3485 ad
1679 3447 1828 3498 eum,
1863 3435 1922 3485 et

313 3520 499 3574 videte
531 3520 679 3591 quod
709 3519 920 3575 factum
947 3525 1052 3577 est.
1099 3521 1474 3575 Perrexerunt
1515 3520 1692 3590 igitur
1749 3520 1917 3575 disci-

313 3609 436 3680 puli
473 3609 617 3679 ejus,
660 3613 717 3664 et
761 3608 1098 3664 invenerunt
1144 3610 1482 3664 monachum
1532 3609 1694 3664 illum
1749 3626 1918 3681 super

314 3702 559 3752 mattam
587 3697 894 3766 sedentem,
928 3703 986 3754 et
1013 3700 1241 3754 flentem
1260 3704 1549 3771 peccatum
1581 3699 1729 3770 quod
1772 3699 1917 3753 fece-

315 3793 426 3841 rat.
457 3787 668 3842 Videns
696 3792 887 3842 autem
932 3787 1233 3860 discipulos
1255 3788 1426 3855 senis,
1449 3790 1531 3843 ait
1559 3787 1639 3842 eis
1664 3805 1676 3841 :
1736 3788 1916 3842 Dicite

313 3876 440 3931 seni
469 3881 535 3930 ut
571 3875 826 3932 obsecret
843 3878 1024 3932 Deum
1052 3877 1245 3932 decem
1274 3883 1498 3933 tantum
1538 3877 1768 3932 dierum
1789 3877 1916 3932 dari

314 3966 460 4020 mihi
487 3965 762 4033 inducias,
797 3971 853 4020 et
880 3982 1044 4038 spero
1101 3983 1191 4021 me
1220 3967 1642 4022 satisfacturum
1695 3965 1768 4021 ei.
1810 3966 1917 4030 Qui

312 4055 470 4110 intra
484 4055 733 4126 quinque
755 4055 873 4110 dies
903 4061 1162 4111 mortuus
1189 4060 1294 4115 est.

386 4143 450 4201 2.
493 4144 780 4199 Laudatus
810 4149 898 4199 est
917 4145 1145 4216 quidam
1164 4145 1340 4200 frater
1370 4162 1404 4200 a
1443 4145 1734 4200 monachis
1769 4145 1918 4217 apud

313 4234 584 4290 abbatem
612 4233 950 4288 Antonium:
969 4234 1064 4288 ille
1084 4239 1276 4290 autem
1295 4251 1423 4289 cum
1446 4235 1686 4289 venisset
1705 4235 1776 4289 ad
1791 4251 1922 4289 eum

315 4323 560 4380 tentavit
587 4323 635 4376 si
665 4327 917 4394 portaret
942 4323 1214 4394 injuriam'
1244 4343 1258 4391 ;
1319 4330 1374 4378 et
1403 4340 1532 4379 cum
1574 4324 1924 4394 cognovisset

1998 3161 2106 3215 Pro
2136 3167 2289 3216 certo
2308 3161 2371 3215 in
2391 3161 2666 3216 charitate
2695 3166 2782 3216 est
2810 3179 2950 3232 opus
2979 3168 3247 3219 vestrum.

2072 3251 2124 3304 5.
2155 3250 2308 3305 Dixit
2331 3249 2505 3305 abbas
2538 3251 2724 3306 Zenon
2755 3249 3062 3322 discipulus
3091 3251 3313 3307 abbatis
3343 3252 3551 3309 Silvani
3577 3273 3589 3308 ;

2000 3339 2303 3410 Nunquam
2335 3356 2563 3394 maneas
2583 3339 2642 3394 in
2671 3341 2790 3395 loco
2829 3341 3138 3408 nominato,
3171 3358 3352 3413 neque
3399 3343 3595 3398 sedeas

2006 3445 2133 3483 cum
2163 3427 2391 3484 homine
2434 3428 2673 3484 habente
2696 3445 2964 3500 magnum
2981 3447 3208 3501 nomen,
3247 3448 3431 3504 neque
3459 3431 3596 3487 mit-

1995 3524 2083 3572 tas
2110 3518 2560 3585 fundamentum,
2593 3523 2658 3573 ut
2679 3519 2919 3574 aedifices
2937 3519 3039 3574 tibi
3051 3520 3247 3574 cellam
3268 3521 3591 3592 aliquando.

2067 3607 2119 3662 6.
2151 3607 2320 3661 Venit
2365 3607 2668 3679 aliquando
2709 3608 2885 3662 frater
2931 3609 3159 3680 quidam
3221 3609 3294 3664 ad
3332 3609 3593 3666 abbatem

2001 3695 2357 3751 Theodorum
2385 3696 2454 3751 de
2507 3697 2767 3764 Pherme,
2809 3703 2866 3752 et
2929 3697 3061 3753 fecit
3089 3704 3203 3753 tres
3241 3698 3360 3753 dies
3389 3716 3595 3770 rogans

2003 3791 2218 3840 eumut
2253 3786 2476 3840 audiret
2503 3786 2575 3841 ab
2619 3803 2684 3840 eo
2714 3803 3053 3850 sermonem.
3103 3787 3204 3842 Ille
3249 3794 3440 3843 autem
3483 3805 3596 3843 non

2001 3875 2290 3947 respondit
2316 3875 2387 3941 ei,
2423 3881 2480 3929 et
2508 3892 2768 3946 egressus
2820 3881 2907 3930 est
2933 3876 3130 3931 tristis.
3164 3876 3309 3932 Dicit
3371 3895 3504 3948 ergo
3544 3878 3595 3932 ei

2002 3963 2308 4035 discipulus
2331 3981 2492 4019 suus:
2525 3964 2703 4031 Abba,
2739 3982 2911 4036 quare
2935 3966 3005 4024 ei
3029 3983 3138 4020 non
3178 3983 3237 4020 es
3268 3967 3506 4032 locutus,
3539 3975 3596 4024 et

2003 4069 2128 4107 ecce
2157 4069 2414 4124 egressus
2444 4057 2529 4107 est
2558 4053 2779 4108 tristis?
2828 4055 2897 4108 Et
2932 4054 3078 4109 dixit
3130 4071 3298 4109 senex
3341 4072 3353 4108 :
3416 4056 3596 4110 Crede

2003 4142 2162 4209 mihi,
2193 4142 2323 4213 quia
2351 4159 2463 4196 non
2483 4142 2737 4196 dicebam
2767 4143 2817 4196 ei
2834 4159 3170 4210 sermonem,
3203 4145 3470 4214 quoniam
3502 4161 3598 4198 ne-

2001 4231 2246 4302 gotiator
2274 4237 2376 4298 est,
2407 4231 2603 4284 alienis
2632 4229 2814 4285 verbis
2842 4231 2960 4285 vult
2985 4231 3236 4301 gloriari.

2077 4322 2128 4375 7.
2152 4321 2310 4374 Alter
2327 4320 2500 4375 frater
2528 4321 2896 4390 interrogavit
2920 4320 3103 4392 ipsum
3140 4319 3594 4376 abbatemTheo-

314 4415 450 4486 quia
478 4429 595 4467 non
622 4418 811 4484 posset
845 4413 1009 4479 ferre,
1055 4413 1196 4468 dixit
1226 4413 1312 4467 ei:
1357 4414 1567 4469 Similis
1617 4430 1677 4467 es
1734 4401 2445 4476 domuiDdorum,dicens:
2475 4409 2572 4464 Vis
2601 4409 2904 4480 aliquantis
2923 4409 3120 4464 diebus
3167 4427 3280 4465 non
3318 4409 3595 4465 manduco

315 4520 444 4574 quae
477 4501 675 4557 afacie
707 4502 934 4574 quidem
977 4507 1177 4558 ornata
1201 4508 1304 4571 est,
1337 4503 1405 4558 de
1446 4508 1596 4558 retro
1617 4519 1746 4557 vero
1776 4519 1811 4557 a
1838 4503 1916 4557 la-

317 4591 582 4647 tronibus
595 4591 926 4663 despoliata.

386 4681 443 4735 3.
475 4679 748 4736 Dicebant
783 4681 852 4736 de
890 4680 1092 4737 abbate
1131 4680 1373 4737 Arsenio
1403 4686 1460 4737 et
1496 4680 1697 4736 abbate
1740 4681 1917 4736 Theo-

313 4770 458 4825 doro
489 4769 560 4824 de
586 4768 844 4838 Pherme,
875 4771 1013 4841 quia
1035 4787 1206 4843 super
1235 4771 1424 4826 omnia
1448 4771 1755 4825 humanam
1801 4770 1920 4841 glo-

314 4859 466 4914 riam
496 4858 626 4915 odio
657 4859 955 4914 haberent:
983 4860 1156 4915 abbas
1189 4860 1337 4915 enim
1368 4859 1638 4914 Arsenius
1670 4876 1783 4914 non
1807 4858 1918 4913 cito

314 4947 653 5005 occurrebat
671 4948 873 5015 alicui;
895 4947 1067 5004 abbas
1091 4964 1220 5004 vero
1241 4949 1566 5004 Theodorus
1591 4947 1920 5004 occurrebat

314 5037 578 5110 quidem,
610 5037 706 5091 sed
738 5043 801 5092 ut
826 5038 1048 5108 gladius
1069 5044 1192 5094 erat
1211 5038 1283 5092 ei.

353 5148 356 5151 ·
389 5125 444 5183 4.
464 5126 733 5196 Eulogius
750 5127 979 5198 quidam
997 5127 1556 5199 nomine,discipulus
1570 5127 1677 5182 fuit
1690 5125 1920 5182 Joannis

323 5215 758 5287 archiepiscopi:
780 5215 874 5287 qui
891 5217 1157 5287 Eulogius
1178 5217 1472 5289 presbyter
1493 5223 1634 5284 erat,
1667 5221 1725 5271 et
1747 5215 1922 5270 absti-

308 5321 464 5360 nens
473 5311 646 5376 atque
656 5305 922 5376 jejunans
942 5304 1217 5361 biduanas
1229 5306 1464 5361 levando
1488 5304 1922 5376 (32),aliquando

307 5395 494 5450 etiam
541 5399 602 5448 et
640 5411 818 5466 usque
845 5393 1254 5450 hebdomadam
1306 5393 1569 5450 trahebat
1617 5394 1918 5466 jejunium,

303 5499 527 5558 panem
582 5488 804 5540 tantum
848 5490 906 5538 et
963 5484 1139 5541 salem
1179 5483 1525 5552 comedens;
1587 5489 1645 5538 et
1689 5500 1791 5556 per
1818 5483 1923 5538 hoc

306 5572 664 5637 laudabatur
690 5572 761 5629 ab
807 5572 1148 5631 hominibus.
1199 5573 1309 5643 Qui
1347 5573 1500 5634 venit
1546 5572 1620 5632 ad
1664 5572 1925 5632 abbatem

571 5673 840 5767 mmo!»
885 5672 1161 5742 LXXIII.

1997 4499 2226 4570 panem?
2261 4499 2330 4553 Et
2357 4498 2496 4552 dixit
2523 4515 2728 4554 senex:
2765 4499 2914 4554 Bene
2937 4499 3090 4566 facis,
3118 4516 3249 4554 nam
3280 4505 3338 4553 et
3369 4516 3472 4570 ego
3493 4499 3596 4554 feci

2001 4589 2099 4643 sic.
2133 4589 2201 4643 Et
2229 4588 2366 4642 dixit
2385 4588 2437 4642 ei
2484 4587 2660 4643 frater
2691 4588 2859 4654 ;Volo
2882 4594 3107 4660 portare
3139 4589 3419 4643 modicum
3450 4589 3598 4644 cicer

2000 4678 2071 4732 ad
2107 4677 2431 4749 pistrinum,
2483 4683 2541 4732 et
2567 4677 2749 4732 facere
2797 4677 2926 4732 inde
2958 4677 3232 4732 farinam!
3278 4678 3347 4732 Et
3382 4677 3525 4732 dixit
3544 4677 3597 4733 ei

1999 4766 2171 4822 abbas
2206 4767 2532 4823 Theodorus
2564 4785 2576 4820 :
2612 4768 2738 4822 Jam
2767 4767 2815 4821 si
2843 4766 2914 4821 ad
2945 4764 3245 4837 pistrinum
3283 4765 3458 4833 vadis,
3509 4767 3598 4822 fac

2000 4856 2104 4911 tibi
2137 4873 2342 4928 panem
2367 4875 2380 4923 ;
2412 4863 2467 4910 et
2494 4855 2629 4927 quid
2649 4872 2789 4927 opus
2818 4861 2903 4910 est
2925 4855 3035 4910 ista
3063 4855 3302 4924 adjectio
3332 4855 3343 4910 !

2071 4943 2126 5002 8.
2149 4946 2308 5000 Alius
2336 4945 2510 5000 frater
2538 4944 2904 5015 interrogavit
2924 4945 3184 4998 eumdem
3213 4961 3403 5000 senem
3421 4944 3594 5001 abba-o

2000 5042 2116 5090 tem
2137 5035 2511 5102 Theodorum,
2555 5039 2612 5088 et
2638 5034 2806 5105 coepit
2827 5033 2978 5104 loqui
3005 5039 3061 5088 et
3086 5034 3378 5105 exquirere
3416 5035 3485 5089 de
3514 5052 3599 5089 re-

2003 5125 2108 5179 bus
2129 5141 2268 5196 quas
2283 5123 2521 5179 necdum
2550 5123 2734 5177 fuerat
2761 5128 3044 5194 operatus.
3088 5121 3158 5177 Et
3184 5123 3324 5177 dixit
3342 5123 3391 5179 ei
3405 5140 3593 5178 senex:

2004 5214 2200 5268 Adhuc
2225 5229 2326 5268 nec
2366 5210 2469 5267 tibi
2514 5229 2712 5266 navem
2754 5211 3035 5279 invenisti,
3068 5228 3169 5266 nec
3219 5230 3354 5268 vasa
3411 5219 3511 5268 tua
3538 5212 3598 5267 in

2006 5320 2132 5358 eam
2173 5302 2426 5374 posuisti,
2460 5318 2561 5357 nec
2589 5301 2850 5373 navigare
2896 5300 3131 5372 ccepisti,
3173 5306 3230 5357 et
3252 5303 3370 5373 jam
3417 5301 3476 5355 in
3501 5300 3599 5354 illa

2007 5391 2352 5457 civitate,ubi
2381 5390 2715 5462 disponebas
2745 5391 3086 5464 pervenisti?
3116 5392 3259 5446 Cum
3297 5387 3598 5460 ergOprius

2005 5486 2268 5554 operatus
2316 5481 2488 5538 fueris
2527 5497 2647 5538 rem
2676 5481 2747 5538 de
2776 5497 2884 5556 qua
2921 5481 3187 5560 loqueris,
3220 5484 3354 5537 tunc
3379 5493 3443 5536 ex
3474 5477 3598 5552 ipsa

2006 5588 2068 5630 re
2087 5571 2337 5648 loquere.

3280 5668 3359 5736 29
