3964 6206
451 296 558 354 907

1605 301 1697 359 DE
1735 305 1923 363 VITIS
1959 309 2255 365 PATRUM
2293 308 2506 364 LIBER
2542 307 2608 359 Υ.

3592 302 3684 361 908

525 424 578 480 9.
602 424 756 481 Tunc
783 423 924 480 dixit
969 422 1140 478 abbas
1189 423 1488 481 Cassianus
1531 429 1665 499 quia
1694 431 1847 485 venit
1870 431 2102 495 fraterA
2125 437 2242 488 tam
2266 449 2415 487 eum.
2455 431 2531 485 Et
2552 429 2703 484 venit
2733 431 2914 483 mater
2933 426 3093 499 pueri
3119 426 3429 481 adlratrem
3441 443 3593 481 suum
3605 427 3686 482 ab-

452 513 681 587 quidam
711 513 781 569 ad
804 512 1066 569 abbatem
1084 513 1468 587 Serapionem,
1493 522 1550 571 et
1569 523 1762 586 593
1785 521 2046 577 hortaba-

449 608 547 660 tur
583 620 711 659 eum
740 619 926 670 senex,
987 607 1050 658 ut
1077 604 1387 660 secundum
1417 623 1632 662 morem
1677 609 1888 666 faceret
1914 629 2044 666 ora-

449 695 694 758 tionem;
732 693 827 748 ille
857 698 1048 749 autem
1078 695 1268 750 dicens
1296 711 1355 750 se
1369 713 1490 751 esse
1511 705 1944 769 peccatorem,et
1963 702 2044 774 ip-

447 783 564 838 sius
585 781 847 838 monachi
881 783 1078 839 habitu
1120 783 1435 856 indignum,
1477 803 1591 842 non
1629 790 2039 862 acquiescebat.

446 871 639 928 Voluit
675 871 846 927 etiam
879 873 1001 944 ejus
1029 873 1199 946 pedes
1247 875 1451 941 lavare,
1486 882 1544 932 et
1573 878 1784 934 eisdem
1835 881 2044 937 iterum

446 960 630 1017 verbis
657 979 810 1028 usus,
837 963 1157 1018 nullatenus
1179 963 1644 1036 acquievit.Fecit
1671 973 1863 1024 autem
1883 971 2044 1026 illum

445 1056 697 1122 gustare,
731 1057 790 1107 et
835 1052 1003 1124 cmpit
1033 1069 1202 1108 senex
1229 1054 1288 1108 in
1329 1054 1604 1112 charitate
1635 1074 1864 1114 monere
1888 1077 2038 1129 eum,

447 1143 674 1198 dicens:
695 1143 822 1212 Fili,
845 1143 893 1198 si
910 1143 988 1198 vis
1013 1145 1303 1216 proﬁcere,
1326 1162 1592 1217 permane
1621 1147 1681 1202 in
1706 1149 1846 1203 cella
1865 1154 2047 1217 tua,et

447 1233 679 1289 attende
705 1233 808 1287 tibi
833 1232 942 1304 ipsi
971 1238 1028 1288 et
1053 1233 1313 1305 operibus
1343 1251 1614 1291 manuum
1652 1243 1901 1306 tuarum;
1930 1256 2045 1294 non

445 1322 599 1378 enim
612 1321 714 1377 tibi
725 1327 947 1378 tantum
964 1323 1264 1395 procedere
1279 1325 1522 1396 expedit,
1533 1333 1805 1396 quantum
1825 1329 2040 1385 sedere.

445 1412 546 1468 Ille
575 1417 765 1467 autem
786 1412 907 1467 haec
937 1412 1193 1480 audiens,
1223 1413 1305 1468 ita
1321 1415 1684 1472 exacerbatus
1708 1424 1810 1483 est,
1839 1423 1896 1473 et
1922 1420 2046 1474 vul-

445 1507 571 1557 tum
600 1502 856 1569 mutavit,
879 1506 944 1557 ut
971 1518 1072 1557 nec
1101 1502 1277 1558 latere
1306 1509 1498 1575 posset
1526 1521 1740 1563 senem.
1772 1507 1924 1562 Dixit
1963 1525 2046 1563 er-

445 1609 518 1664 go
537 1591 589 1646 ei
617 1589 789 1646 abbas
819 1591 1121 1664 Serapion:
1169 1593 1356 1665 Usque
1385 1595 1552 1650 modo
1572 1595 1813 1663 dicebas,
1847 1597 2048 1652 Pecca-

447 1688 537 1736 tor
563 1697 710 1748 sum,
742 1685 800 1736 et
825 1680 1126 1737 accusabas
1146 1681 1392 1754 teipsum
1423 1688 1695 1756 tanquam
1741 1685 2043 1758 indignum

2127 521 2312 577 batem
2345 521 2664 584 Pastorem,
2698 524 2755 574 et
2778 518 2946 589 coepit
2974 519 3108 571 ﬂere
3140 516 3212 570 ad
3243 516 3443 571 ostium
3463 518 3686 588 ejus;ille

2127 618 2315 666 autem
2345 611 2574 666 omnino
2613 625 2727 663 non
2755 607 2910 662 dedit
2946 607 2998 662 ei
3028 623 3394 678 responsum;
3443 606 3535 660 illa
3574 624 3685 661 vero

2125 701 2413 773 compulsa
2441 700 2650 765 dolore,
2683 695 3008 769 increpabat
3033 712 3180 762 eum,
3213 695 3399 750 dicens
3427 713 3436 748 :
3472 693 3539 748 Et
3560 695 3604 749 si
3617 696 3686 750 vi-

2125 809 2284 846 scera
2313 791 2496 846 ferrea
2525 789 2715 856 habes,
2773 793 2830 843 et
2872 788 3031 842 nulla
3055 793 3112 841 te
3163 786 3470 858 compassio
3510 792 3691 855 movet,

2127 882 2318 936 ﬂectat
2343 886 2399 935 te
2428 877 2923 934 saltemmiseratio
2946 876 3240 948 sanguinis
3272 875 3374 930 tui.
3409 875 3504 929 Ille
3525 881 3693 930 autem

2125 970 2411 1024 mandavit
2428 971 2480 1024 ei
2502 988 2513 1022 :
2538 970 2736 1023 Pastor
2755 967 2898 1022 filios
2927 983 3038 1021 non
3064 966 3373 1037 generavit.
3406 964 3479 1019 Et
3506 964 3579 1018 ita
3605 965 3698 1021 dis-

2127 1059 2315 1115 cessit.
2340 1058 2589 1114 Audiens
2620 1063 2808 1112 autem
2833 1056 3006 1126 judex
3042 1055 3447 1122 misit,dicens:
3476 1054 3571 1108 Vel
3589 1071 3696 1108 ver-

2126 1148 2196 1203 bo
2221 1147 2436 1218 jubeat,
2471 1152 2528 1201 et
2548 1163 2650 1217 ego
2681 1162 2809 1200 eum
2841 1143 3143 1199 dimittam.
3198 1143 3380 1197 Senex
3427 1145 3697 1197 autemre-

2127 1237 2413 1292 mandavit
2452 1237 2524 1302 ei,
2557 1235 2780 1290 dicens:
2813 1233 3089 1288 Examina
3137 1249 3364 1287 causam
3415 1231 3696 1287 secundum

2128 1328 2308 1398 legem
2343 1345 2356 1394 ;
2389 1331 2445 1381 et
2466 1326 2514 1380 si
2543 1325 2750 1396 dignus
2763 1329 2850 1380 est
2877 1328 3077 1390 morte,
3108 1322 3419 1378 moriatur:
3451 1323 3498 1376 si
3527 1327 3697 1377 autem

2128 1435 2240 1473 non
2271 1421 2374 1484 est,
2407 1417 2494 1470 fac
2518 1415 2796 1488 quomodo
2825 1413 2928 1468 vis.

2201 1505 2288 1563 14.
2320 1505 2472 1560 Dixit
2511 1505 2719 1560 iterum
2749 1502 2921 1558 abbas
2961 1504 3160 1558 Pastor
3197 1520 3208 1556 :
3244 1503 3394 1558 Doce
3437 1518 3531 1557 cor
3557 1507 3698 1559 tuum

2127 1613 2348 1652 servare
2387 1612 2510 1668 quae
2531 1595 2691 1649 docet
2729 1594 2871 1649 alios
2897 1593 3093 1663 lingua
3120 1597 3240 1647 tua.
3267 1593 3422 1647 Dixit
3467 1591 3655 1646 iterum
3683 1611 3694 1645 :

2127 1687 2272 1752 Quia
2299 1686 2556 1740 homines
2576 1684 2646 1738 ad
2675 1683 3019 1754 loquendum
3057 1681 3288 1754 perfecti
3315 1681 3495 1736 videri
3511 1681 3696 1748 volunt,

439 1771 562 1842 jam
589 1770 772 1825 vivere
795 1776 881 1839 ;et
910 1771 1044 1843 quia
1061 1777 1119 1826 te
1146 1787 1275 1826 cum
1305 1772 1577 1828 charitate
1606 1774 1906 1843 monui,ita
1919 1759 2104 1832 εχει-Β
2129 1781 2186 1831 et
2212 1776 2272 1830 in
2293 1774 2578 1846 operando
2598 1773 2655 1827 id
2677 1773 2826 1844 quod
2855 1773 3165 1842 loquuntur
3183 1772 3437 1826 minores
3462 1775 3604 1826 sunt.

445 1860 664 1918 cerbari
678 1859 966 1916 debuisti?
1007 1861 1067 1916 Si
1095 1862 1250 1916 enim
1270 1879 1330 1916 re
1362 1879 1496 1918 vera
1516 1864 1746 1919 humilis
1778 1865 1860 1920 vis
1893 1883 2040 1934 esse,

447 1967 571 2024 quae
599 1949 703 2006 tibi
720 1949 792 2005 ab
821 1949 931 2004 alio
957 1950 1344 2022 imponuntur,
1363 1952 1515 2007 disce
1538 1959 1763 2026 portare
1782 1955 2040 2024 viriliter,

447 2046 506 2096 et
525 2056 640 2095 non
667 2039 861 2094 odiosa
888 2038 1057 2094 verba
1077 2040 1363 2096 effundere
1397 2041 1500 2096 tibi
1531 2042 1660 2115 ipsi.
1696 2043 1814 2098 Hoc
1853 2049 2044 2100 autem

447 2129 684 2184 audiens
712 2128 905 2195 frater,
939 2129 1332 2200 paenitentiam
1359 2130 1538 2201 gessit
1582 2148 1773 2187 coram
1800 2149 1956 2202 sene,
1987 2139 2046 2190 et

444 2219 689 2275 multum
709 2217 1009 2289 proficiens
1039 2217 1321 2274 discessit.

513 2305 604 2366 10.
635 2305 866 2362 Audivit
891 2307 1193 2379 aliquando
1217 2307 1390 2379 judex
1414 2309 1710 2380 provincize
1740 2311 1809 2367 de
1839 2311 2041 2367 abbate

443 2399 636 2470 Moyse
657 2397 854 2465 (Ruf/2,
894 2399 932 2451 ι.
956 2409 1042 2463 ιιι,
1077 2413 1136 2450 n.
1158 2395 1304 2467 119),
1341 2402 1397 2452 et
1422 2399 1740 2470 perrexitin
1765 2402 1958 2474 Scythi
1977 2407 2042 2457 ut

443 2487 662 2542 videret
687 2501 819 2541 eum
845 2503 858 2552 ;
891 2489 949 2540 et
975 2485 1380 2541 nuntiaverunt
1421 2488 1650 2559 quidam
1679 2491 1800 2545 seni
1845 2491 1914 2546 de
1944 2492 2040 2547 ad-

444 2582 617 2631 ventu
645 2576 790 2646 ejus,
813 2579 872 2629 et
899 2574 1144 2630 surrexit
1167 2581 1233 2630 ut
1256 2575 1478 2647 fugeret
1505 2577 1564 2632 in
1595 2578 1942 2650 paludem;et
1953 2598 2041 2636 oc-

445 2665 624 2720 currit
677 2664 730 2718 ei
759 2664 854 2718 ille
879 2663 1052 2734 judex
1071 2680 1198 2719 cum
1223 2664 1358 2731 suis,
1391 2670 1449 2720 et
1475 2666 1842 2738 interrogavit
1885 2687 2035 2737 eum,

445 2753 635 2809 dicens
654 2771 666 2807 :
699 2752 798 2808 Dic
809 2752 988 2820 nobis,
1008 2770 1196 2820 senex,
1218 2752 1315 2808 ubi
1335 2760 1422 2811 est
1440 2756 1580 2810 cella
1597 2756 1816 2812 abbatis
1834 2759 2040 2832 Moysi?

444 2843 516 2900 Et
541 2842 677 2897 dicit
705 2840 816 2896 eis:
855 2841 1001 2907 Quid
1023 2842 1189 2898 vultis
1218 2860 1348 2899 eum
1371 2843 1693 2916 inquirere?
1745 2847 1912 2903 homo
1963 2849 2041 2904 fa-

443 2937 576 2988 tuus
600 2938 688 2986 est
714 2936 772 2986 et
797 2931 1110 2987 haereticus.
1138 2933 1208 2987 Et
1224 2933 1453 2990 veniens
1475 2935 1650 3005 judex
1664 2936 1734 2990 ad
1747 2938 2038 2994 ecclesiam

442 3021 584 3078 dixit
600 3020 815 3076 clericis
838 3039 852 3075 :
883 3019 1003 3091 Ego
1031 3021 1267 3076 audiens
1287 3023 1356 3077 de
1383 3022 1584 3078 abbate
1613 3026 1822 3098 Moyse,
1839 3027 2041 3083 veniut

2200 1865 2285 1920 15.
2317 1863 2485 1918 Venit
2511 1861 2816 1933 aliquando
2845 1860 3018 1915 abbas
3034 1860 3472 1932 Adelphius,qui
3495 1859 3698 1931 fuitepi-

2127 1969 2326 2025 scopus
2354 1952 2693 2023 Nilopoleos,
2721 1951 2792 2004 ad
2819 1949 3082 2004 abbatem
3114 1948 3258 2004 Sisoi
3285 1949 3346 2003 in
3381 1955 3635 2016 montem;
3653 1954 3701 2002 et

2126 2042 2259 2113 quia
2277 2042 2626 2096 discessurus
2654 2045 2795 2107 erat,
2825 2039 2957 2094 fecit
2984 2055 3079 2093 eos
3098 2044 3326 2108 gustare
3363 2055 3396 2092 a
3415 2042 3699 2104 mane,erat

2124 2149 2254 2186 vero
2270 2131 2550 2203 jejunium
2579 2151 2592 2199 ;
2622 2137 2679 2185 et
2707 2147 2836 2186 cum
2855 2134 3130 2201 ponerent
3159 2144 3438 2194 mensam,
3467 2145 3586 2182 ecce
3611 2127 3701 2180 fra-

2123 2227 2239 2276 tres
2256 2221 2640 2292 pulsaverunt.
2672 2218 2824 2274 Dixit
2851 2223 3039 2273 autem
3069 2233 3239 2272 senex
3264 2216 3540 2288 discipulo
3569 2232 3658 2269 suo
3684 2233 3694 2267 :

2121 2310 2209 2365 Da
2226 2311 2307 2366 eis
2334 2310 2579 2365 modicas
2593 2309 2860 2381 zippulas,
2888 2309 3023 2380 quia
3047 2307 3116 2362 de
3145 2306 3342 2362 labore
3364 2312 3517 2361 sunt.
3547 2306 3610 2360 Et
3626 2305 3698 2360 di-
3739 2302 3752 2314 '

2123 2399 2200 2454 cit
2217 2399 2269 2454 ei
2296 2399 2469 2454 abbas
2502 2399 2836 2470 Adelphius:
2863 2397 3096 2452 Dimitte
3125 2396 3377 2463 interim,
3409 2412 3481 2450 ne
3509 2394 3692 2449 dicant:

2122 2488 2262 2554 Quia
2293 2487 2463 2543 abbas
2495 2487 2668 2544 Sisois
2698 2504 2733 2542 a
2753 2503 2920 2542 mane
2945 2486 3201 2541 comedit.
3234 2487 3304 2540 Et
3327 2485 3571 2540 intendit
3585 2500 3693 2538 eum

2123 2595 2312 2646 senex,
2344 2583 2400 2633 et
2423 2577 2564 2632 dixit
2582 2576 2773 2632 fratri:
2805 2575 2959 2630 Vade
2990 2581 3073 2644 tu,
3097 2576 3169 2630 da
3189 2574 3287 2630 eis.
3321 2575 3469 2630 Cum
3497 2573 3694 2644 ergavi-

2123 2667 2341 2722 dissent
2361 2667 2861 2738 pultes,dixerunt:
2893 2666 2975 2720 Ne
3005 2664 3333 2736 peregrinos
3375 2663 3587 2734 aliquos
3610 2662 3696 2716 ha-

2123 2755 2293 2811 betis?
2316 2755 2492 2811 Putas
2524 2761 2581 2810 et
2605 2772 2778 2811 senex
2805 2753 3090 2809 vobiscum
3109 2753 3383 2808 comedit?
3397 2752 3472 2807 Et
3498 2753 3655 2806 frater
3681 2771 3693 2804 :

2121 2845 2324 2900 Etiam.
2359 2847 2662 2918 Coeperunt
2693 2861 2826 2916 ergo
2851 2843 3171 2898 contristari
3203 2848 3260 2897 et
3289 2842 3478 2897 dicere
3507 2861 3520 2896 :
3551 2843 3698 2912 Igno-

2121 2940 2239 2990 scat
2279 2934 2434 2989 vobis
2466 2935 2634 3000 Deus,
2669 2934 2801 3005 quia
2827 2949 3021 2988 senem
3058 2932 3399 3005 permisistis
3430 2931 3535 2986 ista
3578 2931 3697 2984 hora

2120 3025 2460 3078 manducare
2486 3043 2498 3078 :
2532 3041 2604 3078 an
2623 3023 2851 3078 nescitis
2865 3023 2997 3094 quia
3015 3022 3286 3093 plurimos
3305 3021 3432 3076 dies
3443 3020 3699 3075 laboratu-

441 3112 691 3167 viderem
715 3115 1063 3178 eum;etecce
1081 3111 1322 3166 occurrit
1337 3111 1498 3168 nobis
1523 3131 1691 3169 senex
1710 3132 1951 3187 pergens
1979 3117 2037 3172 in
2057 3121 2101 3183 C
2121 3131 2217 3168 rus
2248 3113 2372 3168 est?
2394 3113 2642 3168 Audiens
2667 3113 2785 3167 haec
2813 3113 3125 3183 episcopus,
3158 3111 3329 3183 cmpit
3360 3128 3548 3166 coram
3573 3125 3690 3164 sene

442 3201 778 3274 Egyptum,
812 3206 871 3256 et
920 3200 1392 3273 interrogavimus
1443 3220 1572 3260 eum
1597 3204 1692 3260 ubi
1723 3212 1871 3260 esset
1899 3207 2039 3264 cella

441 3290 662 3346 abbatis
692 3290 893 3364 Moysi,
918 3296 976 3346 et
996 3290 1136 3346 dixit
1154 3291 1314 3347 nobis
1363 3311 1374 3347 :
1433 3293 1577 3358 Quid
1603 3310 1732 3350 eum
1751 3297 2036 3367 quaeritis?

440 3380 630 3437 fatuus
657 3385 761 3447 est,
791 3385 848 3436 et
871 3380 1187 3438 haereticus.
1237 3381 1545 3438 Audientes
1583 3389 1775 3440 autem
1828 3386 2035 3454 clerici,

439 3470 755 3527 contristati
783 3475 936 3536 sunt,
968 3470 1218 3526 dicentes
1253 3488 1264 3525 :
1295 3471 1486 3536 Qualis
1514 3478 1601 3528 est
1627 3491 1796 3529 senex
1817 3474 2038 3548 ille,qui

439 3560 556 3617 haec
583 3559 654 3615 de
680 3564 872 3615 sancto
895 3559 1122 3614 homine
1147 3559 1366 3616 locutus
1388 3566 1473 3616 est
1501 3562 1572 3617 ad
1599 3580 1695 3619 vos
1718 3563 1828 3618 ?Et
1847 3565 1928 3620 illi
1949 3565 2037 3621 di-

436 3655 672 3706 xerunt:
720 3649 900 3704 Senex
927 3648 1308 3705 vetustissimo
1340 3651 1675 3707 vestimento
1699 3656 1882 3720 utens,
1918 3655 2038 3709 lon-

437 3754 546 3808 gus
567 3743 625 3792 et
651 3736 832 3807 niger.
863 3734 939 3790 Et
959 3735 1044 3790 illi
1065 3735 1330 3792 dixerunt
1367 3755 1379 3791 :
1422 3739 1547 3809 Ipse
1569 3744 1655 3794 est
1683 3739 1855 3796 abbas
1883 3741 2034 3814 Moy-

438 3843 547 3895 ses;
562 3831 620 3880 et
633 3825 766 3897 quia
778 3824 961 3879 noluit
971 3823 1148 3879 videri
1159 3841 1195 3880 a
1206 3824 1512 3890 vobis,ideo
1524 3827 1642 3882 haec
1656 3827 1809 3884 vobis
1826 3829 1944 3900 ipse
1965 3829 2035 3886 de

438 3931 498 3970 se
520 3913 764 3970 dixit.Et
777 3913 1019 3968 multum
1031 3913 1340 3970 aediﬁcatus
1354 3915 1527 3986 judex
1545 3916 1821 3972 discessit.

510 4003 597 4057 11.
627 4000 826 4056 Frater
846 4000 1212 4072 interrogavit
1241 4001 1502 4058 abbatem
1521 4005 1780 4061 Mathoen
1803 4005 2026 4063 dicens:

437 4089 497 4146 Si
517 4087 707 4143 abiero
756 4104 986 4144 manere
1011 4089 1070 4143 in
1108 4090 1228 4145 loco
1279 4090 1487 4161 aliquo,
1535 4092 1814 4162 quomodo
1849 4093 1929 4148 vis
1967 4100 2033 4150 ut

433 4194 600 4250 agam
627 4177 741 4233 ibi!
773 4178 922 4234 Dicit
943 4178 996 4234 ei
1016 4195 1186 4234 senex
1211 4197 1223 4234 :
1253 4179 1312 4236 Si
1336 4179 1678 4236 habitaveris
1709 4181 1769 4237 in
1792 4182 1932 4251 loco,
1962 4201 2033 4240 ne

433 4268 571 4323 velis
593 4267 696 4322 tibi
725 4267 837 4323 illic
867 4284 1071 4323 nomen
1103 4267 1286 4324 facere
1333 4269 1403 4323 de
1434 4269 1626 4342 aliqua
1661 4287 1742 4338 re,
1773 4270 2030 4341 dicendo,

430 4359 547 4413 Aut
573 4373 687 4413 non
706 4358 864 4413 venio
879 4357 940 4412 in
964 4363 1241 4413 conventu
1256 4357 1621 4426 fratrum,aut
1631 4376 1743 4414 non
1755 4362 2032 4416 manduco

2120 3201 2508 3274 paenitentiam
2538 3219 2724 3272 agere,
2749 3201 2965 3256 dicens:
2991 3201 3219 3270 Ignosce
3239 3199 3688 3269 mihi,abba,quia

2121 3309 2223 3362 ego
2254 3292 2480 3363 quidem
2512 3292 2822 3346 humanum
2878 3289 3090 3361 aliquid
3121 3290 3386 3360 cogitavi,
3437 3295 3504 3346 tu
3526 3294 3695 3342 autem

2123 3381 2270 3452 quod
2301 3381 2402 3436 Dei
2423 3387 2510 3436 est
2535 3380 2737 3435 iecisti.
2786 3378 2862 3433 Et
2887 3379 3024 3433 dicit
3067 3378 3120 3433 ei
3147 3377 3318 3433 abbas
3367 3379 3565 3434 Sisois:
3590 3375 3693 3430 Nisi

2120 3471 2270 3526 Deus
2297 3469 2698 3542 glorificaverit
2723 3469 3029 3536 hominem,
3053 3468 3237 3539 gloria
3257 3468 3552 3523 hominum
3569 3481 3693 3521 nun-

2121 3576 2291 3632 quam
2321 3564 2451 3614 stat.

2189 3650 2216 3702 1
2225 3647 2658 3720 6.1nterrogavit
2668 3647 2840 3703 abbas
2862 3649 3170 3704 Ammonas
3181 3647 3251 3703 de
3269 3648 3396 3704 loco
3409 3648 3504 3720 qui
3513 3646 3694 3702 dicitur

2119 3737 2691 3810 Raythum,abbatem
2704 3737 2848 3792 Sisoi
2867 3737 3087 3792 dicens:
3119 3737 3359 3802 Quando
3376 3737 3502 3808 lego
3529 3736 3690 3806 Scrip-

2117 3832 2293 3895 turas,
2327 3827 2446 3881 vult
2463 3826 2729 3897 cogitatio
2765 3842 2893 3881 mea
2911 3842 3112 3881 ornare
3141 3842 3484 3893 sermonem,
3513 3830 3576 3880 ut
3601 3840 3687 3896 pa-

2115 3921 2272 3970 ratus
2299 3914 2407 3969 sim
2423 3914 2495 3968 ad
2522 3914 2868 3985 interrogata
2896 3913 3258 3985 respondere.
3284 3912 3362 3968 Et
3387 3914 3532 3968 dixit
3551 3913 3596 3967 ei
3620 3929 3690 3966 se-

2114 4021 2252 4060 nex:
2284 4005 2412 4058 Non
2457 4010 2544 4058 est
2571 4020 2731 4074 opus,
2757 4003 2856 4058 sed
2888 4003 3067 4073 magis
3100 4004 3169 4057 de
3200 4003 3453 4075 puritate
3499 4001 3684 4057 mentis

2113 4099 2304 4160 594
2330 4093 2556 4165 provide
2587 4092 2687 4147 tibi
2706 4093 3068 4148 securitatem
3096 4091 3684 4147 edicendisermonem.

2182 4181 2276 4238 17.
2307 4183 2477 4237 Venit
2499 4183 2802 4254 aliquando
2817 4181 2990 4252 judex
3008 4181 3307 4253 provincia:
3327 4182 3517 4236 videre
3544 4177 3690 4234 abba-

2113 4276 2230 4328 tem
2251 4272 2623 4339 Simonem,et
2648 4271 2742 4326 ille
2767 4270 2898 4326 tulit
2924 4271 3107 4325 lorum
3138 4287 3248 4342 quo
3270 4269 3613 4342 cingebatur,
3641 4275 3690 4322 et

2115 4360 2365 4416 ascendit
2391 4359 2449 4414 in
2478 4359 2736 4414 arborem
2777 4359 2997 4430 palmae,
3023 4365 3089 4413 ut
3133 4365 3408 4430 purgaret
3441 4375 3580 4414 eam.
3610 4355 3685 4412 Illi

431 4447 539 4502 hoc
559 4447 828 4512 velillud;
874 4447 991 4502 haec
1012 4447 1164 4502 enim
1201 4464 1407 4504 vanum
1430 4465 1636 4504 nomen
1661 4449 1766 4504 tibi
1793 4450 2024 4519 faciunt,
2049 4441 2097 4501 Β
2116 4455 2306 4505 autem
2334 4449 2620 4504 venientes
2641 4449 2904 4503 dixerunt
2922 4448 3005 4502 ei:
3028 4447 3135 4502 Ubi
3155 4454 3242 4502 est
3263 4465 3456 4515 senex,
3481 4447 3571 4518 qui
3597 4447 3688 4499 hac

432 4536 532 4592 sed
558 4541 756 4608 postea
777 4535 1264 4608 importunitatem
1296 4536 1526 4608 patieris
1553 4538 1818 4609 quoniam
1844 4539 2028 4595 homi-

428 4641 531 4681 nes
559 4625 656 4681 ubi
681 4626 786 4680 hoc
814 4624 1122 4693 audierint,
1152 4623 1231 4679 ibi
1263 4631 1512 4680 current.

503 4713 589 4770 l2.
629 4713 817 4770 Abbas
867 4713 1133 4769 Nisteron
1163 4715 1345 4785 major
1374 4714 1704 4771 ambulabat
1748 4716 1806 4771 in
1835 4734 2026 4774 eremo

429 4821 559 4860 cum
583 4804 772 4876 aliquo
794 4803 986 4870 fratre,
1019 4809 1077 4858 et
1105 4803 1358 4860 videntes
1379 4804 1702 4873 draconem,
1735 4805 2023 4878 fugerunt.

426 4892 577 4947 Dicit
603 4892 656 4947 ei
678 4893 883 4948 frater:
923 4892 997 4948 Et
1022 4902 1085 4949 tu
1112 4893 1296 4960 times,
1357 4893 1527 4949 Pater
1544 4894 1571 4948 ?
1614 4895 1920 4968 Respondit
1943 4914 2028 4952 se-

427 4995 572 5035 nex:
603 4981 728 5035 Non
766 4981 1078 5050 timeo,ﬁli;
1110 4981 1210 5036 sed
1229 4982 1453 5054 expedit
1478 4983 1923 5054 quiadraconem
1951 4986 2028 5040 vi-

429 5068 572 5123 dens
600 5068 739 5139 fugi,
771 5070 1037 5141 quoniam
1093 5087 1208 5127 non
1254 5069 1427 5126 habui
1478 5072 1724 5144 effugere
1765 5073 2024 5147 spiritum

429 5173 584 5213 vana;
620 5157 838 5227 gloria}.

495 5245 784 5302 ‘13.Voluit
801 5247 1101 5319 aliquando
1111 5247 1286 5320 judex
1308 5250 1606 5321 provincia:
1644 5251 1829 5307 videre
1858 5251 2025 5309 abba-

425 5343 544 5395 tem
580 5337 894 5405 Pastorem,
928 5342 987 5391 et
1012 5352 1126 5392 non
1181 5338 1571 5410 acquiescebat
1617 5355 1788 5396 senex
1814 5343 2018 5415 (Ra/ﬂ,

425 5431 465 5483 ι.
497 5441 576 5496 ιιι,
610 5443 669 5481 η.
705 5422 818 5495 20).
851 5424 1031 5481 Judex
1057 5430 1247 5482 autem
1275 5429 1460 5484 tenuit
1475 5429 1656 5487 filium
1675 5431 1882 5486 sororis
1897 5434 2021 5504 ejus

424 5517 579 5574 velut
601 5515 1046 5584 malefactorem,
1067 5519 1125 5570 et
1139 5516 1358 5588 redegit
1384 5535 1514 5574 eum
1531 5517 1591 5575 in
1611 5536 1912 5590 carcerem,
1940 5523 2022 5578 di-

422 5623 584 5667 cens:
614 5607 676 5666 Si
701 5606 920 5666 venerit
965 5620 1138 5664 senex
1165 5609 1225 5663 et
1249 5608 1532 5679 rogaverit
1558 5624 1660 5681 pro
1707 5627 1794 5682 eo,
1835 5612 2022 5669 dimit-

2110 4541 2170 4595 in
2199 4539 2501 4594 solitudine
2528 4537 2773 4593 habitat?
2792 4537 2868 4592 Et
2892 4537 2985 4591 ille
2999 4538 3292 4608 respondit
3313 4557 3326 4594 :
3357 4538 3484 4592 Non
3503 4540 3582 4594 est
3605 4535 3682 4588 hic

2110 4629 2394 4685 solitarius
2413 4628 2634 4700 aliquis.
2667 4627 2740 4682 Et
2767 4645 2895 4684 cum
2927 4628 3032 4682 hoc
3054 4627 3308 4695 dixisset,
3339 4626 3589 4682 discessit
3608 4626 3694 4695 ju:

2110 4719 2235 4777 dex.

2183 4807 2269 4865 18.
2309 4807 2435 4862 Alia
2465 4805 2672 4862 iterum
2701 4805 2818 4860 vice
2848 4806 2993 4860 alter
3001 4805 3176 4877 judex
3188 4805 3340 4861 venit
3371 4805 3554 4860 videre
3567 4819 3681 4860 eum

2109 4902 2166 4952 et
2193 4897 2568 4969 praecedentes
2599 4895 2783 4950 clerici
2828 4896 3091 4951 dixerunt
3115 4897 3166 4950 ei
3193 4915 3222 4953 :_
3243 4895 3424 4961 Abba,
3472 4900 3682 4967 paratus

2109 4992 2249 5054 esto,
2283 4986 2414 5058 quia
2433 4986 2606 5057 judex
2626 4985 2862 5040 audiens
2885 4985 2955 5041 de
2983 4991 3040 5040 te
3068 4986 3221 5040 venit
3243 4991 3307 5040 ut
3331 4985 3682 5040 benedicatur

2108 5093 2142 5132 a
2170 5082 2245 5131 te.
2278 5075 2355 5131 Et
2400 5076 2492 5129 ille
2521 5075 2662 5129 dixit
2693 5093 2706 5128 :
2757 5075 2941 5129 Etiam
2969 5091 3074 5145 ego
3103 5074 3431 5147 praeparabo
3464 5091 3569 5128 me.
3617 5072 3678 5126 Et

2106 5165 2430 5238 cooperiens
2459 5181 2519 5220 se
2533 5181 2691 5220 sacco
2722 5181 2841 5232 suo,
2871 5171 2930 5218 et
2947 5165 3151 5219 tollens
3182 5165 3239 5219 in
3267 5181 3444 5219 manu
3471 5179 3570 5219 sua
3595 5176 3676 5233 pa-

2105 5272 2234 5311 nem
2267 5261 2324 5310 et
2373 5271 2618 5323 caseum,
2648 5255 2794 5310 sedit
2834 5254 2892 5308 in
2921 5254 3180 5325 ingressu
3207 5254 3422 5309 cellulae
3463 5269 3592 5315 suae.
3627 5255 3676 5304 et

2103 5346 2271 5417 capit
2285 5344 2818 5400 manducare.Venit
2853 5361 2987 5416 ergo
3001 5344 3176 5414 judex
3193 5360 3321 5399 cum
3353 5343 3536 5398 ofﬁcio
3561 5355 3669 5404 suo,

2102 5439 2161 5488 et
2187 5433 2438 5488 videntes
2469 5451 2597 5489 eum
2619 5438 2966 5506 spreverunt,
3000 5433 3276 5488 dicentes:
3309 5432 3414 5487 Hic
3457 5437 3540 5487 est
3565 5445 3672 5484 mo-

2101 5523 2314 5579 nachus
2338 5523 2624 5580 solitarius
2651 5523 2722 5578 de
2751 5539 2862 5596 quo
2882 5522 3020 5578 talia
3038 5521 3403 5578 audiebamus
3428 5521 3456 5577 ?
3480 5521 3547 5577 Et
3567 5524 3670 5574 sta-

2102 5612 2204 5670 tim
2219 5613 2598 5672 discesserunt
2623 5617 2680 5670 et
2707 5611 2916 5669 reversi
2941 5617 3076 5671 sunt
3107 5611 3179 5670 ad
3205 5628 3281 5670 se.
