3976 6186
297 267 407 327 909

1608 270 1847 327 VERBA
1885 266 2276 327 SENIORUM.

3470 283 3578 342 910

373 395 460 450 19.
493 394 646 450 Dixit
675 399 868 450 sancta
888 394 1204 468 Syncletica
1231 413 1242 449 :
1273 395 1430 452 Sicut
1456 396 1753 452 thesaurus
1783 396 2188 458 ma-Ationem
2211 394 2468 461 fratrum,
2502 399 2559 450 et
2581 395 2716 452 vidit
2745 399 3046 469 quemdam
3075 403 3144 459 de
3164 403 3433 464 fratribus
3459 411 3577 466 cul-

296 484 538 540 nifestus
561 484 671 539 cito
696 485 1044 556 expenditur,
1068 485 1148 540 ita
1176 489 1232 540 et
1259 485 1436 540 virtus
1457 486 1735 558 quzelibet,
1770 504 1899 542 cum

295 575 612 629 innotuerit
629 575 714 629 vel
733 574 1013 646 publicata
1036 575 1223 642 fuerit,
1243 575 1896 645 exterminabitur(Ru/l.,

297 668 336 723 ι.
374 679 456 732 In,
484 682 541 718 η.
571 663 714 735 114).
737 665 894 720 Sicut
917 666 1068 720 enim
1098 683 1224 721 cera
1240 667 1475 721 solvitur
1503 683 1536 720 a
1563 666 1701 721 facie
1733 666 1895 737 ignis,

295 751 381 808 ita
407 759 465 808 et
489 754 680 809 anima
707 755 967 810 laudibus
999 756 1268 824 inanitur;
1304 761 1361 811 et
1390 756 1603 811 amittit
1629 757 1900 812 virtutum

297 842 545 914 rigorem
555 885 568 899 .

368 931 461 990 ‘20.
495 933 649 989 Dixit
675 933 883 989 iterum
917 951 929 987 :
964 934 1120 989 Sicut
1147 935 1492 1008 impossibile
1521 941 1623 1002 est,
1664 951 1776 991 uno
1814 952 1903 991 eo-

297 1023 543 1093 demque
564 1028 816 1090 tempore
846 1029 902 1077 et
929 1023 1164 1078 herbam
1211 1042 1333 1080 esse
1362 1031 1419 1079 et
1446 1042 1658 1091 semen,
1691 1025 1773 1078 ita
1802 1024 1901 1078 im-

298 1111 566 1184 possibile
592 1118 678 1166 est
697 1117 760 1166 ut
787 1113 1113 1168 saecularem
1140 1114 1378 1184 gloriam
1410 1113 1698 1178 habentes,
1743 1114 1902 1168 coale-

298 1207 447 1256 stem
472 1200 683 1256 faciant
707 1201 949 1256 fructum
974 1204 1156 1275 (Rulli,
1178 1207 1216 1260 ι.
1235 1218 1314 1271 III,
1339 1220 1495 1258 num.
1530 1201 1628 1260 113
1643 1222 1658 1269 ;
1689 1203 1895 1269 Pasch,

299 1308 346 1346 c.
380 1290 468 1357 13,
507 1307 562 1344 η.
605 1290 684 1362 2).

1981 483 2245 557 pabilem,
2279 489 2336 538 et
2376 484 2714 556 adjudicavit
2743 504 2871 543 eum
2900 490 3092 564 (Ra/ll,
3126 497 3164 550 ι.
3212 512 3290 562 m,
3329 515 3382 553 η.
3424 499 3572 571 137).

1983 577 2124 630 Cum
2151 579 2339 628 autem
2374 574 2578 629 exisset
2614 576 2684 630 ad
2717 594 2988 649 eremum,
3021 583 3172 638 venit
3199 589 3433 658 angelus
3459 590 3572 645 Do-

1983 664 2140 730 mini,
2166 668 2221 718 et
2243 664 2399 718 stetit
2426 670 2556 719 ante
2588 665 2793 721 ostium
2823 669 2974 724 cellae
3015 673 3154 742 ejus,
3183 674 3370 732 dicens
3405 694 3418 730 :
3449 679 3573 735 Non

1982 756 2038 806 te
2063 751 2284 806 dimitto
2315 752 2546 806 intrare.
2572 753 2672 808 Ille
2697 761 2886 810 autem
2914 760 3170 830 rogabat,
3191 763 3413 820 dicens:
3439 767 3575 832 Quae

1983 846 2068 896 est
2092 858 2262 896 causa
2284 842 2309 896 ?
2339 842 2408 896 Et
2436 843 2780 914 respondens
2800 849 3032 918 angelus
3061 850 3302 920 Domini,
3323 855 3374 909 ei
3402 856 3570 912 dixit:

1983 931 2132 986 Deus
2153 948 2243 986 me
2264 931 2422 986 misit
2441 937 2504 986 ut
2531 932 2774 989 dicerem
2793 934 2923 991 tibi:
2949 937 3054 993 Ubi
3068 940 3232 1010 jubes
3265 947 3330 998 ut
3352 945 3574 1002 mittam

1984 1019 2144 1074 illum
2165 1021 2394 1075 fratrem
2411 1022 2765 1094 culpabilem,
2789 1041 2954 1096 quem
2974 1027 3273 1085 addixisti?
3294 1033 3362 1089 Et
3381 1035 3574 1090 statim

1984 1109 2155 1164 abbas
2174 1110 2329 1164 Isaac
2345 1112 2732 1182 paenitentiam
2755 1115 2888 1184 egit,
2908 1115 3125 1172 dicens:
3157 1120 3405 1186 Peccavi,
3421 1124 3577 1194 igno-

1982 1216 2072 1253 sce
2092 1199 2325 1254 mihi.Et
2340 1200 2480 1254 dixit
2498 1202 2730 1272 angelus
2759 1223 2771 1258 :
2797 1204 2994 1276 Surge,
3016 1207 3256 1278 ignoscit
3270 1209 3372 1265 tibi
3395 1212 3575 1280 Deus;

1982 1288 2079 1342 sed
2126 1289 2341 1343 custodi
2383 1290 2452 1344 de
2506 1296 2706 1346 cmtero
2753 1309 2823 1347 ne
2880 1295 3167 1366 adjudices
3215 1316 3576 1374 quemquam,

369 1380 462 1434 21.
494 1379 812 1451 Aliquando
832 1381 891 1435 in
922 1379 1089 1434 Cellis
1117 1381 1417 1436 festivitate
1450 1381 1747 1448 celebrata,
1777 1382 1903 1437 ede-

301 1468 441 1524 bant
470 1469 674 1524 fratres
703 1469 762 1523 in
808 1469 1041 1524 ecclesia
1063 1472 1248 1538 (Rulli,
1283 1475 1320 1525 ι.
1353 1485 1435 1538 III,
1465 1489 1522 1525 η.
1557 1470 1644 1538 54,
1680 1474 1903 1525 nomine

1983 1377 2310 1450 priusquam
2340 1379 2488 1433 Deus
2518 1380 2803 1451 adjudicet
2830 1400 2979 1438 eum.

2056 1466 2108 1523 4.
2143 1468 2339 1522 Frater
2361 1468 2663 1539 aliquando
2691 1469 2749 1524 in
2782 1470 2880 1544 Sc)
2895 1473 2975 1528 thi
2997 1475 3256 1533 inventus
3279 1484 3364 1534 est
3393 1480 3582 1554 culpa-

309 1559 767 1627 Theodor:).Erat
782 1565 972 1613 autem
990 1558 1062 1612 ibi
1078 1559 1251 1613 frater
1268 1559 1619 1630 quidam,qui
1644 1559 1784 1614 dixit
1805 1559 1906 1614 mi-
1985 1555 2132 1619 bilis,
2164 1561 2221 1610 et
2251 1557 2500 1612 fecerunt
2539 1559 2786 1614 seniores
2833 1569 3186 1634 conventum,
3221 1573 3279 1622 et
3306 1569 3583 1626 miserunt

302 1649 598 1702 nistranti:
619 1648 734 1718 Ego
755 1664 866 1702 non
888 1648 1164 1702 manduco
1185 1654 1400 1703 coctum
1419 1649 1650 1720 aliquid,
1679 1649 1776 1703 sed
1797 1649 1899 1703 sal.
1986 1646 2056 1700 ad
2087 1645 2347 1700 abbatem
2377 1647 2647 1718 Moysem,
2672 1649 2919 1706 dicentes
2939 1658 3004 1707 ut
3016 1656 3231 1710 veniret
3245 1673 3261 1724 ;
3277 1657 3372 1712 ille
3389 1665 3581 1716 autem

304 1737 375 1791 Et
387 1736 602 1791 vocavit
617 1738 875 1792 minister
885 1737 1059 1791 alium
1071 1737 1301 1792 fratrem
1320 1755 1507 1792 coram
1522 1738 1900 1805 multitudine,
1921 1762 1967 1821 Β
1985 1735 2173 1790 venire
2189 1735 2387 1790 noluit.
2413 1737 2567 1791 Misit
2587 1742 2776 1793 autem
2792 1740 2863 1794 ad
2881 1757 3009 1796 eum
3030 1745 3340 1818 presbyter.
3359 1747 3578 1805 dicens:

303 1826 497 1881 dicens
523 1844 534 1879 :
559 1826 659 1882 Ille
680 1827 855 1881 frater
880 1844 990 1881 non
1021 1827 1264 1881 comedit
1289 1832 1526 1896 coctum,
1558 1827 1696 1882 affer
1715 1829 1766 1882 ei
1798 1828 1899 1881 sal.
1983 1824 2147 1890 Veni,
2165 1825 2296 1895 quia
2318 1824 2472 1897 plebs
2489 1826 2726 1882 fratrum
2751 1834 2805 1883 te
2817 1837 3118 1902 exspectat.
3143 1834 3212 1889 Et
3232 1835 3328 1890 ille
3346 1852 3583 1908 surgens

307 1917 564 1971 Surrexit
582 1921 771 1971 autem
795 1916 1022 1988 quidam
1043 1933 1262 1983 senum,
1278 1922 1336 1971 et
1364 1917 1503 1971 dixit
1525 1917 1576 1970 ei
1601 1935 1611 1970 :
1639 1917 1906 1988 Expedie-
1985 1914 2155 1968 venit.
2171 1915 2396 1969 Tollens
2423 1921 2614 1970 autem
2635 1934 2823 1973 secum
2846 1927 3095 1992 spartam
3123 1925 3581 1996 vetustissimam,

304 2011 396 2059 rat
424 2005 530 2059 tibi
558 2005 724 2059 hodie
767 2006 826 2060 in
871 2005 1012 2060 cella
1036 2012 1137 2061 tua
1165 2007 1457 2061 comedere
1486 2022 1702 2074 carnes,
1735 2023 1905 2078 quam
1988 2003 2241 2075 implevit
2292 2022 2417 2059 eam
2448 2022 2638 2073 arena,
2672 2013 2728 2061 et
2758 2015 2883 2080 post
2930 2027 2990 2064 se
3036 2013 3298 2083 portavit.
3337 2015 3425 2070 Illi
3454 2033 3584 2072 vero

302 2093 489 2148 audiri
516 2094 662 2148 hanc
691 2111 879 2150 vocem
905 2112 1092 2150 coram
1124 2096 1298 2150 tantis
1325 2095 1610 2154 fratribus.
1988 2093 2245 2148 exierunt
2262 2093 2313 2147 ei
2344 2093 2582 2161 obviam,
2613 2095 2861 2152 dicentes
2886 2116 2900 2153 :
2929 2099 3074 2164 Quid
3105 2101 3206 2157 hoc
3233 2109 3339 2170 est,
3372 2103 3586 2163 Pater?

373 2181 464 2240 2‘2.
489 2184 624 2239 Erat
649 2183 879 2255 quidam
899 2183 1186 2239 abstinens
1205 2202 1239 2239 a
1268 2184 1422 2251 cibis,
1449 2189 1507 2239 et
1525 2201 1638 2240 non
1662 2184 1905 2239 mandu-
1987 2182 2140 2238 Dixit
2184 2188 2375 2238 autem
2404 2184 2485 2238 eis
2515 2202 2685 2239 senex
2714 2201 2728 2240 :
2769 2187 3005 2243 Peccata
3033 2205 3158 2245 mea
3179 2197 3314 2248 sunt
3339 2201 3468 2265 post
3494 2212 3584 2252 me

301 2289 437 2327 cans
458 2289 662 2344 panem
683 2293 695 2341 ;
714 2273 878 2353 venit
907 2274 978 2328 ad
1008 2274 1309 2346 quemdam
1331 2291 1544 2329 senem.
1577 2275 1904 2345 Opportune
1988 2271 2289 2339 currentia,
2311 2277 2367 2327 et
2386 2290 2498 2328 non
2511 2274 2670 2330 video
2696 2293 2780 2345 ea,
2797 2283 2854 2331 et
2868 2277 2993 2333 veni
3014 2295 3117 2350 go
3146 2280 3311 2337 hodie
3330 2283 3588 2353 judicare

302 2368 494 2416 autem
515 2362 630 2416 illic
654 2352 824 2416 etiam
848 2363 943 2418 alii
962 2369 1404 2435 supervenerant
1422 2363 1724 2435 peregrini,
1754 2368 1810 2417 et
1829 2361 1905 2417 fe-
1987 2359 2172 2415 aliena
2198 2361 2472 2432 peccata?
2502 2363 2589 2418 Illi
2641 2370 2831 2420 autem
2883 2367 3199 2439 audientes,
3233 2352 3374 2427 nihil
3411 2373 3585 2431 locuti

301 2450 378 2506 cit
395 2467 564 2507 senex
589 2451 872 2507 modicum
902 2453 1254 2524 pulmentum
1281 2459 1512 2525 propter
1539 2469 1653 2508 eos.
1688 2454 1754 2507 Et
1775 2469 1900 2507 cum
1984 2456 2118 2504 sunt
2144 2449 2322 2517 fratri,
2365 2451 2463 2506 sed
2492 2451 2826 2524 ignoverunt
2862 2456 2932 2511 ei.

299 2539 581 2596 sedissent
625 2541 984 2602 manducare,
1018 2541 1191 2596 frater
1235 2541 1329 2596 ille
1379 2542 1666 2596 abstinens
1716 2542 1906 2614 posuit
2055 2539 2309 2606 59:55.
2324 2541 2698 2613 Interrogavit
2712 2543 2883 2600 abbas
2895 2545 3102 2620 Joseph
3121 2547 3378 2608 abbatem
3392 2553 3584 2610 Pasto-

299 2630 407 2685 sibi
426 2631 531 2686 soli
559 2630 704 2686 cicer
730 2631 995 2696 infusum,
1031 2638 1089 2686 et
1116 2630 1508 2686 manducabat.
1538 2633 1606 2686 Et
1632 2648 1760 2685 cum
1783 2649 1904 2686 sur-
1984 2644 2124 2693 rem,
2154 2628 2344 2684 dicens
2372 2648 2383 2683 :
2410 2630 2510 2684 Dic
2535 2633 2814 2702 quomodo
2835 2637 3142 2693 monachus
3164 2639 3319 2697 ﬂam.
3350 2642 3421 2697 Et
3447 2643 3589 2700 dixit

299 2719 578 2774 rexissent
607 2736 641 2774 a
668 2736 881 2786 mensa,
905 2719 1037 2775 tulit
1060 2736 1189 2775 eum
1222 2737 1390 2774 senex
1412 2725 1646 2786 secreto,
1679 2725 1736 2774 et
1764 2719 1904 2774 dixit
1985 2717 2035 2772 ei
2064 2733 2235 2772 senex
2261 2737 2272 2773 :
2297 2718 2354 2773 Si
2386 2719 2466 2773 vis
2495 2721 2747 2792 requiem
2765 2722 3014 2780 invenire
3038 2732 3095 2782 et
3123 2727 3182 2783 in
3204 2729 3308 2785 hoc
3337 2736 3394 2786 et
3421 2731 3480 2786 in
3495 2732 3584 2788 fu-

299 2809 353 2864 ei
387 2827 399 2861 :
437 2809 658 2876 Frater,
699 2809 745 2863 si
784 2809 938 2864 venis
966 2809 1038 2864 ad
1067 2809 1333 2881 aliquem,
1377 2825 1489 2863 non
1517 2807 1780 2863 ostendas
1820 2807 1901 2862 illi
1984 2811 2112 2862 turo
2142 2807 2365 2874 saeculo,
2398 2808 2456 2863 in
2485 2810 2639 2864 omni
2668 2828 2838 2868 causa
2865 2813 2994 2869 die:
3028 2816 3166 2882 Quis
3192 2836 3319 2876 sum
3354 2822 3495 2893 ego?
3529 2829 3588 2879 et

299 2899 782 2954 conversationem
836 2904 1026 2968 tuam;
1080 2900 1127 2953 si
1183 2904 1373 2954 autem
1421 2898 1902 2960 conversationem
1985 2912 2057 2950 ne
2079 2895 2297 2966 judices
2330 2913 2698 2969 quemquam.

298 2995 462 3044 tuam
512 2993 705 3044 tenere
749 2989 850 3056 vis,
899 2989 1031 3044 sede
1073 2988 1132 3042 in
1185 2988 1325 3044 cella
1365 2993 1483 3056 tua,
1527 2993 1584 3042 et
1623 3003 1964 3065 nusquamn
2057 2983 2104 3039 6.
2138 2986 2335 3040 Frater
2364 2987 2593 3058 quidam
2622 2987 2990 3062 interrogavit
3036 3010 3166 3051 eum
3219 2996 3446 3065 iterum,
3495 3001 3584 3055 di-

302 3093 489 3133 exeas.
521 3077 623 3133 Ille
651 3083 839 3134 autem
885 3078 1242 3150 acquiescens
1282 3078 1465 3132 verbis
1512 3077 1680 3145 senis,
1723 3077 1902 3132 factus
1921 3047 1965 3107 Ο
1984 3089 2116 3128 cens
2143 3091 2154 3125 :
2193 3074 2251 3129 Si
2273 3074 2460 3130 videro
2481 3076 2702 3149 culpam
2729 3079 2920 3135 fratris
2944 3083 3076 3149 mei,
3101 3083 3313 3142 bonum
3337 3093 3422 3143 est
3443 3090 3586 3145 cela-

302 3173 391 3222 est
413 3168 728 3223 communis
762 3169 888 3223 vitae
930 3169 990 3222 in
1020 3168 1076 3224 id
1107 3168 1256 3239 quod
1296 3184 1424 3223 cum
1453 3167 1718 3223 fratribus
1748 3167 1902 3222 inve-
1940 3241 1945 3246 l
1985 3179 2046 3217 re
2075 3163 2240 3217 eam?
2273 3165 2424 3218 Dixit
2451 3164 2501 3220 ei
2532 3183 2698 3222 senex
2735 3190 2747 3222 :
2782 3169 3127 3244 Quacunque
3173 3175 3312 3230 hora
3341 3178 3587 3250 tegimus

303 3259 504 3316 uisset,
1985 3257 2277 3324 peccatum
2305 3253 2497 3309 fratris
2525 3257 2724 3323 nostri,
2747 3262 2902 3329 teget
2927 3261 3098 3316 etiam
3119 3263 3268 3320 Deus
3296 3272 3580 3336 nostrum;

375 3347 467 3407 23.
501 3347 653 3403 Dixit
693 3365 862 3403 senex
915 3366 927 3402 :
979 3347 1241 3402 I-Iumana
1285 3345 1638 3419 providentia
1679 3361 1902 3400 omnem
1987 3347 2045 3396 et
2075 3358 2407 3415 quacunque
2430 3344 2569 3399 hora
2596 3346 3012 3417 prodiderimus
3034 3351 3226 3424 culpas
3246 3353 3506 3426 fratrum,
3529 3364 3587 3413 et

302 3437 708 3512 pinguedinem
727 3436 972 3493 hominis
989 3441 1264 3508 amputat,
1289 3442 1346 3492 et
1367 3435 1634 3508 relinquit
1654 3452 1782 3490 eum
1804 3435 1906 3489 sic-
1986 3431 2140 3486 Deus
2169 3440 2391 3487 nostras
2420 3433 2682 3490 similiter
2706 3435 2925 3508 prodet.

304 3544 458 3582 cum.
2061 3519 2112 3574 7.
2132 3519 2378 3576 Olfendit
2396 3522 2698 3594 aliquando
2715 3525 2889 3581 frater
2903 3527 2961 3583 in
2980 3519 3432 3603 congregatione.
3453 3534 3588 3591 Erat

375 3617 468 3672 2-4.
500 3615 652 3671 Dixit
686 3629 856 3670 senex
889 3632 900 3667 :
943 3616 1059 3670 Aut
1095 3613 1314 3686 fugiens
1344 3613 1472 3685 fuge
1498 3612 1773 3680 homines,
1808 3617 1908 3668 aut
1989 3614 2179 3665 autem
2207 3610 2266 3664 in
2297 3610 2472 3682 ipsius
2497 3613 2631 3667 locis
2652 3614 3197 3688 quidamsolitarius,
3214 3622 3310 3694 qui
3328 3625 3451 3694 jam
3470 3624 3588 3682 lon-

304 3706 548 3763 irridens
585 3704 860 3760 mundum
903 3710 960 3759 et
997 3704 1252 3759 homines
1282 3705 1377 3776 qui
1425 3705 1485 3758 in
1515 3703 1725 3759 mundo
1754 3707 1902 3768 sunt,
1988 3716 2061 3769 go
2097 3703 2353 3771 tempore
2380 3701 2516 3755 foris
2542 3719 2654 3757 non
2682 3703 2886 3761 exibat.
2919 3705 3162 3765 Veniens
3196 3717 3388 3767 autem
3417 3713 3590 3770 abbas
3634 3709 3638 3714 ’

305 3796 547 3852 stultum
574 3795 936 3867 temetipsum
962 3795 1022 3848 in
1043 3794 1300 3866 pluribus
1327 3793 1512 3848 facito.
1991 3787 2060 3844 de
2087 3790 2521 3861 congregatione
2542 3791 2639 3846 illa
2657 3793 2728 3848 ad
2750 3810 2898 3864 eum,
2918 3796 3180 3853 indicavit
3205 3800 3274 3856 de
3297 3801 3470 3857 fratre
3492 3804 3589 3859 illo

789 3920 1133 3976 LIBELLUS
1163 3919 1429 3975 NONUS.
1989 3878 2087 3948 qui
2111 3879 2440 3976 offenderat.
2472 3881 2661 3976 Et_ille
2688 3882 2826 3939 dixit
2851 3903 2862 3938 :
2897 3885 3167 3976 Expellite
3197 3906 3348 3946 eum.
3377 3892 3584 3965 Expul-

1989 3984 2084 4022 sus
2115 3973 2304 4022 autem
2336 3969 2509 4024 frater
2526 3970 2595 4025 de
2614 3975 3063 4045 congregatione,
3083 3977 3238 4033 misit
3256 3997 3316 4034 se
3336 3980 3395 4036 in
3417 3981 3589 4038 fossa-

382 4048 456 4105 υο
485 4063 544 4103 σο
579 4048 722 4118 θυοδ
758 4061 870 4101 ηοη
906 4051 1145 4115 oporteat
1179 4046 1439 4115 Ϊαάίοανϐ
1475 4059 1832 4114 ριιεθηςῖιιατη-
1988 4055 2255 4127 tum(33),
2283 4064 2340 4112 et
2368 4057 2536 4113 ﬂebat
2564 4060 2641 4114 ibi
2671 4079 2682 4116 :
2715 4063 2950 4134 contigit
2966 4071 3155 4121 autem
3185 4072 3248 4122 ut
3268 4069 3584 4127 aliifratres

387 4155 437 4214 1.
469 4154 718 4226 Contigit
743 4153 1043 4226 aliquando
1073 4153 1233 4208 fratri
1262 4152 1321 4207 in
1349 4151 1781 4223 congregatione
1813 4149 1908 4204 ab-
1989 4150 2188 4200 euntes
2199 4146 2268 4200 ad
2293 4146 2553 4203 abbatem
2568 4149 2857 4206 Pastorem
2870 4154 3132 4209 audirent
3147 4173 3274 4210 eum
3299 4157 3358 4212 in
3371 4159 3587 4216 fossatu

307 4245 460 4300 batis
488 4245 621 4300 Elia:
647 4244 905 4310 tentatio,
935 4249 993 4298 et
1017 4243 1278 4315 expulsus
1308 4242 1455 4307 inde,
1489 4241 1628 4295 abiit
1655 4240 1714 4295 in
1745 4257 1907 4295 mon-
1989 4236 2304 4308 plorantem
2322 4255 2332 4289 :
2351 4237 2858 4308 quidescendentes
2871 4241 2940 4296 ad
2953 4259 3081 4297 eum
3104 4243 3440 4301 invenerunt
3456 4264 3588 4304 eum

308 4341 430 4391 tem
455 4335 524 4391 ad
557 4333 814 4388 abbatem
848 4332 1178 4387 Antonium.
1226 4332 1295 4386 Et
1321 4348 1447 4385 cum
1474 4329 1774 4384 mansisset
1806 4328 1910 4384 ali-
1993 4328 2052 4384 in
2082 4343 2286 4397 magno
2313 4327 2504 4382 dolore
2528 4329 2916 4399 constitutum,
2940 4337 2996 4386 et
3016 4339 3355 4405 rogaverunt
3375 4353 3504 4392 eum
3524 4342 3590 4393 ut

309 4429 524 4498 quanto
549 4427 802 4494 tempore
830 4421 977 4494 apud
1001 4438 1149 4489 eum,
1175 4421 1394 4475 remisit
1429 4437 1558 4474 eum
1580 4419 1652 4472 ad
1681 4409 1968 4489 congre-D
1991 4415 2101 4470 iret
2128 4415 2200 4470 ad
2229 4432 2420 4470 senem
2464 4415 2624 4472 illum
2652 4417 2996 4490 solitarium;
3049 4429 3107 4478 et
3151 4439 3265 4479 non
3293 4425 3588 4498 acquievit,

307 4512 599 4584 gationem
619 4512 768 4567 unde
789 4511 1020 4566 exierat.
1043 4511 1131 4566 Illi
1159 4516 1350 4565 autem
1367 4509 1620 4564 videntes
1647 4525 1794 4576 eum,
1815 4509 1916 4562 ite-
1997 4504 2186 4559 dicens
2222 4520 2234 4557 :
2287 4505 2352 4559 In
2381 4505 2486 4558 hoc
2513 4505 2633 4560 loco
2671 4507 2882 4563 moriar
2909 4526 3032 4581 ego.
3067 4510 3369 4568 Venientes
3399 4519 3592 4570 autem

306 4618 440 4657 rum
470 4602 840 4674 expulerunt;
874 4600 969 4672 qui
991 4600 1249 4654 similiter
1275 4599 1523 4671 perrexit
1550 4598 1621 4652 ad
1651 4596 1913 4652 abbatem
1997 4593 2198 4648 fratres
2219 4593 2290 4647 ad
2316 4593 2576 4648 abbatem
2599 4595 2909 4664 Pastorem,
2931 4607 3302 4657 narraverunt
3325 4603 3376 4658 ei
3403 4603 3472 4658 de
3502 4621 3591 4661 eo.

306 4691 642 4760 Antonium,
668 4689 855 4745 dicens
885 4708 896 4744 :
932 4689 1249 4746 Noluerunt
1277 4706 1368 4743 me
1393 4687 1694 4758 suscipere,
1723 4687 1909 4740 Pater.

307 4780 465 4840 Misit
497 4797 630 4851 ergo
654 4795 824 4834 senex
852 4779 923 4833 ad
951 4796 1064 4843 eos,
1097 4779 1325 4833 dicens:
1360 4777 1527 4832 Navis
1559 4775 1914 4846 naufragium

307 4869 449 4925 tulit
473 4869 531 4923 in
557 4869 780 4941 pelago,
816 4872 872 4922 et
901 4868 1146 4940 perdidit
1181 4885 1322 4922 onus
1354 4866 1502 4938 quod
1542 4865 1824 4937 portabat,
1861 4869 1918 4920 et

307 4975 444 5015 cum
467 4958 657 5013 labore
672 4975 843 5013 vacua
861 4957 1020 5012 navis
1047 4956 1318 5029 perducta
1344 4960 1430 5010 est
1458 4953 1528 5009 ad
1547 4963 1779 5010 terram.
1803 4953 1916 5008 Vos

310 5065 452 5119 ergo
477 5047 772 5102 liberatam
805 5047 992 5102 navim
1013 5046 1070 5101 in
1094 5051 1305 5101 terram
1325 5045 1492 5099 vultis
1513 5044 1872 5114 submergere
1887 5041 1915 5095 ?

312 5135 416 5193 Illi
433 5141 624 5191 autem
651 5141 1066 5207 cognoscentes,
1111 5135 1242 5207 quia
1272 5151 1402 5189 eum
1439 5133 1610 5187 abbas
1641 5131 1917 5188 Antonius

314 5225 647 5292 remisisset,
680 5226 874 5280 statim
903 5228 1272 5296 susceperunt
1291 5241 1441 5278 eum.

387 5314 442 5370 2.
472 5315 714 5380 Quidam
755 5314 930 5370 frater
975 5319 1316 5386 peccaverat,
1351 5317 1408 5368 et
1429 5311 1601 5383 jussit
1630 5328 1760 5366 eum
1789 5327 1917 5383 pre-

313 5403 512 5477 sbyter
545 5403 697 5457 exire
741 5403 810 5458 de
841 5401 1094 5458 ecclesia.
1124 5402 1379 5457 Surrexit
1409 5406 1597 5455 autem
1631 5399 1917 5466 Besarion,

319 5500 380 5551 et
406 5492 580 5550 exivit
607 5509 734 5548 cum
765 5509 850 5559 eo,
875 5491 1066 5547 dicens
1099 5509 1111 5546 :
1145 5492 1214 5547 Et
1244 5508 1347 5563 ego
1377 5495 1636 5563 peccator
1664 5507 1808 5545 sum.

393 5583 448 5648 3.
490 5582 662 5640 Venit
699 5581 871 5640 abbas
898 5583 1054 5641 Isaac
1083 5581 1152 5638 de
1196 5581 1485 5639 Thebaida
1526 5579 1586 5640 in
1614 5595 1922 5654 congrega-

1997 4682 2068 4736 Et
2093 4683 2310 4753 rogavit
2349 4699 2444 4738 eos
2481 4688 2546 4738 ut
2595 4684 2744 4740 irent
2789 4687 2860 4741 ad
2891 4704 3038 4754 eum,
3073 4689 3323 4746 dicentes
3355 4709 3367 4746 :
3406 4691 3594 4750 Abbas

1997 4772 2197 4826 Pastor
2217 4777 2376 4827 vocat
2401 4778 2457 4827 te
2488 4773 2558 4827 ad
2593 4790 2672 4828 se.
2708 4774 2868 4839 Quod
2902 4793 3030 4832 cum
3057 4778 3109 4833 ei
3138 4778 3429 4850 dixissent,
3461 4799 3593 4855 per-

1997 4861 2142 4915 rexit
2169 4861 2241 4915 ad
2266 4878 2413 4916 eum.
2464 4862 2534 4916 Et
2560 4862 2751 4917 videns
2789 4881 2918 4920 eum
2945 4883 3113 4922 senex
3139 4868 3433 4938 afﬂictum,
3466 4889 3594 4930 sur-

1997 4949 2141 5005 rexit
2164 4954 2221 5005 et
2247 4951 2530 5006 osculatus
2558 4957 2643 5006 est
2671 4969 2823 5020 eum,
2857 4959 2913 5008 et
2933 4955 3257 5027 adgaudens
3286 4961 3336 5014 ei
3361 4961 3600 5034 rogabat

1998 5045 2063 5094 ut
2089 5046 2337 5095 sumeret
2366 5039 2569 5095 cibum.
2601 5041 2754 5096 Misit
2783 5049 2970 5099 autem
3001 5045 3172 5102 abbas
3192 5049 3394 5105 Pastor
3411 5068 3598 5110 unum

1999 5131 2070 5185 de
2098 5129 2363 5184 fratribus
2388 5129 2504 5183 suis
2531 5129 2602 5183 ad
2633 5129 2789 5185 illum
2830 5133 3165 5202 solitarium,
3192 5136 3382 5195 dicens
3415 5159 3426 5194 :
3478 5141 3597 5197 Au-

2000 5219 2160 5275 diens
2188 5219 2256 5273 de
2277 5225 2351 5286 te,
2387 5218 2550 5272 multi
2578 5219 2712 5274 anni
2740 5226 2874 5277 sunt
2891 5224 3039 5294 quod
3056 5229 3110 5279 te
3134 5225 3320 5283 videre
3340 5229 3508 5296 volui,
3541 5235 3599 5285 et

2003 5326 2104 5382 pro
2124 5307 2351 5380 pigritia
2367 5313 2560 5362 nostra
2578 5308 2870 5366 amborum
2895 5329 3008 5367 non
3028 5315 3318 5386 potuimus
3337 5334 3436 5372 nos
3461 5301 3599 5373 invi-

2003 5415 2125 5453 cem
2153 5397 2340 5451 videre
2364 5416 2376 5451 :
2403 5397 2566 5452 modo
2597 5403 2806 5464 autem,
2836 5400 2952 5456 Deo
2977 5403 3198 5459 volente
3223 5410 3280 5460 et
3307 5405 3596 5462 occasione

2004 5489 2167 5552 facta,
2202 5486 2373 5558 fatiga
2403 5491 2457 5541 te
2486 5503 2664 5560 usque
2684 5487 2812 5554 huc,
2841 5495 2905 5546 ut
2932 5507 3034 5546 nos
3064 5492 3251 5548 videre
3280 5492 3594 5565 possimus;

2005 5583 2127 5637 erat
2145 5576 2294 5634 enim
2314 5592 2428 5634 non
2448 5576 2745 5650 egrediens
2771 5575 2840 5636 de
2864 5577 3005 5637 cella
3029 5596 3150 5638 sua.
3176 5579 3335 5651 Quod
3356 5596 3485 5643 cum
3503 5597 3603 5644 au-
