3964 6206
435 282 532 343 9l‘l
1553 288 1644 346 DE
1682 289 1871 349 VITIS
1908 291 2206 349 PATRUM
2247 289 2460 349 LIBER
2497 292 2565 345 V.
3575 290 3665 351 912

432 416 627 484 disset,
647 414 895 473 dicebat:
914 414 1036 470 Nisi
1056 414 1205 470 Deus
1225 414 1552 487 inspirasset
1566 418 1796 481 seniilli
1819 421 1888 475 de
1909 437 2019 486 me,
2040 422 2094 482 Λ
2108 419 2471 491 egrederetur
2499 419 2559 473 in
2587 423 2747 472 sexta
2774 414 2914 470 feria
2936 417 3094 469 extra
3117 413 3598 485 congregationem,
3617 424 3666 471 et

433 521 549 561 non
578 504 823 561 misisset
849 503 921 558 ad
951 520 1062 559 me.
1090 504 1161 559 Et
1202 520 1441 577 surgens
1476 507 1631 562 venit
1678 509 1751 564 ad
1780 526 1928 566 eum.
1963 512 2034 566 Et
2113 510 2329 564 videret
2343 507 2644 581 quemdam
2661 502 3403 562 manecomedentem.Dixit
3416 506 3667 564 autemei:

434 593 744 649 salutantes
765 608 827 647 se
844 591 1081 647 invicem
1096 608 1222 647 cum
1237 594 1444 665 gaudio
1465 595 1748 652 sederunt.
1773 597 1924 653 Dixit
1935 616 2030 654 au-
2114 600 2233 656 Hac
2258 600 2400 654 hora
2440 598 2747 653 manducas
2776 596 2835 649 in
2878 599 3036 650 sexta
3063 592 3204 648 feria
3221 592 3247 645 ?
3274 592 3374 647 Die
3408 600 3577 649 autem
3601 613 3670 652 se.

431 689 549 739 tem
595 680 647 737 ei
674 681 847 738 abbas
889 682 1091 737 Pastor
1122 698 1134 735 :
1165 683 1289 738 Duo
1330 684 1589 740 homines
1635 692 1797 741 erant
1824 687 1883 742 in
1910 689 2031 744 loco
2113 688 2308 761 quenti
2330 688 2477 743 facta
2505 691 2591 742 est
2613 684 2913 741 celebratio
2933 682 3233 737 missarum
3253 682 3542 737 secundum
3562 700 3669 740 con-

431 775 629 837 uno,et
648 769 813 827 ambo
825 770 1111 827 habebant
1129 777 1381 829 mortuos
1397 790 1547 829 suos.
1571 775 1821 847 Reliquit
1838 781 2032 832 autem
2112 776 2489 832 suetudinem.
2516 776 2747 831 Intuens
2775 790 2905 828 vero
2935 773 3111 827 frater
3139 772 3277 842 ejus,
3303 771 3434 825 vidit
3457 772 3666 843 gratiam

428 876 577 917 unus
595 865 883 916 mortuum
896 876 1080 929 suum,
1106 866 1165 916 et
1181 860 1321 917 abiit
1343 862 1565 935 plorare
1593 863 1746 920 illius
1774 866 2028 922 alterius.
2114 882 2236 936 quae
2255 869 2449 930 596
2475 864 2527 918 ei
2555 863 2689 918 data
2715 862 2900 918 fuerat
2930 860 3247 917 discessisse
3271 860 3341 915 ab
3368 877 3449 925 eo,
3480 867 3533 915 et
3556 878 3659 918 con-

427 949 681 1006 Audiens
709 953 900 1005 autem
931 949 1050 1006 haec
1090 966 1277 1017 senex,
1311 958 1678 1024 compunctus
1708 958 1794 1009 est
1827 955 1886 1009 in
1911 972 2032 1010 ser-
2110 953 2367 1009 tristatus
2392 957 2496 1008 est.
2529 953 2638 1017 Qui
2675 969 2803 1008 cum
2836 951 3077 1006 venisset
3101 950 3160 1005 in
3188 950 3402 1016 cellam,
3433 949 3555 1005 dicit
3578 951 3621 1007 ei
3656 970 3666 1006 :

427 1055 597 1095 mone
626 1040 770 1111 ejus.
803 1044 862 1095 et
887 1040 1213 1095 recordatus
1231 1045 1318 1095 est
1336 1042 1485 1112 quod
1508 1041 1739 1111 fecerat,
1768 1049 1826 1098 et
1852 1044 2027 1100 dixit:
2112 1042 2258 1108 Quid
2278 1042 2477 1109 fecisti,
2499 1041 2694 1108 frater,
2718 1040 2851 1114 quia
2876 1057 2990 1095 non
3010 1039 3139 1105 vidi,
3167 1040 3313 1094 sicut
3329 1038 3559 1111 pridem,
3569 1057 3673 1111 gra-

427 1129 628 1185 Pastor
684 1144 909 1184 sursum
962 1128 1021 1184 in
1075 1130 1233 1196 C(BlO,
1282 1146 1385 1202 ego
1434 1136 1626 1188 autem
1662 1133 1926 1189 deorsum
1969 1134 2030 1189 in
2110 1131 2250 1186 tiam
2279 1131 2381 1186 Dei
2428 1131 2487 1186 in
2514 1130 2613 1186 te?
2641 1131 2743 1187 Ille
2770 1135 2962 1185 autem
2991 1128 3334 1201 respondens
3362 1127 3533 1183 dixit:
3570 1129 3668 1199 Ego

427 1225 605 1274 terra.
2111 1236 2295 1293 neque
2316 1220 2375 1275 in
2396 1225 2543 1287 actu,
2562 1236 2744 1291 neque
2770 1219 2829 1273 in
2847 1216 3279 1287 cogitationibus
3299 1216 3538 1271 conscius
3556 1216 3672 1272 mihi

493 1304 551 1363 8.‘
572 1306 773 1362 Frater
792 1305 1023 1378 quidam
1042 1306 1411 1379 interrogavit
1431 1307 1690 1365 abbatem
1713 1310 2026 1375 Pastorem,
2114 1327 2240 1365 sum
2266 1310 2505 1381 alicujus
2534 1308 2690 1364 mali.
2723 1307 2870 1365 Dicit
2889 1307 2941 1361 ei
2968 1306 3144 1361 frater
3168 1307 3291 1376 ejus
3316 1323 3329 1359 :
3362 1306 3471 1360 Nec
3495 1321 3673 1361 sermo-

427 1398 653 1452 dicens:
678 1395 996 1461 Quidfacio,
1023 1398 1159 1467 quia
1177 1397 1551 1469 pusillanimis
1576 1399 1649 1455 ﬁo
1668 1400 1805 1455 dum
1825 1400 2034 1456 sedeo?
2115 1416 2247 1455 nem
2289 1399 2546 1454 odiosum
2588 1398 2836 1470 aliquem
2878 1397 3099 1451 locutus
3141 1394 3247 1450 es?
3287 1395 3355 1450 Et
3390 1394 3673 1450 recordatus

425 1486 582 1543 Dixit
608 1485 660 1540 ei
687 1501 853 1539 senex
887 1501 899 1537 :
932 1484 1165 1540 Nullum
1197 1503 1429 1558 spernas
1457 1504 1639 1560 neque
1666 1490 2024 1555 condemnes,
2117 1489 2286 1544 dixit:
2311 1488 2514 1543 Etiam.
2546 1488 2828 1542 Hesterna
2850 1485 2939 1541 die
2971 1484 3081 1540 vidi
3103 1483 3402 1556 quemdam
3422 1483 3676 1540 comalen-

423 1582 482 1632 et
510 1575 652 1632 nulli
680 1573 1018 1646 obloquaris,
1048 1579 1105 1629 et
1132 1575 1283 1630 Deus
1306 1570 1598 1647 prazstabit
1624 1578 1728 1633 tibi
1752 1579 2025 1651 requiem,
2111 1582 2227 1634 tem
2256 1595 2441 1645 mane,
2465 1584 2524 1633 et
2551 1576 2665 1632 dixi
2691 1575 2742 1631 ei
2777 1594 2788 1629 :
2824 1575 2942 1630 Hac
2975 1574 3118 1630 hora
3144 1573 3445 1628 manducas
3471 1574 3523 1628 in
3546 1579 3677 1628 sexta

420 1671 480 1721 et
513 1664 621 1720 erit
661 1663 834 1722 sessio
882 1670 983 1719 tua
1021 1663 1143 1752 sine
1181 1665 1605 1738 perturbatione
1639 1669 1827 1737 (Ra/[2,
1871 1673 1913 1724 ι.
1943 1683 2089 1752 Ill,“
2112 1666 2292 1723 feria?
2318 1667 2437 1723 Hoc
2465 1671 2553 1722 est
2572 1671 2863 1738 peccatum
2892 1681 3120 1732 meum;
3156 1661 3254 1718 sed
3282 1661 3469 1717 labora
3486 1678 3673 1752 mecum

420 1772 480 1812 π.
514 1751 654 1821 10ος
679 1754 891 1820 Pasch,
925 1770 973 1808 c.
1008 1751 1094 1820 39,
1131 1770 1188 1809 η.
1222 1753 1285 1822 2;
1315 1756 1562 1825 Append.
1593 1758 1784 1823 Mart,
1820 1774 1878 1812 η.
1913 1741 2025 1825 39).
2044 1741 2092 1802 Β
2112 1756 2253 1812 duas
2283 1755 2684 1823 hebdomadas,
2706 1760 2764 1810 et
2794 1770 3055 1824 rogemus
3081 1753 3264 1808 Deum
3286 1756 3349 1808 ut
3377 1752 3504 1806 mihi
3521 1751 3673 1806 indul-

489 1844 545 1900 9.
575 1844 778 1899 Factus
804 1846 892 1897 est
939 1842 1241 1914 aliquando
1284 1850 1589 1900 conventus
1632 1845 1691 1900 in
1723 1846 1938 1918 Scythi,
1971 1852 2031 1901 et
2108 1851 2261 1917 geat.
2307 1847 2585 1901 Fecerunt
2609 1845 2723 1913 ita';
2757 1849 2815 1899 et
2841 1849 2970 1916 post
2997 1843 3139 1898 duas
3167 1840 3536 1896 hebdomadas
3561 1840 3677 1896 vidit

418 1931 797 2005 loquebantur
809 1932 1008 1986 Patres
1024 1932 1094 1986 de
1116 1932 1362 2004 quodam
1375 1933 1547 1989 fratre
1566 1935 2024 2007 culpabili(Ru/r.,
2110 1935 2286 1991 frater
2304 1935 2548 2007 gratiam
2573 1934 2676 1990 Dei
2702 1934 2914 1989 iterum
2940 1932 3263 1987 venientem
3290 1947 3455 2003 super
3474 1930 3674 1985 fratrem

420 2026 462 2079 ι.
489 2036 646 2088 mm.
680 2018 817 2089 136).
846 2020 1032 2075 Abbas
1058 2026 1247 2076 autem
1275 2022 1409 2077 Pior
1435 2023 1693 2078 tacebat:
1722 2031 1918 2096 postea
1933 2042 2031 2080 au-
2111 2041 2296 2092 suum,
2329 2031 2384 2079 et
2410 2024 2683 2080 consolati
2721 2028 2873 2090 sunt,
2908 2023 3046 2089 Deo,
3088 2021 3185 2093 qui
3213 2020 3368 2076 solus
3394 2019 3560 2075 bonus
3584 2024 3671 2080 est,

415 2117 534 2168 tem
551 2126 788 2182 surgens
798 2126 1059 2182 egressus
1071 2115 1176 2178 est,
1202 2116 1258 2166 et
1274 2112 1476 2167 tollens
1501 2129 1748 2180 saccum,
1774 2114 2030 2186 implevit
2108 2114 2324 2185 gratias
2351 2114 2678 2170 referentes.

416 2217 549 2257 eum
565 2215 756 2295 arena,
778 2198 1124 2295 (asportabat
1143 2217 1275 2295 eum
1289 2200 1348 2256 in
1367 2201 1623 2295 humeris
1652 2203 1789 2272 suis;
1818 2209 1877 2258 et
1898 2203 2028 2295 mit-
2557 2238 2903 2295 LIBELLUS
2931 2235 3271 2293 DECIMUS.

412 2295 541 2347 tens
568 2289 628 2345 in
655 2288 923 2361 sportella
951 2288 1173 2344 modica
1210 2290 1279 2345 de
1301 2288 1499 2346 eadem
1528 2308 1721 2361 arena,
1759 2293 2026 2365 portabat
2557 2288 2899 2295 “’””“””
2933 2288 2969 2293 ⁷
2986 2288 3019 2293 “

418 2379 588 2419 ariam
616 2377 794 2419 incum
824 2377 878 2419 in
906 2382 1036 2419 nnfn
1088 2378 1476 2419 Tntnrrnmfnc
1493 2386 1680 2419 nnfnm
1700 2398 1728 2419 α
1760 2382 2023 2419 Datur-ilum
2690 2364 2764 2419 Dc
2792 2364 3019 2418 discreti

2739 2380 2764 2418 6
2792 2378 3136 2418 azscreuonc.

418 2379 591 2436 etiam
616 2377 799 2451 ipsam
821 2377 882 2433 in
905 2382 1056 2433 ante.
1088 2378 1476 2452 Interrogatus
1492 2386 1683 2437 autem
1700 2398 1734 2437 a
1759 2382 2025 2438 Patribus

419 2467 555 2543 quid
573 2468 678 2524 hoc
699 2466 895 2523 esset?
922 2468 1022 2523 Ille
1052 2468 1347 2541 respondit
1371 2488 1383 2524 :
1405 2470 1608 2526 Saccus
1624 2470 1733 2526 iste
1762 2472 1859 2543 qui
1882 2472 2027 2527 mul-
2183 2468 2231 2526 1.
2255 2469 2406 2526 Dixit
2432 2469 2605 2526 abbas
2616 2470 2896 2526 Antonius
2921 2490 2933 2525 :
2959 2472 3104 2537 Quia
3121 2475 3258 2528 sunt
3279 2469 3501 2542 quidam
3517 2470 3675 2522 conte-

420 2566 546 2614 tum
586 2555 761 2613 habet
785 2573 990 2625 arenae,
1031 2574 1160 2612 mea
1200 2563 1429 2630 peccata
1456 2565 1590 2614 sunt
1616 2579 1629 2629 ;
1662 2565 1721 2615 et
1754 2561 2022 2632 quoniam
2105 2564 2295 2615 rentes
2322 2577 2558 2632 corpora
2577 2576 2680 2616 sua
2707 2560 2768 2616 in
2787 2559 3155 2630 abstinentia;
3189 2560 3292 2615 sed
3313 2560 3443 2631 quia
3464 2574 3566 2613 non
3593 2557 3670 2611 ha-

2104 2647 2351 2704 buerunt
2369 2648 2781 2716 discretionem,
2802 2649 2969 2720 longe
3001 2649 3131 2704 facti
3156 2654 3297 2704 sunt
3324 2666 3360 2703 a
3386 2649 3515 2704 Deo.

417 2648 599 2702 multa
625 2650 776 2713 sunt,
810 2646 972 2718 posui
1000 2663 1068 2701 ea
1094 2662 1265 2720 supra
1288 2647 1538 2715 dorsum,
1569 2665 1648 2724 ne.
1666 2648 1887 2704 doleam
1918 2666 2018 2721 pro

420 2735 557 2809 ipsis
592 2740 650 2791 et
672 2735 918 2807 plorem;
949 2735 1059 2792 ista
1081 2741 1272 2792 autem
1310 2753 1483 2792 arena
1529 2738 1751 2795 modica
1791 2744 2021 2811 peccata
2174 2736 2460 2795 2.Fratres
2480 2737 2710 2811 quidam
2731 2738 3085 2793 veneruntad
3102 2738 3366 2793 abbatem
3378 2736 3667 2802 Antonium,

418 2830 553 2881 sunt
578 2823 741 2879 istius
768 2822 980 2891 fratris,
1014 2828 1071 2878 et
1099 2829 1233 2880 sunt
1263 2830 1394 2880 ante
1418 2825 1617 2882 faciem
1648 2844 1851 2895 meam,
1874 2834 1932 2883 et
1963 2828 2022 2882 in
2102 2831 2169 2882 ut
2195 2827 2591 2884 nuntiarentei
2608 2827 3085 2899 phantasiasquas
3100 2826 3386 2893 videbant,
3409 2831 3465 2881 et
3481 2840 3677 2896 cognos-

415 2911 554 2986 ipsis
569 2928 835 2969 exerceor
840 2912 1103 2984 judicans
1123 2912 1551 2987 fratrem;quod
1574 2932 1686 2971 non
1704 2922 1925 2988 oportet
1941 2915 2023 2971 ita
2105 2923 2299 2971 cerent
2325 2916 2396 2972 ab
2425 2933 2491 2972 eo
2528 2922 2721 2972 utrum
2760 2933 2904 2972 vera:
2942 2921 3147 2984 essent,
3179 2933 3255 2971 an
3285 2933 3320 2971 a
3365 2912 3672 2971 daemonibus

419 3002 564 3069 ﬁeri,
595 3001 696 3058 sed
722 3018 851 3057 mea
868 3001 1050 3074 magis
1066 3007 1293 3074 peccata
1311 3008 1443 3059 ante
1463 3021 1554 3059 me
1575 3011 1787 3071 esse,et
1805 3004 1874 3060 de
1887 3005 2023 3078 ipsis
2105 3005 2497 3061 illuderentur.
2540 3005 2837 3062 Habebant
2881 3010 3071 3061 autem
3118 3006 3347 3061 asinum
3391 3020 3580 3070 secum,
3625 3008 3672 3056 et

416 3091 683 3164 cogitare,
716 3096 774 3147 et
799 3107 1001 3163 rogare
1025 3093 1207 3147 Deum
1233 3098 1299 3147 ut
1313 3092 1565 3164 ignoscat
1590 3093 1746 3149 mihi.
1776 3094 2021 3150 Audien—
2039 3101 2083 3162 ο
2105 3100 2365 3150 mortuus
2383 3101 2468 3150 est
2484 3094 2565 3150 eis
2583 3095 2643 3149 in
2660 3095 2768 3149 via.
2788 3095 2931 3150 Cum
2951 3111 3085 3165 ergo
3100 3094 3389 3150 venissent
3401 3093 3468 3148 ad
3485 3107 3666 3154 senem,

416 3187 504 3238 tes
548 3187 740 3238 autem
786 3181 1002 3250 Patres,
1052 3181 1316 3237 dixerunt
1366 3202 1378 3239 :
1442 3183 1584 3238 Vere
1629 3183 1746 3239 haec
1794 3191 1882 3239 est
1930 3184 2023 3241 via
2103 3184 2374 3256 praevenit
2406 3200 2521 3253 eos,
2558 3184 2791 3239 dicens:
2845 3183 3136 3249 Quomodo
3179 3189 3439 3239 mortuus
3481 3186 3558 3236 est
3596 3178 3673 3233 ille

419 3269 642 3327 salutis.
2104 3273 2297 3328 asinus
2334 3273 2393 3329 in
2420 3274 2512 3328 via
2537 3272 2565 3327 ?
2593 3273 2801 3328 Dicunt
2827 3273 2909 3328 ei:
2942 3273 3103 3329 Unde
3133 3273 3266 3340 scis,
3305 3270 3505 3328 Pater?
3518 3270 3581 3325 Et
3598 3268 3675 3323 ille

447 3369 458 3376 '
487 3358 580 3418 10.
608 3360 763 3416 Dixit
815 3376 986 3415 senex
1023 3377 1036 3414 :
1085 3360 1213 3415 Non
1246 3360 1466 3432 judices
1519 3360 1938 3429 fornicatorem,
1973 3362 2023 3419 si
2105 3361 2251 3417 dixit
2285 3379 2297 3415 :
2329 3363 2627 3417 Daemones
2672 3362 2813 3417 mihi
2840 3356 3229 3417 ostenderunt.
3280 3361 3483 3416 Dicunt
3504 3359 3587 3413 ei:
3616 3357 3672 3411 Et

419 3454 606 3506 castus
635 3467 732 3522 es;
780 3448 1049 3522 quoniam
1089 3449 1355 3505 similiter
1400 3451 1582 3523 legem
1614 3451 2016 3524 prmvaricaris.
2106 3468 2209 3506 nos
2236 3456 2535 3523 propterea
2559 3450 2813 3506 venimus
2841 3451 3194 3521 interrogare
3213 3454 3294 3515 te,
3323 3449 3453 3522 quia
3472 3446 3676 3503 vidimus

419 3539 645 3596 Etenim
672 3538 770 3612 qui
788 3538 954 3595 dixit:
979 3540 1107 3595 Non
1135 3539 1445 3606 forniceris,
1467 3540 1649 3596 dixit:
1675 3542 1758 3597 Ne
1781 3541 2020 3613 judices.
2106 3540 2450 3612 phantasias,
2483 3546 2541 3595 et
2560 3541 2892 3613 plerumque
2922 3540 3067 3595 ﬁunt
3093 3538 3152 3594 in
3182 3539 3436 3605 veritate,
3469 3553 3533 3591 ne
3555 3534 3673 3589 forte

486 3627 579 3685 11.
619 3626 707 3684 Ad
745 3627 1048 3700 quemdam
1076 3627 1395 3684 solitarium
1422 3629 1575 3685 venit
1600 3629 1894 3703 presbyter
1922 3647 2024 3687 cu-
2108 3645 2379 3685 erremus.
2408 3630 2476 3684 Et
2503 3628 2775 3685 satisfecit
2801 3629 2883 3684 eis
2914 3644 3084 3684 senex
3112 3633 3343 3700 sumpto
3369 3625 3598 3697 exemplo
3615 3622 3672 3678 de

416 3717 644 3790 jusdam
671 3714 931 3783 basilicae,
963 3721 1029 3771 ut
1057 3726 1412 3772 consecraret
1454 3717 1506 3773 ei
1564 3717 1907 3774 oblationem
1948 3718 2020 3774 ad
2102 3718 2279 3786 asino,
2314 3719 2613 3774 ostendens
2642 3719 2778 3790 quia
2803 3735 2838 3773 a
2874 3717 3222 3773 daemonibus
3264 3718 3411 3773 fiunt
3437 3717 3553 3771 ista.
3582 3714 3670 3769 Su-

421 3804 970 3862 communicandum.
1000 3804 1244 3860 Veniens
1277 3811 1469 3860 autem
1497 3806 1730 3878 quidam
1760 3807 1831 3862 ad
1861 3807 2022 3863 illum
2102 3808 2356 3881 pervenit
2375 3808 2809 3879 autemquidam
2825 3807 3179 3862 venationem
3201 3807 3413 3862 faciens
3432 3806 3488 3860 in
3503 3803 3670 3859 silvam

422 3893 757 3959 solitarium,
782 3894 1065 3948 accusavit
1089 3892 1240 3965 apud
1276 3894 1462 3966 ipsum
1490 3894 1753 3950 eumdem
1782 3895 2020 3967 presby-
2103 3897 2413 3967 agrestium
2441 3896 2791 3963 animalium,
2811 3901 2868 3951 et
2887 3896 3104 3951 viderat
3123 3894 3388 3951 abbatem
3400 3892 3670 3950 Antonium

428 3986 641 4040 terum.
656 3980 766 4048 Qui
794 3997 923 4037 cum
944 3997 1011 4036 ex
1028 3981 1433 4037 consuetudine
1453 3983 1661 4039 iterum
1689 3984 1931 4041 venisset
1949 3985 2023 4041 ad
2101 3985 2443 4056 gaudentem
2470 4002 2599 4040 cum
2624 3985 2912 4053 fratribus,
2933 3990 2992 4040 et
3011 3985 3379 4057 displicuerat
3398 3984 3466 4039 ei.
3494 3982 3667 4037 Volens

432 4087 583 4139 eum,
618 4075 686 4127 ut
714 4075 1067 4127 consecraret
1092 4068 1452 4140 oblationem,
1491 4072 1899 4129 scandalizatus
1925 4073 2022 4130 ille
2104 4080 2294 4130 autem
2333 4090 2505 4130 senex
2538 4074 2589 4130 ei
2639 4074 2935 4130 ostendere
2964 4075 3099 4147 quia
3145 4080 3373 4147 oportet
3409 4068 3672 4143 aliquando

426 4160 712 4218 solitarius
738 4175 852 4216 non
877 4160 1099 4233 aperuit
1125 4160 1197 4215 ei.
1229 4160 1532 4233 Presbyter
1556 4168 1750 4217 autem
1771 4164 1877 4218 hoc
1906 4164 2024 4218 viso
2104 4164 2548 4219 condescendere
2574 4163 2858 4231 fratribus,
2889 4163 3031 4218 dicit
3060 4164 3111 4218 ei
3139 4182 3151 4217 :
3175 4164 3330 4218 Pone
3360 4161 3603 4233 sagittam
3627 4156 3673 4211 in

426 4249 698 4308 discessit.
709 4249 784 4306 Et
796 4265 921 4305 ecce
939 4266 1039 4305 vox
1060 4250 1207 4305 facta
1227 4255 1313 4305 est
1339 4250 1412 4306 ad
1438 4250 1774 4320 solitarium,
1799 4251 2018 4308 dicens:
2105 4268 2241 4309 arcu
2269 4258 2387 4321 tuo,
2420 4258 2477 4307 et
2502 4253 2664 4308 trahe
2688 4272 2701 4320 ;
2734 4258 2792 4308 et
2819 4252 2953 4308 fecit
2981 4252 3079 4308 sic.
3116 4253 3186 4308 Et
3212 4253 3355 4307 dixit
3383 4252 3433 4307 ei
3461 4251 3676 4306 :Iterum

423 4339 702 4398 Tulerunt
720 4338 1093 4395 sibihomines
1106 4339 1385 4411 judicium
1409 4356 1617 4396 meum.
1638 4341 1708 4396 Et
1735 4340 1914 4396 factus
1938 4346 2026 4396 est
2103 4342 2297 4411 trahe;
2348 4348 2405 4397 et
2434 4341 2622 4397 traxit.
2659 4342 2728 4397 Et
2753 4359 2950 4397 rursus
2979 4342 3121 4398 dixit
3145 4343 3197 4397 ei
3227 4360 3239 4395 :
3273 4342 3455 4398 Trahe
3488 4338 3673 4402 adhuc;
3724 4344 3729 4353 '

424 4430 578 4487 velut
603 4430 664 4485 in
694 4442 923 4484 excessu
967 4429 1192 4496 mentis,
1224 4434 1282 4484 et
1327 4428 1552 4485 videbat
1601 4430 1763 4502 quasi
1793 4435 2029 4503 puteum
2049 4422 2167 4488 Det
2193 4433 2383 4490 traxit.
2401 4432 2558 4487 Dixit
2576 4430 2628 4486 ei
2643 4436 2901 4487 venator:
2919 4432 2978 4487 Si
2998 4448 3171 4503 supra
3188 4446 3509 4487 mensuram
3525 4434 3677 4484 traxe-

427 4534 685 4587 aureum,
720 4523 777 4573 et
803 4516 1032 4573 situlam
1069 4533 1320 4585 auream,
1353 4523 1411 4573 et
1456 4518 1648 4574 funem
1677 4535 1936 4585 aureum,
1969 4524 2027 4574 et
2108 4537 2189 4587 ro,
2213 4519 2506 4591 frangetur
2528 4519 2865 4576 arcus.Dicit
2893 4521 2946 4576 ei
2973 4519 3145 4575 abbas
3172 4520 3479 4575 Antonius:
3504 4517 3579 4571 Ita
3604 4516 3674 4566 est

429 4622 636 4682 aquam
661 4607 870 4662 bonam
886 4606 1064 4661 valde.
1086 4605 1327 4661 Videbat
1345 4610 1536 4662 autem
1558 4612 1615 4662 et
1635 4607 1935 4680 quemdam
1950 4608 2027 4663 le-
2108 4615 2167 4665 et
2193 4609 2253 4665 in
2283 4625 2451 4681 opere
2470 4608 2571 4663 Dei
2592 4629 2605 4664 :
2631 4609 2679 4663 si
2695 4609 2821 4681 plus
2845 4626 2880 4664 a
2900 4625 3166 4664 mensura
3184 4608 3483 4672 tendimus,
3506 4605 3677 4659 fratres

428 4708 661 4772 prcsum
687 4696 1044 4752 haurientem
1071 4700 1130 4750 et
1158 4693 1549 4751 refundentem
1582 4699 1641 4752 in
1665 4714 1815 4766 vase,
1847 4703 1906 4751 et
1928 4713 2028 4752 cu-
2108 4699 2219 4753 cito
2234 4697 2529 4768 deficiunt;
2548 4697 2772 4770 expedit
2786 4714 2920 4769 ergo
2942 4714 3063 4753 una
3083 4702 3141 4753 et
3155 4713 3271 4752 una
3293 4697 3535 4752 relaxare
3553 4691 3679 4761 rigo-

431 4787 625 4860 piebat
643 4785 854 4852 bibere,
884 4791 942 4842 et
962 4801 1076 4840 non
1099 4790 1321 4857 poterat
1339 4791 1571 4858 propter
1599 4786 1748 4859 quod
1772 4786 2027 4859 leprosus
2110 4804 2230 4843 rem
2248 4803 2463 4843 eorum.
2484 4786 2615 4842 Haec
2645 4785 2879 4843 audiens
2896 4791 3128 4842 venator
3141 4779 3515 4859 compunctus
3533 4785 3620 4848 est,
3633 4781 3681 4833 el

433 4880 583 4932 esset
601 4876 692 4931 ille
711 4874 807 4948 qui
835 4873 1151 4930 hauriebat.
1184 4875 1250 4929 Et
1276 4891 1401 4930 ecce
1421 4874 1629 4931 iterum
1656 4891 1762 4931 vox
1784 4876 1856 4930 ad
1874 4892 2024 4944 eum,

435 4964 629 5021 dicens
660 4982 673 5017 :
709 4965 824 5019 Cur
840 4980 955 5019 non
971 4962 1118 5018 bibis
1146 4979 1213 5018 ex
1242 4979 1391 5036 aqua
1418 4963 1561 5019 hac?
1600 4981 1771 5036 quam
1800 4981 2028 5020 causam

434 5051 608 5109 habet
619 5052 717 5125 qui
736 5051 965 5125 implet?
976 5052 1173 5124 implet
1190 5053 1342 5108 enim
1357 5053 1713 5109 solummodo
1725 5058 1783 5109 et
1793 5053 2029 5109 effundit

434 5143 498 5199 in
521 5155 672 5196 vase.
697 5141 762 5196 In
791 5158 852 5196 se
871 5146 1061 5197 autem
1091 5157 1345 5198 reversus
1371 5142 1675 5210 solitarius,
1693 5147 1751 5198 et
1778 5142 2029 5198 conside-

437 5246 572 5287 rans
589 5230 854 5285 virtutem
876 5229 1122 5299 visionis,
1140 5231 1356 5286 vocavit
1384 5231 1798 5306 presbyterum,
1814 5237 1871 5288 et
1898 5232 2030 5288 fecit

435 5336 571 5380 eum
597 5319 743 5375 sicut
762 5323 819 5374 et
847 5318 1005 5390 prius
1034 5319 1382 5376 sanctificare
1404 5320 1510 5377 sibi
1542 5321 1915 5382 oblationem.

512 5411 599 5471 12.
631 5409 886 5468 Fuerunt
903 5407 1014 5463 duo
1042 5408 1244 5465 fratres
1264 5428 1483 5482 magnae
1500 5412 1624 5467 vitae
1642 5412 1703 5467 in
1731 5429 2033 5486 congrega-

435 5501 610 5587 tione,
627 5506 686 5558 et
713 5502 1047 5555 meruerunt
1064 5497 1251 5554 videre
1268 5499 1475 5572 singuli
1489 5502 1734 5573 gratiam
1761 5502 1864 5559 Dei
1881 5502 1941 5557 in
1956 5502 2039 5557 al-

432 5588 987 5675 «rutrumFactum
1001 5591 1089 5673 est
1105 5588 1610 5673 autemaliquando
1620 5597 1685 5654 ut
1701 5607 1850 5653 unus
1865 5608 1933 5653 ex
1949 5592 2031 5654 eis

2109 4877 2353 4933 multum
2382 4876 2677 4949 proficiens
2731 4876 2791 4932 in
2836 4893 3095 4932 sermone
3126 4877 3297 4943 senis,
3329 4871 3605 4937 discessit;
3632 4870 3679 4921 et

2109 4966 2310 5022 fratres
2337 4965 2673 5034 confirmati,
2707 4966 2917 5022 reversi
2945 4972 3079 5021 sunt
3109 4966 3169 5021 in
3198 4966 3385 5021 locum
3417 4976 3587 5019 suum.

2179 5055 2231 5111 3.
2265 5056 2461 5111 Frater
2489 5056 2631 5110 dixit
2655 5055 2845 5111 abbati
2873 5055 3118 5111 Antonio
3145 5074 3156 5110 :
3204 5055 3317 5111 Ora
3367 5070 3466 5126 pro
3495 5066 3591 5105 me.
3620 5045 3676 5101 Et

2108 5145 2397 5218 respondit
2423 5144 2473 5200 ei
2503 5161 2698 5200 senex:
2719 5144 2833 5201 Nec
2861 5161 2964 5216 ego
2994 5146 3078 5201 tui
3098 5144 3385 5210 misereor,
3417 5140 3666 5201 necDeus,

2113 5234 2223 5290 nisi
2246 5253 2347 5307 pro
2374 5235 2556 5306 teipso
2584 5234 2856 5290 sollicitus
2885 5232 3059 5289 fueris
3088 5240 3145 5290 et
3172 5230 3486 5306 poposceris
3505 5245 3537 5283 a
3559 5227 3672 5281 Deo.

2184 5322 2238 5381 4.
2274 5323 2425 5379 Dixit
2451 5323 2657 5379 iterum
2683 5322 2856 5378 abbas
2908 5322 3186 5378 Antonius
3214 5342 3229 5377 :
3260 5320 3403 5388 Quia
3432 5335 3535 5375 non
3564 5328 3671 5389 per-

2116 5411 2297 5468 mittit
2321 5412 2471 5468 Deus
2501 5411 2651 5467 bella
2671 5411 2901 5467 excitari
2923 5411 2983 5467 in
3018 5411 3381 5484 generatione
3415 5410 3526 5472 hac,
3551 5415 3670 5475 quo-

2115 5501 2268 5557 niam
2296 5501 2402 5557 scit
2428 5501 2558 5574 quia
2584 5501 2795 5557 inﬂrmi
2823 5507 2953 5558 sunt
2979 5511 3037 5557 et
3054 5508 3276 5575 portare
3302 5516 3416 5555 non
3445 5495 3669 5571 possunt.

2185 5593 2237 5652 5.
2256 5591 2407 5653 Dixit
2426 5591 2729 5672 aliquando
2756 5591 2928 5652 abbas
2937 5591 3206 5673 Evagrius
3223 5587 3410 5649 abbati
3422 5580 3663 5645 Ameuio:
