3964 6206
317 299 428 357 913

1634 293 1873 350 VERBA
1911 280 2303 351 SENIORUM.

3504 306 3609 369 914

310 425 607 495 Quomodo
636 441 740 480 nos
768 422 994 479 excitati
1024 421 1339 479 eruditione
1366 423 1422 476 et
1467 418 1702 474 scientia
1736 415 1988 478 nullasA
2006 417 2139 473 ralis
2166 418 2340 490 igitur
2368 420 2526 476 labor
2554 423 2707 480 velut
2730 425 2866 482 folia
2879 425 3116 496 arboris,
3135 430 3392 488 custodia
3412 436 3609 490 autem

309 517 551 572 virtutes
578 513 873 579 habemus,
921 511 980 567 hi
1006 516 1198 567 autem
1244 509 1442 566 rustici
1466 509 1525 564 in
1557 509 1799 580 Egypto
1830 506 1927 560 ha-

310 604 564 661 bitantes
592 608 783 659 tantas
812 602 1047 658 virtutes
1077 597 1729 674 possident?Respondit
1754 595 1926 651 abbas

308 695 619 752 Arsenius:
650 695 767 749 Nos
791 692 925 766 quia
952 692 1250 747 mundanae
1262 688 1594 746 eruditionis
1620 685 1925 759 disciplinis

314 784 522 841 intenti
537 800 751 851 sumus,
770 782 914 838 nihil
934 780 1204 837 habemus
1222 780 1308 849 ;hi
1334 783 1523 834 autem
1544 776 1739 833 rustici
1753 776 1925 847 [Egy-

312 874 421 948 ptii
454 892 518 929 ex
546 873 791 946 propriis
820 870 1106 927 laboribus
1135 869 1449 942 acquisieru
1461 874 1523 923 nt
1546 867 1802 922 virtutes.

388 962 688 1020 6.Dicebat
714 962 892 1016 beatae
912 960 1197 1016 memoriae
1218 958 1391 1014 abbas
1419 956 1690 1012 Arsenius
1716 974 1728 1010 :
1760 955 1926 1010 Pere-

316 1054 520 1126 grinus
552 1051 863 1107 monachus
893 1050 952 1105 in
982 1050 1091 1105 alia
1118 1048 1402 1122 provincia
1443 1046 1721 1112 habitans,
1755 1043 1925 1099 nullis

317 1142 489 1199 rebus
518 1158 579 1197 se
608 1140 859 1195 medium
886 1139 1071 1207 faciat,
1105 1144 1162 1194 et
1190 1139 1412 1210 quietus
1441 1137 1568 1191 erit.

396 1232 449 1287 7.
474 1230 847 1303 Interrogavit
874 1227 1045 1284 abbas
1075 1232 1291 1287 Marcus
1315 1226 1576 1281 abbatem
1603 1223 1922 1289 Arsenium,

319 1322 512 1376 dicens
539 1339 551 1374 :
587 1321 804 1376 Bonum
828 1324 914 1374 est
932 1335 1043 1373 non
1062 1318 1267 1373 habere
1286 1317 1537 1388 aliquam
1555 1314 1613 1368 in
1642 1313 1782 1368 cella
1793 1328 1923 1367 con-

320 1411 673 1467 solationem.
705 1408 833 1464 Vidi
859 1408 1009 1463 enim
1038 1407 1339 1479 quemdam
1358 1406 1590 1460 fratrem
1619 1402 1919 1457 habentem

318 1517 558 1574 parvum
588 1499 711 1554 olus
743 1498 803 1553 in
829 1498 990 1564 cella,
1018 1501 1076 1551 et
1096 1494 1417 1568 eradicabat
1444 1511 1531 1550 ea.
1563 1494 1633 1549 Et
1662 1490 1806 1547 dixit
1825 1490 1918 1545 ab-

317 1590 422 1646 bas
453 1589 760 1645 Arsenius:
794 1588 1015 1642 Bonum
1055 1586 1282 1658 quidem
1311 1590 1413 1650 est,
1464 1583 1563 1638 sed
1614 1581 1921 1637 secundum

320 1678 781 1735 exercitationem
837 1675 1081 1731 hominis
1138 1673 1583 1744 uniuscujusque
1640 1670 1922 1742 agendum

2006 508 2292 566 interioris
2313 512 2558 569 hominis
2573 512 2786 572 fructus
2807 523 2910 573 est.
2930 519 3207 584 Quoniam
3228 536 3381 593 ergo,
3404 538 3608 580 secun-

2007 599 2143 654 dum
2173 601 2322 672 quod
2363 602 2634 676 scriptum
2661 611 2765 673 est,
2808 608 3006 663 Omnis
3044 608 3214 665 arbor
3240 627 3355 667 non
3397 611 3607 670 faciens

2007 689 2251 746 fructum
2300 690 2506 749 bonum
2552 694 2854 764 excidatur,
2904 703 2964 752 et
3006 698 3065 754 in
3112 699 3302 771 ignem
3348 701 3608 759 mittetur

2007 778 2225 848 (Matth.
2274 779 2378 852 ιιι),
2413 788 2636 854 oportet
2663 790 2896 857 propter
2923 786 3171 843 fructum
3201 794 3461 846 nostrum
3488 807 3607 847 om-

2005 881 2136 921 nem
2179 863 2238 923 in
2268 868 2427 925 nobis
2461 872 2896 931 sollicitudinem
2942 893 3084 945 esse,
3131 879 3238 934 hoc
3279 886 3369 935 est
3395 880 3605 937 mentis

2006 957 2337 1013 custodiam.
2360 960 2514 1032 Opus
2543 967 2735 1019 tamen
2762 964 3039 1022 habemus
3067 967 3243 1023 etiam
3270 973 3603 1041 tegumenta

2010 1050 2069 1100 et
2097 1053 2298 1103 ornatu
2331 1049 2609 1119 foliorum,
2643 1069 2765 1125 quae
2793 1060 2931 1110 sunt
2972 1055 3131 1112 labor
3156 1059 3424 1130 corporis.
3469 1060 3607 1116 Erat

2010 1140 2202 1190 autem
2231 1136 2403 1193 abbas
2437 1142 2654 1211 Agatho
2682 1143 2907 1216 sapiens
2956 1145 3028 1200 ad
3064 1145 3515 1218 intelligendum,
3545 1153 3605 1204 et

2009 1224 2251 1298 impiger
2276 1228 2348 1282 ad
2374 1228 2765 1299 laborandum,
2810 1238 2870 1288 et
2895 1234 3179 1290 sufﬁciens
3231 1235 3293 1291 in
3318 1237 3598 1306 omnibus,

2002 1314 2252 1371 intentus
2284 1317 2456 1373 etiam
2470 1320 2694 1376 assidue
2716 1321 2789 1376 ad
2818 1321 3067 1379 laborem
3088 1341 3380 1393 manuum,
3402 1342 3602 1399 parcus

2003 1402 2063 1457 in
2089 1403 2213 1458 cibo
2244 1409 2413 1477 atque
2454 1406 2804 1464 vestimento.

2077 1493 2327 1548 tildem
2355 1494 2527 1550 abbas
2555 1497 2776 1569 Agatho
2800 1516 2930 1555 cum
2951 1500 3150 1558 fuisset
3167 1510 3475 1561 conventus
3494 1521 3597 1578 pro

2005 1581 2245 1652 quadam
2278 1600 2446 1639 causa
2474 1584 2533 1639 in
2563 1586 2776 1659 Scythi,
2803 1593 2863 1644 et
2892 1590 3092 1646 fuisset
3118 1593 3425 1666 causaipsa
3442 1594 3597 1652 ordi-

2004 1676 2155 1739 nata,
2186 1678 2383 1744 postea
2418 1674 2587 1742 venit,
2612 1682 2671 1731 et
2686 1676 2824 1732 dicit
2841 1678 3095 1736 eis:Non
3123 1680 3265 1737 bene
3293 1682 3598 1739 ordinastis

320 1773 443 1823 est:
478 1767 651 1823 etiam
679 1766 726 1821 si
747 1781 860 1820 non
879 1763 1139 1819 habuerit
1156 1763 1418 1818 virtutem
1441 1760 1764 1833 hujusmodi
1787 1760 1922 1815 tole-
1938 1771 1990 1834 Β
2006 1777 2253 1817 causam.
2275 1764 2362 1819 Illi
2381 1770 2572 1819 autem
2599 1765 2867 1823 dixerunt
2885 1768 2938 1824 ei
2962 1786 2974 1823 :
3005 1770 3090 1825 Tu
3113 1770 3240 1842 quis
3269 1788 3348 1839 es,
3381 1771 3480 1843 qui
3506 1773 3596 1829 vel

318 1874 465 1923 rare,
500 1857 707 1912 iterum
739 1856 1095 1928 plantaturus
1128 1859 1214 1909 est
1243 1870 1327 1908 ea.

389 1946 444 2001 8.
487 1945 752 2002 Narravit
799 1943 970 1998 abbas
1017 1944 1218 1997 Petrus
1263 1944 1448 2009 (Ra/ﬁ,
1484 1944 1522 1996 ι.
1557 1956 1640 2007 ιιι,
1676 1958 1734 1995 n.
1775 1939 1909 2005 128;

314 2036 529 2101 Pasch,
562 2053 608 2091 c.
641 2036 730 2101 42,
762 2051 820 2088 η.
858 2034 930 2104 i),
956 2033 1052 2105 qui
1082 2032 1187 2087 fuit
1220 2030 1524 2103 discipulus
1548 2029 1766 2085 abbatis
1785 2030 1909 2097 Lot,

314 2124 506 2180 dicens
529 2142 541 2177 :
578 2125 744 2179 Eram
766 2122 1137 2195 aliquandoin
1168 2121 1309 2176 cella
1337 2120 1555 2175 abbatis
1580 2119 1908 2191 Agathonis,

313 2219 372 2269 et
398 2214 553 2269 venit
576 2213 750 2268 frater
780 2211 1012 2284 quidam
1039 2211 1106 2265 ad
1142 2227 1292 2277 eum,
1313 2210 1504 2264 dicens
1531 2227 1542 2262 :
1579 2208 1719 2263 Volo
1754 2207 1916 2263 habi-

315 2308 440 2358 tare
468 2320 597 2358 cum
625 2301 911 2369 fratribus,
954 2300 1052 2356 sed
1079 2300 1168 2354 dic
1197 2299 1337 2354 mihi
1367 2298 1644 2371 quomodo
1666 2296 1916 2352 habitem

317 2409 445 2448 cum
477 2392 577 2447 eis.
609 2392 756 2447 Dicit
782 2391 835 2446 ei
859 2407 1028 2446 senex
1052 2404 1064 2440 ε
1100 2391 1257 2446 Sicut
1284 2388 1341 2443 in
1369 2387 1553 2460 prima
1572 2388 1662 2442 die
1692 2386 1917 2459 quando

316 2481 631 2553 ingrederis
651 2481 721 2537 ad
752 2498 865 2549 eos,
898 2481 979 2536 ita
1001 2479 1216 2535 custodi
1234 2476 1740 2551 peregrinationem
1759 2482 1917 2531 tuam

312 2571 575 2627 omnibus
615 2570 814 2626 diebus
852 2570 975 2625 vita:
1022 2575 1152 2634 tuae,
1205 2585 1309 2623 nec
1345 2584 1601 2622 assumas
1630 2565 1912 2622 ﬁduciam.

310 2660 461 2716 Dicit
489 2661 540 2716 ei
572 2659 744 2716 abbas
772 2659 1049 2715 Macarius
1073 2677 1084 2713 :
1134 2657 1279 2723 Quid
1308 2656 1457 2711 enim
1494 2655 1627 2710 facit
1658 2655 1911 2710 ﬁducia?

307 2747 459 2805 Dicit
486 2750 538 2806 ei
568 2766 761 2805 senex:
781 2749 872 2805 Sic
900 2753 986 2803 est
1013 2748 1158 2802 sicut
1176 2751 1346 2802 aestus
1368 2745 1910 2817 grandis,quiquan-

1996 1851 2246 1922 loquaris
2267 1851 2295 1906 ?
2349 1854 2419 1908 Et
2471 1854 2566 1910 ille
2594 1857 2914 1928 respondit:
2940 1858 3113 1915 Filius
3141 1860 3385 1917 hominis
3409 1879 3423 1929 ;
3454 1861 3594 1917 scri-

1994 1947 2154 2013 ptum
2186 1948 2272 1997 est
2295 1943 2476 1999 enim:
2507 1944 2565 2000 Si
2591 1962 2720 2000 vere
2747 1946 2943 2018 utique
2965 1948 3248 2018 justitiam
3276 1950 3597 2022 loquimini,

1989 2031 2145 2103 justa
2169 2031 2438 2102 judicate,
2467 2033 2569 2088 ﬁlii
2589 2034 2883 2090 hominum
2904 2038 3068 2105 (Psal.
3091 2041 3247 2107 ινα).

2075 2119 2159 2179 13.
2197 2121 2348 2176 Dixit
2402 2121 2575 2178 abbas
2633 2125 2880 2196 Agatho:
2927 2126 3237 2183 Iracundus
3265 2128 3314 2184 si
3343 2134 3596 2187 mortuos

1999 2210 2251 2272 suscitet,
2281 2227 2396 2266 non
2424 2212 2608 2284 placet
2637 2214 2751 2269 Deo
2771 2220 3004 2287 pr0pter
3032 2214 3382 2273 iracundiam
3407 2234 3592 2275 suam.

2075 2298 2159 2356 14.
2191 2300 2482 2357 Venerunt
2528 2302 2833 2375 aliquando
2857 2308 2975 2359 tres
3004 2321 3167 2360 senes
3215 2306 3288 2361 ad
3329 2305 3591 2366 abbatem

1999 2388 2356 2445 Achillemzet
2382 2407 2527 2446 unus
2558 2408 2625 2446 ex
2649 2392 2730 2448 eis
2752 2392 2995 2449 habebat
3020 2394 3344 2467 Opinionem
3360 2396 3589 2452 malam.

1998 2477 2147 2533 Dicit
2186 2486 2379 2535 autem
2424 2480 2475 2536 ei
2518 2497 2666 2537 unus
2705 2482 2775 2537 de
2819 2482 3074 2539 senibus:
3118 2483 3296 2552 Abba,
3328 2486 3419 2542 fac
3451 2486 3594 2542 mihi

1999 2585 2170 2623 unam
2199 2586 2466 2641 sagenam
2495 2571 2566 2626 ad
2595 2570 2944 2643 piscandum.
2962 2574 3030 2629 Et
3046 2573 3141 2629 ille
3158 2574 3335 2630 dixit:
3364 2575 3494 2631 Non
3506 2575 3591 2632 fa-

1993 2658 2175 2714 cio.Et
2219 2660 2362 2715 alius
2384 2660 2523 2716 dixit
2556 2661 2634 2716 ei:
2675 2662 2786 2718 Fac
2811 2662 2993 2730 nobis,
3028 2668 3094 2719 ut
3130 2662 3440 2722 habeamus
3467 2681 3593 2721 me-

1990 2748 2230 2804 moriam
2259 2751 2354 2804 tui'
2371 2750 2430 2805 in
2459 2751 2799 2808 monasterio
2823 2757 3037 2810 nostro.
3068 2754 3140 2808 Et
3164 2753 3262 2810 ille
3280 2755 3587 2827 respondit:

309 2839 381 2894 do
412 2840 701 2905 exarserit,
730 2855 924 2893 omnes
952 2837 1226 2907 fugiunta
1253 2835 1392 2891 facie
1410 2836 1552 2905 ejus,
1581 2834 1715 2906 quia
1736 2839 1906 2889 aestus
1990 2838 2116 2893 Non
2145 2838 2283 2893 mihi
2320 2845 2497 2895 vacat.
2530 2840 2683 2896 Dixit
2732 2841 2785 2897 ei
2812 2841 3014 2898 tertius
3041 2843 3155 2909 ille,
3196 2843 3294 2915 qui
3346 2843 3592 2900 habebat

309 2929 482 2984 etiam
508 2928 772 2984 arborum
786 2928 1000 2983 fructus
1024 2925 1350 2996 corrumpit.
1375 2923 1712 2980 Dixitabbas
1728 2924 1907 2979 Maca-
1988 2927 2195 2983 malam
2228 2929 2574 3000 opinionem:
2612 2930 2750 2985 Mihi
2776 2930 2863 2986 fac
2902 2946 3192 3002 sagenam,
3237 2936 3302 2987 ut
3349 2932 3585 2993 habeam

308 3017 465 3074 rius:
492 3017 584 3073 Sic
614 3018 765 3073 mala
792 3016 997 3072 ﬁducia
1027 3014 1160 3071 est?
1204 3013 1518 3085 Respondit
1546 3012 1717 3068 abbas
1752 3014 1910 3083 Aga-
1990 3018 2060 3073 de
2099 3016 2361 3073 manibus
2389 3018 2503 3074 tuis
2544 3017 3013 3088 benedictionem,
3044 3018 3205 3075 abba.
3242 3020 3313 3077 Et
3338 3021 3434 3077 ille
3474 3028 3589 3078 sta-

307 3107 448 3163 thon
473 3126 484 3161 :
511 3107 635 3163 Non
665 3112 752 3197 est
778 3108 937 3179 pejor
952 3105 1131 3197 altera
1152 3104 1336 3197 passio
1357 3120 1525 3197 quam
1554 3101 1756 3197 ﬁducia
1784 3118 1907 3173 ;ge-
1923 3133 1971 3197 α
1990 3107 2092 3177 tim
2119 3107 2409 3180 respondit
2437 3107 2522 3163 ei:
2557 3107 2673 3179 Ego
2699 3106 2806 3163 tibi
2832 3107 3054 3164 faciam.
3095 3108 3369 3167 Dixerunt
3392 3115 3586 3166 autem

307 3198 483 3252 nitrix
511 3202 597 3252 est
624 3195 775 3251 enim
813 3195 1064 3251 omnium
1093 3195 1435 3267 passionum.
1469 3193 1741 3248 Convenit
1769 3208 1902 3263 ergo
1936 3193 1969 3197 ﬁ
1988 3198 2040 3252 ei
2061 3202 2274 3252 secreto
2289 3197 2402 3252 duo
2428 3197 2661 3269 priores,
2680 3197 2883 3269 quibus
2896 3215 3006 3254 non
3033 3198 3416 3270 acquieverat:
3435 3199 3587 3264 Quo-

305 3287 559 3360 operatio
589 3285 885 3353 monacho,
910 3301 1024 3341 non
1049 3301 1273 3340 sumere
1304 3283 1585 3350 ﬁduciam,
1617 3282 1704 3337 vel
1731 3281 1779 3337 si
1808 3297 1902 3336 so-

303 3376 391 3432 lus
421 3377 496 3432 sit
522 3377 581 3432 in
603 3376 760 3431 cella.

372 3466 427 3522 9.
459 3464 691 3521 Dicebat
719 3464 891 3519 abbas
918 3463 1113 3519 Daniel
1143 3479 1157 3520 :
1208 3463 1353 3528 Quia
1409 3478 1536 3517 cum
1593 3461 1900 3516 moriturus

302 3561 452 3611 esset
477 3554 651 3610 abbas
679 3554 968 3621 Arsenius,
1001 3553 1279 3625 delegavit
1307 3552 1488 3620 nobis,
1512 3552 1703 3606 dicens
1728 3569 1740 3605 :
1802 3550 1901 3609 Vi-

303 3640 434 3699 dete
480 3661 555 3699 ne
581 3642 764 3699 velitis
787 3660 889 3716 pro
919 3659 1009 3697 me
1038 3659 1278 3714 agapem
1306 3642 1489 3696 facere
1513 3660 1525 3709 ;
1561 3640 1827 3712 quoniam
1853 3639 1901 3695 si

299 3734 405 3789 feci
433 3750 535 3805 ego
563 3750 666 3805 pro
693 3732 927 3804 meipso,
952 3732 1008 3787 id
1042 3731 1261 3786 invenio
1293 3729 1471 3805 (Ruf/2,
1499 3734 1538 3785 ι.
1572 3745 1652 3796 In,
1677 3728 1898 3797 11.163).

377 3820 460 3882 10.
478 3822 753 3879 Dicebant
788 3823 857 3877 de
886 3822 1087 3877 abbate
1112 3822 1406 3893 Agathone
1438 3823 1619 3890 (Ra/ﬂ,
1655 3824 1690 3876 ι.
1724 3836 1808 3887 III,
1842 3838 1897 3876 η.

298 3913 399 3985 ‘21)
423 3914 557 3986 quia
579 3912 839 3968 abierunt
867 3911 1096 3984 quidam
1144 3912 1215 3966 ad
1267 3928 1416 3976 eum,
1448 3909 1741 3965 audientes
1771 3912 1905 3982 quia

299 4021 521 4074 magnae
541 4001 891 4058 discretionis
923 4001 1006 4054 vir
1036 4006 1220 4068 esset;
1251 4006 1309 4054 et
1338 4000 1586 4055 volentes
1618 4016 1745 4054 eum
1770 4017 1895 4071 pro-

296 4093 435 4148 bare
469 4093 516 4148 si
544 4090 1098 4158 irasceretur,dicunt
1113 4090 1163 4144 ei
1189 4108 1199 4143 :
1245 4090 1327 4144 Tu
1357 4105 1417 4144 es
1438 4088 1693 4160 Agatho?
1718 4089 1893 4144 Audi-

295 4181 482 4237 vimus
520 4183 590 4236 de
610 4186 686 4249 te,
712 4182 845 4253 quia
874 4180 1178 4235 fornicator
1215 4197 1293 4245 es,
1319 4185 1375 4233 et
1404 4178 1774 4250 superbus.Et
1799 4179 1894 4233 ille

300 4271 588 4344 respondit
613 4290 625 4325 :
660 4271 844 4330 Etiam
871 4270 951 4324 sic
965 4274 1148 4336 ειη
1179 4274 1283 4324 est.
1310 4269 1378 4323 Et
1398 4268 1661 4322 dixerunt
1683 4267 1733 4322 ei
1762 4285 1775 4323 :
1808 4268 1892 4323 Tu

298 4377 359 4417 es
386 4360 609 4432 Agatho
630 4358 893 4414 verbosus
916 4363 974 4413 et
996 4358 1281 4413 detractor
1305 4358 1329 4411 ?
1350 4357 1419 4412 Et
1429 4356 1744 4428 respondit:
1774 4355 1893 4428 Ego

1986 3286 2153 3342 modo
2183 3286 2281 3352 sic,
2315 3285 2449 3358 quia
2485 3285 2647 3342 nobis
2676 3286 3005 3358 rogantibus
3032 3287 3264 3343 noluisti
3291 3287 3495 3356 facere,
3526 3294 3586 3345 et

1984 3376 2115 3431 huic
2143 3375 2358 3430 dixisti:
2392 3374 2510 3447 Ego
2534 3374 2637 3431 tibi
2666 3375 2903 3430 faciam?
2922 3376 3235 3447 Respondit
3258 3377 3340 3431 eis
3374 3393 3542 3433 senex
3565 3397 3578 3431 :

1982 3464 2154 3521 Vobis
2181 3464 2306 3519 ideo
2319 3464 2452 3519 dixi.
2484 3465 2612 3520 Non
2650 3463 2811 3532 facio,
2846 3464 2979 3537 quia
2999 3481 3113 3520 non
3140 3465 3280 3521 mihi
3308 3473 3488 3534 vacat,
3521 3472 3582 3523 et

1984 3571 2097 3610 non
2126 3553 2626 3610 constristabimini
2649 3573 2662 3623 ;
2689 3554 2823 3610 huic
2850 3560 3042 3611 autem
3072 3555 3122 3609 si
3150 3571 3263 3611 non
3288 3554 3582 3627 fecero,di-

1983 3650 2175 3700 cturus
2217 3648 2321 3710 est,
2370 3644 2503 3716 quia
2546 3644 2616 3699 de
2671 3643 2934 3716 opinione
2963 3660 3108 3713 mea,
3139 3661 3263 3716 quae
3292 3645 3442 3700 mala
3469 3652 3575 3711 est,

1987 3735 2202 3791 audivit
2247 3750 2436 3802 senex,
2487 3740 2545 3789 et
2586 3734 2712 3789 ideo
2742 3733 2926 3789 noluit
2951 3733 3133 3788 facere
3181 3749 3490 3806 sagenam;
3522 3744 3581 3791 et

1985 3826 2178 3880 statim
2233 3823 2620 3880 incidebamus
2656 3823 2848 3879 funem
2881 3823 2953 3878 ad
2977 3823 3288 3879 sedandum
3323 3823 3579 3881 animum

1985 3918 2127 3986 ejus,
2163 3932 2232 3970 ne
2254 3915 2485 3970 tristitia
2511 3913 2906 3969 absorberetur
2933 3913 3280 3985 hujusmodi.

2046 4007 2135 4062 15.
2168 4004 2441 4060 Dicebant
2466 4004 2536 4059 de
2565 4003 2811 4075 quodam
2832 4019 2985 4069 sene,
3024 4003 3159 4075 quia
3185 4003 3382 4059 fecerit
3409 4004 3577 4077 quin-

1977 4096 2250 4170 quaginta
2279 4111 2457 4148 annos
2486 4109 2668 4165 neque
2706 4109 2910 4163 panem
2941 4092 3259 4158 comedens,
3287 4108 3471 4164 neque
3497 4093 3577 4148 fa-

1975 4187 2080 4241 cile
2109 4200 2314 4256 aquam
2336 4182 2532 4238 bibens
2551 4185 2785 4250 (Ra/Im.
2813 4176 2986 4248 m,'n.
3011 4180 3140 4250 117)
3165 4199 3178 4248 ;
3215 4186 3275 4235 et
3303 4180 3527 4237 dicebat
3557 4200 3569 4236 :

1977 4274 2122 4338 Quia
2169 4271 2405 4327 exstinxi
2451 4269 2895 4336 fornicationem,
2927 4274 2986 4323 et
3014 4267 3328 4334 avaritiam,
3369 4273 3429 4323 et
3470 4284 3569 4322 va-

1976 4380 2107 4417 nam
2154 4360 2413 4431 gloriam.
2456 4357 2532 4413 Et
2569 4358 2701 4430 quia
2747 4356 2919 4412 abbas
2967 4356 3257 4414 Abraham
3307 4357 3567 4413 audierat

297 4468 445 4506 sum.
461 4451 668 4505 Dicunt
686 4449 738 4504 ei
760 4449 966 4504 iterum
993 4467 1004 4502 :
1027 4449 1111 4503 Tu
1135 4465 1194 4502 es
1214 4447 1435 4518 Agatho
1458 4446 1797 4501 haereticus?
1826 4446 1895 4501 Et
1910 4450 1963 4514 D
1978 4451 2125 4524 quod
2152 4451 2272 4505 haec
2301 4448 2550 4514 dixisset,
2584 4446 2735 4502 venit
2764 4446 2835 4502 ad
2863 4463 3014 4513 eum,
3039 4451 3097 4501 et
3121 4446 3260 4501 dixit
3283 4446 3367 4501 ei:
3386 4447 3471 4502 Tu
3488 4445 3572 4501 di-

298 4539 615 4611 respondit:
635 4540 759 4594 Non
779 4555 904 4594 sum
923 4536 1236 4592 haereticus.
1270 4537 1338 4591 Et
1368 4542 1707 4606 rogaverunt
1737 4552 1890 4604 eum,
1977 4541 2110 4596 xisti
2138 4541 2287 4595 hunc
2315 4537 2676 4595 sermonem?
2720 4538 2792 4593 Et
2833 4536 2930 4592 ille
2979 4537 3294 4609 respondit:
3354 4536 3561 4593 Etiam.

297 4630 583 4685 dicentes:
628 4629 729 4683 Dic
756 4627 918 4683 nobis
956 4642 1058 4682 cur
1092 4630 1254 4681 tanta
1302 4624 1616 4680 dicentibus
1645 4624 1805 4680 nobis
1834 4624 1892 4679 in
1976 4632 2049 4686 Et
2077 4629 2216 4685 dixit
2242 4630 2293 4685 ei
2320 4627 2493 4684 abbas
2540 4626 2825 4683 Abraham
2851 4645 2867 4682 ;
2894 4626 3036 4682 Ecce
3063 4626 3242 4681 intras
3267 4625 3326 4681 in
3367 4625 3568 4681 cellam

295 4718 509 4791 injuria
548 4723 649 4773 tua
676 4717 956 4790 patienter
994 4715 1220 4783 tuleris;
1256 4717 1407 4770 hunc
1445 4720 1636 4770 autem
1682 4731 1893 4770 sermo—
1973 4726 2151 4786 tuam,
2183 4724 2241 4775 et
2267 4719 2484 4774 invenis
2510 4734 2684 4789 supra
2701 4721 2939 4773 mattam
2968 4720 3122 4771 tuam
3151 4715 3570 4787 mulierem,po-

294 4825 427 4864 nem
466 4807 599 4880 quia
624 4806 883 4872 diximus,
919 4804 1227 4860 Haereticus
1261 4822 1339 4871 es,
1392 4821 1504 4859 non
1530 4794 1890 4860 sustinuisti?

294 4899 363 4954 Et
390 4897 487 4953 ille
509 4896 819 4970 respondit,
836 4895 1045 4950 etdixit
1066 4895 1177 4949 eis:
1203 4894 1307 4950 Illa
1337 4895 1522 4966 prima
1548 4894 1687 4948 mihi
1715 4894 1889 4949 ascri-

291 4986 385 5052 bo,
411 4986 625 5041 utilitas
654 4985 805 5040 enim
830 4984 1033 5039 animae
1063 5000 1201 5038 mea:
1242 4989 1357 5039 est:
1401 4984 1549 5055 quod
1579 4989 1768 5039 autem
1802 4983 1889 5039 di-

290 5077 451 5132 xistis
480 5074 809 5131 haereticum
837 5090 927 5128 me
957 5090 1097 5140 esse,
1146 5073 1271 5129 ideo
1296 5090 1407 5129 non
1438 5072 1708 5145 acquievi,
1759 5073 1888 5145 quia

289 5166 574 5239 separatio
614 5169 702 5220 est
736 5182 770 5219 a
809 5164 947 5230 Deo,
1001 5168 1060 5218 et
1105 5179 1218 5218 non
1248 5169 1379 5235 opto
1408 5162 1661 5235 separari
1686 5180 1721 5217 a
1748 5164 1883 5218 Deo.

289 5256 378 5313 Illi
422 5255 714 5310 audientes
753 5253 1017 5309 admirati
1054 5258 1187 5308 sunt
1215 5251 1610 5308 discretionem
1655 5254 1796 5324 ejus,
1830 5257 1888 5307 et

287 5345 549 5402 aediﬁcati
578 5344 974 5400 discesserunt.

364 5434 448 5492 ll.
478 5436 865 5506 Interrogatus
901 5439 987 5489 est
1007 5433 1156 5489 idem
1172 5432 1344 5488 abbas
1363 5433 1584 5504 Agatho
1599 5449 1612 5488 :
1629 5432 1775 5498 Quid
1797 5438 1888 5489 est

292 5526 498 5596 majus,
518 5524 675 5580 labor
688 5523 956 5596 corporis,
987 5529 1090 5579 aut
1113 5523 1370 5578 custodia
1388 5522 1673 5578 interioris
1701 5520 1885 5578 homi-

285 5614 413 5674 nis?
439 5613 588 5673 Dicit
628 5613 835 5673 abbas:
884 5614 1066 5673 Homo
1095 5612 1293 5671 similis
1329 5618 1416 5671 est
1443 5611 1661 5671 arbori:
1695 5629 1887 5685 corpo-

1970 4815 2058 4864 tes
2087 4825 2198 4865 non
2228 4809 2474 4881 cogitare
2523 4808 2658 4880 quia
2701 4806 2906 4862 mulier
2933 4811 3020 4861 est
3044 4807 3071 4856 9
3098 4806 3168 4861 Et
3193 4805 3366 4860 dixit:
3395 4805 3522 4862 Non
3549 4824 3563 4873 ;

1971 4900 2069 4955 sed
2110 4899 2377 4971 impugno
2418 4897 2816 4968 cogitationem
2864 4911 3069 4959 meam,
3101 4899 3166 4950 ut
3191 4911 3306 4950 non
3333 4900 3583 4966 tangam

1973 4988 2267 5043 mulierem
2298 4987 2471 5041 illam.
2496 4985 2647 5042 Dixit
2671 4984 2843 5039 abbas
2870 4982 3190 5039 Abraham:
3224 4983 3362 5039 Ecce
3389 4982 3567 5055 igitur

1971 5094 2085 5133 non
2137 5076 2566 5132 fornicationem
2613 5072 2959 5141 interfecisti,
3010 5072 3145 5145 quia
3191 5071 3326 5128 vivit
3378 5072 3566 5145 passio

1970 5167 2112 5240 ipsa,
2146 5166 2243 5222 sed
2273 5166 2505 5237 alligata
2532 5170 2636 5220 est.
2674 5164 2886 5219 Iterum
2916 5161 2965 5218 si
2992 5161 3250 5217 ambulas
3274 5161 3336 5218 in
3365 5161 3478 5230 via,
3507 5167 3568 5217 et

1970 5256 2127 5311 vides
2156 5254 2371 5327 lapides
2399 5260 2457 5310 et
2482 5258 2657 5309 testas
2685 5269 2968 5319 vasorum,
3008 5256 3068 5307 et
3110 5251 3171 5307 in
3198 5250 3338 5325 ipsis
3370 5252 3565 5323 jacens

1968 5361 2189 5412 aurum,
2221 5344 2370 5416 quod
2397 5343 2621 5410 videris,
2652 5347 2810 5415 potes
2831 5342 2984 5398 velut
3012 5340 3226 5414 lapides
3267 5339 3565 5414 reputare?

1966 5434 2038 5491 Et
2070 5433 2388 5507 respondit:
2414 5434 2577 5499 Non;
2612 5432 2709 5488 sed
2731 5431 2932 5488 resisto
2960 5430 3290 5503 cogitationi
3318 5445 3460 5487 meas
3489 5443 3563 5484 ne

1967 5524 2227 5596 colligam
2253 5523 2366 5579 illa.
2394 5522 2463 5577 Et
2483 5521 2621 5577 dicit
2644 5522 2696 5577 ei
2716 5520 2891 5577 abbas
2907 5519 3224 5578 Abraham:
3253 5518 3394 5576 Ecce
3427 5533 3561 5589 ergo

1966 5614 2101 5671 vivit
2129 5612 2339 5689 passio;
2374 5612 2473 5670 sed
2502 5612 2731 5686 alligata
2761 5617 2866 5670 est.
2902 5612 2971 5669 Et
2995 5608 3139 5667 dixit
3158 5609 3366 5667 iterum
3389 5606 3563 5666 abbas
