3964 6206
402 248 512 309 915

1522 247 1617 305 DE
1652 249 1842 318 VITIS
1878 250 2176 312 PATRUM
2209 253 2426 312 LIBER
2462 253 2531 312 V.

3550 254 3648 314 9l6

407 373 727 435 Abraham:
764 377 824 435 Si
873 375 1120 434 audieris
1161 375 1230 432 de
1269 375 1489 433 duobus
1534 375 1824 445 fratribus,
1875 378 2074 451 quiaA
2094 378 2388 448 adhibita;
2421 377 2469 434 si
2497 381 2690 434 autem
2736 375 3112 448 inopportuno
3135 375 3226 431 vel
3254 375 3374 432 sine
3417 393 3662 438 mensura

409 481 558 524 unus
799 471 856 523 te
877 471 934 523 et
959 465 1106 522 bona
1132 466 1203 522 de
1250 471 1308 522 te
1337 465 1604 539 loquitur,
1635 466 1781 522 alius
1820 472 2012 524 autem
2093 469 2257 538 fiunt,
2297 469 2370 524 ad
2413 483 2650 540 parvum
2676 470 2902 538 tempus
2941 465 3276 538 proficiunt;
3320 483 3442 540 qua
3492 473 3663 526 autem

410 557 533 612 odit
571 561 631 612 et
667 556 916 612 detrahit
957 555 1080 622 tibi,
1123 561 1184 612 et
1225 555 1484 612 venerint
1523 556 1594 610 ad
1638 561 1714 624 te,
1742 560 2012 631 utrosque
2091 558 2250 632 parvi
2279 557 2552 630 temporis
2573 559 2724 624 sunt,
2749 554 2915 610 noxia
2929 555 3110 626 magis
3134 571 3304 626 quam
3323 555 3484 612 utilia
3497 565 3664 614 erunt.

411 645 704 718 aequaliter
728 645 1005 718 suscipis?
1030 647 1100 702 Et
1145 645 1322 701 dixit:
1352 646 1510 714 Non;
1564 646 1663 700 sed
1709 652 2012 718 extorqueo

2163 646 2256 706 21.
2305 648 2658 703 Transeunte
2709 643 3013 717 aliquando
3041 643 3246 700 abbate
3271 644 3540 717 Ephrem,
3569 663 3669 704 una

411 733 602 791 animo
634 735 772 805 (sic),
795 740 862 790 ut
884 735 1147 791 similiter
1171 734 1313 790 bene
1341 733 1544 790 faciam
1569 734 1624 790 ei
1645 735 1740 808 qui
1760 751 1852 790 me
1873 735 2009 804 odit,
2094 737 2400 811 prostituta
2426 752 2496 790 ex
2515 733 2864 790 immissione
2892 733 3188 806 cujusdam
3202 735 3370 807 ccepit
3386 734 3438 789 ei
3453 733 3671 795 blandiri

413 823 560 880 sicut
583 823 666 880 illi
695 823 794 896 qui
820 824 1009 897 diligit
1035 841 1145 880 me.
1171 825 1241 880 Et
1259 823 1398 880 dixit
1421 823 1474 878 ei
1495 823 1668 879 abbas
1685 823 1970 882 Abraham
1997 843 2010 880 :

2101 828 2312 896 (Idem,
2337 829 2376 882 Ι.
2409 841 2449 893 1,
2477 827 2540 879 in
2581 825 2696 879 Vita
2721 824 2996 894 Ephrem,
3027 839 3146 894 cap.
3177 823 3248 893 7),
3283 824 3512 897 cupiens
3539 841 3670 893 eum,

415 911 624 969 Vivunt
663 928 798 986 ergo
827 913 1136 986 passiones,
1191 913 1290 969 sed
1329 916 1552 969 tantum
1583 929 1616 968 a
1645 913 1854 968 sanctis
1883 913 2018 969 viris
2099 915 2148 972 si
2173 919 2382 988 posset,
2413 914 2484 969 ad
2526 918 2754 986 turpem
2783 911 3233 968 commistionem
3259 911 3470 969 illicere
3493 932 3507 968 :
3534 915 3612 970 vel
3635 915 3678 972 si

415 1002 834 1074 quodammodo
844 1004 1179 1075 religantur.

489 1091 578 1149 i6.
609 1092 876 1148 Narravit
901 1093 1132 1165 quidam
1159 1093 1392 1149 Patrum
1423 1092 1558 1166 quia
1601 1109 1771 1148 senex
1817 1091 2022 1165 aliquis

416 1186 543 1237 erat
575 1181 638 1237 in
662 1181 804 1237 cella
833 1182 1082 1238 studiose
1108 1181 1390 1250 laborans,
1422 1187 1480 1238 et
1505 1181 1848 1238 vestiebatur
1873 1187 2020 1238 mat-

419 1273 510 1326 ta:
536 1270 633 1344 qui
661 1287 790 1326 cum
818 1271 1155 1344 perrexisset
1177 1271 1249 1326 ad
1277 1270 1538 1327 abbatem
1565 1273 1924 1338 Ammonem,
1940 1271 2023 1326 vi-

419 1359 510 1415 dit
529 1376 661 1416 eum
686 1359 860 1416 abbas
876 1362 1182 1416 Ammonas
1206 1365 1459 1416 utentem
1480 1366 1678 1430 matta,
1694 1366 1752 1416 et
1777 1360 1917 1416 dixit
1937 1359 1990 1414 ei
2011 1377 2024 1412 :

425 1449 548 1505 Hoc
569 1448 672 1505 tibi
701 1448 842 1504 nihil
871 1449 1119 1522 prodest.
1159 1450 1228 1505 Et
1256 1449 1396 1505 dixit
1423 1450 1475 1504 ei
1515 1450 1613 1506 ille
1641 1467 1809 1505 senex
1839 1468 1851 1504 :
1889 1449 2028 1504 Tres

425 1537 795 1610 cogitationes
820 1538 962 1594 mihi
981 1539 1230 1595 molestae
1258 1543 1428 1595 sunt:
1458 1555 1592 1608 una,
1616 1555 1740 1611 qua:
1767 1555 1858 1594 me
1873 1555 2028 1594 com-

426 1626 586 1700 pellit
611 1631 678 1682 ut
705 1626 912 1683 alicubi
953 1627 1013 1683 in
1051 1644 1242 1684 eremo
1288 1629 1587 1698 recedam;
1619 1629 1752 1696 alia,
1782 1633 1846 1684 ut
1873 1644 2031 1700 pere-

2100 1005 2207 1061 hoc
2231 1021 2346 1060 non
2373 1007 2580 1077 posset,
2614 1003 2814 1058 saltem
2852 1001 2924 1056 ad
2969 1001 3320 1058 iracundiam
3349 1008 3675 1076 provocaret,

2104 1093 2372 1167 quoniam
2400 1108 2692 1166 nunquam
2719 1107 2851 1146 eum
2878 1090 3019 1146 vidit
3045 1091 3345 1164 quisquam
3368 1091 3678 1150 irascentem

2104 1185 2190 1240 vel
2219 1182 2558 1255 litigantem.
2591 1181 2718 1254 Ipse
2745 1190 2938 1236 autem
2969 1180 3110 1236 dixit
3137 1181 3208 1236 ad
3237 1197 3364 1236 eam
3395 1199 3407 1235 :
3459 1182 3681 1254 Sequere

2105 1289 2216 1328 me.
2250 1273 2394 1329 Cum
2435 1271 2722 1326 venissent
2761 1275 2953 1326 autem
2993 1269 3052 1324 in
3079 1269 3202 1326 loco
3249 1270 3538 1344 populoso,
3567 1271 3684 1328 dicit

2108 1363 2160 1418 ei
2185 1381 2198 1416 :
2249 1361 2388 1421 Veni
2418 1361 2546 1428 huc,
2579 1366 2639 1416 et
2661 1359 2808 1415 sicut
2836 1359 3080 1428 voluisti,
3109 1360 3475 1415 commisceor
3497 1365 3682 1421 tecum.

2109 1452 2217 1508 Illa
2257 1456 2449 1507 autem
2477 1449 2672 1506 videns
2701 1449 3146 1517 multitudinem,
3179 1448 3317 1505 dicit
3346 1448 3400 1504 ei
3424 1467 3437 1502 :
3468 1449 3686 1516 Quomo-

2109 1541 2183 1597 do
2236 1556 2536 1614 possumus
2591 1537 2682 1594 hic
2727 1538 2834 1594 hoc
2879 1537 3081 1606 facere,
3127 1542 3289 1594 tanta
3343 1539 3685 1599 multitudine

2109 1630 2202 1686 hic
2229 1629 2496 1685 astante?
2524 1627 2934 1684 confundemur
2975 1627 3148 1683 enim.
3199 1629 3330 1700 Ipse
3371 1632 3556 1683 autem
3583 1629 3682 1686 ait:

423 1715 591 1788 grina
632 1721 842 1789 petam,
885 1716 984 1773 ubi
1013 1733 1106 1774 me
1157 1734 1324 1774 nemo
1381 1723 1710 1790 cognoscat;
1741 1717 1931 1785 tertia,
1972 1708 2097 1772 utB
2119 1719 2178 1775 Si
2231 1719 2488 1774 homines
2547 1717 2850 1785 erubescis,
2904 1721 3116 1788 quanto
3167 1717 3354 1788 magis
3390 1715 3690 1772 erubescere

427 1805 720 1862 includam
747 1823 840 1861 me
867 1805 928 1862 in
954 1807 1114 1874 cella,
1171 1811 1238 1862 ut
1263 1807 1483 1864 nullum
1511 1807 1751 1875 videam,
1805 1811 1863 1862 et
1899 1811 2028 1878 post

429 1893 668 1950 biduum
689 1895 1004 1952 comedam.
1037 1895 1188 1952 Dicit
1216 1895 1267 1951 ei
1295 1895 1468 1952 abbas
1503 1897 1840 1952 Ammonas:
1871 1895 2028 1951 Nihil

427 1983 531 2039 tibi
558 1997 626 2040 ex
650 1983 740 2040 his
769 1983 948 2040 tribus
973 1985 1202 2059 expedit
1231 1985 1434 2054 facere,
1466 1986 1566 2042 sed
1597 1985 1778 2058 magis
1806 1985 1937 2041 sede
1967 1985 2028 2040 in

429 2073 574 2129 cella
597 2077 716 2142 tua,
747 2079 808 2129 et
829 2075 1060 2131 comede
1106 2091 1307 2148 parum
1341 2075 1608 2148 quotidie,
1644 2074 1857 2131 habens
1880 2091 2030 2130 sem-

383 2237 388 2242 ‘
429 2177 534 2237 per
559 2161 620 2219 in
647 2163 813 2220 corde
837 2168 938 2220 tuo
965 2163 1248 2236 publicani
1267 2165 1420 2221 illius
1443 2165 1614 2238 quiin
1638 2165 1938 2238 Evangelia
1955 2164 2034 2220 le-

429 2251 589 2324 gitur
603 2268 923 2308 sermonem
956 2255 1131 2324 (Luce
1174 2257 1356 2324 xvun),
1388 2258 1447 2310 et
1481 2253 1564 2310 ita
1589 2254 1800 2328 poteris
1843 2254 2030 2310 salvus

501 2427 595 2487 17.
625 2429 860 2487 Dicebat
885 2431 1058 2488 abbas
1079 2433 1311 2490 Daniel:
1355 2433 1500 2500 Quia
1526 2438 1802 2506 quantum
1828 2449 2032 2506 corpus

432 2519 686 2588 vimerit,
703 2526 926 2577 tantum
954 2522 1144 2578 anima
1171 2523 1520 2592 exsiccetur;
1550 2528 1608 2578 et
1638 2523 1912 2595 quantum
1932 2523 2036 2578 sic-

434 2614 622 2666 catum
649 2609 820 2666 fuerit
835 2627 1060 2684 corpus,
1092 2616 1281 2678 598
1310 2613 1500 2668 anima
1523 2618 1744 2668 tantum
1789 2611 2030 2668 virescit.

441 2697 599 2754 Dixit
625 2699 830 2754 iterum
857 2699 1028 2756 abbas
1066 2701 1297 2758 Daniel:
1335 2701 1481 2767 Quia
1507 2707 1781 2774 quantum
1835 2718 2036 2774 corpus

435 2787 676 2861 fovetur,
690 2793 912 2846 tantum
933 2789 1127 2846 anima
1145 2789 1486 2859 subtiliatur,
1504 2796 1562 2847 et
1581 2796 1855 2864 quantum
1868 2790 2039 2846 fuerit

434 2893 638 2952 corpus
661 2877 1032 2946 subtiliatum,
1065 2884 1288 2936 tantum
1317 2881 1510 2936 anima
1535 2881 1770 2937 fovetur.

513 2967 604 3028 18.
637 2969 902 3024 Narravit
927 2968 1133 3025 iterum
1177 2969 1350 3026 abbas
1393 2969 1614 3038 Daniel,
1646 2969 1776 3044 quia
1811 2970 2036 3042 quando

2107 1808 2378 1864 debemus
2431 1808 2632 1875 Deum,
2694 1806 2791 1879 qui
2841 1805 3055 1861 revelat
3090 1805 3308 1861 occulta
3353 1805 3689 1862 tenebrarum

2109 1899 2162 1968 (Ι
2189 1899 2312 1954 Cor.
2345 1897 2458 1970 1v)?
2479 1897 2585 1952 Illa
2612 1901 2804 1952 autem
2831 1895 3066 1952 confusa
3092 1899 3151 1951 et
3172 1895 3464 1952 confutata
3489 1896 3693 1954 recessit

2111 1987 2320 2059 absque
2349 2003 2518 2058 opere
2541 1985 2844 2058 voluptatis
2863 2001 3000 2041 suae.

2181 2075 2273 2134 2‘2.
2323 2075 2617 2131 Venerunt
2666 2075 2971 2148 aliquando
3013 2074 3083 2130 ad
3131 2073 3400 2130 abbatem
3443 2075 3693 2132 Zenonem

2113 2165 2344 2238 quidam
2371 2165 2594 2232 fratres,
2644 2169 2703 2220 et
2730 2165 3220 2236 interrogaverunt
3241 2181 3400 2233 eum,
3430 2164 3690 2220 dicentes:

2115 2255 2263 2322 Quid
2291 2259 2378 2310 est
2403 2255 2552 2327 quod
2572 2253 2844 2328 scriptum
2864 2258 2952 2310 est
2974 2253 3033 2309 in
3051 2253 3233 2310 lihroJ
3238 2253 3308 2309 ob
3333 2269 3347 2304 :
3375 2254 3492 2310 Nec
3516 2253 3693 2310 caelum

2113 2344 2389 2402 mundum
2416 2360 2538 2399 esse
2567 2343 2627 2399 in
2655 2348 2957 2416 conspectu
2976 2342 3080 2399 Dei
3115 2343 3228 2416 (Job
3257 2343 3387 2413 xv)?
3415 2343 3696 2416 Respondit

2115 2439 2308 2490 autem
2333 2450 2504 2490 senex
2531 2433 2722 2489 dicens
2758 2451 2770 2486 :
2815 2432 3185 2506 Reliquerunt
3211 2432 3473 2489 homines
3497 2438 3696 2506 peccata

2115 2541 2236 2592 sua,
2277 2528 2337 2580 et
2363 2523 2614 2578 coelestia
2660 2527 3003 2578 scrutantur.
3044 2523 3176 2578 Haec
3201 2527 3399 2578 autem
3428 2527 3512 2578 est
3543 2523 3696 2578 inter-

2115 2613 2360 2686 pretatio
2422 2613 2719 2680 sermonis,
2773 2629 2939 2684 quem
2987 2611 3323 2684 requisistis,
3357 2617 3426 2668 ut
3458 2613 3694 2694 quoniam

2117 2703 2268 2758 Deus
2288 2701 2442 2758 solus
2470 2706 2557 2758 est
2579 2703 2843 2768 mundus,
2871 2701 3084 2757 dictum
3103 2701 3179 2756 sit
3205 2717 3306 2757 nec
3327 2702 3532 2758 coelum
3550 2717 3693 2760 mun-

2118 2793 2253 2848 dum
2278 2809 2400 2847 esse
2428 2793 2488 2847 in
2525 2796 2826 2864 conspectu
2845 2793 2989 2863 ejus.

2188 2880 2279 2938 23.
2309 2879 2462 2938 Dixit
2483 2879 2656 2936 abbas
2697 2881 3024 2937 Theodorus
3051 2880 3120 2936 de
3147 2879 3394 2936 Pherme
3415 2899 3433 2935 :
3463 2879 3519 2937 Si
3547 2879 3694 2938 habes

2119 2969 2397 3025 amicitias
2421 2987 2549 3026 cum
2573 2969 2782 3043 aliquo,
2813 2975 2871 3026 et
2899 2968 3202 3040 contigerit
3218 2985 3355 3024 eum
3376 2969 3437 3024 in
3455 2969 3697 3025 tentatio-

436 3057 647 3113 eratin
691 3057 886 3131 Scythi
913 3057 1086 3114 abbas
1113 3060 1404 3128 Arsenius,
1447 3065 1571 3116 erat
1607 3059 1686 3115 ibi
1725 3061 2035 3116 monachus
2050 3071 2094 3132 ί]
2118 3076 2249 3115 nem
2275 3059 2660 3115 fornicationis
2683 3059 2969 3114 incurrere
2993 3077 3006 3127 ;
3029 3059 3077 3114 si
3104 3063 3283 3131 potes,
3303 3057 3380 3112 da
3399 3058 3453 3114 ei
3470 3075 3694 3128 manum,

439 3146 670 3220 quidam
707 3147 933 3220 rapiens
961 3165 1028 3204 ea
1059 3165 1184 3221 quae
1212 3148 1496 3204 habebant
1523 3166 1685 3206 senes
1713 3167 1724 3203 :
1751 3149 1924 3205 abbas
1943 3165 2041 3206 au-

437 3241 556 3292 tem
587 3235 856 3292 Arsenins
878 3237 1070 3292 volens
1099 3253 1230 3292 eum
1272 3238 1498 3306 lucrari,
1531 3243 1590 3294 et
1623 3237 1851 3294 senibus
1879 3237 2040 3310 quie-

438 3328 555 3380 tem
573 3329 860 3398 praestare,
887 3325 1020 3381 tulit
1046 3343 1178 3382 eum
1205 3325 1263 3382 in
1293 3327 1495 3382 cellam
1523 3343 1704 3396 suam,
1736 3333 1794 3382 et
1813 3326 1947 3382 dicit
1965 3327 2038 3384 ei:

443 3414 725 3488 Quidquid
754 3415 836 3470 vis
859 3431 964 3488 ego
995 3414 1099 3471 tibi
1127 3415 1293 3483 dabo,
1325 3421 1551 3472 tantum
1577 3433 1692 3472 non
1721 3416 1910 3490 rapias
1936 3435 1948 3486 ;
1985 3422 2044 3472 et

442 3503 601 3560 dedit
649 3503 704 3559 ei
753 3519 975 3574 aurum,
1006 3511 1066 3560 et
1094 3521 1376 3574 nummos,
1411 3511 1468 3561 et
1511 3506 1771 3562 resccllas
1801 3505 1930 3575 (34),
1963 3512 2038 3574 et,

445 3609 612 3648 omne
637 3593 788 3666 quod
811 3593 872 3650 in
901 3610 1170 3668 responso
1199 3594 1314 3664 (35)
1362 3611 1466 3650 suo
1489 3594 1751 3662 habebat,
1785 3595 1941 3651 dedit
1969 3596 2040 3651 ei.

446 3681 550 3738 Ille
576 3687 768 3738 autem
789 3683 998 3739 iterum
1017 3683 1288 3756 rapiebat.
1304 3685 1477 3740 Senes
1497 3700 1627 3740 vero
1647 3685 1899 3740 videntes
1915 3685 2048 3756 quia

445 3785 562 3828 non
591 3771 820 3845 quievit,
854 3773 1193 3844 expulerunt
1215 3788 1366 3836 eum,
1403 3773 1654 3828 dicentes
1681 3792 1693 3828 :
1719 3773 1862 3838 Quia
1881 3775 1930 3830 si
1957 3774 2046 3830 in-

447 3859 672 3915 venitur
719 3858 898 3915 frater
941 3860 1154 3916 habens
1181 3861 1252 3916 de
1285 3861 1618 3916 infirmitate
1664 3863 1912 3935 corporis
1940 3865 2045 3920 ali-

449 3948 606 4022 quid,
631 3953 854 4020 oportet
880 3949 1156 4006 sustinere
1186 3967 1316 4005 eum
1344 3969 1357 4018 ;
1413 3949 1462 4006 si
1513 3956 1702 4010 autem
1739 3951 1960 4008 furatus
1989 3959 2048 4010 et

449 4035 773 4094 admonitus
819 4055 934 4094 non
993 4038 1248 4110 quiescit,
1281 4039 1540 4112 expellite
1561 4057 1690 4096 eum
1727 4059 1740 4096 :
1777 4043 2043 4114 quoniam

448 4127 654 4184 anima:
676 4144 792 4184 sua:
817 4127 1221 4185 detrimentum
1247 4129 1400 4200 facit,
1433 4135 1492 4186 et
1519 4147 1715 4186 omnes
1743 4130 1802 4187 in
1835 4149 1902 4188 eo
1923 4133 2045 4189 loco

447 4215 769 4274 habitantes
797 4216 1115 4275 conturbat.

523 4305 784 4365 i9.Venit
808 4307 868 4364 in
897 4307 1058 4364 initio
1089 4308 1525 4366 conversationis
1567 4327 1683 4366 suae
1712 4309 1884 4366 abbas
1917 4311 2054 4368 Eva-

2121 3154 2180 3204 et
2199 3149 2424 3204 retrahe
2453 3149 2612 3204 illum
2643 3163 2869 3203 sursum
2895 3165 2907 3202 :
2939 3147 2987 3203 si
3016 3153 3207 3202 autem
3230 3147 3291 3202 in
3319 3163 3512 3202 errore
3532 3147 3696 3220 aliquo

2123 3238 2254 3293 fidei
2285 3237 2608 3306 incurrerit,
2637 3254 2742 3294 nec
2779 3236 2883 3292 tibi
2925 3235 3250 3308 acquiescit,
3281 3240 3559 3292 revertere
3578 3236 3691 3304 cito,

2123 3327 2308 3382 incide
2337 3325 2615 3383 amicitias
2637 3327 2761 3398 ejus
2789 3325 2892 3382 abs
2918 3331 2996 3395 te,
3023 3343 3094 3382 ne
3119 3325 3264 3381 forte
3292 3330 3700 3381 remoranstra-

2125 3417 2278 3472 haris
2305 3433 2430 3472 cum
2446 3433 2512 3471 eo
2541 3417 2598 3470 in
2628 3416 2986 3488 profundum.

2193 3503 2286 3563 2i.
2311 3506 2483 3562 Venit
2503 3505 2806 3578 aliquando
2833 3508 3180 3562 memoratus
3199 3505 3376 3564 abbas
3403 3506 3698 3564 Theodorus

2129 3595 2200 3650 ad
2229 3594 2488 3650 abbatem
2517 3595 2810 3662 Joannem,
2843 3594 2940 3666 qui
2969 3600 3094 3651 erat
3119 3597 3417 3654 eunuchus
3440 3613 3506 3652 ex
3530 3593 3703 3651 nativi-

2126 3689 2264 3740 tate.
2299 3685 2519 3740 Etcum
2557 3685 2942 3756 loquerentur,
2975 3683 3116 3740 dixit
3144 3685 3316 3741 abbas
3345 3685 3653 3742 Theodorus
3686 3704 3699 3740 :

2129 3775 2366 3840 Quando
2396 3791 2549 3830 eram
2579 3774 2638 3829 in
2670 3773 2881 3846 Scythi,
2915 3791 3057 3847 opus
3085 3774 3288 3830 animae
3315 3781 3444 3832 erat
3469 3790 3600 3848 Opus
3620 3788 3701 3828 no-

2129 3868 2333 3930 strum,
2367 3881 2506 3936 opus
2537 3867 2729 3918 autem
2775 3879 3049 3920 manuum
3095 3869 3368 3937 tanquam
3400 3864 3459 3920 in
3485 3861 3699 3920 transitu

2127 3953 2476 4008 habebamus
2519 3971 2532 4021 ;
2567 3969 2715 4008 nunc
2742 3957 2933 4008 autem
2961 3953 3171 4009 factum
3207 3957 3296 4009 est
3321 3969 3468 4028 opus
3503 3951 3698 4017 anima,

2125 4043 2280 4098 velut
2310 4059 2440 4098 cum
2463 4042 2522 4098 in
2541 4043 2782 4098 transitu
2803 4042 3012 4098 factum
3031 4048 3116 4099 est
3139 4059 3300 4116 Opus.

2195 4132 2286 4188 25.
2328 4131 2498 4188 Venit
2521 4117 2824 4204 aliquando
2849 4131 3078 4205 quidam
3109 4133 3344 4188 Patrum
3373 4131 3444 4188 ad
3471 4131 3702 4188 eumdem

2127 4221 2388 4277 abbatem
2415 4221 2792 4290 Theodorum,
2825 4227 2882 4276 et
2899 4221 3040 4276 dixit
3057 4221 3146 4276 ei:
3177 4221 3315 4278 Ecce
3358 4221 3582 4292 quidam
3610 4219 3704 4275 fra-

2135 4316 2223 4366 ter
2250 4327 2508 4366 reversus
2535 4310 2713 4365 estad
2734 4311 3096 4368 saeculumEt
3111 4310 3253 4365 dixit
3271 4310 3324 4365 ei
3344 4310 3516 4365 abbas
3542 4309 3700 4365 Theo-

445 4397 604 4469 grius
632 4397 704 4452 ad
721 4397 1020 4470 quemdam
1045 4415 1257 4466 senem,
1277 4399 1335 4454 et
1365 4398 1536 4454 dixit:
1563 4399 1666 4456 Dic
1685 4400 1844 4468 mihi,
1876 4401 2038 4467 abba,
2062 4394 2112 4454 D
2133 4400 2304 4456 dorus
2336 4423 2348 4459 :
2378 4401 2442 4456 In
2471 4399 2577 4454 hoc
2615 4416 2728 4455 non
2765 4398 3061 4455 admireris
3099 4418 3112 4468 ;
3145 4399 3192 4454 si
3223 4400 3449 4472 quando
3485 4397 3701 4455 audieris

447 4501 768 4542 sermonem
797 4503 910 4558 quo
943 4487 1130 4542 salvus
1153 4489 1306 4542 tiam.
1335 4488 1436 4544 Ille
1473 4497 1665 4544 autem
1689 4489 1832 4544 dixit
1865 4491 1953 4548 ei:
1987 4491 2047 4546 Si

447 4575 532 4631 vis
559 4575 781 4643 salvari,
805 4575 1032 4648 quando
1057 4577 1129 4632 ad
1159 4577 1404 4648 aliquem
1432 4577 1608 4645 vadis,
1642 4595 1756 4634 non
1776 4579 1932 4651 prius
1960 4580 2046 4634 lo-

449 4665 640 4737 quaris
673 4671 976 4738 antequam
1005 4670 1062 4722 te
1097 4666 1196 4722 ille
1225 4667 1493 4740 inquirat.
1539 4668 1810 4740 Evagrius
1856 4673 2047 4725 autem

450 4761 818 4828 compunctus
863 4755 922 4811 in
950 4756 1056 4811 hoc
1094 4773 1373 4824 sermone,
1416 4757 1805 4829 paenitentiam
1834 4759 1951 4830 egit
1987 4759 2048 4814 in

447 4849 748 4917 conspectu
773 4845 944 4915 senis,
969 4851 1028 4901 et
1052 4845 1323 4902 satisfecit
1349 4847 1420 4915 ei,
1439 4847 1658 4902 dicens:
1682 4846 1861 4902 Crede
1885 4847 2044 4918 mihi,

453 4933 664 4989 multos
711 4936 945 4991 Codices
995 4936 1127 5008 legi,
1159 4942 1220 4992 et
1258 4937 1432 4993 talem
1489 4935 1859 4992 eruditionem
1901 4954 2048 4993 nun-

455 5035 626 5092 quam
652 5022 860 5078 inveni.
897 5024 964 5079 Et
991 5027 1230 5081 multum
1252 5025 1548 5098 proﬁciens
1586 5026 1736 5083 exiit.

525 5105 773 5167 20.Dixit
800 5111 972 5168 abbas
1003 5113 1302 5186 Evagrius:
1335 5117 1581 5172 Mentem
1626 5120 1922 5170 nutantem
1963 5115 2049 5170 vel

455 5205 739 5255 errantem
767 5201 974 5258 solidat
1000 5202 1184 5263 lectio.
1217 5209 1275 5260 et
1297 5205 1594 5276 vigiliae,ct
1613 5205 1823 5264 oratio:
1853 5221 2052 5260 concu-

455 5287 786 5362 piscentiam
815 5307 946 5346 vero
974 5291 1278 5349 ferventem
1309 5295 1607 5350 madefacit
1635 5295 1848 5350 esuries
1879 5299 1936 5350 et
1964 5295 2050 5350 la-

454 5377 559 5434 b‘or
581 5383 644 5434 et
669 5378 986 5436 sollicitudo
1015 5394 1029 5431 :
1066 5381 1414 5440 iracundiam
1444 5391 1631 5440 autem
1665 5385 2050 5458 perturbatam

456 5467 714 5542 reprimit
730 5469 1062 5542 psalmodia,
1111 5477 1168 5527 et
1197 5472 1612 5545 longanimitas,
1649 5480 1708 5532 et
1736 5475 2051 5530 misericor-

455 5558 570 5630 dia,
601 5559 698 5619 sed
729 5561 847 5620 haec
874 5561 1204 5640 opportunis
1248 5563 1612 5638 temporibus,
1671 5571 1730 5625 et
1785 5581 2052 5624 mensura

2130 4489 2264 4562 quia
2288 4487 2581 4561 praevaluit
2603 4488 2732 4560 quis
2761 4489 3010 4560 effugere
3037 4489 3108 4544 de
3129 4505 3226 4544 ore
3245 4487 3480 4556 inimici,
3511 4487 3604 4542 hoc
3621 4483 3700 4539 ad-

2129 4579 2356 4634 mirare.

2198 4664 2289 4725 26.
2321 4666 2474 4722 Dixit
2496 4671 2843 4721 memoratus
2869 4665 3042 4722 abbas
3068 4666 3428 4726 Theodorus:
3459 4663 3603 4724 Multi
3619 4661 3700 4718 eli-

2127 4762 2270 4829 gunt
2297 4757 2354 4811 in
2385 4757 2491 4812 hoc
2513 4756 2714 4812 saeculo
2735 4756 3103 4828 temporalem
3127 4755 3392 4828 quietem,
3423 4760 3698 4828 antequam

2130 4849 2356 4919 praestet
2374 4845 2454 4900 eis
2483 4845 2756 4900 Dominus
2779 4845 3052 4918 requiem.

2199 4933 2289 4993 27.
2312 4934 2587 4990 Dicebant
2610 4934 2680 4989 de
2698 4933 2901 4990 abbate
2915 4935 3131 4990 Joanne
3158 4938 3379 4990 statura
3393 4932 3559 5001 brevi,
3585 4927 3699 5004 quia

2131 5025 2334 5080 dixerit
2351 5023 2654 5096 aliquando
2681 5023 2844 5078 fratri
2873 5041 2975 5079 suo
3008 5024 3245 5096 majori:
3295 5023 3560 5080 Volebam
3595 5034 3698 5075 esse

2131 5131 2362 5170 securus
2399 5114 2545 5168 sicut
2577 5113 2762 5185 angeli
2807 5119 2940 5169 sunt
2988 5113 3189 5180 securi,
3238 5113 3374 5168 nihil
3404 5116 3694 5184 operantes,

2132 5205 2229 5260 sed
2252 5204 2372 5260 sine
2395 5203 2815 5259 intermissione
2841 5203 3148 5258 servientes
3169 5203 3284 5258 Deo
3299 5221 3312 5271 ;
3326 5206 3384 5258 et
3396 5201 3628 5276 spolians
3646 5212 3696 5250 se

2132 5311 2242 5366 quo
2273 5293 2505 5349 vestitus
2531 5297 2672 5360 erat,
2705 5292 2917 5348 abiitin
2946 5309 3135 5348 eremo
3158 5293 3337 5362 (Ita/)2,
3365 5295 3405 5347 ι.
3441 5305 3519 5358 ιιι,
3540 5285 3694 5355 11.56).

2132 5385 2200 5439 Et
2217 5384 2361 5438 facta
2379 5383 2458 5438 ibi
2478 5381 2832 5438 hebdomade
2851 5399 3246 5451 una,reversus
3283 5385 3368 5436 est
3395 5380 3466 5436 ad
3489 5379 3692 5434 fratrem

2133 5489 2294 5529 suum
2318 5491 2332 5539 ;
2362 5477 2420 5528 et
2450 5472 2586 5528 dum
2615 5472 2867 5544 pulsaret
2890 5471 3118 5538 ostium,
3153 5469 3438 5544 respondit
3479 5468 3529 5524 ei
3553 5469 3694 5520 ante-

2133 5579 2302 5636 quam
2345 5561 2608 5638 aperiret,
2659 5560 2852 5618 dicens
2885 5576 2899 5614 :
2933 5561 3070 5628 Quis
3098 5578 3159 5620 es
3185 5559 3286 5621 tu?
3313 5560 3383 5619 Et
3405 5558 3498 5616 ille
3531 5554 3687 5615 dixit:
