3976 6186
322 263 432 322 917

1630 244 1868 300 VERBA
1904 238 2299 303 SENIORUM.

3500 253 3608 316 918

324 390 444 462 Ego
464 402 592 443 sum
616 386 881 441 Joannes.
916 380 987 436 Et
1012 377 1305 450 respondit
1329 375 1505 429 frater
1530 372 1672 462 ejus,
1704 374 1763 423 et
1784 366 1985 462 dixitA
1999 374 2367 462 agnoscentes
2396 375 2664 444 quoniam
2703 375 2762 431 in
2791 376 3052 435 omnibus
3082 378 3407 437 obedientes
3448 386 3601 438 sunt.

321 458 425 535 ei‘:
456 478 702 533 Joannes
744 472 979 544 angelus
1024 469 1201 525 factus
1229 470 1335 531 est,
1361 469 1421 519 et
1459 464 1609 519 ultra
1646 459 1796 515 inter
1821 458 1925 513 ho-

323 569 508 624 mines
553 580 668 621 non
714 569 817 618 est.
848 562 950 617 Ille
997 563 1189 615 autem
1242 554 1505 628 pulsabat
1538 552 1730 606 dicens
1762 567 1774 602 :
1809 549 1925 618 Ego

324 675 477 714 sum.
511 657 582 712 Et
618 670 734 710 non
779 651 1000 724 aperuit
1036 649 1108 715 ei,
1150 647 1249 702 sed
1291 643 1507 700 dimisit
1549 657 1679 696 eum
1727 637 1922 709 afﬂigi.

319 749 531 806 Postea
566 760 698 800 vero
744 741 1003 814 aperiens
1035 737 1176 793 dixit
1214 736 1267 791 ei
1300 753 1311 789 :
1361 734 1422 789 Si
1466 733 1637 787 homo
1678 746 1756 796 es,
1788 743 1928 800 opus

322 837 501 894 habes
528 835 736 891 iterum
756 830 1074 904 operari,ut
1090 828 1268 893 vivas;
1295 825 1344 879 si
1364 828 1554 879 autem
1577 819 1812 890 angelus
1845 834 1924 887 es,

325 927 465 1001 quid
486 924 689 999 quaeris
720 923 934 978 intrare
970 919 1030 974 in
1071 917 1289 973 cellam.
1318 915 1389 969 Et
1416 913 1511 968 ille
1538 907 1928 983 pcenitentiam

322 998 522 1089 agens,
553 1013 726 1069 dixit:
752 1013 984 1083 Ignosce
1011 1007 1170 1073 mihi,
1202 1005 1395 1068 frater,
1419 1001 1553 1074 quia
1573 998 1815 1073 peccavi.

401 1108 597 1172 599
622 1100 714 1161 28.
750 1102 1044 1156 Venerunt
1086 1093 1389 1167 aliquando
1419 1107 1582 1146 senes
1613 1089 1672 1145 in
1711 1086 1923 1161 Scythi,

326 1196 388 1245 et
415 1194 541 1244 erat
574 1204 703 1243 cum
736 1186 818 1241 eis
846 1184 1019 1240 abbas
1048 1183 1292 1238 Joannes
1320 1179 1553 1244 Nanus;
1586 1179 1645 1230 et
1666 1174 1803 1229 dum
1840 1187 1931 1227 co-

320 1280 640 1346 mederent,
660 1275 907 1333 surrexit
928 1271 1160 1346 quidam
1173 1269 1466 1342 presbyter
1494 1266 1575 1320 vir
1602 1266 1931 1335 magnus,ut

321 1371 490 1425 daret
515 1385 618 1441 per
635 1366 889 1438 singulos
909 1362 1194 1418 vasculum
1221 1375 1382 1431 aquae
1395 1371 1630 1429 parvum
1651 1354 1721 1409 ad
1742 1352 1931 1408 biben-

321 1461 497 1527 dum;
533 1463 593 1513 et
623 1472 791 1513 nemo
824 1451 1104 1525 acquievit
1137 1448 1389 1521 accipere
1421 1445 1491 1501 ab
1521 1461 1607 1512 eo,
1638 1443 1748 1498 nisi
1778 1442 1930 1497 solus

322 1551 574 1605 Joannes
584 1546 801 1603 Brevis.
816 1541 1094 1599 Admirati
1114 1544 1247 1595 sunt
1266 1542 1456 1593 autem
1476 1534 1682 1601 caeteri,
1706 1533 1930 1588 etdixe-

323 1644 464 1695 runt
483 1638 535 1693 ei
565 1655 577 1692 :
603 1634 895 1702 Quomodo
922 1638 986 1688 tu
1014 1647 1142 1687 cum
1169 1629 1247 1683 sis
1276 1627 1526 1683 omnium
1558 1626 1764 1689 minor,
1790 1638 1931 1694 prse-

2076 455 2165 515 3l.
2190 460 2389 515 Frater
2414 460 2779 535 interrogavit
2820 464 3081 523 abbatem
3108 469 3335 542 Joseph,
3367 470 3559 527 dicens
3586 488 3598 525 :

2006 548 2152 614 Quid
2179 547 2398 618 faciam,
2422 551 2556 623 quia
2583 569 2685 608 nec
2712 555 3033 612 molestiam
3061 557 3206 614 ferre
3230 576 3479 632 possum,
3502 576 3608 617 nec

2007 636 2281 705 laborare,
2309 644 2368 694 et
2398 640 2533 696 dare
2556 641 3010 719 eleemosynam?
3036 647 3107 703 Et
3135 647 3272 704 dicit
3306 649 3358 705 ei
3385 664 3556 707 senex
3589 670 3608 706 :

2009 727 2069 782 Si
2090 743 2203 783 non
2228 733 2388 801 potes
2416 730 2617 786 horum
2637 732 2779 787 nihil
2798 734 2999 803 facere,
3023 737 3110 792 vel
3134 754 3294 794 serva
3322 740 3607 796 conscien-

2008 814 2145 872 tiam
2171 822 2331 873 tuam
2358 818 2430 874 ab
2457 820 2612 875 omni
2645 823 2794 877 malo
2822 824 3061 895 proximi
3091 826 3197 895 tui,
3227 833 3285 884 et
3307 827 3391 884 ita
3417 829 3605 886 salvus

2008 905 2156 971 eris;
2186 907 2337 962 Deus
2359 913 2552 965 autem
2582 910 2828 967 animam
2850 913 2971 968 sine
2995 921 3221 987 peccato
3240 918 3458 990 quaerit.

2080 993 2167 1053 3‘2.
2210 997 2363 1053 Dixit
2405 997 2577 1054 abbas
2624 999 2780 1056 Isaac
2816 1002 3087 1059 Thebaeus
3136 1005 3404 1063 fratribus
3439 1008 3559 1065 suis
3590 1027 3603 1063 :

2008 1085 2221 1141 Pueros
2247 1086 2339 1141 hic
2384 1104 2497 1143 non
2527 1089 2839 1159 adducatis,
2872 1092 3006 1165 quia
3042 1100 3273 1166 propter
3314 1113 3520 1170 pueros
3547 1098 3608 1155 in

2011 1175 2205 1247 Scythi
2233 1181 2475 1248 quatuor
2502 1178 2747 1235 ecclesiae
2776 1196 2999 1236 eremus
3023 1181 3183 1240 facta:
3208 1189 3361 1241 sunt.

2081 1263 2169 1322 33.
2189 1264 2558 1337 Interrogavit
2575 1266 2748 1324 abbas
2764 1268 3050 1341 Longinus
3069 1271 3331 1329 abbatem
3348 1272 3604 1347 Lucium,

2010 1352 2242 1408 dicens:
2270 1354 2462 1410 Habeo
2489 1360 2606 1412 tres
2632 1358 2998 1430 cogitationes
3022 1379 3035 1415 :
3066 1378 3240 1418 unam
3270 1368 3332 1420 ut
3352 1366 3425 1421 ad
3453 1384 3611 1440 pere-

2008 1442 2386 1514 grinationem
2417 1445 2640 1502 vadam.
2671 1446 2742 1502 Et
2761 1449 3053 1521 respondit
3079 1451 3131 1507 ei
3156 1469 3326 1509 senex
3358 1472 3370 1508 :
3413 1456 3472 1511 Si
3498 1472 3612 1513 non

2011 1534 2260 1589 tenueris
2296 1534 2548 1606 linguam
2583 1541 2742 1592 tuam
2779 1537 3098 1612 ubicunque
3132 1544 3464 1614 perrexeris,
3497 1563 3612 1603 non

2012 1622 2123 1677 eris
2149 1625 2495 1695 peregrinus.
2529 1625 2639 1681 Sed
2685 1626 2907 1682 refrena
2943 1630 3036 1685 hic
3063 1630 3316 1702 linguam
3343 1639 3523 1703 tuam,
3554 1642 3614 1692 et

323 1726 621 1801 sumpsisti
648 1723 962 1780 ministerio
977 1721 1060 1776 uti
1077 1720 1181 1774 viri
1196 1718 1347 1774 senis
1375 1722 1432 1770 et
1457 1713 1649 1786 magni
1665 1712 1777 1768 ?Et
1794 1710 1931 1767 dicit
1950 1727 1998 1789 Β
2017 1713 2128 1770 eris
2158 1714 2330 1769 etiam
2356 1714 2449 1769 hic
2476 1715 2827 1787 peregrinus.
2858 1717 2929 1773 Et
2946 1718 3088 1774 dixit
3125 1720 3175 1775 ei
3204 1720 3381 1777 abbas
3409 1723 3612 1796 Longi-

324 1818 442 1875 eis:
467 1818 582 1888 Ego
608 1814 832 1888 quando
849 1827 1018 1883 surgo
1035 1810 1171 1865 dare
1186 1823 1409 1880 aquam,
1423 1804 1643 1877 gaudeo
1665 1802 1713 1857 si
1734 1817 1931 1857 omnes

327 1906 593 1971 biberint,
625 1910 692 1960 ut
718 1901 1031 1958 mercedem
1073 1898 1391 1970 acquiram;
1424 1910 1574 1949 nunc
1598 1893 1776 1965 igitur
1798 1907 1932 1963 pro-

328 2001 529 2071 pterea
547 2010 651 2066 ego
669 1992 908 2065 suscepi,
924 1995 989 2046 ut
1007 1988 1208 2044 faciam
1228 1987 1280 2042 ei
1307 1985 1403 2058 qui
1428 1981 1671 2039 surrexit
1680 1980 1931 2036 invenire

323 2084 752 2151 mercedem,ne
763 2082 907 2137 forte
928 2079 1099 2135 etiam
1118 2075 1483 2133 contristetur
1497 2073 1652 2128 nullo
1676 2074 1931 2126 sumente

324 2176 400 2232 ab
430 2191 519 2231 eo.
550 2174 686 2229 Haec
714 2187 844 2227 cum
869 2168 1118 2235 dixisset,
1151 2162 1413 2220 admirati
1443 2166 1577 2218 sunt
1620 2176 1815 2216 omnes
1860 2158 1931 2213 de

324 2264 669 2322 discretione
697 2263 839 2334 ejus.

388 2354 482 2412 29.
505 2350 879 2424 Interrogavit
905 2346 1211 2420 aliquando
1239 2342 1411 2399 abbas
1438 2342 1637 2397 Pastor
1663 2337 1928 2394 abbatem

323 2443 557 2516 Joseph,
587 2443 776 2497 dicens
809 2459 821 2494 :
853 2438 997 2504 Quid
1026 2436 1248 2501 faciam,
1283 2431 1508 2505 quando
1536 2428 1927 2502 approximant

322 2533 469 2589 mihi
508 2532 713 2604 aliqum
744 2528 1091 2585 tentationes
1126 2543 1139 2593 ;
1171 2524 1372 2579 resisto
1396 2521 1528 2588 illis,
1562 2536 1637 2575 an
1663 2516 1929 2591 permitto

317 2621 579 2678 intrare?
606 2619 755 2676 Dicit
782 2617 834 2674 ei
863 2633 1031 2673 senex
1056 2633 1069 2670 :
1099 2614 1334 2670 Dimitte
1368 2612 1602 2678 intrare,
1652 2614 1710 2664 et
1739 2622 1932 2679 pugna

315 2727 455 2768 cum
475 2711 577 2766 eis.
606 2711 911 2765 Revertens
940 2722 1074 2777 ergo
1094 2706 1155 2760 in
1177 2702 1371 2775 Scythi
1393 2698 1624 2756 sedebat
1643 2717 1656 2767 ;
1672 2702 1729 2752 et
1749 2696 1930 2751 conti-

313 2801 407 2873 git
434 2804 500 2856 ut
524 2798 753 2854 veniens
769 2796 997 2869 quidam
1014 2812 1048 2849 a
1070 2791 1352 2849 Thebaida
1375 2790 1435 2844 in
1457 2787 1651 2861 Scythi
1672 2789 1930 2873 narraret

316 2872 611 2955 fratribus,
642 2904 702 2942 se
729 2886 1107 2957 interrogasse
1130 2882 1390 2938 abbatem
1419 2878 1656 2950 Joseph:
1691 2872 1928 2941 Quando

2014 1820 2155 1860 nus:
2189 1802 2316 1858 Alia
2347 1804 2612 1876 cogitatio
2647 1820 2775 1861 mea
2804 1812 2908 1875 est,
2940 1812 3006 1863 ut
3048 1810 3304 1879 jejunem
3337 1810 3612 1870 biduanas

2012 1893 2265 1950 levando.
2290 1894 2360 1949 Et
2388 1894 2679 1966 respondit
2708 1894 2760 1951 ei
2786 1895 2959 1953 abbas
2986 1898 3189 1955 Lucius
3221 1917 3233 1954 :
3266 1900 3441 1957 Isaias
3478 1919 3611 1975 pro-

2011 1984 2186 2056 pheta
2210 1982 2351 2038 dixit
2382 2000 2396 2036 :
2430 1983 2489 2039 Si
2512 1985 2826 2041 curvaveris
2851 1986 3005 2043 velut
3042 1987 3311 2045 circulum
3339 1991 3611 2048 cervicem

2010 2078 2189 2140 tuam,
2220 2089 2324 2128 nec
2351 2072 2431 2128 sic
2460 2072 2568 2130 erit
2609 2080 2898 2147 acceptum
2925 2077 3207 2148 jejunium
3237 2084 3402 2135 tuum
3432 2083 3611 2150 (Isaia

2011 2162 2189 2235 Lxm);
2223 2163 2323 2218 sed
2343 2162 2524 2235 magis
2542 2163 2767 2219 contine
2795 2170 3044 2222 mentem
3074 2172 3232 2223 tuam
3259 2185 3294 2223 a
3320 2169 3613 2241 cogitatio-

2012 2252 2175 2307 nibus
2200 2252 2384 2308 malis.
2409 2252 2480 2308 Et
2508 2251 2651 2309 dixit
2672 2252 2847 2310 abbas
2875 2254 3165 2327 Longinus
3198 2274 3211 2311 :
3241 2257 3496 2315 Tertium
3525 2266 3613 2316 est

2010 2342 2346 2414 dispositum
2375 2359 2585 2409 meum,
2612 2347 2681 2399 ut
2699 2344 2974 2400 declinem
3002 2345 3296 2411 hominum
3326 2353 3605 2421 aspectus.

2010 2432 2081 2487 Et
2116 2431 2407 2503 respondit
2436 2432 2487 2487 ei
2507 2431 2681 2488 abbas
2706 2433 2945 2490 Lucius:
2972 2434 3095 2490 Nisi
3123 2435 3279 2507 prius
3302 2438 3610 2495 correxeris

2010 2520 2186 2575 vitam
2218 2518 2377 2576 tuam
2416 2520 2567 2576 inter
2610 2521 2751 2577 alios
2795 2524 3195 2593 conversando,
3233 2540 3418 2598 neque
3456 2528 3609 2584 solus

2011 2609 2273 2665 habitans
2299 2609 2580 2682 corrigere
2601 2615 2659 2667 te
2680 2611 3026 2684 praevalebis.

2081 2698 2173 2754 34.
2212 2699 2365 2754 Dixit
2408 2699 2581 2755 abbas
2610 2701 2891 2757 Macarius
2923 2720 2935 2756 :
2969 2702 3027 2759 Si
3057 2703 3422 2762 recordamur
3459 2707 3611 2763 mala

2010 2805 2135 2860 quae
2185 2788 2506 2844 inferuntur
2549 2789 2711 2846 nobis
2744 2791 2816 2845 ab
2861 2791 3203 2862 hominibus,
3249 2800 3612 2869 amputamus

2008 2877 2185 2932 menti
2214 2883 2420 2933 nostrae
2449 2878 2715 2935 virtutem
2743 2880 3073 2938 recordandi
3102 2882 3282 2939 Deum
3306 2903 3319 2953 ;
3342 2883 3390 2940 si
3418 2891 3610 2943 autem

320 2978 680 3051 approximat
705 2976 847 3030 mihi
871 2974 1129 3039 tentatio,
1160 2971 1361 3027 resisto
1391 2971 1462 3033 ei,
1490 2985 1562 3023 an
1592 2966 1815 3023 dimitto
1844 2964 1930 3018 in—
1950 3044 1985 3051 _
2012 2968 2373 3023 recordamur
2391 2968 2671 3024 malorum
2690 2986 2812 3042 quae
2827 2970 3108 3027 daemones
3128 2972 3608 3042 excitant,erimus

322 3044 518 3124 trare?
546 3072 605 3123 et
621 3066 825 3121 dixerit
848 3066 900 3120 ei
927 3083 941 3120 :
975 3063 1218 3120 Omnino
1250 3077 1364 3117 non
1388 3057 1639 3114 dimittas
1659 3055 1922 3111 tentatio-
1942 3044 1988 3106 Ο
2008 3056 2456 3129 imperforabiles
2486 3060 2714 3130 (Pasch,
2747 3075 2791 3115 ο.
2826 3058 2913 3129 37,
2939 3078 2997 3117 n.
3030 3060 3090 3131 4;
3138 3063 3383 3132 Append.
3415 3066 3606 3133 Mart.,

323 3174 462 3214 nem
497 3156 555 3212 in
585 3161 661 3223 te,
698 3155 795 3211 sed
832 3154 944 3209 cito
987 3151 1252 3208 abscinde
1282 3166 1427 3206 eam.
1458 3147 1709 3203 Audiens
1737 3150 1926 3200 autem

321 3247 503 3303 abbas
530 3247 748 3310 Pastor,
781 3243 913 3316 quia
960 3243 1039 3297 sic
1082 3241 1285 3296 dixerit
1320 3240 1470 3305 huic,
1498 3237 1595 3310 qui
1636 3239 1867 3291 venerat
1895 3251 1930 3289 a

322 3336 636 3402 Thebaida,
676 3334 848 3389 abbas
901 3332 1108 3403 Ioseph
1150 3346 1386 3401 surgens
1433 3328 1641 3383 iterum
1684 3326 1824 3383 abiit
1868 3328 1924 3381 in

320 3426 595 3498 Panepho
619 3425 691 3479 ad
718 3423 981 3478 abbatem
1007 3421 1232 3492 Joseph,
1268 3425 1324 3474 et
1352 3418 1488 3473 dicit
1507 3417 1558 3472 ei
1582 3437 1593 3472 :
1623 3416 1800 3486 Abba,
1827 3432 1931 3488 ego

292 3515 429 3571 tibi
451 3514 707 3570 commisi
735 3512 1103 3583 cogitationes
1133 3526 1305 3574 meas,
1342 3513 1401 3563 et
1433 3514 1498 3563 tu
1538 3507 1704 3562 aliter
1741 3506 1932 3561 dixisti

321 3605 489 3673 mihi,
521 3604 685 3659 aliter
704 3608 892 3658 autem
911 3600 1073 3655 fratri
1095 3601 1165 3655 de
1183 3598 1485 3654 Thebaida.
1511 3597 1581 3652 Et
1606 3596 1742 3651 dicit
1766 3596 1817 3651 ei
1846 3612 1932 3650 se-

321 3712 435 3752 nex
468 3713 481 3749 :
515 3693 632 3749 Scis
679 3693 812 3765 quia
856 3691 1026 3761 diligo
1067 3687 1172 3744 te?
1213 3688 1281 3742 Et
1327 3686 1614 3758 respondit
1649 3701 1665 3741 :
1719 3685 1924 3740 Etiam.

322 3786 528 3841 Nonne
553 3788 618 3839 tu
637 3781 775 3837 mihi
799 3780 1009 3843 dixisti,
1038 3784 1103 3833 ut
1130 3778 1276 3832 sicut
1290 3776 1427 3830 mihi
1448 3776 1573 3847 ipsi,
1606 3775 1688 3831 ita
1714 3774 1817 3830 tibi
1846 3774 1929 3829 di-

322 3891 515 3931 cerem
551 3872 699 3944 quod
717 3869 1024 3926 sentirem?
1053 3867 1275 3923 Etenim
1310 3866 1357 3921 si
1384 3865 1717 3921 intraverint
1738 3868 1925 3919 tenta-

322 3965 530 4030 tiones,
558 3967 617 4017 et
632 3960 852 4016 dederis
881 3964 1050 4031 atque
1077 3956 1358 4029 acceperis
1378 3971 1503 4010 cum
1525 3955 1625 4020 eis,
1647 3953 1927 4025 probatio-

323 4071 449 4109 rem
469 4058 528 4107 te
568 4050 801 4117 faciunt;
834 4065 937 4120 ego
968 4052 1157 4102 autem
1187 4047 1337 4101 velut
1367 4044 1504 4099 mihi
1551 4044 1657 4116 ipsi
1708 4043 1788 4097 sic
1822 4042 1926 4098 tibi

323 4144 547 4199 locutus
565 4158 689 4197 sum
714 4158 727 4194 :
757 4145 890 4194 sunt
910 4136 1111 4192 autcm‘
1131 4135 1304 4207 aliqui
1334 4134 1534 4207 quibus
1549 4150 1653 4189 nec
1671 4132 1928 4205 approxi-

324 4248 486 4288 mare
516 4230 739 4303 expedit
767 4227 1072 4300 passiones,
1105 4225 1203 4281 sed
1232 4225 1424 4281 statim
1454 4223 1661 4279 debent
1706 4221 1924 4278 abscin-

324 4324 463 4379 dere
483 4338 598 4376 eas.

1873 4403 1923 4427 ε..
1941 4366 1992 4427 D

2009 3163 2070 3206 η.
2099 3146 2211 3215 15).

2082 3236 2169 3295 35.
2198 3238 2349 3294 Dixit
2363 3237 2536 3295 abbas
2560 3239 2802 3295 Mathois
2836 3256 2848 3294 :
2871 3241 3065 3297 Nescit
3085 3242 3324 3301 Satanas
3343 3261 3455 3319 qua
3482 3262 3606 3320 pas-

2014 3328 2171 3384 sione
2194 3328 2496 3384 seducatur
2538 3329 2748 3399 anima,
2775 3335 2832 3385 et
2858 3330 2985 3386 ideo
3015 3332 3257 3389 seminat
3285 3334 3513 3407 quidem
3547 3334 3608 3393 in

2015 3434 2081 3473 ea
2108 3418 2365 3473 ziziniam
2392 3434 2574 3483 suam,
2608 3419 2706 3474 sed
2741 3425 2955 3476 metere
2982 3422 3162 3477 nescit
3194 3438 3208 3479 :
3249 3425 3467 3496 spargit
3501 3425 3611 3481 ali-

2015 3508 2238 3579 quando
2262 3507 2474 3563 semina
2504 3508 2956 3579 fornicationum,
2981 3511 3282 3583 aliquando
3312 3513 3611 3571 detractio-

2011 3613 2167 3664 num,
2192 3603 2248 3652 et
2273 3604 2604 3654 ceeterarum
2639 3598 2898 3655 similiter
2936 3601 3290 3673 passionum;
3325 3608 3383 3658 et
3409 3603 3467 3659 in
3497 3619 3607 3677 qua

2011 3686 2269 3758 passione
2288 3687 2490 3743 viderit
2508 3688 2757 3762 animam
2785 3688 3179 3759 declinantem,
3205 3691 3351 3747 hanc
3372 3692 3422 3747 ei
3442 3692 3606 3748 mini-

2010 3780 2190 3832 strat:
2221 3793 2353 3831 nam
2392 3778 2440 3833 si
2485 3777 2653 3833 sciret
2691 3779 2763 3834 ad
2812 3778 2949 3852 quid
2994 3780 3253 3852 proclivis
3280 3787 3366 3837 est
3391 3766 3602 3850 anima,

2008 3881 2122 3920 non
2158 3865 2209 3920 ei
2247 3866 2468 3922 diversa
2495 3867 2581 3922 vel
2611 3867 2767 3922 varia
2792 3867 3115 3924 seminaret.

2080 3953 2167 4011 36.
2195 3955 2579 4011 Narraverunt
2600 3956 2669 4011 de
2690 3956 2892 4013 abbate
2910 3958 3183 4032 Nathyra,
3202 3960 3298 4033 qui
3321 3960 3429 4017 fuit
3446 3958 3608 4018 disci-

2009 4045 2175 4116 pulus
2190 4044 2406 4101 abbatis
2439 4045 2670 4113 Silvani,
2700 4047 2834 4118 quia
2859 4064 2987 4102 cum
3010 4048 3232 4104 sederet
3250 4050 3310 4105 in
3332 4051 3474 4106 cella
3503 4068 3607 4107 sua

2007 4135 2068 4190 in
2101 4140 2292 4189 monte
2321 4133 2474 4201 Sina,
2506 4134 2867 4190 mediocriter
2890 4135 3223 4207 gubernavit
3244 4137 3416 4193 vitam
3444 4154 3604 4194 suam

2011 4224 2082 4280 de
2103 4224 2192 4279 his
2213 4240 2333 4296 quae
2351 4228 2512 4279 erant
2522 4223 2839 4279 necessaria
2857 4225 3077 4297 corpori
3093 4227 3605 4298 (Append.jPallad.,

2014 4334 2060 4374 c.
2092 4314 2181 4383 20,
2208 4331 2266 4370 η.
2307 4313 2411 4384 18).
2442 4313 2676 4379 Quando
2701 4317 2891 4369 autem
2918 4312 3099 4369 factus
3122 4319 3209 4369 est
3232 4313 3523 4388 episcopus
3546 4316 3606 4372 in

402 4409 490 4468 30.
521 4412 667 4466 Item
699 4410 841 4464 dixit
886 4407 1057 4463 abbas
1085 4406 1320 4461 Pastor:
1352 4404 1495 4459 Veni
1545 4403 1846 4476 aliquando
1870 4401 1991 4458 in"
2016 4405 2257 4471 Pharan,
2277 4403 2518 4459 multum
2538 4401 2830 4458 coartabat
2852 4402 3099 4458 animam
3128 4420 3290 4459 suam
3308 4404 3367 4459 in
3396 4403 3609 4461 duritia

329 4501 607 4557 Heracleo
621 4498 885 4554 inferiore
905 4498 977 4552 ad
1008 4496 1268 4551 abbatem
1287 4495 1512 4566 Joseph,
1536 4499 1593 4549 et
1609 4493 1854 4549 habebat
1871 4493 1930 4548 in

328 4589 674 4646 monasterio
684 4605 786 4643 suo
797 4587 1055 4642 arborem
1067 4600 1419 4657 sycomorum
1435 4584 1725 4655 pulchram
1738 4583 1926 4649 nimis;

330 4686 389 4735 et
432 4678 652 4734 dicebat
697 4677 837 4731 mihi
866 4693 901 4731 a
928 4691 1093 4730 mane
1136 4691 1147 4726 ι
1196 4673 1367 4741 Vade,
1403 4678 1460 4728 et
1494 4673 1693 4744 collige
1719 4673 1842 4740 tibi,
1876 4678 1933 4727 et

330 4770 629 4825 manduca.
672 4767 808 4822 Erat
842 4771 1030 4821 autem
1062 4769 1219 4820 sexta
1253 4764 1409 4818 feria.
1455 4764 1569 4835 Ego
1599 4768 1787 4818 autem
1818 4780 1931 4818 non

329 4858 547 4914 comedi
566 4862 797 4930 propter
806 4855 1116 4927 jejunium;
1147 4860 1205 4910 et
1224 4854 1413 4925 rogavi
1438 4870 1566 4908 eum
1589 4852 1779 4907 dicens
1803 4851 1932 4906 :Dic

329 4948 473 5003 mihi
488 4952 718 5020 propter
729 4946 1032 5001 Dominum
1048 4944 1322 4999 rationem
1335 4943 1502 5014 hujus
1518 4943 1620 5010 rei,
1637 4942 1772 5013 quia
1789 4940 1934 4995 dice-

330 5038 433 5093 bas
451 5036 591 5091 mihi
611 5055 623 5091 :
649 5035 821 5101 Vade,
848 5034 1142 5089 manduca.
1161 5034 1276 5104 Ego
1295 5033 1521 5104 quidem
1550 5037 1781 5104 propter
1790 5032 1934 5103 jeju-

330 5128 491 5183 nium
521 5141 635 5181 non
670 5124 804 5192 abii,
848 5123 946 5178 sed
983 5123 1399 5185 erubescebam,
1435 5122 1567 5194 quia
1597 5121 1929 5176 mandatum

327 5224 495 5272 tuum
520 5231 635 5270 non
668 5214 926 5281 feceram,
960 5214 1211 5285 cogitans
1244 5213 1376 5284 quia
1396 5213 1517 5267 sine
1549 5212 1768 5267 ratione
1793 5210 1932 5265 mihi

330 5308 452 5362 haec
480 5321 598 5360 non
627 5319 987 5377 praeceperas.
1019 5304 1121 5359 Ille
1150 5308 1339 5358 autem
1369 5301 1659 5375 respondit
1691 5320 1701 5353 :
1736 5300 1933 5355 Patres

329 5395 584 5452 seniores
603 5411 715 5449 non
735 5394 1044 5465 loquuntur
1062 5393 1131 5448 ab
1154 5393 1319 5449 initio
1348 5391 1616 5447 fratribus
1637 5394 1810 5458 recta,
1835 5389 1934 5445 sed

2013 4490 2388 4550 continentiae.
2448 4493 2519 4548 Et
2563 4492 2701 4548 dicit
2752 4492 2805 4547 ei
2856 4492 3165 4566 discipulus
3206 4510 3341 4549 suus
3380 4513 3392 4549 :
3425 4492 3601 4564 Abba,

2014 4584 2238 4656 quando
2263 4599 2354 4639 era
2362 4599 2486 4638 mus
2505 4581 2563 4637 in
2579 4598 2768 4638 eremo
2783 4599 2895 4639 non
2911 4587 2968 4638 te
2989 4582 3069 4638 ita
3083 4587 3281 4650 300
3297 4582 3603 4640 cruciabas.

2014 4674 2083 4729 Et
2111 4672 2244 4728 dicit
2273 4672 2325 4728 ei
2352 4689 2520 4729 senex
2548 4691 2559 4726 :
2594 4673 2720 4742 Fili,
2752 4672 2867 4727 illic
2895 4671 3137 4727 solitudo
3166 4677 3306 4739 erat,
3340 4678 3396 4729 et
3425 4673 3609 4746 quies,

2014 4768 2072 4818 et
2098 4767 2421 4835 paupertas,
2451 4767 2751 4835 propterea
2780 4761 3026 4817 volebam
3054 4760 3370 4833 gubernare
3407 4778 3611 4836 corpus

2014 4869 2225 4920 meum,
2250 4869 2322 4907 ne
2349 4851 2684 4920 infirmarer,
2710 4858 2767 4907 et
2794 4867 3102 4923 quaererem
3130 4851 3279 4924 quod
3304 4869 3417 4908 non
3442 4852 3613 4909 habeo

2016 4941 2181 4997 bam:
2216 4958 2366 4997 nunc
2412 4947 2603 4997 autem
2648 4941 2739 4996 hic
2767 4941 3031 4996 saeculum
3071 4946 3174 5008 est,
3209 4947 3264 4997 et
3293 4942 3611 4998 occasiones

2016 5036 2149 5087 sunt
2177 5031 2478 5087 excedendi
2508 5029 2794 5103 plurimm;
2847 5035 2904 5086 et
2930 5029 2978 5086 si
3005 5031 3064 5086 in
3092 5030 3482 5088 inﬁrmitatem
3520 5032 3609 5088 in-

2015 5138 2263 5188 currero,
2287 5126 2422 5176 sunt
2434 5120 2525 5176 hic
2550 5118 2645 5192 qui
2667 5125 3014 5190 succurrant,
3033 5137 3105 5176 ne
3122 5121 3471 5196 propositum
3493 5137 3612 5177 mo-

2011 5211 2177 5267 nachi
2198 5211 2450 5284 perdam.

2086 5300 2172 5357 37.
2190 5302 2387 5356 Frater
2402 5299 2770 5371 interrogavit
2790 5298 3048 5355 abbatem
3059 5300 3373 5369 Pastorem,
3387 5300 3576 5357 dicens
3595 5317 3607 5354 :

2018 5389 2372 5446 Perturbatio
2413 5389 2556 5445 mihi
2603 5390 2687 5457 fit,
2719 5393 2777 5445 et
2815 5389 2939 5445 volo
2991 5390 3379 5463 derelinquere
3424 5390 3613 5445 locum

329 5485 515 5557 magis
543 5483 808 5551 distorta;
830 5488 887 5538 et
915 5483 963 5537 si
993 5482 1231 5538 viderint
1250 5483 1385 5554 quia
1402 5499 1469 5537 ea
1489 5498 1611 5553 quae
1625 5486 1702 5536 to:
1714 5484 1773 5535 ta
1803 5485 1937 5535 sunt
2015 5481 2209 5535 istum.
2238 5480 2308 5534 Et
2337 5479 2471 5534 dicit
2499 5479 2552 5534 ei
2603 5495 2770 5533 senex
2802 5496 2813 5532 :
2846 5479 2957 5535 Pro
2986 5496 3099 5551 qua
3146 5493 3315 5534 causa
3339 5476 3368 5530 ?
3411 5475 3482 5530 Et
3514 5475 3611 5531 ille

328 5574 566 5641 faciunt,
592 5574 711 5646 jam
739 5572 821 5630 eis
844 5587 958 5630 non
987 5573 1294 5647 loquuntur
1321 5571 1429 5629 nisi
1460 5587 1582 5646 quae
1611 5570 1930 5644 expediunt,

2016 5569 2159 5626 dixit
2192 5587 2202 5623 :
2235 5568 2379 5634 Quia
2407 5567 2576 5625 audio
2604 5567 2774 5625 verba
2800 5569 2870 5624 dc
2892 5568 3134 5641 quodam
3157 5567 3347 5633 fratre,
3371 5580 3495 5637 quae
3520 5578 3611 5620 me
