  <div class='ocr_page' id='page_1' title='image "/cluster/home/n/w/nwhite01/storage/ocr_20150623/73/hvd.32044054758776/465.png"; bbox 0 0 3964 6206; ppageno 0'>
   <div class='ocr_carea' id='block_1_1' title="bbox 391 209 3635 280">
    <p class='ocr_par' dir='ltr' id='par_1_1' title="bbox 391 209 3635 280">
     <span class='ocr_line' id='line_1_1' title="bbox 391 209 3635 280; baseline -0.002 -2"><span class='ocrx_word' id='word_1_1' title='bbox 391 213 498 278; x_wconf 82' lang='lat'>919</span> <span class='ocrx_word' id='word_1_2' title='bbox 1533 213 1629 270; x_wconf 89' lang='lat' dir='ltr'>DE</span> <span class='ocrx_word' id='word_1_3' title='bbox 1661 210 1854 272; x_wconf 86' lang='lat' dir='ltr'>VITIS</span> <span class='ocrx_word' id='word_1_4' title='bbox 1888 209 2189 271; x_wconf 79' lang='lat' dir='ltr'>PATRUM</span> <span class='ocrx_word' id='word_1_5' title='bbox 2223 211 2439 271; x_wconf 83' lang='lat' dir='ltr'>LIBER</span> <span class='ocrx_word' id='word_1_6' title='bbox 2475 211 2543 280; x_wconf 77' lang='grc' dir='ltr'>ν,</span> <span class='ocrx_word' id='word_1_7' title='bbox 3539 211 3635 273; x_wconf 72' lang='grc' dir='ltr'>θω</span> 
     </span>
    </p>
   </div>
   <div class='ocr_carea' id='block_1_2' title="bbox 385 336 3634 413">
    <p class='ocr_par' dir='ltr' id='par_1_2' title="bbox 385 336 3634 413">
     <span class='ocr_line' id='line_1_2' title="bbox 385 336 3634 413; baseline -0.003 -8"><span class='ocrx_word' id='word_1_8' title='bbox 385 363 501 404; x_wconf 91' lang='lat' dir='ltr'>non</span> <span class='ocrx_word' id='word_1_9' title='bbox 528 345 825 404; x_wconf 73' lang='lat' dir='ltr'>aedificant.</span> <span class='ocrx_word' id='word_1_10' title='bbox 855 342 926 399; x_wconf 88' lang='lat' dir='ltr'>Et</span> <span class='ocrx_word' id='word_1_11' title='bbox 951 341 1089 398; x_wconf 86' lang='lat' dir='ltr'>dicit</span> <span class='ocrx_word' id='word_1_12' title='bbox 1101 339 1154 397; x_wconf 93' lang='lat' dir='ltr'>ei</span> <span class='ocrx_word' id='word_1_13' title='bbox 1182 354 1351 396; x_wconf 85' lang='lat' dir='ltr'><strong>senex</strong></span> <span class='ocrx_word' id='word_1_14' title='bbox 1372 356 1384 394; x_wconf 92' lang='lat'>:</span> <span class='ocrx_word' id='word_1_15' title='bbox 1407 338 1533 396; x_wconf 89' lang='lat' dir='ltr'>Non</span> <span class='ocrx_word' id='word_1_16' title='bbox 1552 343 1686 395; x_wconf 90' lang='lat' dir='ltr'>sunt</span> <span class='ocrx_word' id='word_1_17' title='bbox 1697 355 1828 395; x_wconf 88' lang='lat' dir='ltr'>vera</span> <span class='ocrx_word' id='word_1_18' title='bbox 1855 354 1982 411; x_wconf 64' lang='lat' dir='ltr'>qua:</span> <span class='ocrx_word' id='word_1_19' title='bbox 1998 341 2049 401; x_wconf 83' lang='lat' dir='ltr'><strong>A</strong></span> <span class='ocrx_word' id='word_1_20' title='bbox 2064 339 2378 413; x_wconf 85' lang='lat' dir='ltr'>Respondit</span> <span class='ocrx_word' id='word_1_21' title='bbox 2400 339 2455 396; x_wconf 90' lang='lat' dir='ltr'>ei</span> <span class='ocrx_word' id='word_1_22' title='bbox 2471 354 2640 395; x_wconf 87' lang='lat' dir='ltr'>senex</span> <span class='ocrx_word' id='word_1_23' title='bbox 2667 355 2678 393; x_wconf 92' lang='lat'>:</span> <span class='ocrx_word' id='word_1_24' title='bbox 2704 338 2819 395; x_wconf 88' lang='lat' dir='ltr'>Iste</span> <span class='ocrx_word' id='word_1_25' title='bbox 2837 337 2909 394; x_wconf 89' lang='lat' dir='ltr'>de</span> <span class='ocrx_word' id='word_1_26' title='bbox 2935 351 3165 394; x_wconf 80' lang='lat' dir='ltr'>sursum</span> <span class='ocrx_word' id='word_1_27' title='bbox 3183 340 3289 406; x_wconf 75' lang='lat' dir='ltr'>est,</span> <span class='ocrx_word' id='word_1_28' title='bbox 3319 340 3381 394; x_wconf 89' lang='lat' dir='ltr'>et</span> <span class='ocrx_word' id='word_1_29' title='bbox 3403 336 3470 394; x_wconf 89' lang='lat' dir='ltr'>de</span> <span class='ocrx_word' id='word_1_30' title='bbox 3488 340 3634 395; x_wconf 69' lang='lat' dir='ltr'>caele-</span> 
     </span>
    </p>
   </div>
   <div class='ocr_carea' id='block_1_3' title="bbox 387 428 3635 502">
    <p class='ocr_par' dir='ltr' id='par_1_3' title="bbox 387 428 3635 502">
     <span class='ocr_line' id='line_1_3' title="bbox 387 428 3635 502; baseline -0.003 -7"><span class='ocrx_word' id='word_1_31' title='bbox 387 436 637 494; x_wconf 84' lang='lat' dir='ltr'>audisti?</span> <span class='ocrx_word' id='word_1_32' title='bbox 666 436 737 491; x_wconf 89' lang='lat' dir='ltr'>Et</span> <span class='ocrx_word' id='word_1_33' title='bbox 753 432 893 490; x_wconf 82' lang='lat' dir='ltr'>dixit</span> <span class='ocrx_word' id='word_1_34' title='bbox 919 431 972 487; x_wconf 92' lang='lat' dir='ltr'>ei</span> <span class='ocrx_word' id='word_1_35' title='bbox 1003 449 1015 485; x_wconf 92' lang='lat'>:</span> <span class='ocrx_word' id='word_1_36' title='bbox 1043 430 1244 495; x_wconf 84' lang='lat' dir='ltr'>Etiam,</span> <span class='ocrx_word' id='word_1_37' title='bbox 1276 431 1462 497; x_wconf 88' lang='lat' dir='ltr'>Pater,</span> <span class='ocrx_word' id='word_1_38' title='bbox 1487 445 1620 485; x_wconf 88' lang='lat' dir='ltr'>vera</span> <span class='ocrx_word' id='word_1_39' title='bbox 1645 434 1778 485; x_wconf 90' lang='lat' dir='ltr'>sunt</span> <span class='ocrx_word' id='word_1_40' title='bbox 1803 447 1815 484; x_wconf 90' lang='lat'>:</span> <span class='ocrx_word' id='word_1_41' title='bbox 1850 445 1983 483; x_wconf 89' lang='lat' dir='ltr'>nam</span> <span class='ocrx_word' id='word_1_42' title='bbox 2064 428 2243 485; x_wconf 89' lang='lat' dir='ltr'>stibus</span> <span class='ocrx_word' id='word_1_43' title='bbox 2269 429 2545 502; x_wconf 78' lang='lat' dir='ltr'>loquitur;</span> <span class='ocrx_word' id='word_1_44' title='bbox 2563 445 2697 502; x_wconf 89' lang='lat' dir='ltr'>ergo</span> <span class='ocrx_word' id='word_1_45' title='bbox 2726 433 2916 485; x_wconf 90' lang='lat' dir='ltr'>autem</span> <span class='ocrx_word' id='word_1_46' title='bbox 2935 429 3011 485; x_wconf 89' lang='lat' dir='ltr'>de</span> <span class='ocrx_word' id='word_1_47' title='bbox 3033 428 3297 484; x_wconf 82' lang='lat' dir='ltr'>deorsum</span> <span class='ocrx_word' id='word_1_48' title='bbox 3324 444 3467 497; x_wconf 87' lang='lat' dir='ltr'>sum,</span> <span class='ocrx_word' id='word_1_49' title='bbox 3497 434 3551 484; x_wconf 88' lang='lat' dir='ltr'>et</span> <span class='ocrx_word' id='word_1_50' title='bbox 3570 430 3635 486; x_wconf 88' lang='lat' dir='ltr'>de</span> 
     </span>
    </p>
   </div>
   <div class='ocr_carea' id='block_1_4' title="bbox 386 516 3634 599">
    <p class='ocr_par' dir='ltr' id='par_1_4' title="bbox 386 516 3634 599">
     <span class='ocr_line' id='line_1_4' title="bbox 386 516 3634 599; baseline -0.003 -15"><span class='ocrx_word' id='word_1_51' title='bbox 386 529 566 584; x_wconf 80' lang='lat' dir='ltr'>frater</span> <span class='ocrx_word' id='word_1_52' title='bbox 590 525 685 599; x_wconf 88' lang='lat' dir='ltr'><strong>qui</strong></span> <span class='ocrx_word' id='word_1_53' title='bbox 696 522 837 579; x_wconf 86' lang='lat' dir='ltr'>dixit</span> <span class='ocrx_word' id='word_1_54' title='bbox 849 519 1007 587; x_wconf 91' lang='lat' dir='ltr'>mihi,</span> <span class='ocrx_word' id='word_1_55' title='bbox 1035 519 1218 575; x_wconf 90' lang='lat' dir='ltr'>fidelis</span> <span class='ocrx_word' id='word_1_56' title='bbox 1230 522 1333 574; x_wconf 91' lang='lat' dir='ltr'>est.</span> <span class='ocrx_word' id='word_1_57' title='bbox 1351 519 1422 574; x_wconf 89' lang='lat' dir='ltr'>Et</span> <span class='ocrx_word' id='word_1_58' title='bbox 1448 519 1793 590; x_wconf 89' lang='lat' dir='ltr'>respondens</span> <span class='ocrx_word' id='word_1_59' title='bbox 1807 517 1978 573; x_wconf 80' lang='lat' dir='ltr'>dixit:</span> <span class='ocrx_word' id='word_1_60' title='bbox 2061 519 2302 575; x_wconf 82' lang='lat' dir='ltr'>terrenis</span> <span class='ocrx_word' id='word_1_61' title='bbox 2327 520 2527 592; x_wconf 91' lang='lat' dir='ltr'>loquor</span> <span class='ocrx_word' id='word_1_62' title='bbox 2548 539 2562 588; x_wconf 89' lang='lat'>;</span> <span class='ocrx_word' id='word_1_63' title='bbox 2590 519 2638 574; x_wconf 92' lang='lat' dir='ltr'>si</span> <span class='ocrx_word' id='word_1_64' title='bbox 2666 535 2799 591; x_wconf 87' lang='lat' dir='ltr'>ergo</span> <span class='ocrx_word' id='word_1_65' title='bbox 2818 518 2958 574; x_wconf 90' lang='lat' dir='ltr'>mihi</span> <span class='ocrx_word' id='word_1_66' title='bbox 2984 519 3203 574; x_wconf 89' lang='lat' dir='ltr'>locutus</span> <span class='ocrx_word' id='word_1_67' title='bbox 3224 516 3424 574; x_wconf 85' lang='lat' dir='ltr'>fuisset</span> <span class='ocrx_word' id='word_1_68' title='bbox 3440 518 3507 573; x_wconf 90' lang='lat' dir='ltr'>de</span> <span class='ocrx_word' id='word_1_69' title='bbox 3521 536 3634 591; x_wconf 85' lang='lat' dir='ltr'>pas-</span> 
     </span>
    </p>
   </div>
   <div class='ocr_carea' id='block_1_5' title="bbox 387 607 3633 682">
    <p class='ocr_par' dir='ltr' id='par_1_5' title="bbox 387 607 3633 682">
     <span class='ocr_line' id='line_1_5' title="bbox 387 607 3633 682; baseline -0.003 -8"><span class='ocrx_word' id='word_1_70' title='bbox 387 618 515 674; x_wconf 88' lang='lat' dir='ltr'>Non</span> <span class='ocrx_word' id='word_1_71' title='bbox 538 620 623 671; x_wconf 89' lang='lat' dir='ltr'>est</span> <span class='ocrx_word' id='word_1_72' title='bbox 648 612 830 669; x_wconf 81' lang='lat' dir='ltr'>fidelis</span> <span class='ocrx_word' id='word_1_73' title='bbox 868 610 965 682; x_wconf 90' lang='lat' dir='ltr'>qui</span> <span class='ocrx_word' id='word_1_74' title='bbox 1007 608 1109 664; x_wconf 95' lang='lat' dir='ltr'>tibi</span> <span class='ocrx_word' id='word_1_75' title='bbox 1138 609 1312 678; x_wconf 84' lang='lat' dir='ltr'>dixit;</span> <span class='ocrx_word' id='word_1_76' title='bbox 1346 624 1479 664; x_wconf 91' lang='lat' dir='ltr'>nam</span> <span class='ocrx_word' id='word_1_77' title='bbox 1519 607 1568 663; x_wconf 92' lang='lat' dir='ltr'>si</span> <span class='ocrx_word' id='word_1_78' title='bbox 1595 613 1743 664; x_wconf 83' lang='lat' dir='ltr'>esset</span> <span class='ocrx_word' id='word_1_79' title='bbox 1771 607 1976 674; x_wconf 86' lang='lat' dir='ltr'>fidelis,</span> <span class='ocrx_word' id='word_1_80' title='bbox 2063 608 2317 664; x_wconf 92' lang='lat' dir='ltr'>sionibus</span> <span class='ocrx_word' id='word_1_81' title='bbox 2337 609 2665 681; x_wconf 74' lang='lat' dir='ltr'>animae,ego</span> <span class='ocrx_word' id='word_1_82' title='bbox 2684 609 2879 681; x_wconf 86' lang='lat' dir='ltr'>utique</span> <span class='ocrx_word' id='word_1_83' title='bbox 2893 608 3292 680; x_wconf 82' lang='lat' dir='ltr'>responderem</span> <span class='ocrx_word' id='word_1_84' title='bbox 3305 607 3448 678; x_wconf 89' lang='lat' dir='ltr'>ei;si</span> <span class='ocrx_word' id='word_1_85' title='bbox 3463 614 3633 664; x_wconf 86' lang='lat' dir='ltr'>autem</span> 
     </span>
    </p>
   </div>
   <div class='ocr_carea' id='block_1_6' title="bbox 384 696 3634 779">
    <p class='ocr_par' dir='ltr' id='par_1_6' title="bbox 384 696 3634 779">
     <span class='ocr_line' id='line_1_6' title="bbox 384 696 3634 779; baseline -0.003 -16"><span class='ocrx_word' id='word_1_86' title='bbox 384 719 740 779; x_wconf 84' lang='lat' dir='ltr'><strong>nequaquam</strong></span> <span class='ocrx_word' id='word_1_87' title='bbox 769 700 980 756; x_wconf 90' lang='lat' dir='ltr'>diceret</span> <span class='ocrx_word' id='word_1_88' title='bbox 1004 698 1109 755; x_wconf 87' lang='lat' dir='ltr'>tibi</span> <span class='ocrx_word' id='word_1_89' title='bbox 1138 698 1277 754; x_wconf 86' lang='lat' dir='ltr'>talia</span> <span class='ocrx_word' id='word_1_90' title='bbox 1303 716 1314 752; x_wconf 93' lang='lat'>:</span> <span class='ocrx_word' id='word_1_91' title='bbox 1348 698 1500 753; x_wconf 86' lang='lat' dir='ltr'>Deus</span> <span class='ocrx_word' id='word_1_92' title='bbox 1526 702 1715 754; x_wconf 89' lang='lat' dir='ltr'>autem</span> <span class='ocrx_word' id='word_1_93' title='bbox 1744 697 1982 753; x_wconf 90' lang='lat' dir='ltr'>audiens</span> <span class='ocrx_word' id='word_1_94' title='bbox 2063 697 2135 753; x_wconf 89' lang='lat' dir='ltr'>de</span> <span class='ocrx_word' id='word_1_95' title='bbox 2159 698 2561 770; x_wconf 90' lang='lat' dir='ltr'>spiritualibus,</span> <span class='ocrx_word' id='word_1_96' title='bbox 2595 714 2698 770; x_wconf 90' lang='lat' dir='ltr'>ego</span> <span class='ocrx_word' id='word_1_97' title='bbox 2726 698 2845 754; x_wconf 69' lang='lat' dir='ltr'>haec</span> <span class='ocrx_word' id='word_1_98' title='bbox 2871 697 3088 769; x_wconf 83' lang='lat' dir='ltr'>ignoro.</span> <span class='ocrx_word' id='word_1_99' title='bbox 3108 696 3311 753; x_wconf 86' lang='lat' dir='ltr'>Exiens</span> <span class='ocrx_word' id='word_1_100' title='bbox 3327 713 3459 768; x_wconf 85' lang='lat' dir='ltr'>ergo</span> <span class='ocrx_word' id='word_1_101' title='bbox 3477 697 3634 753; x_wconf 79' lang='lat' dir='ltr'>frater</span> 
     </span>
    </p>
   </div>
   <div class='ocr_carea' id='block_1_7' title="bbox 381 785 3632 859">
    <p class='ocr_par' dir='ltr' id='par_1_7' title="bbox 381 785 3632 859">
     <span class='ocr_line' id='line_1_7' title="bbox 381 785 3632 859; baseline -0.002 -10"><span class='ocrx_word' id='word_1_102' title='bbox 381 811 572 852; x_wconf 89' lang='lat' dir='ltr'>vocem</span> <span class='ocrx_word' id='word_1_103' title='bbox 592 792 986 857; x_wconf 85' lang='lat' dir='ltr'>Sodomorum,</span> <span class='ocrx_word' id='word_1_104' title='bbox 999 804 1115 845; x_wconf 91' lang='lat' dir='ltr'>non</span> <span class='ocrx_word' id='word_1_105' title='bbox 1133 786 1388 854; x_wconf 89' lang='lat' dir='ltr'>credidit,</span> <span class='ocrx_word' id='word_1_106' title='bbox 1413 787 1521 842; x_wconf 89' lang='lat' dir='ltr'>nisi</span> <span class='ocrx_word' id='word_1_107' title='bbox 1542 787 1905 844; x_wconf 90' lang='lat' dir='ltr'>descenderet</span> <span class='ocrx_word' id='word_1_108' title='bbox 1922 792 1982 842; x_wconf 90' lang='lat' dir='ltr'>et</span> <span class='ocrx_word' id='word_1_109' title='bbox 2061 786 2202 843; x_wconf 81' lang='lat' dir='ltr'>dixit</span> <span class='ocrx_word' id='word_1_110' title='bbox 2221 787 2304 842; x_wconf 90' lang='lat' dir='ltr'>illi</span> <span class='ocrx_word' id='word_1_111' title='bbox 2325 802 2341 844; x_wconf 90' lang='lat'>:</span> <span class='ocrx_word' id='word_1_112' title='bbox 2371 788 2517 854; x_wconf 86' lang='lat' dir='ltr'>Quia</span> <span class='ocrx_word' id='word_1_113' title='bbox 2538 804 2708 843; x_wconf 84' lang='lat' dir='ltr'>senex</span> <span class='ocrx_word' id='word_1_114' title='bbox 2721 803 2834 843; x_wconf 90' lang='lat' dir='ltr'>non</span> <span class='ocrx_word' id='word_1_115' title='bbox 2853 787 2965 843; x_wconf 90' lang='lat' dir='ltr'>cito</span> <span class='ocrx_word' id='word_1_116' title='bbox 2981 786 3052 842; x_wconf 91' lang='lat' dir='ltr'>de</span> <span class='ocrx_word' id='word_1_117' title='bbox 3066 785 3370 859; x_wconf 88' lang='lat' dir='ltr'>Scripturis</span> <span class='ocrx_word' id='word_1_118' title='bbox 3382 787 3632 858; x_wconf 84' lang='lat' dir='ltr'>loquitur,</span> 
     </span>
    </p>
   </div>
   <div class='ocr_carea' id='block_1_8' title="bbox 379 875 3634 951">
    <p class='ocr_par' dir='ltr' id='par_1_8' title="bbox 379 875 3634 951">
     <span class='ocr_line' id='line_1_8' title="bbox 379 875 3634 951; baseline -0.002 -11"><span class='ocrx_word' id='word_1_119' title='bbox 379 884 596 940; x_wconf 83' lang='lat' dir='ltr'>videret</span> <span class='ocrx_word' id='word_1_120' title='bbox 622 880 795 938; x_wconf 92' lang='lat' dir='ltr'>oculis</span> <span class='ocrx_word' id='word_1_121' title='bbox 823 880 941 935; x_wconf 88' lang='lat' dir='ltr'>suis</span> <span class='ocrx_word' id='word_1_122' title='bbox 971 879 1117 950; x_wconf 76' lang='lat' dir='ltr'>(Gen.</span> <span class='ocrx_word' id='word_1_123' title='bbox 1140 877 1307 947; x_wconf 84' lang='lat' dir='ltr'>xvuI).</span> <span class='ocrx_word' id='word_1_124' title='bbox 1339 877 1409 933; x_wconf 90' lang='lat' dir='ltr'>Et</span> <span class='ocrx_word' id='word_1_125' title='bbox 1435 876 1530 932; x_wconf 89' lang='lat' dir='ltr'>ille</span> <span class='ocrx_word' id='word_1_126' title='bbox 1556 877 1698 932; x_wconf 87' lang='lat' dir='ltr'>dixit</span> <span class='ocrx_word' id='word_1_127' title='bbox 1727 894 1739 930; x_wconf 91' lang='lat'>:</span> <span class='ocrx_word' id='word_1_128' title='bbox 1772 878 1843 933; x_wconf 90' lang='lat' dir='ltr'>Et</span> <span class='ocrx_word' id='word_1_129' title='bbox 1872 893 1976 949; x_wconf 89' lang='lat' dir='ltr'>ego</span> <span class='ocrx_word' id='word_1_130' title='bbox 2058 882 2159 937; x_wconf 88' lang='lat' dir='ltr'>sed</span> <span class='ocrx_word' id='word_1_131' title='bbox 2194 877 2242 933; x_wconf 93' lang='lat' dir='ltr'>si</span> <span class='ocrx_word' id='word_1_132' title='bbox 2270 877 2398 951; x_wconf 90' lang='lat' dir='ltr'>quis</span> <span class='ocrx_word' id='word_1_133' title='bbox 2427 878 2479 933; x_wconf 92' lang='lat' dir='ltr'>ei</span> <span class='ocrx_word' id='word_1_134' title='bbox 2521 876 2773 949; x_wconf 90' lang='lat' dir='ltr'>loquitur</span> <span class='ocrx_word' id='word_1_135' title='bbox 2805 877 2874 932; x_wconf 91' lang='lat' dir='ltr'>de</span> <span class='ocrx_word' id='word_1_136' title='bbox 2911 875 3264 949; x_wconf 90' lang='lat' dir='ltr'>passionibus</span> <span class='ocrx_word' id='word_1_137' title='bbox 3294 875 3514 942; x_wconf 62' lang='lat' dir='ltr'>animae,</span> <span class='ocrx_word' id='word_1_138' title='bbox 3551 894 3634 933; x_wconf 87' lang='lat' dir='ltr'>re-</span> 
     </span>
    </p>
   </div>
   <div class='ocr_carea' id='block_1_9' title="bbox 379 964 3633 1039">
    <p class='ocr_par' dir='ltr' id='par_1_9' title="bbox 379 964 3633 1039">
     <span class='ocr_line' id='line_1_9' title="bbox 379 964 3633 1039; baseline -0.002 -11"><span class='ocrx_word' id='word_1_139' title='bbox 379 973 493 1030; x_wconf 90' lang='lat' dir='ltr'>vidi</span> <span class='ocrx_word' id='word_1_140' title='bbox 518 970 695 1029; x_wconf 90' lang='lat' dir='ltr'>oculis</span> <span class='ocrx_word' id='word_1_141' title='bbox 713 969 875 1026; x_wconf 88' lang='lat' dir='ltr'>meis.</span> <span class='ocrx_word' id='word_1_142' title='bbox 895 968 1026 1025; x_wconf 74' lang='lat' dir='ltr'>Haec</span> <span class='ocrx_word' id='word_1_143' title='bbox 1047 966 1283 1024; x_wconf 88' lang='lat' dir='ltr'>audiens</span> <span class='ocrx_word' id='word_1_144' title='bbox 1301 983 1488 1034; x_wconf 85' lang='lat' dir='ltr'>senex,</span> <span class='ocrx_word' id='word_1_145' title='bbox 1508 965 1753 1038; x_wconf 84' lang='lat' dir='ltr'>respexit</span> <span class='ocrx_word' id='word_1_146' title='bbox 1778 965 1838 1020; x_wconf 92' lang='lat' dir='ltr'>in</span> <span class='ocrx_word' id='word_1_147' title='bbox 1865 970 1977 1020; x_wconf 90' lang='lat' dir='ltr'>ter-</span> <span class='ocrx_word' id='word_1_148' title='bbox 2056 967 2295 1039; x_wconf 87' lang='lat' dir='ltr'>spondet</span> <span class='ocrx_word' id='word_1_149' title='bbox 2305 967 2379 1022; x_wconf 90' lang='lat' dir='ltr'>ei.</span> <span class='ocrx_word' id='word_1_150' title='bbox 2392 967 2494 1023; x_wconf 93' lang='lat' dir='ltr'>Ille</span> <span class='ocrx_word' id='word_1_151' title='bbox 2506 972 2697 1023; x_wconf 90' lang='lat' dir='ltr'>autem</span> <span class='ocrx_word' id='word_1_152' title='bbox 2709 971 3073 1038; x_wconf 88' lang='lat' dir='ltr'>compunctus</span> <span class='ocrx_word' id='word_1_153' title='bbox 3094 964 3329 1021; x_wconf 85' lang='lat' dir='ltr'>intravit</span> <span class='ocrx_word' id='word_1_154' title='bbox 3342 965 3416 1020; x_wconf 88' lang='lat' dir='ltr'>ad</span> <span class='ocrx_word' id='word_1_155' title='bbox 3434 981 3633 1035; x_wconf 89' lang='lat' dir='ltr'>senem,</span> 
     </span>
    </p>
   </div>
   <div class='ocr_carea' id='block_1_10' title="bbox 379 1053 3639 1130">
    <p class='ocr_par' dir='ltr' id='par_1_10' title="bbox 379 1053 3639 1130">
     <span class='ocr_line' id='line_1_10' title="bbox 379 1053 3639 1130; baseline -0.002 -11"><span class='ocrx_word' id='word_1_156' title='bbox 379 1079 522 1130; x_wconf 90' lang='lat' dir='ltr'>ram,</span> <span class='ocrx_word' id='word_1_157' title='bbox 550 1065 608 1117; x_wconf 91' lang='lat' dir='ltr'>et</span> <span class='ocrx_word' id='word_1_158' title='bbox 631 1059 819 1116; x_wconf 89' lang='lat' dir='ltr'>tenuit</span> <span class='ocrx_word' id='word_1_159' title='bbox 849 1073 1079 1130; x_wconf 89' lang='lat' dir='ltr'>parvam</span> <span class='ocrx_word' id='word_1_160' title='bbox 1106 1055 1397 1124; x_wconf 88' lang='lat' dir='ltr'>festucam,</span> <span class='ocrx_word' id='word_1_161' title='bbox 1439 1059 1497 1110; x_wconf 89' lang='lat' dir='ltr'>et</span> <span class='ocrx_word' id='word_1_162' title='bbox 1522 1055 1660 1110; x_wconf 88' lang='lat' dir='ltr'>dicit</span> <span class='ocrx_word' id='word_1_163' title='bbox 1696 1054 1748 1110; x_wconf 92' lang='lat' dir='ltr'>ei</span> <span class='ocrx_word' id='word_1_164' title='bbox 1779 1072 1792 1108; x_wconf 90' lang='lat'>:</span> <span class='ocrx_word' id='word_1_165' title='bbox 1827 1054 1974 1120; x_wconf 89' lang='lat' dir='ltr'>Quid</span> <span class='ocrx_word' id='word_1_166' title='bbox 2055 1061 2113 1111; x_wconf 91' lang='lat' dir='ltr'>et</span> <span class='ocrx_word' id='word_1_167' title='bbox 2126 1056 2267 1111; x_wconf 82' lang='lat' dir='ltr'>dixit</span> <span class='ocrx_word' id='word_1_168' title='bbox 2280 1056 2333 1112; x_wconf 92' lang='lat' dir='ltr'>ei</span> <span class='ocrx_word' id='word_1_169' title='bbox 2351 1073 2363 1110; x_wconf 94' lang='lat'>:</span> <span class='ocrx_word' id='word_1_170' title='bbox 2384 1055 2530 1121; x_wconf 88' lang='lat' dir='ltr'>Quid</span> <span class='ocrx_word' id='word_1_171' title='bbox 2549 1056 2773 1124; x_wconf 86' lang='lat' dir='ltr'>faciam,</span> <span class='ocrx_word' id='word_1_172' title='bbox 2796 1054 2958 1123; x_wconf 90' lang='lat' dir='ltr'>abba,</span> <span class='ocrx_word' id='word_1_173' title='bbox 2984 1054 3117 1127; x_wconf 87' lang='lat' dir='ltr'>quia</span> <span class='ocrx_word' id='word_1_174' title='bbox 3134 1053 3427 1127; x_wconf 86' lang='lat' dir='ltr'>passiones</span> <span class='ocrx_word' id='word_1_175' title='bbox 3453 1054 3639 1111; x_wconf 72' lang='lat' dir='ltr'>anima:</span> 
     </span>
    </p>
   </div>
   <div class='ocr_carea' id='block_1_11' title="bbox 376 1144 3639 1219">
    <p class='ocr_par' dir='ltr' id='par_1_11' title="bbox 376 1144 3639 1219">
     <span class='ocr_line' id='line_1_11' title="bbox 376 1144 3639 1219; baseline -0.002 -11"><span class='ocrx_word' id='word_1_176' title='bbox 376 1150 631 1208; x_wconf 85' lang='lat' dir='ltr'>esthoc?</span> <span class='ocrx_word' id='word_1_177' title='bbox 659 1150 731 1204; x_wconf 90' lang='lat' dir='ltr'>Et</span> <span class='ocrx_word' id='word_1_178' title='bbox 764 1148 858 1203; x_wconf 92' lang='lat' dir='ltr'>ille</span> <span class='ocrx_word' id='word_1_179' title='bbox 884 1145 1177 1219; x_wconf 86' lang='lat' dir='ltr'>respondit</span> <span class='ocrx_word' id='word_1_180' title='bbox 1208 1164 1219 1199; x_wconf 92' lang='lat'>:</span> <span class='ocrx_word' id='word_1_181' title='bbox 1253 1145 1491 1201; x_wconf 88' lang='lat' dir='ltr'>Festuca</span> <span class='ocrx_word' id='word_1_182' title='bbox 1516 1150 1620 1200; x_wconf 91' lang='lat' dir='ltr'>est.</span> <span class='ocrx_word' id='word_1_183' title='bbox 1654 1145 1864 1200; x_wconf 91' lang='lat' dir='ltr'>Iterum</span> <span class='ocrx_word' id='word_1_184' title='bbox 1889 1144 1973 1199; x_wconf 85' lang='lat' dir='ltr'>in-</span> <span class='ocrx_word' id='word_1_185' title='bbox 2052 1145 2417 1201; x_wconf 89' lang='lat' dir='ltr'>dominantur</span> <span class='ocrx_word' id='word_1_186' title='bbox 2444 1145 2593 1200; x_wconf 87' lang='lat' dir='ltr'>mei?</span> <span class='ocrx_word' id='word_1_187' title='bbox 2644 1146 2715 1201; x_wconf 89' lang='lat' dir='ltr'>Et</span> <span class='ocrx_word' id='word_1_188' title='bbox 2749 1145 2975 1201; x_wconf 89' lang='lat' dir='ltr'>intuens</span> <span class='ocrx_word' id='word_1_189' title='bbox 3003 1160 3134 1200; x_wconf 91' lang='lat' dir='ltr'>eum</span> <span class='ocrx_word' id='word_1_190' title='bbox 3173 1159 3347 1199; x_wconf 83' lang='lat' dir='ltr'>senex</span> <span class='ocrx_word' id='word_1_191' title='bbox 3380 1145 3639 1215; x_wconf 80' lang='lat' dir='ltr'>gaudens,</span> 
     </span>
    </p>
   </div>
   <div class='ocr_carea' id='block_1_12' title="bbox 374 1232 3639 1306">
    <p class='ocr_par' dir='ltr' id='par_1_12' title="bbox 374 1232 3639 1306">
     <span class='ocr_line' id='line_1_12' title="bbox 374 1232 3639 1306; baseline -0.002 -9"><span class='ocrx_word' id='word_1_192' title='bbox 374 1241 561 1297; x_wconf 90' lang='lat' dir='ltr'>tendit</span> <span class='ocrx_word' id='word_1_193' title='bbox 582 1255 752 1295; x_wconf 89' lang='lat' dir='ltr'>senex</span> <span class='ocrx_word' id='word_1_194' title='bbox 780 1237 852 1292; x_wconf 90' lang='lat' dir='ltr'>ad</span> <span class='ocrx_word' id='word_1_195' title='bbox 881 1241 1093 1293; x_wconf 90' lang='lat' dir='ltr'>tectum</span> <span class='ocrx_word' id='word_1_196' title='bbox 1121 1235 1293 1302; x_wconf 80' lang='lat' dir='ltr'>cellae,</span> <span class='ocrx_word' id='word_1_197' title='bbox 1328 1238 1387 1290; x_wconf 91' lang='lat' dir='ltr'>et</span> <span class='ocrx_word' id='word_1_198' title='bbox 1412 1233 1548 1290; x_wconf 90' lang='lat' dir='ltr'>dicit</span> <span class='ocrx_word' id='word_1_199' title='bbox 1574 1233 1625 1288; x_wconf 89' lang='lat' dir='ltr'>ei</span> <span class='ocrx_word' id='word_1_200' title='bbox 1653 1251 1665 1287; x_wconf 94' lang='lat'>:</span> <span class='ocrx_word' id='word_1_201' title='bbox 1700 1233 1847 1299; x_wconf 90' lang='lat' dir='ltr'>Quid</span> <span class='ocrx_word' id='word_1_202' title='bbox 1884 1240 1972 1290; x_wconf 89' lang='lat' dir='ltr'>est</span> <span class='ocrx_word' id='word_1_203' title='bbox 2052 1234 2193 1290; x_wconf 85' lang='lat' dir='ltr'>dixit</span> <span class='ocrx_word' id='word_1_204' title='bbox 2220 1234 2271 1289; x_wconf 91' lang='lat' dir='ltr'>ei</span> <span class='ocrx_word' id='word_1_205' title='bbox 2297 1235 2493 1291; x_wconf 86' lang='lat' dir='ltr'>:Modo</span> <span class='ocrx_word' id='word_1_206' title='bbox 2517 1234 2661 1291; x_wconf 88' lang='lat' dir='ltr'>bene</span> <span class='ocrx_word' id='word_1_207' title='bbox 2683 1234 2914 1300; x_wconf 85' lang='lat' dir='ltr'>venisti;</span> <span class='ocrx_word' id='word_1_208' title='bbox 2935 1250 3086 1290; x_wconf 90' lang='lat' dir='ltr'>nunc</span> <span class='ocrx_word' id='word_1_209' title='bbox 3111 1232 3368 1306; x_wconf 86' lang='lat' dir='ltr'>aperiam</span> <span class='ocrx_word' id='word_1_210' title='bbox 3385 1250 3447 1288; x_wconf 89' lang='lat' dir='ltr'>os</span> <span class='ocrx_word' id='word_1_211' title='bbox 3464 1249 3639 1290; x_wconf 90' lang='lat' dir='ltr'>meum</span> 
     </span>
    </p>
   </div>
   <div class='ocr_carea' id='block_1_13' title="bbox 372 1324 1969 1399">
    <p class='ocr_par' dir='ltr' id='par_1_13' title="bbox 372 1324 1969 1399">
     <span class='ocr_line' id='line_1_13' title="bbox 372 1324 1969 1399; baseline -0.005 -13"><span class='ocrx_word' id='word_1_212' title='bbox 372 1331 516 1386; x_wconf 88' lang='lat' dir='ltr'>hoc?</span> <span class='ocrx_word' id='word_1_213' title='bbox 542 1330 611 1385; x_wconf 90' lang='lat' dir='ltr'>Et</span> <span class='ocrx_word' id='word_1_214' title='bbox 636 1329 730 1384; x_wconf 90' lang='lat' dir='ltr'>ille</span> <span class='ocrx_word' id='word_1_215' title='bbox 760 1325 1050 1399; x_wconf 88' lang='lat' dir='ltr'>respondit</span> <span class='ocrx_word' id='word_1_216' title='bbox 1076 1343 1088 1381; x_wconf 92' lang='lat'>:</span> <span class='ocrx_word' id='word_1_217' title='bbox 1119 1324 1329 1381; x_wconf 81' lang='lat' dir='ltr'>Trabes</span> <span class='ocrx_word' id='word_1_218' title='bbox 1362 1329 1465 1390; x_wconf 91' lang='lat' dir='ltr'>est,</span> <span class='ocrx_word' id='word_1_219' title='bbox 1499 1340 1623 1395; x_wconf 77' lang='lat' dir='ltr'>qua:</span> <span class='ocrx_word' id='word_1_220' title='bbox 1664 1328 1855 1396; x_wconf 85' lang='lat' dir='ltr'>portat</span> <span class='ocrx_word' id='word_1_221' title='bbox 1881 1330 1969 1379; x_wconf 81' lang='lat' dir='ltr'>te-</span> 
     </span>
    </p>
   </div>
   <div class='ocr_carea' id='block_1_14' title="bbox 374 1413 1971 1485">
    <p class='ocr_par' dir='ltr' id='par_1_14' title="bbox 374 1413 1971 1485">
     <span class='ocr_line' id='line_1_14' title="bbox 374 1413 1971 1485; baseline -0.004 -9"><span class='ocrx_word' id='word_1_222' title='bbox 374 1425 551 1476; x_wconf 87' lang='lat' dir='ltr'>ctum.</span> <span class='ocrx_word' id='word_1_223' title='bbox 583 1419 653 1474; x_wconf 86' lang='lat' dir='ltr'>Et</span> <span class='ocrx_word' id='word_1_224' title='bbox 676 1416 816 1473; x_wconf 85' lang='lat' dir='ltr'>dixit</span> <span class='ocrx_word' id='word_1_225' title='bbox 845 1416 897 1471; x_wconf 91' lang='lat' dir='ltr'>ei</span> <span class='ocrx_word' id='word_1_226' title='bbox 923 1431 1094 1470; x_wconf 80' lang='lat' dir='ltr'>senex</span> <span class='ocrx_word' id='word_1_227' title='bbox 1123 1431 1135 1467; x_wconf 94' lang='lat'>:</span> <span class='ocrx_word' id='word_1_228' title='bbox 1187 1414 1341 1469; x_wconf 92' lang='lat' dir='ltr'>Pone</span> <span class='ocrx_word' id='word_1_229' title='bbox 1385 1413 1445 1468; x_wconf 90' lang='lat' dir='ltr'>in</span> <span class='ocrx_word' id='word_1_230' title='bbox 1474 1413 1640 1470; x_wconf 88' lang='lat' dir='ltr'>corde</span> <span class='ocrx_word' id='word_1_231' title='bbox 1687 1416 1786 1468; x_wconf 90' lang='lat' dir='ltr'>tuo</span> <span class='ocrx_word' id='word_1_232' title='bbox 1836 1414 1971 1485; x_wconf 89' lang='lat' dir='ltr'>quia</span> 
     </span>
    </p>
   </div>
   <div class='ocr_carea' id='block_1_15' title="bbox 370 1502 1967 1581">
    <p class='ocr_par' dir='ltr' id='par_1_15' title="bbox 370 1502 1967 1581">
     <span class='ocr_line' id='line_1_15' title="bbox 370 1502 1967 1581; baseline -0.004 -17"><span class='ocrx_word' id='word_1_233' title='bbox 370 1512 602 1581; x_wconf 86' lang='lat' dir='ltr'>peccata</span> <span class='ocrx_word' id='word_1_234' title='bbox 627 1512 727 1562; x_wconf 90' lang='lat' dir='ltr'>tua</span> <span class='ocrx_word' id='word_1_235' title='bbox 754 1505 833 1561; x_wconf 91' lang='lat' dir='ltr'>sic</span> <span class='ocrx_word' id='word_1_236' title='bbox 862 1508 996 1560; x_wconf 91' lang='lat' dir='ltr'>sunt</span> <span class='ocrx_word' id='word_1_237' title='bbox 1022 1503 1168 1558; x_wconf 91' lang='lat' dir='ltr'>sicut</span> <span class='ocrx_word' id='word_1_238' title='bbox 1194 1502 1382 1558; x_wconf 90' lang='lat' dir='ltr'>trabes</span> <span class='ocrx_word' id='word_1_239' title='bbox 1413 1502 1562 1570; x_wconf 83' lang='lat' dir='ltr'>haec;</span> <span class='ocrx_word' id='word_1_240' title='bbox 1594 1502 1747 1558; x_wconf 93' lang='lat' dir='ltr'>illius</span> <span class='ocrx_word' id='word_1_241' title='bbox 1776 1508 1967 1558; x_wconf 89' lang='lat' dir='ltr'>autem</span> 
     </span>
    </p>
   </div>
   <div class='ocr_carea' id='block_1_16' title="bbox 371 1591 1971 1667">
    <p class='ocr_par' dir='ltr' id='par_1_16' title="bbox 371 1591 1971 1667">
     <span class='ocr_line' id='line_1_16' title="bbox 371 1591 1971 1667; baseline -0.004 -14"><span class='ocrx_word' id='word_1_242' title='bbox 371 1598 563 1653; x_wconf 84' lang='lat' dir='ltr'>fratris</span> <span class='ocrx_word' id='word_1_243' title='bbox 590 1596 660 1651; x_wconf 90' lang='lat' dir='ltr'>de</span> <span class='ocrx_word' id='word_1_244' title='bbox 678 1612 789 1667; x_wconf 93' lang='lat' dir='ltr'>quo</span> <span class='ocrx_word' id='word_1_245' title='bbox 816 1593 1079 1666; x_wconf 90' lang='lat' dir='ltr'>loqueris,</span> <span class='ocrx_word' id='word_1_246' title='bbox 1095 1592 1249 1648; x_wconf 90' lang='lat' dir='ltr'>velut</span> <span class='ocrx_word' id='word_1_247' title='bbox 1272 1593 1390 1648; x_wconf 78' lang='lat' dir='ltr'>haec</span> <span class='ocrx_word' id='word_1_248' title='bbox 1416 1607 1587 1664; x_wconf 87' lang='lat' dir='ltr'>parva</span> <span class='ocrx_word' id='word_1_249' title='bbox 1612 1591 1844 1647; x_wconf 89' lang='lat' dir='ltr'>festuca.</span> <span class='ocrx_word' id='word_1_250' title='bbox 1859 1593 1971 1647; x_wconf 84' lang='lat' dir='ltr'><strong>Au-</strong></span> 
     </span>
    </p>
   </div>
   <div class='ocr_carea' id='block_1_17' title="bbox 370 1681 2029 1749">
    <p class='ocr_par' dir='ltr' id='par_1_17' title="bbox 370 1681 2029 1749">
     <span class='ocr_line' id='line_1_17' title="bbox 370 1681 2029 1749; baseline -0.004 -6"><span class='ocrx_word' id='word_1_251' title='bbox 370 1687 532 1743; x_wconf 90' lang='lat' dir='ltr'>diens</span> <span class='ocrx_word' id='word_1_252' title='bbox 551 1689 742 1740; x_wconf 90' lang='lat' dir='ltr'>autem</span> <span class='ocrx_word' id='word_1_253' title='bbox 763 1682 935 1739; x_wconf 88' lang='lat' dir='ltr'>abbas</span> <span class='ocrx_word' id='word_1_254' title='bbox 955 1682 1128 1738; x_wconf 88' lang='lat' dir='ltr'>Sisois</span> <span class='ocrx_word' id='word_1_255' title='bbox 1141 1682 1292 1737; x_wconf 90' lang='lat' dir='ltr'>hunc</span> <span class='ocrx_word' id='word_1_256' title='bbox 1304 1697 1640 1748; x_wconf 87' lang='lat' dir='ltr'>sermonem,</span> <span class='ocrx_word' id='word_1_257' title='bbox 1658 1681 1727 1736; x_wconf 92' lang='lat' dir='ltr'>ad</span> <span class='ocrx_word' id='word_1_258' title='bbox 1735 1681 2029 1749; x_wconf 87' lang='lat' dir='ltr'>miratusB</span> 
     </span>
    </p>
   </div>
   <div class='ocr_carea' id='block_1_18' title="bbox 369 1771 1967 1847">
    <p class='ocr_par' dir='ltr' id='par_1_18' title="bbox 369 1771 1967 1847">
     <span class='ocr_line' id='line_1_18' title="bbox 369 1771 1967 1847; baseline -0.003 -16"><span class='ocrx_word' id='word_1_259' title='bbox 369 1780 475 1843; x_wconf 88' lang='lat' dir='ltr'>est,</span> <span class='ocrx_word' id='word_1_260' title='bbox 492 1780 548 1830; x_wconf 90' lang='lat' dir='ltr'>et</span> <span class='ocrx_word' id='word_1_261' title='bbox 566 1773 704 1830; x_wconf 86' lang='lat' dir='ltr'>dixit</span> <span class='ocrx_word' id='word_1_262' title='bbox 728 1791 741 1829; x_wconf 90' lang='lat'>:</span> <span class='ocrx_word' id='word_1_263' title='bbox 763 1775 827 1830; x_wconf 89' lang='lat' dir='ltr'>In</span> <span class='ocrx_word' id='word_1_264' title='bbox 848 1790 959 1847; x_wconf 90' lang='lat' dir='ltr'>quo</span> <span class='ocrx_word' id='word_1_265' title='bbox 981 1778 1037 1828; x_wconf 89' lang='lat' dir='ltr'>te</span> <span class='ocrx_word' id='word_1_266' title='bbox 1056 1771 1286 1827; x_wconf 90' lang='lat' dir='ltr'>beatum</span> <span class='ocrx_word' id='word_1_267' title='bbox 1304 1772 1523 1838; x_wconf 82' lang='lat' dir='ltr'>faciam,</span> <span class='ocrx_word' id='word_1_268' title='bbox 1545 1771 1718 1826; x_wconf 89' lang='lat' dir='ltr'>abbas</span> <span class='ocrx_word' id='word_1_269' title='bbox 1734 1772 1967 1827; x_wconf 84' lang='lat' dir='ltr'>Pastor?</span> 
     </span>
    </p>
   </div>
   <div class='ocr_carea' id='block_1_19' title="bbox 367 1860 1971 1935">
    <p class='ocr_par' dir='ltr' id='par_1_19' title="bbox 367 1860 1971 1935">
     <span class='ocr_line' id='line_1_19' title="bbox 367 1860 1971 1935; baseline -0.001 -16"><span class='ocrx_word' id='word_1_270' title='bbox 367 1862 774 1920; x_wconf 89' lang='lat' dir='ltr'>Verumtamen</span> <span class='ocrx_word' id='word_1_271' title='bbox 800 1863 955 1918; x_wconf 89' lang='lat' dir='ltr'>velut</span> <span class='ocrx_word' id='word_1_272' title='bbox 997 1861 1275 1935; x_wconf 87' lang='lat' dir='ltr'>pretiosus</span> <span class='ocrx_word' id='word_1_273' title='bbox 1324 1861 1486 1934; x_wconf 88' lang='lat' dir='ltr'>lapis,</span> <span class='ocrx_word' id='word_1_274' title='bbox 1518 1860 1599 1917; x_wconf 82' lang='lat' dir='ltr'>ita</span> <span class='ocrx_word' id='word_1_275' title='bbox 1649 1860 1817 1916; x_wconf 85' lang='lat' dir='ltr'>verba</span> <span class='ocrx_word' id='word_1_276' title='bbox 1868 1865 1971 1917; x_wconf 85' lang='lat' dir='ltr'>tua</span> 
     </span>
    </p>
   </div>
   <div class='ocr_carea' id='block_1_20' title="bbox 366 1953 1221 2025">
    <p class='ocr_par' dir='ltr' id='par_1_20' title="bbox 366 1953 1221 2025">
     <span class='ocr_line' id='line_1_20' title="bbox 366 1953 1221 2025; baseline -0.007 -14"><span class='ocrx_word' id='word_1_277' title='bbox 366 1954 555 2025; x_wconf 87' lang='lat' dir='ltr'>gratia</span> <span class='ocrx_word' id='word_1_278' title='bbox 591 1958 649 2008; x_wconf 92' lang='lat' dir='ltr'>et</span> <span class='ocrx_word' id='word_1_279' title='bbox 670 1953 853 2024; x_wconf 83' lang='lat' dir='ltr'>gloria</span> <span class='ocrx_word' id='word_1_280' title='bbox 881 1953 1048 2024; x_wconf 92' lang='lat' dir='ltr'>plena</span> <span class='ocrx_word' id='word_1_281' title='bbox 1069 1956 1221 2007; x_wconf 90' lang='lat' dir='ltr'>sunt.</span> 
     </span>
    </p>
   </div>
   <div class='ocr_carea' id='block_1_21' title="bbox 439 2038 1967 2113">
    <p class='ocr_par' dir='ltr' id='par_1_21' title="bbox 439 2038 1967 2113">
     <span class='ocr_line' id='line_1_21' title="bbox 439 2038 1967 2113; baseline 0 -17"><span class='ocrx_word' id='word_1_282' title='bbox 439 2041 530 2097; x_wconf 87' lang='lat'>38.</span> <span class='ocrx_word' id='word_1_283' title='bbox 555 2042 848 2097; x_wconf 83' lang='lat' dir='ltr'>Venerunt</span> <span class='ocrx_word' id='word_1_284' title='bbox 875 2041 1176 2113; x_wconf 87' lang='lat' dir='ltr'>aliquando</span> <span class='ocrx_word' id='word_1_285' title='bbox 1202 2038 1515 2113; x_wconf 82' lang='lat' dir='ltr'>presbyteri</span> <span class='ocrx_word' id='word_1_286' title='bbox 1540 2038 1788 2112; x_wconf 86' lang='lat' dir='ltr'>regionis</span> <span class='ocrx_word' id='word_1_287' title='bbox 1816 2039 1967 2096; x_wconf 90' lang='lat' dir='ltr'>illius</span> 
     </span>
    </p>
   </div>
   <div class='ocr_carea' id='block_1_22' title="bbox 367 2128 1967 2202">
    <p class='ocr_par' dir='ltr' id='par_1_22' title="bbox 367 2128 1967 2202">
     <span class='ocr_line' id='line_1_22' title="bbox 367 2128 1967 2202; baseline -0.003 -14"><span class='ocrx_word' id='word_1_288' title='bbox 367 2132 439 2188; x_wconf 88' lang='lat' dir='ltr'>ad</span> <span class='ocrx_word' id='word_1_289' title='bbox 462 2132 803 2187; x_wconf 88' lang='lat' dir='ltr'>monasteria</span> <span class='ocrx_word' id='word_1_290' title='bbox 828 2130 1027 2197; x_wconf 89' lang='lat' dir='ltr'>vicina,</span> <span class='ocrx_word' id='word_1_291' title='bbox 1053 2130 1113 2185; x_wconf 93' lang='lat' dir='ltr'>in</span> <span class='ocrx_word' id='word_1_292' title='bbox 1142 2129 1344 2202; x_wconf 90' lang='lat' dir='ltr'>quibus</span> <span class='ocrx_word' id='word_1_293' title='bbox 1365 2129 1535 2184; x_wconf 89' lang='lat' dir='ltr'>etiam</span> <span class='ocrx_word' id='word_1_294' title='bbox 1565 2133 1689 2184; x_wconf 90' lang='lat' dir='ltr'>erat</span> <span class='ocrx_word' id='word_1_295' title='bbox 1709 2134 1768 2185; x_wconf 90' lang='lat' dir='ltr'>et</span> <span class='ocrx_word' id='word_1_296' title='bbox 1794 2128 1967 2184; x_wconf 88' lang='lat' dir='ltr'>abbas</span> 
     </span>
    </p>
   </div>
   <div class='ocr_carea' id='block_1_23' title="bbox 365 2218 1965 2291">
    <p class='ocr_par' dir='ltr' id='par_1_23' title="bbox 365 2218 1965 2291">
     <span class='ocr_line' id='line_1_23' title="bbox 365 2218 1965 2291; baseline -0.003 -13"><span class='ocrx_word' id='word_1_297' title='bbox 365 2222 597 2290; x_wconf 87' lang='lat' dir='ltr'>Pastor;</span> <span class='ocrx_word' id='word_1_298' title='bbox 629 2226 687 2277; x_wconf 87' lang='lat' dir='ltr'>et</span> <span class='ocrx_word' id='word_1_299' title='bbox 711 2220 944 2276; x_wconf 88' lang='lat' dir='ltr'>intravit</span> <span class='ocrx_word' id='word_1_300' title='bbox 966 2218 1138 2274; x_wconf 85' lang='lat' dir='ltr'>abbas</span> <span class='ocrx_word' id='word_1_301' title='bbox 1172 2218 1356 2287; x_wconf 78' lang='lat' dir='ltr'>Anub,</span> <span class='ocrx_word' id='word_1_302' title='bbox 1386 2223 1445 2273; x_wconf 91' lang='lat' dir='ltr'>et</span> <span class='ocrx_word' id='word_1_303' title='bbox 1470 2218 1613 2273; x_wconf 83' lang='lat' dir='ltr'>dixit</span> <span class='ocrx_word' id='word_1_304' title='bbox 1649 2219 1702 2274; x_wconf 90' lang='lat' dir='ltr'>ei</span> <span class='ocrx_word' id='word_1_305' title='bbox 1735 2236 1748 2273; x_wconf 93' lang='lat'>:</span> <span class='ocrx_word' id='word_1_306' title='bbox 1781 2218 1965 2291; x_wconf 89' lang='lat' dir='ltr'>Roge-</span> 
     </span>
    </p>
   </div>
   <div class='ocr_carea' id='block_1_24' title="bbox 365 2307 1966 2383">
    <p class='ocr_par' dir='ltr' id='par_1_24' title="bbox 365 2307 1966 2383">
     <span class='ocr_line' id='line_1_24' title="bbox 365 2307 1966 2383; baseline -0.002 -16"><span class='ocrx_word' id='word_1_307' title='bbox 365 2328 493 2367; x_wconf 90' lang='lat' dir='ltr'>mus</span> <span class='ocrx_word' id='word_1_308' title='bbox 516 2310 872 2383; x_wconf 87' lang='lat' dir='ltr'>presbyteros</span> <span class='ocrx_word' id='word_1_309' title='bbox 892 2310 1030 2365; x_wconf 91' lang='lat' dir='ltr'>istos</span> <span class='ocrx_word' id='word_1_310' title='bbox 1050 2308 1218 2364; x_wconf 89' lang='lat' dir='ltr'>hodie</span> <span class='ocrx_word' id='word_1_311' title='bbox 1233 2308 1487 2380; x_wconf 82' lang='lat' dir='ltr'>accipere</span> <span class='ocrx_word' id='word_1_312' title='bbox 1507 2308 1599 2363; x_wconf 90' lang='lat' dir='ltr'>hic</span> <span class='ocrx_word' id='word_1_313' title='bbox 1614 2308 1674 2363; x_wconf 90' lang='lat' dir='ltr'>in</span> <span class='ocrx_word' id='word_1_314' title='bbox 1690 2307 1966 2363; x_wconf 87' lang='lat' dir='ltr'>charitate</span> 
     </span>
    </p>
   </div>
   <div class='ocr_carea' id='block_1_25' title="bbox 366 2397 1967 2469">
    <p class='ocr_par' dir='ltr' id='par_1_25' title="bbox 366 2397 1967 2469">
     <span class='ocr_line' id='line_1_25' title="bbox 366 2397 1967 2469; baseline -0.003 -13"><span class='ocrx_word' id='word_1_315' title='bbox 366 2401 514 2457; x_wconf 89' lang='lat' dir='ltr'>dona</span> <span class='ocrx_word' id='word_1_316' title='bbox 538 2399 659 2456; x_wconf 89' lang='lat' dir='ltr'>Dei.</span> <span class='ocrx_word' id='word_1_317' title='bbox 688 2400 789 2455; x_wconf 90' lang='lat' dir='ltr'>Ille</span> <span class='ocrx_word' id='word_1_318' title='bbox 819 2404 1010 2454; x_wconf 90' lang='lat' dir='ltr'>autem</span> <span class='ocrx_word' id='word_1_319' title='bbox 1039 2403 1196 2453; x_wconf 84' lang='lat' dir='ltr'>stans</span> <span class='ocrx_word' id='word_1_320' title='bbox 1223 2398 1320 2453; x_wconf 94' lang='lat' dir='ltr'>diu</span> <span class='ocrx_word' id='word_1_321' title='bbox 1347 2413 1461 2452; x_wconf 91' lang='lat' dir='ltr'>non</span> <span class='ocrx_word' id='word_1_322' title='bbox 1482 2397 1639 2453; x_wconf 90' lang='lat' dir='ltr'>dedit</span> <span class='ocrx_word' id='word_1_323' title='bbox 1665 2397 1716 2452; x_wconf 91' lang='lat' dir='ltr'>ei</span> <span class='ocrx_word' id='word_1_324' title='bbox 1739 2413 1967 2469; x_wconf 90' lang='lat' dir='ltr'>respon-</span> 
     </span>
    </p>
   </div>
   <div class='ocr_carea' id='block_1_26' title="bbox 366 2486 1968 2558">
    <p class='ocr_par' dir='ltr' id='par_1_26' title="bbox 366 2486 1968 2558">
     <span class='ocr_line' id='line_1_26' title="bbox 366 2486 1968 2558; baseline -0.002 -14"><span class='ocrx_word' id='word_1_325' title='bbox 366 2507 490 2547; x_wconf 89' lang='lat' dir='ltr'>sum</span> <span class='ocrx_word' id='word_1_326' title='bbox 516 2508 529 2558; x_wconf 90' lang='lat'>;</span> <span class='ocrx_word' id='word_1_327' title='bbox 561 2488 733 2544; x_wconf 87' lang='lat' dir='ltr'>abbas</span> <span class='ocrx_word' id='word_1_328' title='bbox 759 2506 886 2544; x_wconf 88' lang='lat' dir='ltr'>vero</span> <span class='ocrx_word' id='word_1_329' title='bbox 915 2487 1080 2543; x_wconf 85' lang='lat' dir='ltr'>Anub</span> <span class='ocrx_word' id='word_1_330' title='bbox 1110 2487 1475 2542; x_wconf 89' lang='lat' dir='ltr'>contristatus</span> <span class='ocrx_word' id='word_1_331' title='bbox 1510 2486 1664 2541; x_wconf 87' lang='lat' dir='ltr'>exiit.</span> <span class='ocrx_word' id='word_1_332' title='bbox 1694 2486 1968 2542; x_wconf 85' lang='lat' dir='ltr'>Dixerunt</span> 
     </span>
    </p>
   </div>
   <div class='ocr_carea' id='block_1_27' title="bbox 368 2574 1967 2649">
    <p class='ocr_par' dir='ltr' id='par_1_27' title="bbox 368 2574 1967 2649">
     <span class='ocr_line' id='line_1_27' title="bbox 368 2574 1967 2649; baseline -0.002 -15"><span class='ocrx_word' id='word_1_333' title='bbox 368 2583 557 2634; x_wconf 90' lang='lat' dir='ltr'>autem</span> <span class='ocrx_word' id='word_1_334' title='bbox 575 2577 763 2633; x_wconf 88' lang='lat' dir='ltr'>abbati</span> <span class='ocrx_word' id='word_1_335' title='bbox 780 2576 1121 2649; x_wconf 89' lang='lat' dir='ltr'>Pastori,qui</span> <span class='ocrx_word' id='word_1_336' title='bbox 1131 2577 1295 2647; x_wconf 88' lang='lat' dir='ltr'>juxta</span> <span class='ocrx_word' id='word_1_337' title='bbox 1308 2592 1435 2630; x_wconf 91' lang='lat' dir='ltr'>eum</span> <span class='ocrx_word' id='word_1_338' title='bbox 1452 2591 1511 2630; x_wconf 91' lang='lat' dir='ltr'>se</span> <span class='ocrx_word' id='word_1_339' title='bbox 1531 2574 1765 2630; x_wconf 89' lang='lat' dir='ltr'>debant:</span> <span class='ocrx_word' id='word_1_340' title='bbox 1781 2575 1967 2640; x_wconf 87' lang='lat' dir='ltr'>Quare</span> 
     </span>
    </p>
   </div>
   <div class='ocr_carea' id='block_1_28' title="bbox 367 2663 1958 2738">
    <p class='ocr_par' dir='ltr' id='par_1_28' title="bbox 367 2663 1958 2738">
     <span class='ocr_line' id='line_1_28' title="bbox 367 2663 1958 2738; baseline -0.003 -15"><span class='ocrx_word' id='word_1_341' title='bbox 367 2685 481 2724; x_wconf 90' lang='lat' dir='ltr'>non</span> <span class='ocrx_word' id='word_1_342' title='bbox 504 2666 710 2723; x_wconf 88' lang='lat' dir='ltr'>dedisti</span> <span class='ocrx_word' id='word_1_343' title='bbox 732 2667 784 2722; x_wconf 92' lang='lat' dir='ltr'>ei</span> <span class='ocrx_word' id='word_1_344' title='bbox 811 2665 1180 2738; x_wconf 88' lang='lat' dir='ltr'>responsum?</span> <span class='ocrx_word' id='word_1_345' title='bbox 1196 2665 1266 2720; x_wconf 88' lang='lat' dir='ltr'>Et</span> <span class='ocrx_word' id='word_1_346' title='bbox 1279 2664 1416 2720; x_wconf 91' lang='lat' dir='ltr'>dicit</span> <span class='ocrx_word' id='word_1_347' title='bbox 1434 2664 1515 2719; x_wconf 91' lang='lat' dir='ltr'>eis</span> <span class='ocrx_word' id='word_1_348' title='bbox 1537 2663 1708 2719; x_wconf 86' lang='lat' dir='ltr'>abbas</span> <span class='ocrx_word' id='word_1_349' title='bbox 1727 2665 1928 2720; x_wconf 87' lang='lat' dir='ltr'>Pastor</span> <span class='ocrx_word' id='word_1_350' title='bbox 1947 2683 1958 2719; x_wconf 91' lang='lat'>:</span> 
     </span>
    </p>
   </div>
   <div class='ocr_carea' id='block_1_29' title="bbox 368 2753 1959 2830">
    <p class='ocr_par' dir='ltr' id='par_1_29' title="bbox 368 2753 1959 2830">
     <span class='ocr_line' id='line_1_29' title="bbox 368 2753 1959 2830; baseline -0.003 -18"><span class='ocrx_word' id='word_1_351' title='bbox 368 2758 484 2830; x_wconf 87' lang='lat' dir='ltr'>Ego</span> <span class='ocrx_word' id='word_1_352' title='bbox 512 2773 740 2812; x_wconf 87' lang='lat' dir='ltr'>causam</span> <span class='ocrx_word' id='word_1_353' title='bbox 765 2772 879 2812; x_wconf 91' lang='lat' dir='ltr'>non</span> <span class='ocrx_word' id='word_1_354' title='bbox 915 2754 1124 2823; x_wconf 85' lang='lat' dir='ltr'>habeo;</span> <span class='ocrx_word' id='word_1_355' title='bbox 1176 2755 1298 2826; x_wconf 86' lang='lat' dir='ltr'>jam</span> <span class='ocrx_word' id='word_1_356' title='bbox 1328 2753 1480 2809; x_wconf 89' lang='lat' dir='ltr'>enim</span> <span class='ocrx_word' id='word_1_357' title='bbox 1526 2759 1783 2810; x_wconf 86' lang='lat' dir='ltr'>mortuus</span> <span class='ocrx_word' id='word_1_358' title='bbox 1814 2771 1959 2810; x_wconf 90' lang='lat' dir='ltr'>sum.</span> 
     </span>
    </p>
   </div>
   <div class='ocr_carea' id='block_1_30' title="bbox 366 2843 1963 2917">
    <p class='ocr_par' dir='ltr' id='par_1_30' title="bbox 366 2843 1963 2917">
     <span class='ocr_line' id='line_1_30' title="bbox 366 2843 1963 2917; baseline -0.003 -13"><span class='ocrx_word' id='word_1_359' title='bbox 366 2847 622 2904; x_wconf 85' lang='lat' dir='ltr'>Mortuus</span> <span class='ocrx_word' id='word_1_360' title='bbox 646 2846 799 2901; x_wconf 92' lang='lat' dir='ltr'>enim</span> <span class='ocrx_word' id='word_1_361' title='bbox 849 2861 960 2900; x_wconf 91' lang='lat' dir='ltr'>non</span> <span class='ocrx_word' id='word_1_362' title='bbox 1002 2844 1289 2917; x_wconf 86' lang='lat' dir='ltr'>loquitur;</span> <span class='ocrx_word' id='word_1_363' title='bbox 1330 2860 1443 2899; x_wconf 89' lang='lat' dir='ltr'>non</span> <span class='ocrx_word' id='word_1_364' title='bbox 1472 2843 1649 2917; x_wconf 84' lang='lat' dir='ltr'>igitur</span> <span class='ocrx_word' id='word_1_365' title='bbox 1689 2844 1963 2916; x_wconf 89' lang='lat' dir='ltr'>reputetis</span> 
     </span>
    </p>
   </div>
   <div class='ocr_carea' id='block_1_31' title="bbox 366 2934 1249 3007">
    <p class='ocr_par' dir='ltr' id='par_1_31' title="bbox 366 2934 1249 3007">
     <span class='ocr_line' id='line_1_31' title="bbox 366 2934 1249 3007; baseline -0.003 -16"><span class='ocrx_word' id='word_1_366' title='bbox 366 2952 476 3004; x_wconf 90' lang='lat' dir='ltr'>me,</span> <span class='ocrx_word' id='word_1_367' title='bbox 508 2936 640 3007; x_wconf 92' lang='lat' dir='ltr'>quia</span> <span class='ocrx_word' id='word_1_368' title='bbox 668 2936 759 2991; x_wconf 89' lang='lat' dir='ltr'>hic</span> <span class='ocrx_word' id='word_1_369' title='bbox 786 2934 1074 2991; x_wconf 79' lang='lat' dir='ltr'>vobiscum</span> <span class='ocrx_word' id='word_1_370' title='bbox 1103 2950 1249 2989; x_wconf 91' lang='lat' dir='ltr'>sum.</span> 
     </span>
    </p>
   </div>
   <div class='ocr_carea' id='block_1_32' title="bbox 2052 1321 3639 1396">
    <p class='ocr_par' dir='ltr' id='par_1_32' title="bbox 2052 1321 3639 1396">
     <span class='ocr_line' id='line_1_32' title="bbox 2052 1321 3639 1396; baseline 0 -19"><span class='ocrx_word' id='word_1_371' title='bbox 2052 1322 2122 1377; x_wconf 91' lang='lat' dir='ltr'>de</span> <span class='ocrx_word' id='word_1_372' title='bbox 2139 1322 2248 1390; x_wconf 89' lang='lat' dir='ltr'>his,</span> <span class='ocrx_word' id='word_1_373' title='bbox 2280 1326 2338 1377; x_wconf 89' lang='lat' dir='ltr'>et</span> <span class='ocrx_word' id='word_1_374' title='bbox 2357 1322 2600 1396; x_wconf 90' lang='lat' dir='ltr'>implebo</span> <span class='ocrx_word' id='word_1_375' title='bbox 2625 1322 2764 1379; x_wconf 90' lang='lat' dir='ltr'>illud</span> <span class='ocrx_word' id='word_1_376' title='bbox 2782 1322 2962 1378; x_wconf 88' lang='lat' dir='ltr'>bonis.</span> <span class='ocrx_word' id='word_1_377' title='bbox 2994 1322 3097 1378; x_wconf 91' lang='lat' dir='ltr'>Ille</span> <span class='ocrx_word' id='word_1_378' title='bbox 3125 1326 3321 1377; x_wconf 90' lang='lat' dir='ltr'>autem</span> <span class='ocrx_word' id='word_1_379' title='bbox 3340 1322 3498 1377; x_wconf 84' lang='lat' dir='ltr'>valde</span> <span class='ocrx_word' id='word_1_380' title='bbox 3522 1321 3639 1377; x_wconf 67' lang='lat' dir='ltr'>tedi-</span> 
     </span>
    </p>
   </div>
   <div class='ocr_carea' id='block_1_33' title="bbox 2051 1410 3639 1483">
    <p class='ocr_par' dir='ltr' id='par_1_33' title="bbox 2051 1410 3639 1483">
     <span class='ocr_line' id='line_1_33' title="bbox 2051 1410 3639 1483; baseline -0.001 -16"><span class='ocrx_word' id='word_1_381' title='bbox 2051 1412 2250 1468; x_wconf 81' lang='lat' dir='ltr'>ficatus</span> <span class='ocrx_word' id='word_1_382' title='bbox 2275 1412 2529 1470; x_wconf 88' lang='lat' dir='ltr'>dicebat:</span> <span class='ocrx_word' id='word_1_383' title='bbox 2555 1412 2703 1468; x_wconf 87' lang='lat' dir='ltr'>Vere</span> <span class='ocrx_word' id='word_1_384' title='bbox 2725 1413 2846 1468; x_wconf 67' lang='lat' dir='ltr'>haec</span> <span class='ocrx_word' id='word_1_385' title='bbox 2870 1416 2957 1468; x_wconf 90' lang='lat' dir='ltr'>est</span> <span class='ocrx_word' id='word_1_386' title='bbox 2982 1411 3071 1467; x_wconf 87' lang='lat' dir='ltr'>via</span> <span class='ocrx_word' id='word_1_387' title='bbox 3093 1410 3409 1468; x_wconf 88' lang='lat' dir='ltr'>charitatis.</span> <span class='ocrx_word' id='word_1_388' title='bbox 3431 1412 3499 1466; x_wconf 88' lang='lat' dir='ltr'>Et</span> <span class='ocrx_word' id='word_1_389' title='bbox 3513 1427 3639 1483; x_wconf 85' lang='lat' dir='ltr'>gra-</span> 
     </span>
    </p>
   </div>
   <div class='ocr_carea' id='block_1_34' title="bbox 2049 1501 3638 1574">
    <p class='ocr_par' dir='ltr' id='par_1_34' title="bbox 2049 1501 3638 1574">
     <span class='ocr_line' id='line_1_34' title="bbox 2049 1501 3638 1574; baseline 0 -18"><span class='ocrx_word' id='word_1_390' title='bbox 2049 1501 2160 1556; x_wconf 87' lang='lat' dir='ltr'>tias</span> <span class='ocrx_word' id='word_1_391' title='bbox 2196 1517 2370 1574; x_wconf 83' lang='lat' dir='ltr'>agens</span> <span class='ocrx_word' id='word_1_392' title='bbox 2406 1502 2542 1570; x_wconf 91' lang='lat' dir='ltr'>Deo,</span> <span class='ocrx_word' id='word_1_393' title='bbox 2595 1502 2729 1574; x_wconf 89' lang='lat' dir='ltr'>quia</span> <span class='ocrx_word' id='word_1_394' title='bbox 2784 1507 2904 1557; x_wconf 90' lang='lat' dir='ltr'>tam</span> <span class='ocrx_word' id='word_1_395' title='bbox 2941 1507 3202 1557; x_wconf 89' lang='lat' dir='ltr'>sanctum</span> <span class='ocrx_word' id='word_1_396' title='bbox 3245 1501 3433 1557; x_wconf 84' lang='lat' dir='ltr'>virum</span> <span class='ocrx_word' id='word_1_397' title='bbox 3467 1501 3638 1557; x_wconf 88' lang='lat' dir='ltr'>videre</span> 
     </span>
    </p>
   </div>
   <div class='ocr_carea' id='block_1_35' title="bbox 2050 1591 3292 1662">
    <p class='ocr_par' dir='ltr' id='par_1_35' title="bbox 2050 1591 3292 1662">
     <span class='ocr_line' id='line_1_35' title="bbox 2050 1591 3292 1662; baseline -0.002 -15"><span class='ocrx_word' id='word_1_398' title='bbox 2050 1591 2277 1657; x_wconf 90' lang='lat' dir='ltr'>meruit,</span> <span class='ocrx_word' id='word_1_399' title='bbox 2308 1607 2565 1647; x_wconf 87' lang='lat' dir='ltr'>reversus</span> <span class='ocrx_word' id='word_1_400' title='bbox 2586 1597 2673 1647; x_wconf 89' lang='lat' dir='ltr'>est</span> <span class='ocrx_word' id='word_1_401' title='bbox 2699 1591 2760 1646; x_wconf 93' lang='lat' dir='ltr'>in</span> <span class='ocrx_word' id='word_1_402' title='bbox 2788 1591 3077 1662; x_wconf 88' lang='lat' dir='ltr'>regionem</span> <span class='ocrx_word' id='word_1_403' title='bbox 3105 1607 3292 1647; x_wconf 90' lang='lat' dir='ltr'>suam.</span> 
     </span>
    </p>
   </div>
   <div class='ocr_carea' id='block_1_36' title="bbox 2121 1680 3636 1752">
    <p class='ocr_par' dir='ltr' id='par_1_36' title="bbox 2121 1680 3636 1752">
     <span class='ocr_line' id='line_1_36' title="bbox 2121 1680 3636 1752; baseline -0.001 -17"><span class='ocrx_word' id='word_1_404' title='bbox 2121 1680 2211 1736; x_wconf 73' lang='grc'>40.</span> <span class='ocrx_word' id='word_1_405' title='bbox 2234 1681 2432 1736; x_wconf 89' lang='lat' dir='ltr'>Frater</span> <span class='ocrx_word' id='word_1_406' title='bbox 2444 1680 2811 1752; x_wconf 83' lang='lat' dir='ltr'>interrogavit</span> <span class='ocrx_word' id='word_1_407' title='bbox 2822 1680 3084 1737; x_wconf 89' lang='lat' dir='ltr'>abbatem</span> <span class='ocrx_word' id='word_1_408' title='bbox 3103 1681 3421 1746; x_wconf 87' lang='lat' dir='ltr'>Pastorem,</span> <span class='ocrx_word' id='word_1_409' title='bbox 3440 1680 3636 1736; x_wconf 89' lang='lat' dir='ltr'>dicens:</span> 
     </span>
    </p>
   </div>
   <div class='ocr_carea' id='block_1_37' title="bbox 2049 1769 3637 1843">
    <p class='ocr_par' dir='ltr' id='par_1_37' title="bbox 2049 1769 3637 1843">
     <span class='ocr_line' id='line_1_37' title="bbox 2049 1769 3637 1843; baseline -0.001 -18"><span class='ocrx_word' id='word_1_410' title='bbox 2049 1770 2177 1825; x_wconf 89' lang='lat' dir='ltr'>Feci</span> <span class='ocrx_word' id='word_1_411' title='bbox 2205 1775 2496 1843; x_wconf 87' lang='lat' dir='ltr'>peccatum</span> <span class='ocrx_word' id='word_1_412' title='bbox 2536 1770 2770 1842; x_wconf 88' lang='lat' dir='ltr'>grande,</span> <span class='ocrx_word' id='word_1_413' title='bbox 2805 1775 2863 1827; x_wconf 91' lang='lat' dir='ltr'>et</span> <span class='ocrx_word' id='word_1_414' title='bbox 2898 1771 3021 1826; x_wconf 88' lang='lat' dir='ltr'>volo</span> <span class='ocrx_word' id='word_1_415' title='bbox 3067 1770 3317 1827; x_wconf 91' lang='lat' dir='ltr'>triennio</span> <span class='ocrx_word' id='word_1_416' title='bbox 3361 1769 3637 1842; x_wconf 62' lang='lat' dir='ltr'>paenitere.</span> 
     </span>
    </p>
   </div>
   <div class='ocr_carea' id='block_1_38' title="bbox 2047 1858 3643 1915">
    <p class='ocr_par' dir='ltr' id='par_1_38' title="bbox 2047 1858 3643 1915">
     <span class='ocr_line' id='line_1_38' title="bbox 2047 1858 3643 1915; baseline 0 -2"><span class='ocrx_word' id='word_1_417' title='bbox 2047 1858 2201 1914; x_wconf 86' lang='lat' dir='ltr'>Dixit</span> <span class='ocrx_word' id='word_1_418' title='bbox 2227 1864 2417 1914; x_wconf 90' lang='lat' dir='ltr'>autem</span> <span class='ocrx_word' id='word_1_419' title='bbox 2437 1858 2491 1915; x_wconf 89' lang='lat' dir='ltr'>ei</span> <span class='ocrx_word' id='word_1_420' title='bbox 2518 1858 2692 1915; x_wconf 87' lang='lat' dir='ltr'>abbas</span> <span class='ocrx_word' id='word_1_421' title='bbox 2710 1860 2939 1915; x_wconf 89' lang='lat' dir='ltr'>Pastor:</span> <span class='ocrx_word' id='word_1_422' title='bbox 2961 1860 3202 1915; x_wconf 90' lang='lat' dir='ltr'>Multum</span> <span class='ocrx_word' id='word_1_423' title='bbox 3236 1863 3348 1914; x_wconf 89' lang='lat' dir='ltr'>est.</span> <span class='ocrx_word' id='word_1_424' title='bbox 3365 1859 3434 1914; x_wconf 90' lang='lat' dir='ltr'>Et</span> <span class='ocrx_word' id='word_1_425' title='bbox 3453 1858 3585 1914; x_wconf 84' lang='lat' dir='ltr'>dixit</span> <span class='ocrx_word' id='word_1_426' title='bbox 3596 1858 3643 1913; x_wconf 90' lang='lat' dir='ltr'>ei</span> 
     </span>
    </p>
   </div>
   <div class='ocr_carea' id='block_1_39' title="bbox 2047 1947 3633 2005">
    <p class='ocr_par' dir='ltr' id='par_1_39' title="bbox 2047 1947 3633 2005">
     <span class='ocr_line' id='line_1_39' title="bbox 2047 1947 3633 2005; baseline 0 -3"><span class='ocrx_word' id='word_1_427' title='bbox 2047 1947 2256 2003; x_wconf 89' lang='lat' dir='ltr'>frater:</span> <span class='ocrx_word' id='word_1_428' title='bbox 2287 1947 2462 2004; x_wconf 84' lang='lat' dir='ltr'>Jubes</span> <span class='ocrx_word' id='word_1_429' title='bbox 2482 1964 2697 2004; x_wconf 90' lang='lat' dir='ltr'>annum</span> <span class='ocrx_word' id='word_1_430' title='bbox 2718 1965 2895 2004; x_wconf 91' lang='lat' dir='ltr'>unum</span> <span class='ocrx_word' id='word_1_431' title='bbox 2912 1949 2936 2003; x_wconf 84' lang='lat'><strong>?</strong></span> <span class='ocrx_word' id='word_1_432' title='bbox 2953 1950 3023 2005; x_wconf 90' lang='lat' dir='ltr'>Et</span> <span class='ocrx_word' id='word_1_433' title='bbox 3049 1948 3191 2004; x_wconf 87' lang='lat' dir='ltr'>dixit</span> <span class='ocrx_word' id='word_1_434' title='bbox 3214 1948 3432 2005; x_wconf 84' lang='lat' dir='ltr'>iterum</span> <span class='ocrx_word' id='word_1_435' title='bbox 3450 1964 3633 2003; x_wconf 88' lang='lat' dir='ltr'>senex:</span> 
     </span>
    </p>
   </div>
   <div class='ocr_carea' id='block_1_40' title="bbox 2049 2037 3631 2111">
    <p class='ocr_par' dir='ltr' id='par_1_40' title="bbox 2049 2037 3631 2111">
     <span class='ocr_line' id='line_1_40' title="bbox 2049 2037 3631 2111; baseline -0.001 -18"><span class='ocrx_word' id='word_1_436' title='bbox 2049 2038 2290 2093; x_wconf 89' lang='lat' dir='ltr'>Multum</span> <span class='ocrx_word' id='word_1_437' title='bbox 2320 2043 2424 2093; x_wconf 90' lang='lat' dir='ltr'>est.</span> <span class='ocrx_word' id='word_1_438' title='bbox 2463 2038 2573 2103; x_wconf 88' lang='lat' dir='ltr'>Qui</span> <span class='ocrx_word' id='word_1_439' title='bbox 2600 2044 2794 2094; x_wconf 87' lang='lat' dir='ltr'>autem</span> <span class='ocrx_word' id='word_1_440' title='bbox 2819 2043 3124 2111; x_wconf 74' lang='lat' dir='ltr'>praesentes</span> <span class='ocrx_word' id='word_1_441' title='bbox 3154 2043 3325 2094; x_wconf 91' lang='lat' dir='ltr'>erant</span> <span class='ocrx_word' id='word_1_442' title='bbox 3344 2037 3631 2093; x_wconf 87' lang='lat' dir='ltr'>dicebant:</span> 
     </span>
    </p>
   </div>
   <div class='ocr_carea' id='block_1_41' title="bbox 2048 2127 3637 2200">
    <p class='ocr_par' dir='ltr' id='par_1_41' title="bbox 2048 2127 3637 2200">
     <span class='ocr_line' id='line_1_41' title="bbox 2048 2127 3637 2200; baseline -0.001 -18"><span class='ocrx_word' id='word_1_443' title='bbox 2048 2128 2238 2199; x_wconf 88' lang='lat' dir='ltr'>Usque</span> <span class='ocrx_word' id='word_1_444' title='bbox 2271 2128 2343 2183; x_wconf 89' lang='lat' dir='ltr'>ad</span> <span class='ocrx_word' id='word_1_445' title='bbox 2373 2128 2750 2200; x_wconf 82' lang='lat' dir='ltr'>quadraginta</span> <span class='ocrx_word' id='word_1_446' title='bbox 2793 2128 2956 2184; x_wconf 85' lang='lat' dir='ltr'>dies?</span> <span class='ocrx_word' id='word_1_447' title='bbox 2982 2129 3161 2185; x_wconf 85' lang='lat' dir='ltr'>Senex</span> <span class='ocrx_word' id='word_1_448' title='bbox 3209 2127 3426 2183; x_wconf 85' lang='lat' dir='ltr'>iterum</span> <span class='ocrx_word' id='word_1_449' title='bbox 3465 2127 3637 2182; x_wconf 87' lang='lat' dir='ltr'>dixit:</span> 
     </span>
    </p>
   </div>
   <div class='ocr_carea' id='block_1_42' title="bbox 2046 2215 3637 2290">
    <p class='ocr_par' dir='ltr' id='par_1_42' title="bbox 2046 2215 3637 2290">
     <span class='ocr_line' id='line_1_42' title="bbox 2046 2215 3637 2290; baseline 0.001 -19"><span class='ocrx_word' id='word_1_450' title='bbox 2046 2216 2288 2272; x_wconf 85' lang='lat' dir='ltr'>Multum</span> <span class='ocrx_word' id='word_1_451' title='bbox 2317 2222 2421 2272; x_wconf 89' lang='lat' dir='ltr'>est.</span> <span class='ocrx_word' id='word_1_452' title='bbox 2446 2215 2518 2272; x_wconf 90' lang='lat' dir='ltr'>Et</span> <span class='ocrx_word' id='word_1_453' title='bbox 2542 2217 2753 2289; x_wconf 86' lang='lat' dir='ltr'>adjecit</span> <span class='ocrx_word' id='word_1_454' title='bbox 2767 2217 2959 2273; x_wconf 90' lang='lat' dir='ltr'>dicens</span> <span class='ocrx_word' id='word_1_455' title='bbox 2987 2236 3001 2273; x_wconf 90' lang='lat'>:</span> <span class='ocrx_word' id='word_1_456' title='bbox 3030 2217 3148 2289; x_wconf 85' lang='lat' dir='ltr'>Ego</span> <span class='ocrx_word' id='word_1_457' title='bbox 3168 2223 3331 2290; x_wconf 83' lang='lat' dir='ltr'>puto,</span> <span class='ocrx_word' id='word_1_458' title='bbox 3354 2217 3488 2289; x_wconf 84' lang='lat' dir='ltr'>quia</span> <span class='ocrx_word' id='word_1_459' title='bbox 3508 2216 3554 2272; x_wconf 87' lang='lat' dir='ltr'>si</span> <span class='ocrx_word' id='word_1_460' title='bbox 3577 2231 3637 2272; x_wconf 88' lang='lat' dir='ltr'>ex</span> 
     </span>
    </p>
   </div>
   <div class='ocr_carea' id='block_1_43' title="bbox 2047 2306 3638 2380">
    <p class='ocr_par' dir='ltr' id='par_1_43' title="bbox 2047 2306 3638 2380">
     <span class='ocr_line' id='line_1_43' title="bbox 2047 2306 3638 2380; baseline 0 -19"><span class='ocrx_word' id='word_1_461' title='bbox 2047 2311 2166 2362; x_wconf 91' lang='lat' dir='ltr'>toto</span> <span class='ocrx_word' id='word_1_462' title='bbox 2187 2307 2355 2362; x_wconf 91' lang='lat' dir='ltr'>corde</span> <span class='ocrx_word' id='word_1_463' title='bbox 2370 2307 2538 2363; x_wconf 92' lang='lat' dir='ltr'>homo</span> <span class='ocrx_word' id='word_1_464' title='bbox 2554 2306 2901 2379; x_wconf 76' lang='lat' dir='ltr'>pmnituerit,</span> <span class='ocrx_word' id='word_1_465' title='bbox 2916 2312 2975 2363; x_wconf 90' lang='lat' dir='ltr'>et</span> <span class='ocrx_word' id='word_1_466' title='bbox 2992 2323 3107 2362; x_wconf 90' lang='lat' dir='ltr'>non</span> <span class='ocrx_word' id='word_1_467' title='bbox 3121 2306 3455 2380; x_wconf 88' lang='lat' dir='ltr'>apposuerit</span> <span class='ocrx_word' id='word_1_468' title='bbox 3472 2306 3638 2361; x_wconf 84' lang='lat' dir='ltr'>facere</span> 
     </span>
    </p>
   </div>
   <div class='ocr_carea' id='block_1_44' title="bbox 2047 2395 3635 2468">
    <p class='ocr_par' dir='ltr' id='par_1_44' title="bbox 2047 2395 3635 2468">
     <span class='ocr_line' id='line_1_44' title="bbox 2047 2395 3635 2468; baseline 0.001 -18"><span class='ocrx_word' id='word_1_469' title='bbox 2047 2395 2254 2451; x_wconf 90' lang='lat' dir='ltr'>iterum</span> <span class='ocrx_word' id='word_1_470' title='bbox 2292 2396 2444 2451; x_wconf 90' lang='lat' dir='ltr'>unde</span> <span class='ocrx_word' id='word_1_471' title='bbox 2485 2396 2875 2468; x_wconf 84' lang='lat' dir='ltr'>paenitentiam</span> <span class='ocrx_word' id='word_1_472' title='bbox 2922 2400 3073 2468; x_wconf 81' lang='lat' dir='ltr'>agat,</span> <span class='ocrx_word' id='word_1_473' title='bbox 3111 2397 3287 2452; x_wconf 90' lang='lat' dir='ltr'>etiam</span> <span class='ocrx_word' id='word_1_474' title='bbox 3332 2396 3635 2452; x_wconf 87' lang='lat' dir='ltr'>triduanam</span> 
     </span>
    </p>
   </div>
   <div class='ocr_carea' id='block_1_45' title="bbox 2049 2484 2927 2558">
    <p class='ocr_par' dir='ltr' id='par_1_45' title="bbox 2049 2484 2927 2558">
     <span class='ocr_line' id='line_1_45' title="bbox 2049 2484 2927 2558; baseline 0 -18"><span class='ocrx_word' id='word_1_475' title='bbox 2049 2484 2440 2557; x_wconf 81' lang='lat' dir='ltr'>paenitentiam</span> <span class='ocrx_word' id='word_1_476' title='bbox 2468 2485 2736 2558; x_wconf 84' lang='lat' dir='ltr'>suscipiat</span> <span class='ocrx_word' id='word_1_477' title='bbox 2758 2487 2927 2542; x_wconf 91' lang='lat' dir='ltr'>Deus.</span> 
     </span>
    </p>
   </div>
   <div class='ocr_carea' id='block_1_46' title="bbox 2116 2574 3635 2647">
    <p class='ocr_par' dir='ltr' id='par_1_46' title="bbox 2116 2574 3635 2647">
     <span class='ocr_line' id='line_1_46' title="bbox 2116 2574 3635 2647; baseline 0.001 -19"><span class='ocrx_word' id='word_1_478' title='bbox 2116 2574 2207 2629; x_wconf 74' lang='grc'>41.</span> <span class='ocrx_word' id='word_1_479' title='bbox 2241 2575 2615 2647; x_wconf 86' lang='lat' dir='ltr'>Interrogavit</span> <span class='ocrx_word' id='word_1_480' title='bbox 2642 2591 2774 2631; x_wconf 86' lang='lat' dir='ltr'>eum</span> <span class='ocrx_word' id='word_1_481' title='bbox 2797 2574 2969 2631; x_wconf 84' lang='lat' dir='ltr'>abbas</span> <span class='ocrx_word' id='word_1_482' title='bbox 2987 2575 3230 2630; x_wconf 77' lang='lat' dir='ltr'>Ammon</span> <span class='ocrx_word' id='word_1_483' title='bbox 3253 2575 3328 2630; x_wconf 88' lang='lat' dir='ltr'>de</span> <span class='ocrx_word' id='word_1_484' title='bbox 3347 2575 3635 2631; x_wconf 87' lang='lat' dir='ltr'>immundis</span> 
     </span>
    </p>
   </div>
   <div class='ocr_carea' id='block_1_47' title="bbox 2046 2663 3638 2736">
    <p class='ocr_par' dir='ltr' id='par_1_47' title="bbox 2046 2663 3638 2736">
     <span class='ocr_line' id='line_1_47' title="bbox 2046 2663 3638 2736; baseline 0 -18"><span class='ocrx_word' id='word_1_485' title='bbox 2046 2663 2500 2735; x_wconf 88' lang='lat' dir='ltr'>cogitationibus,</span> <span class='ocrx_word' id='word_1_486' title='bbox 2524 2682 2665 2736; x_wconf 90' lang='lat' dir='ltr'>quas</span> <span class='ocrx_word' id='word_1_487' title='bbox 2684 2682 2781 2719; x_wconf 87' lang='lat' dir='ltr'>cor</span> <span class='ocrx_word' id='word_1_488' title='bbox 2793 2664 3037 2720; x_wconf 90' lang='lat' dir='ltr'>hominis</span> <span class='ocrx_word' id='word_1_489' title='bbox 3049 2669 3320 2736; x_wconf 88' lang='lat' dir='ltr'>generat;</span> <span class='ocrx_word' id='word_1_490' title='bbox 3336 2670 3396 2719; x_wconf 92' lang='lat' dir='ltr'>et</span> <span class='ocrx_word' id='word_1_491' title='bbox 3412 2665 3482 2720; x_wconf 93' lang='lat' dir='ltr'>de</span> <span class='ocrx_word' id='word_1_492' title='bbox 3498 2665 3638 2719; x_wconf 84' lang='lat' dir='ltr'>vanis</span> 
     </span>
    </p>
   </div>
   <div class='ocr_carea' id='block_1_48' title="bbox 2047 2752 3636 2826">
    <p class='ocr_par' dir='ltr' id='par_1_48' title="bbox 2047 2752 3636 2826">
     <span class='ocr_line' id='line_1_48' title="bbox 2047 2752 3636 2826; baseline 0 -19"><span class='ocrx_word' id='word_1_493' title='bbox 2047 2753 2360 2809; x_wconf 89' lang='lat' dir='ltr'>desideriis.</span> <span class='ocrx_word' id='word_1_494' title='bbox 2384 2755 2456 2809; x_wconf 91' lang='lat' dir='ltr'>Et</span> <span class='ocrx_word' id='word_1_495' title='bbox 2473 2754 2616 2809; x_wconf 87' lang='lat' dir='ltr'>dixit</span> <span class='ocrx_word' id='word_1_496' title='bbox 2633 2754 2686 2810; x_wconf 91' lang='lat' dir='ltr'>ei</span> <span class='ocrx_word' id='word_1_497' title='bbox 2706 2754 2879 2810; x_wconf 88' lang='lat' dir='ltr'>abbas</span> <span class='ocrx_word' id='word_1_498' title='bbox 2907 2752 3107 2809; x_wconf 87' lang='lat' dir='ltr'>Pastor</span> <span class='ocrx_word' id='word_1_499' title='bbox 3125 2771 3136 2807; x_wconf 94' lang='lat'>:</span> <span class='ocrx_word' id='word_1_500' title='bbox 3163 2753 3437 2826; x_wconf 90' lang='lat' dir='ltr'>Nunquid</span> <span class='ocrx_word' id='word_1_501' title='bbox 3453 2753 3636 2825; x_wconf 70' lang='lat' dir='ltr'>gloria-</span> 
     </span>
    </p>
   </div>
   <div class='ocr_carea' id='block_1_49' title="bbox 2044 2842 3639 2916">
    <p class='ocr_par' dir='ltr' id='par_1_49' title="bbox 2044 2842 3639 2916">
     <span class='ocr_line' id='line_1_49' title="bbox 2044 2842 3639 2916; baseline 0 -18"><span class='ocrx_word' id='word_1_502' title='bbox 2044 2842 2199 2899; x_wconf 91' lang='lat' dir='ltr'>bitur</span> <span class='ocrx_word' id='word_1_503' title='bbox 2224 2848 2410 2911; x_wconf 67' lang='grc' dir='ltr'>θυι</span> <span class='ocrx_word' id='word_1_504' title='bbox 2463 2844 2676 2900; x_wconf 90' lang='lat' dir='ltr'>securis</span> <span class='ocrx_word' id='word_1_505' title='bbox 2710 2843 2832 2899; x_wconf 88' lang='lat' dir='ltr'>sine</span> <span class='ocrx_word' id='word_1_506' title='bbox 2869 2859 2935 2898; x_wconf 89' lang='lat' dir='ltr'>eo</span> <span class='ocrx_word' id='word_1_507' title='bbox 2972 2842 3068 2915; x_wconf 89' lang='lat' dir='ltr'>qui</span> <span class='ocrx_word' id='word_1_508' title='bbox 3113 2842 3319 2899; x_wconf 91' lang='lat' dir='ltr'>incidit</span> <span class='ocrx_word' id='word_1_509' title='bbox 3375 2860 3499 2898; x_wconf 91' lang='lat' dir='ltr'>cum</span> <span class='ocrx_word' id='word_1_510' title='bbox 3526 2843 3639 2916; x_wconf 87' lang='lat' dir='ltr'>ipsa</span> 
     </span>
    </p>
   </div>
   <div class='ocr_carea' id='block_1_50' title="bbox 2046 2931 3639 3005">
    <p class='ocr_par' dir='ltr' id='par_1_50' title="bbox 2046 2931 3639 3005">
     <span class='ocr_line' id='line_1_50' title="bbox 2046 2931 3639 3005; baseline 0 -18"><span class='ocrx_word' id='word_1_511' title='bbox 2046 2931 2195 3003; x_wconf 77' lang='lat' dir='ltr'>(lsai.</span> <span class='ocrx_word' id='word_1_512' title='bbox 2228 2932 2323 3003; x_wconf 86' lang='lat' dir='ltr'>x)?</span> <span class='ocrx_word' id='word_1_513' title='bbox 2353 2934 2423 2989; x_wconf 92' lang='lat' dir='ltr'>Et</span> <span class='ocrx_word' id='word_1_514' title='bbox 2466 2937 2529 2989; x_wconf 91' lang='lat' dir='ltr'>tu</span> <span class='ocrx_word' id='word_1_515' title='bbox 2582 2949 2717 3005; x_wconf 91' lang='lat' dir='ltr'>ergo</span> <span class='ocrx_word' id='word_1_516' title='bbox 2761 2948 2875 2989; x_wconf 89' lang='lat' dir='ltr'>non</span> <span class='ocrx_word' id='word_1_517' title='bbox 2919 2931 3000 2988; x_wconf 92' lang='lat' dir='ltr'>eis</span> <span class='ocrx_word' id='word_1_518' title='bbox 3039 2933 3302 3005; x_wconf 84' lang='lat' dir='ltr'>porrigas</span> <span class='ocrx_word' id='word_1_519' title='bbox 3340 2949 3556 2999; x_wconf 87' lang='lat' dir='ltr'>manus,</span> <span class='ocrx_word' id='word_1_520' title='bbox 3586 2938 3639 2987; x_wconf 89' lang='lat' dir='ltr'>et</span> 
     </span>
    </p>
   </div>
   <div class='ocr_carea' id='block_1_51' title="bbox 439 3006 2462 3096">
    <p class='ocr_par' dir='ltr' id='par_1_51' title="bbox 439 3006 2462 3096">
     <span class='ocr_line' id='line_1_51' title="bbox 439 3006 2462 3096; baseline -0.003 -14"><span class='ocrx_word' id='word_1_521' title='bbox 439 3006 542 3083; x_wconf 22' lang='lat'>39.7</span> <span class='ocrx_word' id='word_1_522' title='bbox 557 3024 723 3080; x_wconf 84' lang='lat' dir='ltr'>Abiit</span> <span class='ocrx_word' id='word_1_523' title='bbox 737 3024 966 3096; x_wconf 88' lang='lat' dir='ltr'>quidam</span> <span class='ocrx_word' id='word_1_524' title='bbox 995 3023 1170 3079; x_wconf 87' lang='lat' dir='ltr'>frater</span> <span class='ocrx_word' id='word_1_525' title='bbox 1196 3023 1497 3095; x_wconf 90' lang='lat' dir='ltr'>aliquando</span> <span class='ocrx_word' id='word_1_526' title='bbox 1526 3023 1596 3079; x_wconf 91' lang='lat' dir='ltr'>de</span> <span class='ocrx_word' id='word_1_527' title='bbox 1624 3006 2028 3080; x_wconf 74' lang='lat' dir='ltr'>monasterioc</span> <span class='ocrx_word' id='word_1_528' title='bbox 2053 3021 2247 3078; x_wconf 75' lang='lat' dir='ltr'>otiosae</span> <span class='ocrx_word' id='word_1_529' title='bbox 2277 3028 2462 3087; x_wconf 83' lang='lat' dir='ltr'>erunt.</span> 
     </span>
    </p>
   </div>
   <div class='ocr_carea' id='block_1_52' title="bbox 364 3112 1962 3185">
    <p class='ocr_par' dir='ltr' id='par_1_52' title="bbox 364 3112 1962 3185">
     <span class='ocr_line' id='line_1_52' title="bbox 364 3112 1962 3185; baseline -0.001 -14"><span class='ocrx_word' id='word_1_530' title='bbox 364 3115 584 3171; x_wconf 87' lang='lat' dir='ltr'>abbatis</span> <span class='ocrx_word' id='word_1_531' title='bbox 610 3114 858 3170; x_wconf 90' lang='lat' dir='ltr'>Pastoris</span> <span class='ocrx_word' id='word_1_532' title='bbox 885 3113 944 3169; x_wconf 92' lang='lat' dir='ltr'>in</span> <span class='ocrx_word' id='word_1_533' title='bbox 973 3129 1206 3185; x_wconf 89' lang='lat' dir='ltr'>peregre</span> <span class='ocrx_word' id='word_1_534' title='bbox 1246 3115 1429 3181; x_wconf 66' lang='lat' dir='ltr'>(Ila/[2,</span> <span class='ocrx_word' id='word_1_535' title='bbox 1463 3114 1558 3168; x_wconf 78' lang='lat' dir='ltr'>lib.</span> <span class='ocrx_word' id='word_1_536' title='bbox 1602 3128 1685 3180; x_wconf 87' lang='lat' dir='ltr'>Ill,</span> <span class='ocrx_word' id='word_1_537' title='bbox 1720 3130 1779 3169; x_wconf 86' lang='grc' dir='ltr'>η.</span> <span class='ocrx_word' id='word_1_538' title='bbox 1813 3112 1962 3184; x_wconf 77' lang='grc'>114),</span> 
     </span>
    </p>
   </div>
   <div class='ocr_carea' id='block_1_53' title="bbox 369 3201 1966 3278">
    <p class='ocr_par' dir='ltr' id='par_1_53' title="bbox 369 3201 1966 3278">
     <span class='ocr_line' id='line_1_53' title="bbox 369 3201 1966 3278; baseline -0.003 -17"><span class='ocrx_word' id='word_1_539' title='bbox 369 3209 428 3261; x_wconf 88' lang='lat' dir='ltr'>et</span> <span class='ocrx_word' id='word_1_540' title='bbox 453 3203 723 3278; x_wconf 82' lang='lat' dir='ltr'>applicuit</span> <span class='ocrx_word' id='word_1_541' title='bbox 740 3203 811 3258; x_wconf 89' lang='lat' dir='ltr'>ad</span> <span class='ocrx_word' id='word_1_542' title='bbox 840 3202 1141 3275; x_wconf 91' lang='lat' dir='ltr'>quemdam</span> <span class='ocrx_word' id='word_1_543' title='bbox 1164 3201 1476 3257; x_wconf 89' lang='lat' dir='ltr'>solitarium</span> <span class='ocrx_word' id='word_1_544' title='bbox 1501 3219 1514 3270; x_wconf 92' lang='lat'>;</span> <span class='ocrx_word' id='word_1_545' title='bbox 1547 3206 1670 3257; x_wconf 90' lang='lat' dir='ltr'>erat</span> <span class='ocrx_word' id='word_1_546' title='bbox 1695 3202 1966 3257; x_wconf 90' lang='lat' dir='ltr'>enimille</span> 
     </span>
    </p>
   </div>
   <div class='ocr_carea' id='block_1_54' title="bbox 371 3290 1968 3356">
    <p class='ocr_par' dir='ltr' id='par_1_54' title="bbox 371 3290 1968 3356">
     <span class='ocr_line' id='line_1_54' title="bbox 371 3290 1968 3356; baseline -0.001 -7"><span class='ocrx_word' id='word_1_547' title='bbox 371 3294 584 3349; x_wconf 85' lang='lat' dir='ltr'>habens</span> <span class='ocrx_word' id='word_1_548' title='bbox 604 3308 731 3349; x_wconf 90' lang='lat' dir='ltr'>cum</span> <span class='ocrx_word' id='word_1_549' title='bbox 760 3290 1020 3347; x_wconf 89' lang='lat' dir='ltr'>omnibus</span> <span class='ocrx_word' id='word_1_550' title='bbox 1032 3291 1382 3356; x_wconf 88' lang='lat' dir='ltr'>charitatem,</span> <span class='ocrx_word' id='word_1_551' title='bbox 1409 3296 1467 3346; x_wconf 91' lang='lat' dir='ltr'>et</span> <span class='ocrx_word' id='word_1_552' title='bbox 1485 3291 1649 3346; x_wconf 90' lang='lat' dir='ltr'>multi</span> <span class='ocrx_word' id='word_1_553' title='bbox 1669 3291 1968 3348; x_wconf 88' lang='lat' dir='ltr'>veniebant</span> 
     </span>
    </p>
   </div>
   <div class='ocr_carea' id='block_1_55' title="bbox 370 3380 1969 3453">
    <p class='ocr_par' dir='ltr' id='par_1_55' title="bbox 370 3380 1969 3453">
     <span class='ocr_line' id='line_1_55' title="bbox 370 3380 1969 3453; baseline -0.002 -14"><span class='ocrx_word' id='word_1_554' title='bbox 370 3383 441 3439; x_wconf 84' lang='lat' dir='ltr'>ad</span> <span class='ocrx_word' id='word_1_555' title='bbox 471 3399 621 3439; x_wconf 91' lang='lat' dir='ltr'>eum.</span> <span class='ocrx_word' id='word_1_556' title='bbox 657 3380 948 3437; x_wconf 91' lang='lat' dir='ltr'>Nuntiavit</span> <span class='ocrx_word' id='word_1_557' title='bbox 975 3384 1165 3436; x_wconf 89' lang='lat' dir='ltr'>autem</span> <span class='ocrx_word' id='word_1_558' title='bbox 1194 3380 1246 3435; x_wconf 90' lang='lat' dir='ltr'>ei</span> <span class='ocrx_word' id='word_1_559' title='bbox 1275 3380 1450 3435; x_wconf 88' lang='lat' dir='ltr'>frater</span> <span class='ocrx_word' id='word_1_560' title='bbox 1483 3380 1578 3437; x_wconf 92' lang='lat' dir='ltr'>ille</span> <span class='ocrx_word' id='word_1_561' title='bbox 1615 3382 1872 3453; x_wconf 67' lang='lat' dir='ltr'>quaedam</span> <span class='ocrx_word' id='word_1_562' title='bbox 1899 3382 1969 3436; x_wconf 91' lang='lat' dir='ltr'>de</span> 
     </span>
    </p>
   </div>
   <div class='ocr_carea' id='block_1_56' title="bbox 371 3469 1966 3542">
    <p class='ocr_par' dir='ltr' id='par_1_56' title="bbox 371 3469 1966 3542">
     <span class='ocr_line' id='line_1_56' title="bbox 371 3469 1966 3542; baseline 0 -15"><span class='ocrx_word' id='word_1_563' title='bbox 371 3472 572 3527; x_wconf 89' lang='lat' dir='ltr'>abbate</span> <span class='ocrx_word' id='word_1_564' title='bbox 609 3472 842 3526; x_wconf 89' lang='lat' dir='ltr'>Pastore</span> <span class='ocrx_word' id='word_1_565' title='bbox 870 3489 885 3526; x_wconf 90' lang='lat'>:</span> <span class='ocrx_word' id='word_1_566' title='bbox 918 3469 1016 3541; x_wconf 88' lang='lat' dir='ltr'>qui</span> <span class='ocrx_word' id='word_1_567' title='bbox 1044 3470 1281 3525; x_wconf 91' lang='lat' dir='ltr'>audiens</span> <span class='ocrx_word' id='word_1_568' title='bbox 1326 3469 1590 3525; x_wconf 76' lang='lat' dir='ltr'>virtutem</span> <span class='ocrx_word' id='word_1_569' title='bbox 1619 3470 1795 3526; x_wconf 89' lang='lat' dir='ltr'>animi</span> <span class='ocrx_word' id='word_1_570' title='bbox 1825 3472 1966 3542; x_wconf 90' lang='lat' dir='ltr'>ejus,</span> 
     </span>
    </p>
   </div>
   <div class='ocr_carea' id='block_1_57' title="bbox 372 3560 1971 3618">
    <p class='ocr_par' dir='ltr' id='par_1_57' title="bbox 372 3560 1971 3618">
     <span class='ocr_line' id='line_1_57' title="bbox 372 3560 1971 3618; baseline -0.001 -1"><span class='ocrx_word' id='word_1_571' title='bbox 372 3560 713 3617; x_wconf 88' lang='lat' dir='ltr'>desideravit</span> <span class='ocrx_word' id='word_1_572' title='bbox 732 3577 862 3615; x_wconf 90' lang='lat' dir='ltr'>eum</span> <span class='ocrx_word' id='word_1_573' title='bbox 884 3560 1092 3615; x_wconf 89' lang='lat' dir='ltr'>videre.</span> <span class='ocrx_word' id='word_1_574' title='bbox 1115 3566 1260 3618; x_wconf 89' lang='lat' dir='ltr'>Cum</span> <span class='ocrx_word' id='word_1_575' title='bbox 1278 3576 1536 3615; x_wconf 88' lang='lat' dir='ltr'>reversus</span> <span class='ocrx_word' id='word_1_576' title='bbox 1564 3565 1754 3616; x_wconf 88' lang='lat' dir='ltr'>autem</span> <span class='ocrx_word' id='word_1_577' title='bbox 1774 3560 1971 3616; x_wconf 88' lang='lat' dir='ltr'>fuisset</span> 
     </span>
    </p>
   </div>
   <div class='ocr_carea' id='block_1_58' title="bbox 372 3649 1974 3726">
    <p class='ocr_par' dir='ltr' id='par_1_58' title="bbox 372 3649 1974 3726">
     <span class='ocr_line' id='line_1_58' title="bbox 372 3649 1974 3726; baseline -0.001 -20"><span class='ocrx_word' id='word_1_578' title='bbox 372 3652 548 3707; x_wconf 85' lang='lat' dir='ltr'>frater</span> <span class='ocrx_word' id='word_1_579' title='bbox 575 3650 670 3705; x_wconf 84' lang='lat' dir='ltr'>ille</span> <span class='ocrx_word' id='word_1_580' title='bbox 696 3650 755 3704; x_wconf 91' lang='lat' dir='ltr'>in</span> <span class='ocrx_word' id='word_1_581' title='bbox 780 3649 1039 3721; x_wconf 64' lang='lat' dir='ltr'>Egypte,</span> <span class='ocrx_word' id='word_1_582' title='bbox 1063 3654 1191 3720; x_wconf 89' lang='lat' dir='ltr'>post</span> <span class='ocrx_word' id='word_1_583' title='bbox 1217 3649 1570 3726; x_wconf 76' lang='lat' dir='ltr'>aliquantum</span> <span class='ocrx_word' id='word_1_584' title='bbox 1584 3652 1820 3722; x_wconf 76' lang='lat' dir='ltr'>‘tempus</span> <span class='ocrx_word' id='word_1_585' title='bbox 1846 3666 1974 3705; x_wconf 84' lang='lat' dir='ltr'>sur-</span> 
     </span>
    </p>
   </div>
   <div class='ocr_carea' id='block_1_59' title="bbox 372 3736 1971 3811">
    <p class='ocr_par' dir='ltr' id='par_1_59' title="bbox 372 3736 1971 3811">
     <span class='ocr_line' id='line_1_59' title="bbox 372 3736 1971 3811; baseline -0.001 -16"><span class='ocrx_word' id='word_1_586' title='bbox 372 3757 512 3811; x_wconf 90' lang='lat' dir='ltr'>gens</span> <span class='ocrx_word' id='word_1_587' title='bbox 539 3739 894 3811; x_wconf 90' lang='lat' dir='ltr'>supradictus</span> <span class='ocrx_word' id='word_1_588' title='bbox 924 3737 1226 3804; x_wconf 86' lang='lat' dir='ltr'>solitarius,</span> <span class='ocrx_word' id='word_1_589' title='bbox 1258 3736 1414 3793; x_wconf 89' lang='lat' dir='ltr'>venit</span> <span class='ocrx_word' id='word_1_590' title='bbox 1451 3742 1517 3792; x_wconf 88' lang='lat' dir='ltr'>ut</span> <span class='ocrx_word' id='word_1_591' title='bbox 1559 3739 1889 3810; x_wconf 89' lang='lat' dir='ltr'>peregrinus</span> <span class='ocrx_word' id='word_1_592' title='bbox 1914 3740 1971 3794; x_wconf 93' lang='lat' dir='ltr'>in</span> 
     </span>
    </p>
   </div>
   <div class='ocr_carea' id='block_1_60' title="bbox 375 3826 1974 3900">
    <p class='ocr_par' dir='ltr' id='par_1_60' title="bbox 375 3826 1974 3900">
     <span class='ocr_line' id='line_1_60' title="bbox 375 3826 1974 3900; baseline 0.001 -19"><span class='ocrx_word' id='word_1_593' title='bbox 375 3829 679 3900; x_wconf 67' lang='lat' dir='ltr'>Egyptum</span> <span class='ocrx_word' id='word_1_594' title='bbox 700 3827 769 3881; x_wconf 87' lang='lat' dir='ltr'>ad</span> <span class='ocrx_word' id='word_1_595' title='bbox 790 3826 1050 3881; x_wconf 90' lang='lat' dir='ltr'>eumdem</span> <span class='ocrx_word' id='word_1_596' title='bbox 1070 3826 1321 3893; x_wconf 87' lang='lat' dir='ltr'>fratrem,</span> <span class='ocrx_word' id='word_1_597' title='bbox 1338 3826 1431 3897; x_wconf 87' lang='lat' dir='ltr'>qui</span> <span class='ocrx_word' id='word_1_598' title='bbox 1453 3827 1610 3898; x_wconf 88' lang='lat' dir='ltr'>prius</span> <span class='ocrx_word' id='word_1_599' title='bbox 1627 3827 1974 3899; x_wconf 85' lang='lat' dir='ltr'>applicuerat</span> 
     </span>
    </p>
   </div>
   <div class='ocr_carea' id='block_1_61' title="bbox 377 3914 1972 3989">
    <p class='ocr_par' dir='ltr' id='par_1_61' title="bbox 377 3914 1972 3989">
     <span class='ocr_line' id='line_1_61' title="bbox 377 3914 1972 3989; baseline 0.001 -18"><span class='ocrx_word' id='word_1_600' title='bbox 377 3917 526 3989; x_wconf 87' lang='lat' dir='ltr'>apud</span> <span class='ocrx_word' id='word_1_601' title='bbox 557 3916 760 3987; x_wconf 88' lang='lat' dir='ltr'>ipsum,</span> <span class='ocrx_word' id='word_1_602' title='bbox 806 3914 1029 3969; x_wconf 85' lang='lat' dir='ltr'>dixerat</span> <span class='ocrx_word' id='word_1_603' title='bbox 1066 3914 1215 3969; x_wconf 88' lang='lat' dir='ltr'>enim</span> <span class='ocrx_word' id='word_1_604' title='bbox 1251 3914 1303 3970; x_wconf 91' lang='lat' dir='ltr'>ei</span> <span class='ocrx_word' id='word_1_605' title='bbox 1332 3914 1427 3970; x_wconf 91' lang='lat' dir='ltr'>ubi</span> <span class='ocrx_word' id='word_1_606' title='bbox 1457 3921 1728 3972; x_wconf 89' lang='lat' dir='ltr'>maneret.</span> <span class='ocrx_word' id='word_1_607' title='bbox 1762 3917 1972 3973; x_wconf 83' lang='lat' dir='ltr'>Videns</span> 
     </span>
    </p>
   </div>
   <div class='ocr_carea' id='block_1_62' title="bbox 377 4003 1970 4075">
    <p class='ocr_par' dir='ltr' id='par_1_62' title="bbox 377 4003 1970 4075">
     <span class='ocr_line' id='line_1_62' title="bbox 377 4003 1970 4075; baseline 0.001 -15"><span class='ocrx_word' id='word_1_608' title='bbox 377 4009 566 4060; x_wconf 88' lang='lat' dir='ltr'>autem</span> <span class='ocrx_word' id='word_1_609' title='bbox 583 4004 696 4068; x_wconf 92' lang='lat' dir='ltr'>ille,</span> <span class='ocrx_word' id='word_1_610' title='bbox 720 4003 955 4059; x_wconf 88' lang='lat' dir='ltr'>miratus</span> <span class='ocrx_word' id='word_1_611' title='bbox 979 4007 1067 4058; x_wconf 88' lang='lat' dir='ltr'>est</span> <span class='ocrx_word' id='word_1_612' title='bbox 1088 4008 1144 4058; x_wconf 90' lang='lat' dir='ltr'>et</span> <span class='ocrx_word' id='word_1_613' title='bbox 1167 4004 1324 4059; x_wconf 80' lang='lat' dir='ltr'>valde</span> <span class='ocrx_word' id='word_1_614' title='bbox 1337 4004 1584 4075; x_wconf 88' lang='lat' dir='ltr'>gavisus.</span> <span class='ocrx_word' id='word_1_615' title='bbox 1607 4005 1759 4061; x_wconf 88' lang='lat' dir='ltr'>Dixit</span> <span class='ocrx_word' id='word_1_616' title='bbox 1781 4012 1970 4062; x_wconf 86' lang='lat' dir='ltr'>autem</span> 
     </span>
    </p>
   </div>
   <div class='ocr_carea' id='block_1_63' title="bbox 377 4092 1972 4167">
    <p class='ocr_par' dir='ltr' id='par_1_63' title="bbox 377 4092 1972 4167">
     <span class='ocr_line' id='line_1_63' title="bbox 377 4092 1972 4167; baseline 0.002 -18"><span class='ocrx_word' id='word_1_617' title='bbox 377 4095 429 4149; x_wconf 90' lang='lat' dir='ltr'>ei</span> <span class='ocrx_word' id='word_1_618' title='bbox 453 4093 548 4149; x_wconf 90' lang='lat' dir='ltr'>ille</span> <span class='ocrx_word' id='word_1_619' title='bbox 587 4093 872 4149; x_wconf 89' lang='lat' dir='ltr'>solitarius</span> <span class='ocrx_word' id='word_1_620' title='bbox 914 4111 926 4146; x_wconf 94' lang='lat'>:</span> <span class='ocrx_word' id='word_1_621' title='bbox 963 4092 1207 4149; x_wconf 89' lang='lat' dir='ltr'>Ostende</span> <span class='ocrx_word' id='word_1_622' title='bbox 1235 4093 1569 4149; x_wconf 87' lang='lat' dir='ltr'>charitatem</span> <span class='ocrx_word' id='word_1_623' title='bbox 1600 4112 1772 4167; x_wconf 88' lang='lat' dir='ltr'>quam</span> <span class='ocrx_word' id='word_1_624' title='bbox 1800 4096 1972 4152; x_wconf 90' lang='lat' dir='ltr'>habes</span> 
     </span>
    </p>
   </div>
   <div class='ocr_carea' id='block_1_64' title="bbox 377 4181 1972 4247">
    <p class='ocr_par' dir='ltr' id='par_1_64' title="bbox 377 4181 1972 4247">
     <span class='ocr_line' id='line_1_64' title="bbox 377 4181 1972 4247; baseline 0.001 -7"><span class='ocrx_word' id='word_1_625' title='bbox 377 4184 438 4240; x_wconf 92' lang='lat' dir='ltr'>in</span> <span class='ocrx_word' id='word_1_626' title='bbox 467 4200 578 4247; x_wconf 84' lang='lat' dir='ltr'>me.</span> <span class='ocrx_word' id='word_1_627' title='bbox 602 4189 659 4238; x_wconf 90' lang='lat' dir='ltr'>et</span> <span class='ocrx_word' id='word_1_628' title='bbox 685 4183 795 4238; x_wconf 91' lang='lat' dir='ltr'>duc</span> <span class='ocrx_word' id='word_1_629' title='bbox 826 4198 916 4237; x_wconf 88' lang='lat' dir='ltr'>me</span> <span class='ocrx_word' id='word_1_630' title='bbox 945 4183 1016 4238; x_wconf 89' lang='lat' dir='ltr'>ad</span> <span class='ocrx_word' id='word_1_631' title='bbox 1054 4181 1314 4238; x_wconf 85' lang='lat' dir='ltr'>abbatem</span> <span class='ocrx_word' id='word_1_632' title='bbox 1341 4183 1650 4239; x_wconf 86' lang='lat' dir='ltr'>Pastorem.</span> <span class='ocrx_word' id='word_1_633' title='bbox 1674 4185 1744 4240; x_wconf 86' lang='lat' dir='ltr'>Et</span> <span class='ocrx_word' id='word_1_634' title='bbox 1769 4186 1972 4242; x_wconf 89' lang='lat' dir='ltr'>tollens</span> 
     </span>
    </p>
   </div>
   <div class='ocr_carea' id='block_1_65' title="bbox 377 4272 1965 4342">
    <p class='ocr_par' dir='ltr' id='par_1_65' title="bbox 377 4272 1965 4342">
     <span class='ocr_line' id='line_1_65' title="bbox 377 4272 1965 4342; baseline -0.001 -12"><span class='ocrx_word' id='word_1_635' title='bbox 377 4291 526 4340; x_wconf 88' lang='lat' dir='ltr'>eum,</span> <span class='ocrx_word' id='word_1_636' title='bbox 552 4273 713 4329; x_wconf 88' lang='lat' dir='ltr'>duxit</span> <span class='ocrx_word' id='word_1_637' title='bbox 737 4273 809 4327; x_wconf 90' lang='lat' dir='ltr'>ad</span> <span class='ocrx_word' id='word_1_638' title='bbox 837 4274 1049 4341; x_wconf 78' lang='lat' dir='ltr'>Senem,</span> <span class='ocrx_word' id='word_1_639' title='bbox 1077 4277 1135 4327; x_wconf 90' lang='lat' dir='ltr'>et</span> <span class='ocrx_word' id='word_1_640' title='bbox 1162 4272 1442 4328; x_wconf 85' lang='lat' dir='ltr'>nuntiavit</span> <span class='ocrx_word' id='word_1_641' title='bbox 1460 4273 1512 4328; x_wconf 93' lang='lat' dir='ltr'>ei</span> <span class='ocrx_word' id='word_1_642' title='bbox 1539 4274 1609 4329; x_wconf 90' lang='lat' dir='ltr'>de</span> <span class='ocrx_word' id='word_1_643' title='bbox 1634 4291 1719 4342; x_wconf 91' lang='lat' dir='ltr'>eo,</span> <span class='ocrx_word' id='word_1_644' title='bbox 1743 4275 1965 4332; x_wconf 90' lang='lat' dir='ltr'>dicens:</span> 
     </span>
    </p>
   </div>
   <div class='ocr_carea' id='block_1_66' title="bbox 2117 3111 3629 3185">
    <p class='ocr_par' dir='ltr' id='par_1_66' title="bbox 2117 3111 3629 3185">
     <span class='ocr_line' id='line_1_66' title="bbox 2117 3111 3629 3185; baseline 0.002 -19"><span class='ocrx_word' id='word_1_645' title='bbox 2117 3111 2208 3170; x_wconf 79' lang='lat'>4&#39;2.</span> <span class='ocrx_word' id='word_1_646' title='bbox 2240 3112 2613 3185; x_wconf 88' lang='lat' dir='ltr'>Interrogavit</span> <span class='ocrx_word' id='word_1_647' title='bbox 2632 3113 2896 3169; x_wconf 89' lang='lat' dir='ltr'>eumdem</span> <span class='ocrx_word' id='word_1_648' title='bbox 2915 3127 3233 3168; x_wconf 87' lang='lat' dir='ltr'>sermonem</span> <span class='ocrx_word' id='word_1_649' title='bbox 3255 3112 3432 3168; x_wconf 87' lang='lat' dir='ltr'>abbas</span> <span class='ocrx_word' id='word_1_650' title='bbox 3452 3111 3629 3169; x_wconf 86' lang='lat' dir='ltr'>Isaias.</span> 
     </span>
    </p>
   </div>
   <div class='ocr_carea' id='block_1_67' title="bbox 2047 3201 3630 3274">
    <p class='ocr_par' dir='ltr' id='par_1_67' title="bbox 2047 3201 3630 3274">
     <span class='ocr_line' id='line_1_67' title="bbox 2047 3201 3630 3274; baseline -0.001 -17"><span class='ocrx_word' id='word_1_651' title='bbox 2047 3202 2198 3258; x_wconf 91' lang='lat' dir='ltr'>Dicit</span> <span class='ocrx_word' id='word_1_652' title='bbox 2223 3201 2395 3259; x_wconf 89' lang='lat' dir='ltr'>abbas</span> <span class='ocrx_word' id='word_1_653' title='bbox 2432 3203 2632 3258; x_wconf 90' lang='lat' dir='ltr'>Pastor</span> <span class='ocrx_word' id='word_1_654' title='bbox 2661 3220 2672 3256; x_wconf 91' lang='lat'>:</span> <span class='ocrx_word' id='word_1_655' title='bbox 2710 3202 2868 3257; x_wconf 91' lang='lat' dir='ltr'>Sicut</span> <span class='ocrx_word' id='word_1_656' title='bbox 2894 3219 3063 3274; x_wconf 85' lang='lat' dir='ltr'>capsa</span> <span class='ocrx_word' id='word_1_657' title='bbox 3098 3203 3270 3274; x_wconf 90' lang='lat' dir='ltr'>plena</span> <span class='ocrx_word' id='word_1_658' title='bbox 3300 3202 3561 3266; x_wconf 78' lang='lat' dir='ltr'>vestibus.</span> <span class='ocrx_word' id='word_1_659' title='bbox 3588 3201 3630 3257; x_wconf 91' lang='lat' dir='ltr'>si</span> 
     </span>
    </p>
   </div>
   <div class='ocr_carea' id='block_1_68' title="bbox 2049 3291 3635 3363">
    <p class='ocr_par' dir='ltr' id='par_1_68' title="bbox 2049 3291 3635 3363">
     <span class='ocr_line' id='line_1_68' title="bbox 2049 3291 3635 3363; baseline -0.001 -16"><span class='ocrx_word' id='word_1_660' title='bbox 2049 3291 2282 3347; x_wconf 89' lang='lat' dir='ltr'>dimissa</span> <span class='ocrx_word' id='word_1_661' title='bbox 2294 3292 2462 3348; x_wconf 90' lang='lat' dir='ltr'>fuerit</span> <span class='ocrx_word' id='word_1_662' title='bbox 2478 3298 2732 3363; x_wconf 90' lang='lat' dir='ltr'>tempore</span> <span class='ocrx_word' id='word_1_663' title='bbox 2750 3292 3259 3363; x_wconf 82' lang='lat' dir='ltr'>longo,putrefiunt</span> <span class='ocrx_word' id='word_1_664' title='bbox 3274 3297 3454 3347; x_wconf 89' lang='lat' dir='ltr'>vestes</span> <span class='ocrx_word' id='word_1_665' title='bbox 3472 3292 3528 3347; x_wconf 92' lang='lat' dir='ltr'>in</span> <span class='ocrx_word' id='word_1_666' title='bbox 3559 3308 3635 3358; x_wconf 84' lang='lat' dir='ltr'>ea,</span> 
     </span>
    </p>
   </div>
   <div class='ocr_carea' id='block_1_69' title="bbox 2051 3381 3638 3452">
    <p class='ocr_par' dir='ltr' id='par_1_69' title="bbox 2051 3381 3638 3452">
     <span class='ocr_line' id='line_1_69' title="bbox 2051 3381 3638 3452; baseline 0.001 -17"><span class='ocrx_word' id='word_1_667' title='bbox 2051 3381 2132 3436; x_wconf 90' lang='lat' dir='ltr'>ita</span> <span class='ocrx_word' id='word_1_668' title='bbox 2159 3386 2369 3437; x_wconf 80' lang='lat' dir='ltr'>sunt&#39;et</span> <span class='ocrx_word' id='word_1_669' title='bbox 2393 3381 2763 3452; x_wconf 88' lang='lat' dir='ltr'>cogitationes</span> <span class='ocrx_word' id='word_1_670' title='bbox 2784 3381 2844 3436; x_wconf 91' lang='lat' dir='ltr'>in</span> <span class='ocrx_word' id='word_1_671' title='bbox 2872 3382 3038 3437; x_wconf 92' lang='lat' dir='ltr'>corde</span> <span class='ocrx_word' id='word_1_672' title='bbox 3064 3386 3289 3450; x_wconf 88' lang='lat' dir='ltr'>nostro;</span> <span class='ocrx_word' id='word_1_673' title='bbox 3320 3381 3369 3436; x_wconf 89' lang='lat' dir='ltr'>si</span> <span class='ocrx_word' id='word_1_674' title='bbox 3386 3398 3495 3438; x_wconf 90' lang='lat' dir='ltr'>non</span> <span class='ocrx_word' id='word_1_675' title='bbox 3505 3381 3638 3437; x_wconf 88' lang='lat' dir='ltr'>fece-</span> 
     </span>
    </p>
   </div>
   <div class='ocr_carea' id='block_1_70' title="bbox 2049 3469 3636 3543">
    <p class='ocr_par' dir='ltr' id='par_1_70' title="bbox 2049 3469 3636 3543">
     <span class='ocr_line' id='line_1_70' title="bbox 2049 3469 3636 3543; baseline -0.001 -17"><span class='ocrx_word' id='word_1_676' title='bbox 2049 3470 2225 3526; x_wconf 90' lang='lat' dir='ltr'>rimus</span> <span class='ocrx_word' id='word_1_677' title='bbox 2237 3487 2304 3526; x_wconf 91' lang='lat' dir='ltr'>ea</span> <span class='ocrx_word' id='word_1_678' title='bbox 2318 3471 2700 3543; x_wconf 89' lang='lat' dir='ltr'>corporaliter,</span> <span class='ocrx_word' id='word_1_679' title='bbox 2720 3476 2975 3542; x_wconf 87' lang='lat' dir='ltr'>tempore</span> <span class='ocrx_word' id='word_1_680' title='bbox 3001 3471 3172 3542; x_wconf 92' lang='lat' dir='ltr'>longo</span> <span class='ocrx_word' id='word_1_681' title='bbox 3194 3469 3636 3527; x_wconf 87' lang='lat' dir='ltr'>exterminabun-</span> 
     </span>
    </p>
   </div>
   <div class='ocr_carea' id='block_1_71' title="bbox 2050 3563 2574 3633">
    <p class='ocr_par' dir='ltr' id='par_1_71' title="bbox 2050 3563 2574 3633">
     <span class='ocr_line' id='line_1_71' title="bbox 2050 3563 2574 3633; baseline 0.004 -19"><span class='ocrx_word' id='word_1_682' title='bbox 2050 3564 2145 3615; x_wconf 89' lang='lat' dir='ltr'>tur</span> <span class='ocrx_word' id='word_1_683' title='bbox 2165 3566 2224 3616; x_wconf 88' lang='lat' dir='ltr'>et</span> <span class='ocrx_word' id='word_1_684' title='bbox 2249 3563 2574 3633; x_wconf 86' lang='lat' dir='ltr'>putrefient.</span> 
     </span>
    </p>
   </div>
   <div class='ocr_carea' id='block_1_72' title="bbox 2124 3647 3640 3723">
    <p class='ocr_par' dir='ltr' id='par_1_72' title="bbox 2124 3647 3640 3723">
     <span class='ocr_line' id='line_1_72' title="bbox 2124 3647 3640 3723; baseline -0.004 -15"><span class='ocrx_word' id='word_1_685' title='bbox 2124 3647 2213 3708; x_wconf 76' lang='grc'>43.</span> <span class='ocrx_word' id='word_1_686' title='bbox 2244 3650 2620 3723; x_wconf 88' lang='lat' dir='ltr'>Interrogavit</span> <span class='ocrx_word' id='word_1_687' title='bbox 2645 3649 2818 3706; x_wconf 88' lang='lat' dir='ltr'>abbas</span> <span class='ocrx_word' id='word_1_688' title='bbox 2857 3651 3068 3723; x_wconf 77' lang='lat' dir='ltr'>Ioseph</span> <span class='ocrx_word' id='word_1_689' title='bbox 3108 3650 3180 3706; x_wconf 91' lang='lat' dir='ltr'>de</span> <span class='ocrx_word' id='word_1_690' title='bbox 3217 3651 3418 3707; x_wconf 89' lang='lat' dir='ltr'>eadem</span> <span class='ocrx_word' id='word_1_691' title='bbox 3449 3666 3508 3705; x_wconf 89' lang='lat' dir='ltr'>re</span> <span class='ocrx_word' id='word_1_692' title='bbox 3538 3667 3550 3717; x_wconf 88' lang='lat'>;</span> <span class='ocrx_word' id='word_1_693' title='bbox 3588 3653 3640 3703; x_wconf 85' lang='lat' dir='ltr'>et</span> 
     </span>
    </p>
   </div>
   <div class='ocr_carea' id='block_1_73' title="bbox 2053 3739 3634 3812">
    <p class='ocr_par' dir='ltr' id='par_1_73' title="bbox 2053 3739 3634 3812">
     <span class='ocr_line' id='line_1_73' title="bbox 2053 3739 3634 3812; baseline -0.001 -19"><span class='ocrx_word' id='word_1_694' title='bbox 2053 3739 2193 3794; x_wconf 89' lang='lat' dir='ltr'>dixit</span> <span class='ocrx_word' id='word_1_695' title='bbox 2215 3739 2387 3795; x_wconf 84' lang='lat' dir='ltr'>abbas</span> <span class='ocrx_word' id='word_1_696' title='bbox 2414 3741 2615 3796; x_wconf 88' lang='lat' dir='ltr'>Pastor</span> <span class='ocrx_word' id='word_1_697' title='bbox 2643 3758 2659 3795; x_wconf 91' lang='lat'>:</span> <span class='ocrx_word' id='word_1_698' title='bbox 2702 3740 2861 3796; x_wconf 91' lang='lat' dir='ltr'>Sicut</span> <span class='ocrx_word' id='word_1_699' title='bbox 2889 3739 3015 3812; x_wconf 89' lang='lat' dir='ltr'>quis</span> <span class='ocrx_word' id='word_1_700' title='bbox 3039 3739 3310 3795; x_wconf 91' lang='lat' dir='ltr'>claudens</span> <span class='ocrx_word' id='word_1_701' title='bbox 3338 3744 3634 3812; x_wconf 89' lang='lat' dir='ltr'>serpentem</span> 
     </span>
    </p>
   </div>
   <div class='ocr_carea' id='block_1_74' title="bbox 2056 3829 3635 3902">
    <p class='ocr_par' dir='ltr' id='par_1_74' title="bbox 2056 3829 3635 3902">
     <span class='ocr_line' id='line_1_74' title="bbox 2056 3829 3635 3902; baseline 0.001 -21"><span class='ocrx_word' id='word_1_702' title='bbox 2056 3830 2138 3884; x_wconf 91' lang='lat' dir='ltr'>vel</span> <span class='ocrx_word' id='word_1_703' title='bbox 2166 3829 2515 3902; x_wconf 88' lang='lat' dir='ltr'>scorpionem</span> <span class='ocrx_word' id='word_1_704' title='bbox 2546 3829 2605 3884; x_wconf 92' lang='lat' dir='ltr'>in</span> <span class='ocrx_word' id='word_1_705' title='bbox 2632 3846 2782 3895; x_wconf 83' lang='lat' dir='ltr'>vase,</span> <span class='ocrx_word' id='word_1_706' title='bbox 2807 3835 2866 3885; x_wconf 89' lang='lat' dir='ltr'>et</span> <span class='ocrx_word' id='word_1_707' title='bbox 2880 3829 3110 3885; x_wconf 89' lang='lat' dir='ltr'>obturat</span> <span class='ocrx_word' id='word_1_708' title='bbox 3135 3846 3288 3897; x_wconf 91' lang='lat' dir='ltr'>eum,</span> <span class='ocrx_word' id='word_1_709' title='bbox 3320 3829 3635 3901; x_wconf 89' lang='lat' dir='ltr'>procedente</span> 
     </span>
    </p>
   </div>
   <div class='ocr_carea' id='block_1_75' title="bbox 2052 3918 3630 3991">
    <p class='ocr_par' dir='ltr' id='par_1_75' title="bbox 2052 3918 3630 3991">
     <span class='ocr_line' id='line_1_75' title="bbox 2052 3918 3630 3991; baseline -0.001 -18"><span class='ocrx_word' id='word_1_710' title='bbox 2052 3922 2165 3974; x_wconf 90' lang='lat' dir='ltr'>tem</span> <span class='ocrx_word' id='word_1_711' title='bbox 2172 3936 2306 3991; x_wconf 90' lang='lat' dir='ltr'>pore</span> <span class='ocrx_word' id='word_1_712' title='bbox 2326 3919 2553 3975; x_wconf 90' lang='lat' dir='ltr'>omnino</span> <span class='ocrx_word' id='word_1_713' title='bbox 2571 3920 2812 3975; x_wconf 91' lang='lat' dir='ltr'>moritur</span> <span class='ocrx_word' id='word_1_714' title='bbox 2835 3938 2848 3986; x_wconf 88' lang='lat'>;</span> <span class='ocrx_word' id='word_1_715' title='bbox 2871 3920 2952 3974; x_wconf 86' lang='lat' dir='ltr'>ita</span> <span class='ocrx_word' id='word_1_716' title='bbox 2979 3919 3240 3991; x_wconf 66' lang='lat' dir='ltr'>maligna:</span> <span class='ocrx_word' id='word_1_717' title='bbox 3259 3918 3630 3990; x_wconf 84' lang='lat' dir='ltr'>cogitationes,</span> 
     </span>
    </p>
   </div>
   <div class='ocr_carea' id='block_1_76' title="bbox 2053 4004 3629 4080">
    <p class='ocr_par' dir='ltr' id='par_1_76' title="bbox 2053 4004 3629 4080">
     <span class='ocr_line' id='line_1_76' title="bbox 2053 4004 3629 4080; baseline -0.002 -18"><span class='ocrx_word' id='word_1_718' title='bbox 2053 4024 2178 4078; x_wconf 80' lang='lat' dir='ltr'>quae</span> <span class='ocrx_word' id='word_1_719' title='bbox 2201 4006 2387 4063; x_wconf 90' lang='lat' dir='ltr'>studio</span> <span class='ocrx_word' id='word_1_720' title='bbox 2416 4007 2736 4063; x_wconf 67' lang='lat' dir='ltr'>daemonum</span> <span class='ocrx_word' id='word_1_721' title='bbox 2764 4008 3063 4080; x_wconf 90' lang='lat' dir='ltr'>pullulant,</span> <span class='ocrx_word' id='word_1_722' title='bbox 3098 4006 3378 4079; x_wconf 88' lang='lat' dir='ltr'>patientia</span> <span class='ocrx_word' id='word_1_723' title='bbox 3404 4007 3522 4078; x_wconf 86' lang='lat' dir='ltr'>ejus</span> <span class='ocrx_word' id='word_1_724' title='bbox 3548 4004 3629 4060; x_wconf 85' lang='lat' dir='ltr'>cui</span> 
     </span>
    </p>
   </div>
   <div class='ocr_carea' id='block_1_77' title="bbox 2053 4096 3052 4169">
    <p class='ocr_par' dir='ltr' id='par_1_77' title="bbox 2053 4096 3052 4169">
     <span class='ocr_line' id='line_1_77' title="bbox 2053 4096 3052 4169; baseline 0.002 -19"><span class='ocrx_word' id='word_1_725' title='bbox 2053 4096 2441 4152; x_wconf 83' lang='lat' dir='ltr'>immittuntur</span> <span class='ocrx_word' id='word_1_726' title='bbox 2461 4097 2736 4169; x_wconf 90' lang='lat' dir='ltr'>paulatim</span> <span class='ocrx_word' id='word_1_727' title='bbox 2763 4097 3052 4154; x_wconf 85' lang='lat' dir='ltr'>deﬁciunt.</span> 
     </span>
    </p>
   </div>
   <div class='ocr_carea' id='block_1_78' title="bbox 2121 4184 3631 4260">
    <p class='ocr_par' dir='ltr' id='par_1_78' title="bbox 2121 4184 3631 4260">
     <span class='ocr_line' id='line_1_78' title="bbox 2121 4184 3631 4260; baseline -0.003 -18"><span class='ocrx_word' id='word_1_728' title='bbox 2121 4184 2210 4242; x_wconf 79' lang='grc'>44.</span> <span class='ocrx_word' id='word_1_729' title='bbox 2240 4184 2610 4258; x_wconf 87' lang='lat' dir='ltr'>Interrogavit</span> <span class='ocrx_word' id='word_1_730' title='bbox 2632 4186 2805 4242; x_wconf 90' lang='lat' dir='ltr'>abbas</span> <span class='ocrx_word' id='word_1_731' title='bbox 2828 4187 3033 4260; x_wconf 74' lang='lat' dir='ltr'>Ioseph</span> <span class='ocrx_word' id='word_1_732' title='bbox 3051 4185 3315 4242; x_wconf 89' lang='lat' dir='ltr'>abbatem</span> <span class='ocrx_word' id='word_1_733' title='bbox 3337 4187 3631 4247; x_wconf 87' lang='lat' dir='ltr'>Pastorem,</span> 
     </span>
    </p>
   </div>
   <div class='ocr_carea' id='block_1_79' title="bbox 2053 4274 3630 4349">
    <p class='ocr_par' dir='ltr' id='par_1_79' title="bbox 2053 4274 3630 4349">
     <span class='ocr_line' id='line_1_79' title="bbox 2053 4274 3630 4349; baseline -0.001 -20"><span class='ocrx_word' id='word_1_734' title='bbox 2053 4274 2242 4330; x_wconf 90' lang='lat' dir='ltr'>dicens</span> <span class='ocrx_word' id='word_1_735' title='bbox 2274 4292 2286 4329; x_wconf 95' lang='lat'>:</span> <span class='ocrx_word' id='word_1_736' title='bbox 2318 4275 2611 4340; x_wconf 91' lang='lat' dir='ltr'>Quomodo</span> <span class='ocrx_word' id='word_1_737' title='bbox 2640 4292 2780 4348; x_wconf 84' lang='lat' dir='ltr'>Opus</span> <span class='ocrx_word' id='word_1_738' title='bbox 2800 4281 2884 4331; x_wconf 90' lang='lat' dir='ltr'>est</span> <span class='ocrx_word' id='word_1_739' title='bbox 2916 4277 3179 4349; x_wconf 89' lang='lat' dir='ltr'>jejunare</span> <span class='ocrx_word' id='word_1_740' title='bbox 3210 4277 3397 4346; x_wconf 70' lang='lat' dir='ltr'>(Ruf/2,</span> <span class='ocrx_word' id='word_1_741' title='bbox 3436 4276 3528 4330; x_wconf 78' lang='lat' dir='ltr'>lib.</span> <span class='ocrx_word' id='word_1_742' title='bbox 3558 4287 3630 4338; x_wconf 81' lang='lat' dir='ltr'>nl,</span> 
     </span>
    </p>
   </div>
   <div class='ocr_carea' id='block_1_80' title="bbox 378 4362 3638 4437">
    <p class='ocr_par' dir='ltr' id='par_1_80' title="bbox 378 4362 3638 4437">
     <span class='ocr_line' id='line_1_80' title="bbox 378 4362 3638 4437; baseline -0.001 -18"><span class='ocrx_word' id='word_1_743' title='bbox 378 4364 621 4428; x_wconf 88' lang='lat' dir='ltr'>Quidam</span> <span class='ocrx_word' id='word_1_744' title='bbox 658 4379 897 4433; x_wconf 83' lang='lat' dir='ltr'>magnus</span> <span class='ocrx_word' id='word_1_745' title='bbox 933 4363 1121 4430; x_wconf 90' lang='lat' dir='ltr'>homo,</span> <span class='ocrx_word' id='word_1_746' title='bbox 1154 4367 1211 4418; x_wconf 90' lang='lat' dir='ltr'>et</span> <span class='ocrx_word' id='word_1_747' title='bbox 1239 4364 1477 4419; x_wconf 89' lang='lat' dir='ltr'>multam</span> <span class='ocrx_word' id='word_1_748' title='bbox 1503 4365 1837 4421; x_wconf 89' lang='lat' dir='ltr'>charitatem</span> <span class='ocrx_word' id='word_1_749' title='bbox 1869 4366 1970 4421; x_wconf 87' lang='lat' dir='ltr'>ha-</span> <span class='ocrx_word' id='word_1_750' title='bbox 1990 4363 2111 4426; x_wconf 89' lang='lat' dir='ltr'>Dn.</span> <span class='ocrx_word' id='word_1_751' title='bbox 2146 4362 2267 4434; x_wconf 73' lang='lat'>45)?</span> <span class='ocrx_word' id='word_1_752' title='bbox 2290 4363 2360 4419; x_wconf 89' lang='lat' dir='ltr'>Et</span> <span class='ocrx_word' id='word_1_753' title='bbox 2378 4364 2518 4419; x_wconf 83' lang='lat' dir='ltr'>dixit</span> <span class='ocrx_word' id='word_1_754' title='bbox 2541 4364 2715 4420; x_wconf 89' lang='lat' dir='ltr'>abbas</span> <span class='ocrx_word' id='word_1_755' title='bbox 2750 4366 2950 4421; x_wconf 89' lang='lat' dir='ltr'>Pastor</span> <span class='ocrx_word' id='word_1_756' title='bbox 2980 4383 2996 4423; x_wconf 89' lang='lat'>:</span> <span class='ocrx_word' id='word_1_757' title='bbox 3023 4366 3141 4437; x_wconf 85' lang='lat' dir='ltr'>Ego</span> <span class='ocrx_word' id='word_1_758' title='bbox 3170 4365 3294 4422; x_wconf 90' lang='lat' dir='ltr'>volo</span> <span class='ocrx_word' id='word_1_759' title='bbox 3316 4371 3385 4420; x_wconf 89' lang='lat' dir='ltr'>ut</span> <span class='ocrx_word' id='word_1_760' title='bbox 3409 4362 3638 4437; x_wconf 90' lang='lat' dir='ltr'>quotidie</span> 
     </span>
    </p>
   </div>
   <div class='ocr_carea' id='block_1_81' title="bbox 374 4452 1975 4525">
    <p class='ocr_par' dir='ltr' id='par_1_81' title="bbox 374 4452 1975 4525">
     <span class='ocr_line' id='line_1_81' title="bbox 374 4452 1975 4525; baseline 0.002 -17"><span class='ocrx_word' id='word_1_761' title='bbox 374 4452 533 4519; x_wconf 85' lang='lat' dir='ltr'>hens,</span> <span class='ocrx_word' id='word_1_762' title='bbox 559 4457 617 4507; x_wconf 91' lang='lat' dir='ltr'>et</span> <span class='ocrx_word' id='word_1_763' title='bbox 642 4453 913 4507; x_wconf 90' lang='lat' dir='ltr'>honorem</span> <span class='ocrx_word' id='word_1_764' title='bbox 945 4452 1249 4524; x_wconf 90' lang='lat' dir='ltr'>plurimum</span> <span class='ocrx_word' id='word_1_765' title='bbox 1274 4452 1334 4507; x_wconf 91' lang='lat' dir='ltr'>in</span> <span class='ocrx_word' id='word_1_766' title='bbox 1358 4453 1641 4525; x_wconf 87' lang='lat' dir='ltr'>provincia</span> <span class='ocrx_word' id='word_1_767' title='bbox 1669 4471 1791 4522; x_wconf 89' lang='lat' dir='ltr'>sua,</span> <span class='ocrx_word' id='word_1_768' title='bbox 1822 4455 1975 4511; x_wconf 90' lang='lat' dir='ltr'>venit</span> 
     </span>
    </p>
   </div>
   <div class='ocr_carea' id='block_1_82' title="bbox 375 4541 1975 4617">
    <p class='ocr_par' dir='ltr' id='par_1_82' title="bbox 375 4541 1975 4617">
     <span class='ocr_line' id='line_1_82' title="bbox 375 4541 1975 4617; baseline 0.003 -20"><span class='ocrx_word' id='word_1_769' title='bbox 375 4543 703 4597; x_wconf 89' lang='lat' dir='ltr'>desiderans</span> <span class='ocrx_word' id='word_1_770' title='bbox 730 4541 918 4597; x_wconf 90' lang='lat' dir='ltr'>videre</span> <span class='ocrx_word' id='word_1_771' title='bbox 944 4547 1019 4597; x_wconf 89' lang='lat' dir='ltr'>te.</span> <span class='ocrx_word' id='word_1_772' title='bbox 1053 4541 1309 4614; x_wconf 89' lang='lat' dir='ltr'>Suscepit</span> <span class='ocrx_word' id='word_1_773' title='bbox 1336 4558 1469 4614; x_wconf 87' lang='lat' dir='ltr'>ergo</span> <span class='ocrx_word' id='word_1_774' title='bbox 1491 4560 1617 4599; x_wconf 90' lang='lat' dir='ltr'>eum</span> <span class='ocrx_word' id='word_1_775' title='bbox 1637 4561 1764 4600; x_wconf 91' lang='lat' dir='ltr'>cum</span> <span class='ocrx_word' id='word_1_776' title='bbox 1782 4550 1975 4617; x_wconf 86' lang='lat' dir='ltr'>gratu-</span> 
     </span>
    </p>
   </div>
   <div class='ocr_carea' id='block_1_83' title="bbox 376 4629 1970 4698">
    <p class='ocr_par' dir='ltr' id='par_1_83' title="bbox 376 4629 1970 4698">
     <span class='ocr_line' id='line_1_83' title="bbox 376 4629 1970 4698; baseline 0.004 -14"><span class='ocrx_word' id='word_1_777' title='bbox 376 4631 587 4687; x_wconf 89' lang='lat' dir='ltr'>latione</span> <span class='ocrx_word' id='word_1_778' title='bbox 617 4648 804 4698; x_wconf 86' lang='lat' dir='ltr'>senex,</span> <span class='ocrx_word' id='word_1_779' title='bbox 834 4638 892 4686; x_wconf 88' lang='lat' dir='ltr'>et</span> <span class='ocrx_word' id='word_1_780' title='bbox 918 4629 1229 4686; x_wconf 84' lang='lat' dir='ltr'>salutantes</span> <span class='ocrx_word' id='word_1_781' title='bbox 1258 4648 1319 4685; x_wconf 90' lang='lat' dir='ltr'>se</span> <span class='ocrx_word' id='word_1_782' title='bbox 1356 4631 1591 4687; x_wconf 92' lang='lat' dir='ltr'>invicem</span> <span class='ocrx_word' id='word_1_783' title='bbox 1620 4634 1970 4691; x_wconf 87' lang='lat' dir='ltr'>resederunt.</span> 
     </span>
    </p>
   </div>
   <div class='ocr_carea' id='block_1_84' title="bbox 380 4720 1974 4795">
    <p class='ocr_par' dir='ltr' id='par_1_84' title="bbox 380 4720 1974 4795">
     <span class='ocr_line' id='line_1_84' title="bbox 380 4720 1974 4795; baseline 0.003 -21"><span class='ocrx_word' id='word_1_784' title='bbox 380 4721 563 4792; x_wconf 75' lang='lat' dir='ltr'>Coepit</span> <span class='ocrx_word' id='word_1_785' title='bbox 577 4727 765 4776; x_wconf 89' lang='lat' dir='ltr'>autem</span> <span class='ocrx_word' id='word_1_786' title='bbox 786 4720 939 4793; x_wconf 87' lang='lat' dir='ltr'>loqui</span> <span class='ocrx_word' id='word_1_787' title='bbox 952 4720 1281 4792; x_wconf 86' lang='lat' dir='ltr'>peregrinus</span> <span class='ocrx_word' id='word_1_788' title='bbox 1290 4720 1384 4775; x_wconf 85' lang='lat' dir='ltr'>ille</span> <span class='ocrx_word' id='word_1_789' title='bbox 1397 4720 1574 4775; x_wconf 84' lang='lat' dir='ltr'>frater</span> <span class='ocrx_word' id='word_1_790' title='bbox 1586 4721 1657 4776; x_wconf 88' lang='lat' dir='ltr'>de</span> <span class='ocrx_word' id='word_1_791' title='bbox 1670 4723 1891 4795; x_wconf 82' lang='lat' dir='ltr'>Scriptu</span> <span class='ocrx_word' id='word_1_792' title='bbox 1898 4725 1974 4779; x_wconf 89' lang='lat' dir='ltr'>ris</span> 
     </span>
    </p>
   </div>
   <div class='ocr_carea' id='block_1_85' title="bbox 379 4808 1971 4883">
    <p class='ocr_par' dir='ltr' id='par_1_85' title="bbox 379 4808 1971 4883">
     <span class='ocr_line' id='line_1_85' title="bbox 379 4808 1971 4883; baseline 0.004 -20"><span class='ocrx_word' id='word_1_793' title='bbox 379 4810 607 4876; x_wconf 90' lang='lat' dir='ltr'>sanctis,</span> <span class='ocrx_word' id='word_1_794' title='bbox 641 4816 699 4864; x_wconf 90' lang='lat' dir='ltr'>et</span> <span class='ocrx_word' id='word_1_795' title='bbox 726 4811 796 4865; x_wconf 89' lang='lat' dir='ltr'>de</span> <span class='ocrx_word' id='word_1_796' title='bbox 816 4810 984 4865; x_wconf 90' lang='lat' dir='ltr'>rebus</span> <span class='ocrx_word' id='word_1_797' title='bbox 1012 4808 1399 4882; x_wconf 85' lang='lat' dir='ltr'>spiritualibus</span> <span class='ocrx_word' id='word_1_798' title='bbox 1427 4815 1597 4882; x_wconf 89' lang='lat' dir='ltr'>atque</span> <span class='ocrx_word' id='word_1_799' title='bbox 1625 4812 1971 4883; x_wconf 74' lang='lat' dir='ltr'>caelestibus;</span> 
     </span>
    </p>
   </div>
   <div class='ocr_carea' id='block_1_86' title="bbox 382 4894 1977 4968">
    <p class='ocr_par' dir='ltr' id='par_1_86' title="bbox 382 4894 1977 4968">
     <span class='ocr_line' id='line_1_86' title="bbox 382 4894 1977 4968; baseline 0.004 -17"><span class='ocrx_word' id='word_1_800' title='bbox 382 4897 553 4952; x_wconf 86' lang='lat' dir='ltr'>abbas</span> <span class='ocrx_word' id='word_1_801' title='bbox 577 4904 765 4954; x_wconf 89' lang='lat' dir='ltr'>autem</span> <span class='ocrx_word' id='word_1_802' title='bbox 797 4894 997 4954; x_wconf 88' lang='lat' dir='ltr'>Pastor</span> <span class='ocrx_word' id='word_1_803' title='bbox 1011 4898 1215 4954; x_wconf 90' lang='lat' dir='ltr'>avertit</span> <span class='ocrx_word' id='word_1_804' title='bbox 1231 4898 1430 4953; x_wconf 88' lang='lat' dir='ltr'>faciem</span> <span class='ocrx_word' id='word_1_805' title='bbox 1452 4916 1634 4968; x_wconf 89' lang='lat' dir='ltr'>suam,</span> <span class='ocrx_word' id='word_1_806' title='bbox 1666 4905 1723 4956; x_wconf 90' lang='lat' dir='ltr'>et</span> <span class='ocrx_word' id='word_1_807' title='bbox 1747 4918 1858 4957; x_wconf 91' lang='lat' dir='ltr'>non</span> <span class='ocrx_word' id='word_1_808' title='bbox 1883 4903 1977 4958; x_wconf 82' lang='lat' dir='ltr'>de-</span> 
     </span>
    </p>
   </div>
   <div class='ocr_carea' id='block_1_87' title="bbox 381 4986 1976 5063">
    <p class='ocr_par' dir='ltr' id='par_1_87' title="bbox 381 4986 1976 5063">
     <span class='ocr_line' id='line_1_87' title="bbox 381 4986 1976 5063; baseline 0.004 -22"><span class='ocrx_word' id='word_1_809' title='bbox 381 4986 465 5042; x_wconf 89' lang='lat' dir='ltr'>dit</span> <span class='ocrx_word' id='word_1_810' title='bbox 493 4987 542 5040; x_wconf 90' lang='lat' dir='ltr'>ei</span> <span class='ocrx_word' id='word_1_811' title='bbox 567 4989 1131 5058; x_wconf 89' lang='lat' dir='ltr'>responsum.Videns</span> <span class='ocrx_word' id='word_1_812' title='bbox 1152 4994 1344 5045; x_wconf 89' lang='lat' dir='ltr'>autem</span> <span class='ocrx_word' id='word_1_813' title='bbox 1374 4989 1470 5044; x_wconf 90' lang='lat' dir='ltr'>ille</span> <span class='ocrx_word' id='word_1_814' title='bbox 1498 4990 1630 5062; x_wconf 89' lang='lat' dir='ltr'>quia</span> <span class='ocrx_word' id='word_1_815' title='bbox 1652 5006 1762 5046; x_wconf 90' lang='lat' dir='ltr'>non</span> <span class='ocrx_word' id='word_1_816' title='bbox 1786 4992 1976 5063; x_wconf 86' lang='lat' dir='ltr'>loque-</span> 
     </span>
    </p>
   </div>
   <div class='ocr_carea' id='block_1_88' title="bbox 383 5074 1973 5152">
    <p class='ocr_par' dir='ltr' id='par_1_88' title="bbox 383 5074 1973 5152">
     <span class='ocr_line' id='line_1_88' title="bbox 383 5074 1973 5152; baseline 0.003 -21"><span class='ocrx_word' id='word_1_817' title='bbox 383 5081 541 5131; x_wconf 91' lang='lat' dir='ltr'>retur</span> <span class='ocrx_word' id='word_1_818' title='bbox 563 5074 632 5142; x_wconf 91' lang='lat' dir='ltr'>ei,</span> <span class='ocrx_word' id='word_1_819' title='bbox 648 5076 1010 5132; x_wconf 85' lang='lat' dir='ltr'>contristatus</span> <span class='ocrx_word' id='word_1_820' title='bbox 1039 5080 1193 5145; x_wconf 82' lang='lat' dir='ltr'>exiit,</span> <span class='ocrx_word' id='word_1_821' title='bbox 1218 5085 1277 5134; x_wconf 90' lang='lat' dir='ltr'>et</span> <span class='ocrx_word' id='word_1_822' title='bbox 1292 5079 1429 5134; x_wconf 91' lang='lat' dir='ltr'>dicit</span> <span class='ocrx_word' id='word_1_823' title='bbox 1446 5078 1607 5134; x_wconf 86' lang='lat' dir='ltr'>fratri</span> <span class='ocrx_word' id='word_1_824' title='bbox 1626 5080 1705 5135; x_wconf 92' lang='lat' dir='ltr'>illi</span> <span class='ocrx_word' id='word_1_825' title='bbox 1727 5080 1823 5152; x_wconf 91' lang='lat' dir='ltr'>qui</span> <span class='ocrx_word' id='word_1_826' title='bbox 1844 5098 1973 5136; x_wconf 91' lang='lat' dir='ltr'>eum</span> 
     </span>
    </p>
   </div>
   <div class='ocr_carea' id='block_1_89' title="bbox 381 5164 1975 5241">
    <p class='ocr_par' dir='ltr' id='par_1_89' title="bbox 381 5164 1975 5241">
     <span class='ocr_line' id='line_1_89' title="bbox 381 5164 1975 5241; baseline 0.003 -21"><span class='ocrx_word' id='word_1_827' title='bbox 381 5164 691 5220; x_wconf 83' lang='lat' dir='ltr'>adduxerat</span> <span class='ocrx_word' id='word_1_828' title='bbox 717 5182 732 5220; x_wconf 90' lang='lat'>:</span> <span class='ocrx_word' id='word_1_829' title='bbox 762 5166 826 5219; x_wconf 93' lang='lat' dir='ltr'>In</span> <span class='ocrx_word' id='word_1_830' title='bbox 858 5182 1061 5221; x_wconf 90' lang='lat' dir='ltr'>vanum</span> <span class='ocrx_word' id='word_1_831' title='bbox 1089 5168 1198 5223; x_wconf 88' lang='lat' dir='ltr'>iter</span> <span class='ocrx_word' id='word_1_832' title='bbox 1223 5168 1372 5224; x_wconf 87' lang='lat' dir='ltr'>istud</span> <span class='ocrx_word' id='word_1_833' title='bbox 1402 5169 1679 5241; x_wconf 89' lang='lat' dir='ltr'>assumpsi</span> <span class='ocrx_word' id='word_1_834' title='bbox 1705 5188 1717 5237; x_wconf 92' lang='lat'>;</span> <span class='ocrx_word' id='word_1_835' title='bbox 1749 5171 1874 5225; x_wconf 80' lang='lat' dir='ltr'>veni</span> <span class='ocrx_word' id='word_1_836' title='bbox 1903 5171 1975 5226; x_wconf 85' lang='lat' dir='ltr'>ad</span> 
     </span>
    </p>
   </div>
   <div class='ocr_carea' id='block_1_90' title="bbox 383 5256 1978 5330">
    <p class='ocr_par' dir='ltr' id='par_1_90' title="bbox 383 5256 1978 5330">
     <span class='ocr_line' id='line_1_90' title="bbox 383 5256 1978 5330; baseline 0.006 -21"><span class='ocrx_word' id='word_1_837' title='bbox 383 5270 597 5320; x_wconf 88' lang='lat' dir='ltr'>senem,</span> <span class='ocrx_word' id='word_1_838' title='bbox 630 5257 688 5307; x_wconf 91' lang='lat' dir='ltr'>et</span> <span class='ocrx_word' id='word_1_839' title='bbox 714 5270 839 5309; x_wconf 89' lang='lat' dir='ltr'>ecce</span> <span class='ocrx_word' id='word_1_840' title='bbox 868 5271 973 5309; x_wconf 88' lang='lat' dir='ltr'>nec</span> <span class='ocrx_word' id='word_1_841' title='bbox 997 5256 1149 5328; x_wconf 91' lang='lat' dir='ltr'>loqui</span> <span class='ocrx_word' id='word_1_842' title='bbox 1179 5274 1397 5313; x_wconf 90' lang='lat' dir='ltr'>mecum</span> <span class='ocrx_word' id='word_1_843' title='bbox 1424 5258 1708 5330; x_wconf 85' lang='lat' dir='ltr'>dignatur.</span> <span class='ocrx_word' id='word_1_844' title='bbox 1741 5261 1978 5318; x_wconf 89' lang='lat' dir='ltr'>Intravit</span> 
     </span>
    </p>
   </div>
   <div class='ocr_carea' id='block_1_91' title="bbox 384 5343 1972 5419">
    <p class='ocr_par' dir='ltr' id='par_1_91' title="bbox 384 5343 1972 5419">
     <span class='ocr_line' id='line_1_91' title="bbox 384 5343 1972 5419; baseline 0.003 -18"><span class='ocrx_word' id='word_1_845' title='bbox 384 5351 574 5401; x_wconf 89' lang='lat' dir='ltr'>autem</span> <span class='ocrx_word' id='word_1_846' title='bbox 583 5343 758 5399; x_wconf 88' lang='lat' dir='ltr'>frater</span> <span class='ocrx_word' id='word_1_847' title='bbox 771 5343 842 5399; x_wconf 88' lang='lat' dir='ltr'>ad</span> <span class='ocrx_word' id='word_1_848' title='bbox 862 5343 1118 5400; x_wconf 86' lang='lat' dir='ltr'>abbatem</span> <span class='ocrx_word' id='word_1_849' title='bbox 1133 5347 1441 5414; x_wconf 88' lang='lat' dir='ltr'>Pastorem,</span> <span class='ocrx_word' id='word_1_850' title='bbox 1465 5354 1522 5404; x_wconf 86' lang='lat' dir='ltr'>et</span> <span class='ocrx_word' id='word_1_851' title='bbox 1540 5349 1676 5404; x_wconf 89' lang='lat' dir='ltr'>dicit</span> <span class='ocrx_word' id='word_1_852' title='bbox 1690 5349 1741 5404; x_wconf 92' lang='lat' dir='ltr'>ei</span> <span class='ocrx_word' id='word_1_853' title='bbox 1765 5368 1777 5402; x_wconf 90' lang='lat'>:</span> <span class='ocrx_word' id='word_1_854' title='bbox 1797 5350 1972 5419; x_wconf 78' lang='lat' dir='ltr'>Abba,</span> 
     </span>
    </p>
   </div>
   <div class='ocr_carea' id='block_1_92' title="bbox 384 5437 1977 5513">
    <p class='ocr_par' dir='ltr' id='par_1_92' title="bbox 384 5437 1977 5513">
     <span class='ocr_line' id='line_1_92' title="bbox 384 5437 1977 5513; baseline 0.004 -23"><span class='ocrx_word' id='word_1_855' title='bbox 384 5442 614 5509; x_wconf 84' lang='lat' dir='ltr'>propter</span> <span class='ocrx_word' id='word_1_856' title='bbox 629 5441 687 5492; x_wconf 91' lang='lat' dir='ltr'>te</span> <span class='ocrx_word' id='word_1_857' title='bbox 715 5437 870 5492; x_wconf 88' lang='lat' dir='ltr'>venit</span> <span class='ocrx_word' id='word_1_858' title='bbox 889 5451 1129 5508; x_wconf 83' lang='lat' dir='ltr'>magnus</span> <span class='ocrx_word' id='word_1_859' title='bbox 1157 5437 1247 5491; x_wconf 90' lang='lat' dir='ltr'>hic</span> <span class='ocrx_word' id='word_1_860' title='bbox 1266 5438 1368 5504; x_wconf 90' lang='lat' dir='ltr'>vir,</span> <span class='ocrx_word' id='word_1_861' title='bbox 1394 5437 1604 5495; x_wconf 89' lang='lat' dir='ltr'>habens</span> <span class='ocrx_word' id='word_1_862' title='bbox 1624 5444 1840 5495; x_wconf 86' lang='lat' dir='ltr'>tantam</span> <span class='ocrx_word' id='word_1_863' title='bbox 1860 5442 1977 5513; x_wconf 91' lang='lat' dir='ltr'>glo-</span> 
     </span>
    </p>
   </div>
   <div class='ocr_carea' id='block_1_93' title="bbox 383 5525 1973 5601">
    <p class='ocr_par' dir='ltr' id='par_1_93' title="bbox 383 5525 1973 5601">
     <span class='ocr_line' id='line_1_93' title="bbox 383 5525 1973 5601; baseline 0.008 -22"><span class='ocrx_word' id='word_1_864' title='bbox 383 5525 524 5583; x_wconf 82' lang='lat' dir='ltr'>riam</span> <span class='ocrx_word' id='word_1_865' title='bbox 557 5527 613 5583; x_wconf 90' lang='lat' dir='ltr'>in</span> <span class='ocrx_word' id='word_1_866' title='bbox 646 5527 768 5585; x_wconf 92' lang='lat' dir='ltr'>loco</span> <span class='ocrx_word' id='word_1_867' title='bbox 800 5543 923 5596; x_wconf 88' lang='lat' dir='ltr'>suo,</span> <span class='ocrx_word' id='word_1_868' title='bbox 957 5541 1130 5601; x_wconf 90' lang='lat' dir='ltr'>quare</span> <span class='ocrx_word' id='word_1_869' title='bbox 1169 5542 1280 5584; x_wconf 88' lang='lat' dir='ltr'>non</span> <span class='ocrx_word' id='word_1_870' title='bbox 1323 5528 1542 5584; x_wconf 89' lang='lat' dir='ltr'>locutus</span> <span class='ocrx_word' id='word_1_871' title='bbox 1586 5546 1645 5587; x_wconf 90' lang='lat' dir='ltr'>es</span> <span class='ocrx_word' id='word_1_872' title='bbox 1690 5546 1819 5590; x_wconf 84' lang='lat' dir='ltr'>cum</span> <span class='ocrx_word' id='word_1_873' title='bbox 1859 5531 1973 5591; x_wconf 89' lang='lat' dir='ltr'>eo?</span> 
     </span>
    </p>
   </div>
   <div class='ocr_carea' id='block_1_94' title="bbox 2057 4453 3638 4527">
    <p class='ocr_par' dir='ltr' id='par_1_94' title="bbox 2057 4453 3638 4527">
     <span class='ocr_line' id='line_1_94' title="bbox 2057 4453 3638 4527; baseline -0.001 -19"><span class='ocrx_word' id='word_1_874' title='bbox 2057 4454 2399 4509; x_wconf 85' lang='lat' dir='ltr'>manducans</span> <span class='ocrx_word' id='word_1_875' title='bbox 2418 4453 2656 4509; x_wconf 89' lang='lat' dir='ltr'>subinde</span> <span class='ocrx_word' id='word_1_876' title='bbox 2678 4455 2969 4527; x_wconf 92' lang='lat' dir='ltr'>paululum</span> <span class='ocrx_word' id='word_1_877' title='bbox 2990 4455 3293 4511; x_wconf 87' lang='lat' dir='ltr'>subtrahat</span> <span class='ocrx_word' id='word_1_878' title='bbox 3310 4455 3439 4521; x_wconf 88' lang='lat' dir='ltr'>sibi,</span> <span class='ocrx_word' id='word_1_879' title='bbox 3464 4470 3532 4509; x_wconf 90' lang='lat' dir='ltr'>ne</span> <span class='ocrx_word' id='word_1_880' title='bbox 3556 4467 3638 4506; x_wconf 85' lang='lat' dir='ltr'>sa-</span> 
     </span>
    </p>
   </div>
   <div class='ocr_carea' id='block_1_95' title="bbox 2054 4543 3638 4617">
    <p class='ocr_par' dir='ltr' id='par_1_95' title="bbox 2054 4543 3638 4617">
     <span class='ocr_line' id='line_1_95' title="bbox 2054 4543 3638 4617; baseline -0.001 -19"><span class='ocrx_word' id='word_1_881' title='bbox 2054 4544 2247 4599; x_wconf 90' lang='lat' dir='ltr'>tietur.</span> <span class='ocrx_word' id='word_1_882' title='bbox 2271 4544 2419 4599; x_wconf 91' lang='lat' dir='ltr'>Dicit</span> <span class='ocrx_word' id='word_1_883' title='bbox 2445 4543 2496 4599; x_wconf 89' lang='lat' dir='ltr'>ei</span> <span class='ocrx_word' id='word_1_884' title='bbox 2523 4544 2697 4600; x_wconf 89' lang='lat' dir='ltr'>abbas</span> <span class='ocrx_word' id='word_1_885' title='bbox 2724 4545 2931 4617; x_wconf 89' lang='lat' dir='ltr'>Joseph</span> <span class='ocrx_word' id='word_1_886' title='bbox 2962 4563 2974 4599; x_wconf 90' lang='lat'>:</span> <span class='ocrx_word' id='word_1_887' title='bbox 3005 4546 3151 4617; x_wconf 88' lang='lat' dir='ltr'>Ergo</span> <span class='ocrx_word' id='word_1_888' title='bbox 3172 4545 3397 4617; x_wconf 91' lang='lat' dir='ltr'>quando</span> <span class='ocrx_word' id='word_1_889' title='bbox 3426 4543 3638 4613; x_wconf 83' lang='lat' dir='ltr'>erasju-</span> 
     </span>
    </p>
   </div>
   <div class='ocr_carea' id='block_1_96' title="bbox 2054 4630 3635 4705">
    <p class='ocr_par' dir='ltr' id='par_1_96' title="bbox 2054 4630 3635 4705">
     <span class='ocr_line' id='line_1_96' title="bbox 2054 4630 3635 4705; baseline -0.003 -17"><span class='ocrx_word' id='word_1_890' title='bbox 2054 4634 2232 4697; x_wconf 84' lang='lat' dir='ltr'>venis,</span> <span class='ocrx_word' id='word_1_891' title='bbox 2270 4650 2383 4689; x_wconf 92' lang='lat' dir='ltr'>non</span> <span class='ocrx_word' id='word_1_892' title='bbox 2406 4633 2705 4705; x_wconf 88' lang='lat' dir='ltr'>jejunabas</span> <span class='ocrx_word' id='word_1_893' title='bbox 2733 4632 3008 4689; x_wconf 90' lang='lat' dir='ltr'>biduanas</span> <span class='ocrx_word' id='word_1_894' title='bbox 3038 4635 3405 4691; x_wconf 86' lang='lat' dir='ltr'>levando?Et</span> <span class='ocrx_word' id='word_1_895' title='bbox 3428 4634 3562 4690; x_wconf 88' lang='lat' dir='ltr'>dixit</span> <span class='ocrx_word' id='word_1_896' title='bbox 3589 4630 3635 4685; x_wconf 91' lang='lat' dir='ltr'>ei</span> 
     </span>
    </p>
   </div>
   <div class='ocr_carea' id='block_1_97' title="bbox 2056 4722 3630 4794">
    <p class='ocr_par' dir='ltr' id='par_1_97' title="bbox 2056 4722 3630 4794">
     <span class='ocr_line' id='line_1_97' title="bbox 2056 4722 3630 4794; baseline -0.001 -17"><span class='ocrx_word' id='word_1_897' title='bbox 2056 4739 2258 4777; x_wconf 90' lang='lat' dir='ltr'>senex:</span> <span class='ocrx_word' id='word_1_898' title='bbox 2284 4723 2463 4778; x_wconf 88' lang='lat' dir='ltr'>Crede</span> <span class='ocrx_word' id='word_1_899' title='bbox 2493 4723 2652 4788; x_wconf 91' lang='lat' dir='ltr'>mihi,</span> <span class='ocrx_word' id='word_1_900' title='bbox 2686 4722 2819 4794; x_wconf 87' lang='lat' dir='ltr'>quia</span> <span class='ocrx_word' id='word_1_901' title='bbox 2846 4728 2907 4778; x_wconf 90' lang='lat' dir='ltr'>et</span> <span class='ocrx_word' id='word_1_902' title='bbox 2931 4723 3242 4790; x_wconf 83' lang='lat' dir='ltr'>triduanas,</span> <span class='ocrx_word' id='word_1_903' title='bbox 3259 4730 3319 4779; x_wconf 90' lang='lat' dir='ltr'>et</span> <span class='ocrx_word' id='word_1_904' title='bbox 3349 4722 3630 4778; x_wconf 88' lang='lat' dir='ltr'>hebdoma-</span> 
     </span>
    </p>
   </div>
   <div class='ocr_carea' id='block_1_98' title="bbox 2056 4811 3635 4886">
    <p class='ocr_par' dir='ltr' id='par_1_98' title="bbox 2056 4811 3635 4886">
     <span class='ocr_line' id='line_1_98' title="bbox 2056 4811 3635 4886; baseline 0.001 -20"><span class='ocrx_word' id='word_1_905' title='bbox 2056 4811 2184 4866; x_wconf 90' lang='lat' dir='ltr'>dam</span> <span class='ocrx_word' id='word_1_906' title='bbox 2205 4831 2217 4880; x_wconf 91' lang='lat'>;</span> <span class='ocrx_word' id='word_1_907' title='bbox 2242 4812 2339 4867; x_wconf 92' lang='lat' dir='ltr'>sed</span> <span class='ocrx_word' id='word_1_908' title='bbox 2359 4818 2417 4867; x_wconf 91' lang='lat' dir='ltr'>et</span> <span class='ocrx_word' id='word_1_909' title='bbox 2430 4812 2547 4868; x_wconf 70' lang='lat' dir='ltr'>haec</span> <span class='ocrx_word' id='word_1_910' title='bbox 2570 4812 2763 4867; x_wconf 89' lang='lat' dir='ltr'>omnia</span> <span class='ocrx_word' id='word_1_911' title='bbox 2779 4813 3156 4885; x_wconf 90' lang='lat' dir='ltr'>probaverunt</span> <span class='ocrx_word' id='word_1_912' title='bbox 3170 4830 3333 4869; x_wconf 91' lang='lat' dir='ltr'>senes</span> <span class='ocrx_word' id='word_1_913' title='bbox 3354 4814 3567 4886; x_wconf 84' lang='lat' dir='ltr'>magni;</span> <span class='ocrx_word' id='word_1_914' title='bbox 3584 4818 3635 4867; x_wconf 90' lang='lat' dir='ltr'>et</span> 
     </span>
    </p>
   </div>
   <div class='ocr_carea' id='block_1_99' title="bbox 2056 4901 3630 4976">
    <p class='ocr_par' dir='ltr' id='par_1_99' title="bbox 2056 4901 3630 4976">
     <span class='ocr_line' id='line_1_99' title="bbox 2056 4901 3630 4976; baseline 0.002 -21"><span class='ocrx_word' id='word_1_915' title='bbox 2056 4901 2391 4958; x_wconf 90' lang='lat' dir='ltr'>invenerunt</span> <span class='ocrx_word' id='word_1_916' title='bbox 2411 4903 2544 4974; x_wconf 88' lang='lat' dir='ltr'>quia</span> <span class='ocrx_word' id='word_1_917' title='bbox 2563 4902 2771 4958; x_wconf 89' lang='lat' dir='ltr'>bonum</span> <span class='ocrx_word' id='word_1_918' title='bbox 2790 4910 2878 4959; x_wconf 90' lang='lat' dir='ltr'>est</span> <span class='ocrx_word' id='word_1_919' title='bbox 2893 4904 3144 4976; x_wconf 87' lang='lat' dir='ltr'>quotidie</span> <span class='ocrx_word' id='word_1_920' title='bbox 3166 4903 3520 4973; x_wconf 89' lang='lat' dir='ltr'>manducare,</span> <span class='ocrx_word' id='word_1_921' title='bbox 3540 4918 3630 4976; x_wconf 87' lang='lat' dir='ltr'>per</span> 
     </span>
    </p>
   </div>
   <div class='ocr_carea' id='block_1_100' title="bbox 2056 4991 3634 5066">
    <p class='ocr_par' dir='ltr' id='par_1_100' title="bbox 2056 4991 3634 5066">
     <span class='ocr_line' id='line_1_100' title="bbox 2056 4991 3634 5066; baseline -0.001 -19"><span class='ocrx_word' id='word_1_922' title='bbox 2056 4993 2306 5065; x_wconf 87' lang='lat' dir='ltr'>singulos</span> <span class='ocrx_word' id='word_1_923' title='bbox 2363 4993 2483 5049; x_wconf 88' lang='lat' dir='ltr'>dies</span> <span class='ocrx_word' id='word_1_924' title='bbox 2536 5010 2735 5066; x_wconf 87' lang='lat' dir='ltr'>parum</span> <span class='ocrx_word' id='word_1_925' title='bbox 2766 4994 2980 5063; x_wconf 88' lang='lat' dir='ltr'>minus;</span> <span class='ocrx_word' id='word_1_926' title='bbox 3013 4999 3072 5049; x_wconf 91' lang='lat' dir='ltr'>et</span> <span class='ocrx_word' id='word_1_927' title='bbox 3097 4996 3465 5050; x_wconf 86' lang='lat' dir='ltr'>ostenderunt</span> <span class='ocrx_word' id='word_1_928' title='bbox 3490 4991 3634 5050; x_wconf 90' lang='lat' dir='ltr'>nobis</span> 
     </span>
    </p>
   </div>
   <div class='ocr_carea' id='block_1_101' title="bbox 2055 5074 3474 5155">
    <p class='ocr_par' dir='ltr' id='par_1_101' title="bbox 2055 5074 3474 5155">
     <span class='ocr_line' id='line_1_101' title="bbox 2055 5074 3474 5155; baseline -0.001 -17"><span class='ocrx_word' id='word_1_929' title='bbox 2055 5074 2201 5140; x_wconf 88' lang='lat' dir='ltr'>viam</span> <span class='ocrx_word' id='word_1_930' title='bbox 2236 5083 2383 5139; x_wconf 84' lang='lat' dir='ltr'>hanc</span> <span class='ocrx_word' id='word_1_931' title='bbox 2411 5083 2680 5154; x_wconf 84' lang='lat' dir='ltr'>regalem,</span> <span class='ocrx_word' id='word_1_932' title='bbox 2713 5083 2849 5155; x_wconf 91' lang='lat' dir='ltr'>quia</span> <span class='ocrx_word' id='word_1_933' title='bbox 2873 5084 3046 5139; x_wconf 83' lang='lat' dir='ltr'>levior</span> <span class='ocrx_word' id='word_1_934' title='bbox 3075 5088 3163 5140; x_wconf 87' lang='lat' dir='ltr'>est</span> <span class='ocrx_word' id='word_1_935' title='bbox 3189 5088 3249 5139; x_wconf 89' lang='lat' dir='ltr'>et</span> <span class='ocrx_word' id='word_1_936' title='bbox 3282 5084 3474 5139; x_wconf 87' lang='lat' dir='ltr'>facilis.</span> 
     </span>
    </p>
   </div>
   <div class='ocr_carea' id='block_1_102' title="bbox 2117 5169 3631 5230">
    <p class='ocr_par' dir='ltr' id='par_1_102' title="bbox 2117 5169 3631 5230">
     <span class='ocr_line' id='line_1_102' title="bbox 2117 5169 3631 5230; baseline -0.003 0"><span class='ocrx_word' id='word_1_937' title='bbox 2117 5175 2206 5230; x_wconf 78' lang='grc'>45.</span> <span class='ocrx_word' id='word_1_938' title='bbox 2246 5173 2400 5229; x_wconf 86' lang='lat' dir='ltr'>Dixit</span> <span class='ocrx_word' id='word_1_939' title='bbox 2425 5172 2598 5228; x_wconf 89' lang='lat' dir='ltr'>abbas</span> <span class='ocrx_word' id='word_1_940' title='bbox 2623 5174 2823 5228; x_wconf 88' lang='lat' dir='ltr'>Pastor</span> <span class='ocrx_word' id='word_1_941' title='bbox 2855 5192 2867 5227; x_wconf 92' lang='lat'>:</span> <span class='ocrx_word' id='word_1_942' title='bbox 2901 5174 3027 5229; x_wconf 81' lang='lat' dir='ltr'>Non</span> <span class='ocrx_word' id='word_1_943' title='bbox 3062 5173 3283 5230; x_wconf 88' lang='lat' dir='ltr'>habites</span> <span class='ocrx_word' id='word_1_944' title='bbox 3311 5175 3369 5230; x_wconf 92' lang='lat' dir='ltr'>in</span> <span class='ocrx_word' id='word_1_945' title='bbox 3406 5175 3525 5229; x_wconf 88' lang='lat' dir='ltr'>loco</span> <span class='ocrx_word' id='word_1_946' title='bbox 3546 5169 3631 5228; x_wconf 91' lang='lat' dir='ltr'>ubi</span> 
     </span>
    </p>
   </div>
   <div class='ocr_carea' id='block_1_103' title="bbox 2056 5257 3633 5335">
    <p class='ocr_par' dir='ltr' id='par_1_103' title="bbox 2056 5257 3633 5335">
     <span class='ocr_line' id='line_1_103' title="bbox 2056 5257 3633 5335; baseline -0.003 -18"><span class='ocrx_word' id='word_1_947' title='bbox 2056 5263 2210 5318; x_wconf 90' lang='lat' dir='ltr'>vides</span> <span class='ocrx_word' id='word_1_948' title='bbox 2234 5262 2451 5335; x_wconf 87' lang='lat' dir='ltr'>aliquos</span> <span class='ocrx_word' id='word_1_949' title='bbox 2475 5262 2747 5318; x_wconf 87' lang='lat' dir='ltr'>habentes</span> <span class='ocrx_word' id='word_1_950' title='bbox 2776 5263 3071 5320; x_wconf 88' lang='lat' dir='ltr'>adversum</span> <span class='ocrx_word' id='word_1_951' title='bbox 3109 5269 3167 5320; x_wconf 85' lang='lat' dir='ltr'>te</span> <span class='ocrx_word' id='word_1_952' title='bbox 3191 5265 3389 5333; x_wconf 82' lang='lat' dir='ltr'>zelum,</span> <span class='ocrx_word' id='word_1_953' title='bbox 3416 5263 3544 5335; x_wconf 88' lang='lat' dir='ltr'>quia</span> <span class='ocrx_word' id='word_1_954' title='bbox 3567 5257 3633 5314; x_wconf 92' lang='lat' dir='ltr'>ibi</span> 
     </span>
    </p>
   </div>
   <div class='ocr_carea' id='block_1_104' title="bbox 2058 5354 2473 5426">
    <p class='ocr_par' dir='ltr' id='par_1_104' title="bbox 2058 5354 2473 5426">
     <span class='ocr_line' id='line_1_104' title="bbox 2058 5354 2473 5426; baseline 0 -16"><span class='ocrx_word' id='word_1_955' title='bbox 2058 5372 2168 5410; x_wconf 91' lang='lat' dir='ltr'>non</span> <span class='ocrx_word' id='word_1_956' title='bbox 2192 5354 2473 5426; x_wconf 86' lang='lat' dir='ltr'>proficies.</span> 
     </span>
    </p>
   </div>
   <div class='ocr_carea' id='block_1_105' title="bbox 2119 5442 3626 5511">
    <p class='ocr_par' dir='ltr' id='par_1_105' title="bbox 2119 5442 3626 5511">
     <span class='ocr_line' id='line_1_105' title="bbox 2119 5442 3626 5511; baseline -0.003 -12"><span class='ocrx_word' id='word_1_957' title='bbox 2119 5442 2206 5501; x_wconf 79' lang='grc'>46.</span> <span class='ocrx_word' id='word_1_958' title='bbox 2227 5445 2428 5500; x_wconf 88' lang='lat' dir='ltr'>Frater</span> <span class='ocrx_word' id='word_1_959' title='bbox 2455 5444 2604 5500; x_wconf 77' lang='lat' dir='ltr'>venit</span> <span class='ocrx_word' id='word_1_960' title='bbox 2628 5446 2698 5500; x_wconf 87' lang='lat' dir='ltr'>ad</span> <span class='ocrx_word' id='word_1_961' title='bbox 2718 5444 2978 5501; x_wconf 82' lang='lat' dir='ltr'>abbatem</span> <span class='ocrx_word' id='word_1_962' title='bbox 2999 5447 3380 5511; x_wconf 86' lang='lat' dir='ltr'>Pastorem,et</span> <span class='ocrx_word' id='word_1_963' title='bbox 3404 5444 3535 5499; x_wconf 91' lang='lat' dir='ltr'>dicit</span> <span class='ocrx_word' id='word_1_964' title='bbox 3551 5442 3626 5497; x_wconf 90' lang='lat' dir='ltr'>ei:</span> 
     </span>
    </p>
   </div>
   <div class='ocr_carea' id='block_1_106' title="bbox 2057 5530 3630 5613">
    <p class='ocr_par' dir='ltr' id='par_1_106' title="bbox 2057 5530 3630 5613">
     <span class='ocr_line' id='line_1_106' title="bbox 2057 5530 3630 5613; baseline 0.003 -24"><span class='ocrx_word' id='word_1_965' title='bbox 2057 5532 2284 5592; x_wconf 89' lang='lat' dir='ltr'>Semino</span> <span class='ocrx_word' id='word_1_966' title='bbox 2311 5549 2512 5611; x_wconf 84' lang='lat' dir='ltr'>agrum</span> <span class='ocrx_word' id='word_1_967' title='bbox 2540 5549 2750 5602; x_wconf 90' lang='lat' dir='ltr'>meum,</span> <span class='ocrx_word' id='word_1_968' title='bbox 2786 5538 2844 5593; x_wconf 82' lang='lat' dir='ltr'>et</span> <span class='ocrx_word' id='word_1_969' title='bbox 2872 5534 3014 5594; x_wconf 87' lang='lat' dir='ltr'>facio</span> <span class='ocrx_word' id='word_1_970' title='bbox 3028 5550 3095 5591; x_wconf 90' lang='lat' dir='ltr'>ex</span> <span class='ocrx_word' id='word_1_971' title='bbox 3114 5534 3237 5613; x_wconf 90' lang='lat' dir='ltr'>ipso</span> <span class='ocrx_word' id='word_1_972' title='bbox 3262 5549 3513 5613; x_wconf 78' lang='lat' dir='ltr'>agapem.</span> <span class='ocrx_word' id='word_1_973' title='bbox 3541 5530 3630 5593; x_wconf 79' lang='lat' dir='ltr'>Di-</span> 
     </span>
    </p>
   </div>
  </div>
