3976 6186
269 237 364 297 921

1562 241 1802 298 VERBA
1839 241 2228 299 SENIORUM.

3449 243 3558 305 922

273 367 348 422 cit
373 365 426 422 ei
455 380 664 423 senex:
696 366 914 421 Bonum
946 383 1086 438 opus
1134 366 1288 422 facis.
1321 368 1391 423 Et
1436 367 1691 424 discessit
1737 387 1863 425 cum
1887 373 1938 433 Α
2025 369 2114 426 54.
2142 370 2300 426 Dixit
2321 370 2558 426 iterum:
2594 372 2701 436 Qui
2731 369 3064 442 querulosus
3093 374 3197 438 est,
3248 370 3556 426 monachus

271 457 558 530 pmposito
584 455 780 522 animi,
815 461 872 511 et
890 456 1192 527 adjiciebat
1219 459 1290 512 ad
1321 475 1556 530 agapem
1589 476 1759 531 quam
1787 461 1873 516 fa-

271 547 469 602 ciebat.
502 547 622 600 Hoc
645 549 836 600 autem
860 545 1096 600 audiens
1117 546 1288 603 abbas
1305 548 1490 614 Anub,
1517 549 1657 603 dixit
1683 549 1871 605 abbati

266 636 486 691 Pastori
509 653 520 688 :
555 636 682 690 Non
712 635 877 690 times
897 636 1097 702 Deum,
1131 637 1264 708 quia
1292 637 1370 692 sic
1388 638 1608 693 locutus
1636 655 1696 693 es
1710 639 1872 694 fratri

262 723 388 778 illi?
423 725 493 780 Et
518 723 697 779 tacuit
721 741 910 779 senex.
944 725 1078 779 Post
1107 726 1248 780 duos
1265 732 1456 782 autem
1475 728 1593 782 dies
1607 729 1764 783 misit
1780 729 1873 783 ab-

262 813 361 868 bas
387 815 592 869 Pastor
609 814 680 868 ad
700 815 934 869 fratrem
955 815 1136 882 illum,
1160 820 1216 869 et
1244 817 1460 870 vocavit
1485 833 1616 872 eum
1668 818 1739 871 ad
1789 835 1868 884 se,

261 908 317 958 et
345 903 492 958 dixit
519 903 592 970 ei,
616 904 882 958 audiente
909 903 1110 958 abbate
1130 905 1318 960 Anub:
1350 905 1496 970 Quid
1519 923 1609 960 me
1632 906 1873 961 interro-

259 993 407 1064 gasti
436 993 536 1047 illa
564 993 699 1048 die?
719 992 852 1064 quia
873 1009 1032 1048 mens
1049 1010 1177 1048 mea
1205 994 1338 1048 alibi
1368 1000 1508 1050 erat.
1550 996 1620 1050 Et
1651 996 1791 1050 dixit
1818 997 1870 1050 ei

258 1083 470 1137 frater:
506 1083 624 1137 Hoc
651 1082 780 1147 dixi,
811 1083 944 1154 quia
970 1083 1187 1138 semino
1228 1100 1432 1154 agrum
1474 1101 1680 1151 meum,
1716 1091 1772 1140 et
1801 1087 1870 1141 de

259 1173 366 1227 hoc
398 1171 548 1244 quod
578 1171 798 1243 colligo,
836 1188 902 1226 ex
930 1172 1052 1244 ipso
1083 1172 1224 1228 facio
1254 1190 1510 1245 agapem.
1539 1175 1610 1229 Et
1635 1175 1778 1229 dixit
1819 1175 1872 1229 ei

257 1260 430 1316 abbas
448 1261 649 1315 Pastor
669 1279 680 1314 :
700 1261 898 1316 Putavi
921 1261 1054 1332 quia
1067 1262 1136 1316 de
1145 1263 1318 1317 fratre
1339 1267 1438 1317 tuo
1452 1263 1568 1330 illo,
1587 1264 1683 1336 qui
1696 1264 1871 1320 laicus

257 1353 361 1416 est,
393 1349 643 1417 diceres;
668 1349 716 1404 si
739 1354 930 1405 autem
949 1355 1012 1405 tu
1028 1350 1164 1405 facis
1185 1352 1322 1419 haec,
1348 1369 1460 1407 non
1485 1357 1570 1407 est
1594 1369 1736 1424 Opus
1752 1370 1870 1409 mo-

257 1439 439 1494 nachi.
475 1439 574 1494 Ille
603 1443 793 1493 autem
821 1440 1188 1495 contristatus
1214 1446 1302 1495 est
1321 1441 1576 1509 audiens,
1609 1447 1666 1496 et
1684 1443 1858 1498 dixit:

258 1529 423 1584 Aliud
455 1545 596 1600 opus
624 1544 736 1582 non
756 1528 898 1583 facio
927 1545 1030 1584 nec
1060 1529 1192 1596 scio,
1227 1531 1337 1585 nisi
1366 1531 1470 1585 ho:
1494 1551 1507 1599 ;
1541 1538 1598 1586 et
1621 1548 1733 1586 non
1745 1549 1869 1604 pos-

258 1635 380 1673 sum
406 1618 686 1673 seminare
713 1635 913 1689 agrum
934 1635 1123 1673 meum
1147 1620 1328 1674 ?Cum
1359 1625 1548 1674 autem
1579 1621 1863 1677 discessis-

1956 476 2067 515 non
2098 466 2184 514 est
2207 479 2219 527 ;
2240 460 2336 531 qui
2360 461 2569 515 malum
2603 477 2703 532 pro
2720 461 2866 514 malo
2886 459 3091 526 reddit,
3115 460 3423 515 monachus
3443 476 3558 515 non

1955 555 2076 618 est;
2113 550 2208 621 qui
2239 551 2541 604 iracundus
2571 553 2674 616 est,
2711 549 3020 604 monachus
3035 565 3148 603 non
3167 555 3270 603 est.

2024 638 2113 696 55.
2150 639 2347 693 Frater
2364 639 2517 692 venit
2538 639 2608 692 ad
2630 638 2889 692 abbatem
2906 639 3217 705 Pastorem,
3243 644 3300 693 et
3320 638 3454 694 dicit
3482 639 3551 694 ei:

1955 728 2139 786 Multae
2159 728 2526 798 cogitationes
2550 727 2783 782 veniunt
2808 727 2867 781 in
2887 727 3077 782 anima
3096 744 3242 795 mea,
3267 733 3324 782 et
3341 728 3553 800 pericli-

1952 823 2044 871 tor
2070 818 2130 871 in
2151 817 2250 871 eis.
2278 818 2347 872 Et
2369 816 2536 887 ejecit
2555 833 2685 871 eum
2711 833 2877 871 senex
2897 816 2999 871 sub
3027 833 3157 871 aere
3187 818 3356 883 nudo,
3390 823 3444 872 et
3475 817 3558 872 di-

1955 907 2031 960 cit
2055 905 2105 960 ei
2131 925 2141 960 :
2168 907 2429 978 Expande
2447 906 2632 960 sinum
2659 911 2822 960 tuum
2850 911 2907 961 et
2927 907 3283 978 apprehende
3302 912 3550 962 ventum.

1953 995 2024 1050 Et
2047 995 2142 1049 ille
2170 995 2492 1066 respondit:
2526 994 2652 1051 Non
2682 1011 2908 1066 possum
2937 996 3043 1050 hoc
3070 996 3270 1049 facere.
3309 996 3378 1050 Et
3419 996 3556 1051 dicit

1952 1085 2004 1139 ei
2027 1101 2195 1139 senex
2222 1103 2232 1138 :
2267 1084 2325 1139 Si
2357 1085 2463 1138 hoc
2492 1101 2605 1139 non
2635 1090 2793 1156 potes
2823 1085 3023 1151 facere,
3056 1101 3160 1139 nec
3187 1085 3555 1154 cogitationes

1954 1173 2250 1245 prohibere
2279 1178 2439 1245 potes
2469 1190 2540 1228 ne
2560 1174 2864 1240 introeant,
2887 1173 2984 1228 sed
3007 1177 3170 1228 tuum
3196 1178 3282 1226 est
3313 1173 3393 1227 eis
3421 1174 3556 1228 resi-

1953 1268 2120 1317 stere.

2025 1351 2111 1407 56.
2144 1353 2343 1408 Frater
2371 1352 2600 1424 quidam
2629 1350 2998 1422 interrogavit
3029 1366 3160 1405 eum
3188 1350 3379 1405 dicens
3407 1368 3418 1404 :
3454 1350 3554 1405 Di-

1947 1441 2119 1496 missa
2135 1456 2220 1497 est
2236 1442 2375 1496 mihi
2398 1441 2580 1496 omnis
2609 1440 2926 1505 haereditas,
2953 1439 3086 1510 quid
3107 1444 3298 1504 602
3325 1439 3468 1494 facio
3489 1457 3555 1494 ex

1952 1547 2019 1584 ea
2038 1531 2066 1585 ?
2095 1530 2170 1586 Et
2197 1532 2336 1586 dicit
2359 1531 2410 1586 ei
2432 1530 2603 1584 abbas
2631 1530 2861 1584 Pastor:
2886 1529 3058 1594 Vade,
3086 1534 3143 1582 et
3169 1533 3296 1599 post
3309 1529 3554 1584 tresdies

1947 1621 2093 1686 veni,
2125 1625 2182 1675 et
2209 1620 2331 1675 dico
2359 1619 2481 1674 tibi.
2514 1619 2684 1674 Venit
2710 1624 2900 1673 autem
2943 1619 3088 1672 sicut
3128 1618 3446 1688 praefinivit,
3497 1625 3556 1673 et

257 1713 361 1774 set,
397 1707 564 1779 erepit
591 1707 764 1761 abbas
791 1707 958 1762 Anub
987 1709 1376 1779 paenitentiam
1397 1726 1565 1780 agere
1591 1712 1739 1781 apud
1761 1694 1925 1766 ab-B
1946 1709 2082 1764 dicit
2111 1710 2162 1764 ei
2193 1725 2396 1764 senex:
2429 1709 2575 1774 Quid
2601 1708 2702 1762 tibi
2742 1707 2921 1762 habeo
2973 1707 3174 1771 dicere,
3224 1705 3441 1760 frater?
3492 1708 3552 1763 Si

255 1796 446 1851 batem
479 1797 790 1864 Pastorem,
818 1796 1007 1852 dicens
1033 1815 1044 1850 :
1081 1799 1315 1868 Ignosce
1332 1799 1490 1853 mihi.
1518 1799 1670 1854 Dixit
1689 1801 1740 1855 ei
1763 1802 1862 1855 ab-

255 1886 358 1940 bas
396 1887 630 1940 Pastor:
665 1886 803 1940 Ecce
833 1885 903 1939 ab
942 1886 1103 1940 initio
1129 1887 1391 1954 sciebam,
1447 1889 1579 1959 quia
1623 1906 1736 1944 non
1779 1896 1865 1945 est

255 1992 398 2048 opus
427 1974 708 2037 monachi,
736 1975 831 2029 sed
860 1976 1165 2031 secundum
1197 1977 1454 2032 animum
1493 1980 1615 2049 ejus
1643 1979 1862 2034 locutus

255 2082 386 2120 sum
416 2064 488 2131 ei,
519 2068 575 2119 et
599 2063 828 2118 excitavi
849 2064 1098 2119 animum
1121 2067 1243 2137 ejus
1268 2067 1338 2120 ad
1357 2067 1665 2138 profectum
1685 2069 1864 2123 chari-

252 2154 390 2210 tatis
423 2173 436 2223 ;
469 2170 618 2210 nunc
645 2158 834 2209 autem
864 2144 1004 2208 abiit
1028 2154 1226 2222 tristis,
1253 2161 1308 2210 et
1326 2161 1518 2211 tamen
1546 2158 1697 2213 istud
1722 2175 1862 2230 opus

252 2244 407 2299 facit.

323 2332 416 2390 47.
433 2333 632 2388 Frater
644 2333 870 2405 quidam
888 2333 1256 2405 interrogavit
1271 2334 1528 2390 abbatem
1552 2336 1860 2404 Pastorem,

254 2423 448 2479 dicens
472 2443 488 2477 :
520 2423 667 2488 Quid
693 2428 781 2478 est
808 2423 945 2478 illud
975 2425 1123 2495 quod
1153 2425 1424 2496 scriptum
1467 2429 1579 2479 est:
1615 2425 1721 2489 Qui
1750 2426 1864 2479 ira-

254 2515 432 2568 scitur
459 2512 620 2567 fratri
652 2529 754 2567 suo
774 2513 894 2567 sine
910 2530 1078 2568 causa
1097 2514 1306 2583 (Matth.
1349 2531 1381 2566 v
1412 2517 1473 2568 in
1516 2514 1760 2582 Gram)?
1798 2514 1867 2568 Et

256 2603 351 2658 ille
382 2602 670 2674 respondit
696 2621 706 2656 :
743 2603 819 2658 Ex
840 2603 994 2657 omni
1022 2619 1084 2657 re
1123 2620 1235 2675 qua
1267 2609 1324 2657 te
1360 2619 1596 2673 gravare
1627 2603 1867 2657 voluerit

252 2693 433 2748 frater
460 2698 612 2758 tuus,
637 2691 684 2746 si
702 2691 960 2747 irasceris
980 2693 1245 2748 adversus
1271 2709 1420 2758 eum,
1446 2691 1625 2746 donec
1639 2693 1863 2746 oculum

256 2789 427 2837 tuum
453 2782 750 2836 dexterum
789 2781 1000 2852 ejicias,
1033 2788 1090 2836 et
1116 2799 1150 2836 a
1179 2787 1233 2836 te
1261 2781 1540 2853 projicias,
1567 2782 1866 2836 sinecausa

255 2870 518 2926 irasceris
549 2870 638 2938 ei;
670 2870 718 2924 si
743 2877 933 2925 autem
960 2870 1162 2942 aliquis
1199 2871 1440 2925 voluerit
1465 2876 1523 2925 te
1550 2887 1812 2943 separare
1830 2888 1865 2925 a

256 2961 399 3025 Deo,
430 2977 534 3031 pro
563 2960 668 3014 hoc
697 2959 956 3014 irascere.

1945 1799 2156 1865 dixero,
2193 1800 2277 1854 Da
2305 1815 2430 1854 eam
2455 1798 2513 1852 in
2538 1798 2852 1864 ecclesiam,
2879 1795 3067 1850 clerici
3085 1795 3191 1850 sibi
3204 1795 3412 1851 facient
3424 1813 3554 1852 con-

1944 1889 2089 1942 vivia
2119 1905 2184 1943 cx
2205 1905 2272 1943 ea
2295 1888 2372 1955 ;si
2391 1893 2582 1943 autem
2607 1888 2819 1954 dixero,
2841 1887 2926 1941 Da
2937 1903 3059 1940 eam
3075 1885 3546 1957 parentibustuis,

1946 1995 2057 2032 non
2087 1982 2173 2032 est
2203 1977 2305 2032 tibi
2337 1993 2586 2044 merces;
2619 1976 2666 2030 si
2695 1993 2825 2031 vero
2850 1975 3052 2042 dicam,
3085 1975 3169 2030 Da
3186 1965 3547 2047 pauperibus,

1943 2083 2173 2123 securus
2188 2067 2317 2121 eris.
2343 2065 2625 2137 Quidquid
2641 2081 2775 2135 ergo
2793 2065 2890 2130 vis,
2917 2065 3074 2132 vade,
3098 2064 3206 2132 fac,
3231 2081 3333 2135 ego
3353 2081 3550 2120 causas

1945 2173 2058 2212 non
2086 2156 2266 2211 habeo
2300 2157 2528 2226 (Raso/1.,
2560 2172 2605 2208 c.
2639 2153 2726 2223 36,
2757 2171 2814 2208 η.
2847 2153 2900 2222 4,
2937 2156 3162 2208 nomine
3189 2153 3360 2208 Se‘sois
3384 2173 3401 2220 ;
3435 2156 3548 2224 Ap-

1941 2248 2105 2316 pend.
2141 2248 2330 2312 Mart,
2360 2261 2420 2300 η.
2452 2244 2524 2314 7).

2018 2337 2106 2390 57.
2141 2335 2292 2390 Dixit
2318 2335 2525 2389 iterum
2554 2333 2724 2388 abbas
2743 2333 2978 2388 Pastor:
3015 2333 3074 2388 Si
3103 2332 3321 2388 venerit
3336 2331 3441 2388 tibi
3465 2349 3553 2388 co-

1947 2424 2146 2496 gitatio
2175 2425 2244 2478 de
2275 2423 2441 2481 rebus
2465 2424 2684 2495 corpori
2711 2422 3060 2489 necessariis,
3105 2427 3162 2477 et
3209 2423 3552 2493 delegaveris

1948 2514 2149 2581 semel;
2184 2519 2240 2568 et
2269 2513 2474 2569 iterum
2504 2513 2736 2579 venerit,
2772 2516 2830 2567 et
2851 2512 3213 2583 delegaveris,
3239 2511 3374 2583 quid
3403 2513 3503 2567 fiat
3528 2512 3552 2566 ?

1943 2605 2063 2674 jam
2096 2602 2264 2657 tertio
2295 2603 2342 2657 si
2375 2602 2604 2670 venerit,
2649 2619 2762 2656 non
2809 2601 3068 2656 intendas
3114 2601 3185 2670 ei,
3238 2601 3418 2657 otiosa
3467 2606 3553 2657 est

1948 2694 2120 2748 enim.

2021 2780 2106 2838 58.
2141 2783 2338 2837 Frater
2366 2781 2593 2853 quidam
2623 2781 2764 2836 dixit
2787 2780 2976 2836 abbati
3005 2780 3224 2836 Pastori
3257 2800 3268 2836 :
3307 2780 3364 2836 Si
3394 2780 3552 2836 video

1948 2889 2068 2926 rem
2101 2873 2368 2944 aliquam,
2400 2871 2482 2925 vis
2517 2876 2582 2925 ut
2603 2870 2785 2925 dicam
2815 2870 3186 2925 illam?Dicit
3225 2870 3276 2924 ei
3326 2886 3493 2926 senex
3535 2889 3547 2924 :

1946 2961 2228 3032 Scriptum
2247 2967 2334 3015 est
2349 2979 2362 3015 :
2388 2960 2496 3025 Qui
2519 2959 2872 3032 responderit
2889 2958 3119 3013 verbum
3133 2963 3434 3030 antequam
3451 2975 3552 3014 au-

329 3047 424 3106 48.
454 3048 607 3104 Dixit
624 3048 796 3104 abbas
815 3050 1043 3104 Pastor:
1080 3049 1138 3105 Si
1153 3049 1464 3120 peccaverit
1484 3050 1650 3104 homo
1677 3055 1733 3104 et
1752 3051 1921 3114 nonC
1948 3050 2086 3116 diat,
2118 3048 2363 3104 stultitia
2387 3048 2437 3102 ei
2451 3053 2508 3102 et
2527 3047 2892 3120 opprobrium
2910 3053 2997 3102 est
3019 3049 3202 3118 (Eccli.
3223 3049 3318 3117 χι).
3337 3048 3396 3103 Si
3417 3063 3550 3118 ergo

259 3139 574 3210 negaverit,
608 3138 816 3205 dicens,
846 3138 1072 3193 Peccavi
1098 3157 1110 3205 ;
1141 3155 1255 3193 non
1285 3139 1537 3210 increpes
1568 3155 1714 3206 eum,
1732 3140 1866 3210 quia

255 3227 473 3299 frangis
488 3228 838 3300 propositum
859 3227 1033 3283 animi
1043 3228 1183 3299 ejus.
1208 3228 1266 3282 Si
1277 3233 1467 3283 autem
1487 3228 1712 3283 dixeris:
1738 3230 1864 3284 Non

256 3317 632 3386 contristeris,
663 3318 857 3382 frater,
890 3317 988 3372 sed
1015 3317 1248 3372 observa
1274 3317 1345 3372 de
1390 3323 1608 3384 catero,
1655 3319 1864 3373 excitas

253 3409 517 3462 animum
545 3408 666 3478 ejus
694 3407 764 3462 ad
795 3407 1202 3479 paenitentiam.

326 3495 420 3553 «'19.
453 3496 610 3551 Dixit
636 3497 839 3551 iterum
872 3496 968 3568 qui
995 3513 1200 3568 supra:
1260 3497 1476 3552 Bonum
1518 3502 1604 3551 est
1646 3499 1866 3570 experi-

256 3592 540 3643 mentum.
585 3586 979 3658 Experimento
1022 3587 1172 3642 enim
1213 3587 1471 3642 homines
1518 3587 1865 3659 probatiores

255 3682 414 3732 sunt.

330 3764 422 3823 50.
452 3768 596 3822 Item
627 3764 768 3820 dixit
795 3765 892 3838 qui
910 3782 1114 3838 supra:
1141 3765 1200 3821 Si
1220 3766 1346 3838 quis
1369 3765 1532 3822 docet
1569 3768 1782 3839 aliquid
1811 3773 1867 3823 et

258 3842 387 3910 non.
405 3855 542 3910 facit
556 3855 706 3926 quod
725 3856 904 3922 docet,
936 3854 1136 3910 similis
1166 3861 1253 3910 est
1270 3861 1440 3927 puteo
1458 3855 1553 3928 qui
1583 3873 1776 3912 omnes
1792 3857 1864 3911 ad

255 3962 318 3998 se
346 3945 638 3999 venientes
666 3944 837 4000 satiat
863 3949 922 3999 et
938 3945 1089 3999 delet
1117 3945 1330 4012 sordes,
1375 3945 1622 4017 seipsum
1673 3950 1864 4000 autem

254 4051 505 4106 purgare
525 4050 636 4088 non
666 4038 887 4105 potest;
921 4034 1020 4088 sed
1041 4034 1223 4088 omnis
1243 4033 1511 4106 spurcitia
1542 4040 1598 4089 et
1624 4034 1867 4091 immun-

252 4123 402 4179 ditia
431 4124 489 4178 in
520 4139 586 4178 eo
615 4129 702 4178 est
731 4126 916 4191 (Ruf/1,
949 4127 987 4178 ι.
1022 4139 1100 4190 nr,
1134 4141 1192 4178 η.
1228 4123 1368 4193 183).

329 4213 420 4268 51.
451 4213 604 4268 Dixit
632 4213 837 4268 iterum
867 4213 1016 4285 ipse:
1054 4215 1148 4268 Est
1176 4214 1345 4268 homo
1373 4214 1469 4285 qui
1499 4214 1746 4285 seipsum
1775 4231 1870 4286 ag-

253 4303 458 4359 noscit.
488 4302 641 4357 Dixit
665 4303 870 4357 iterum
897 4321 908 4355 :
957 4302 1099 4368 Quia
1121 4307 1204 4357 est
1236 4303 1402 4357 homo
1422 4303 1516 4375 qui
1533 4303 1752 4358 videtur
1772 4321 1867 4359 ore

253 4396 464 4457 tacere,
497 4407 594 4445 cor
623 4395 810 4446 autem
843 4392 966 4462 ejus
994 4391 1331 4447 condemnat
1380 4392 1556 4460 alios;
1603 4392 1694 4446 hic
1729 4409 1862 4464 ergo
1885 4421 1931 4478 ι)

255 4481 383 4536 sine
411 4480 724 4535 cessatione
753 4481 1022 4552 loquitur.
1056 4481 1156 4536 Est
1179 4485 1237 4534 et
1264 4481 1408 4535 alius
1439 4498 1472 4535 a
1501 4497 1666 4536 mane
1687 4498 1866 4553 usque

254 4570 333 4625 ad
361 4585 655 4641 vesperam
684 4570 937 4642 loquens,
972 4575 1029 4625 et
1058 4570 1502 4624 taciturnitatem
1537 4575 1729 4637 tenet;
1765 4571 1870 4626 hoc

255 4665 452 4715 autem
467 4659 593 4714 ideo
609 4659 766 4726 dixit,
792 4659 923 4732 quia
943 4676 1233 4732 nunquam
1257 4659 1377 4714 sine
1398 4659 1748 4714 audientium
1764 4659 1872 4714 uti-

256 4749 427 4804 litate
464 4749 682 4803 locutus
711 4753 816 4804 est.

337 4836 424 4893 52.
460 4839 671 4892 Iterum
701 4837 878 4892 dixit:
910 4837 1056 4902 Quia
1083 4837 1130 4892 si
1150 4843 1284 4893 sunt
1306 4842 1422 4893 tres
1452 4837 1509 4892 in
1551 4854 1749 4906 unum,
1803 4855 1870 4893 ex

253 4927 468 5000 quibus
497 4944 644 4982 unus
671 4926 812 4982 bene
842 4927 1111 4998 quiescat,
1145 4927 1290 4982 alius
1321 4927 1642 4982 infirmatur
1671 4932 1729 4982 et
1743 4943 1872 4998 gra-

252 5017 372 5071 tias
402 5021 552 5087 agat,
580 5016 782 5071 tertius
801 5033 932 5071 vero
951 5016 1236 5071 ministret
1254 5017 1334 5071 eis
1348 5033 1413 5070 ex
1435 5017 1654 5072 sincera
1679 5018 1870 5072 volun-

253 5111 402 5172 tate,
429 5105 487 5160 hi
511 5111 628 5161 tres
657 5105 868 5161 similes
896 5110 1049 5173 sunt,
1079 5105 1232 5161 velut
1257 5105 1427 5161 etiam
1458 5106 1506 5161 si
1545 5106 1714 5161 unius
1754 5106 1871 5162 sint

255 5196 494 5269 operis:

331 5287 423 5342 53.
455 5286 667 5342 Iterum
695 5285 836 5341 dixit
862 5305 872 5340 :
901 5286 1116 5341 Malitia
1136 5302 1491 5359 nequaquam
1514 5286 1742 5358 expellit
1757 5303 1870 5342 ma-

251 5376 482 5443 litiam;
511 5376 610 5431 sed
638 5375 823 5448 siquis
842 5375 945 5431 tibi
975 5377 1121 5431 male
1143 5376 1296 5444 facit,
1327 5381 1391 5433 tu
1421 5377 1562 5432 bene
1589 5377 1677 5431 fac
1705 5377 1776 5443 ei,
1807 5382 1872 5432 ut

255 5483 366 5540 per
375 5465 588 5520 bonum
601 5482 741 5538 opus
752 5471 914 5521 tuum
925 5466 1183 5521 destruas
1198 5467 1469 5523 malitiam
1487 5466 1662 5539 ipsius
1680 5466 1862 5540 (Ruf/2,

251 5560 294 5612 ι.
343 5570 428 5625 111,
465 5571 524 5612 η.
558 5552 647 5612 79.
677 5557 892 5626 Pasch,
919 5574 968 5612 c.
999 5554 1050 5626 7,
1082 5572 1139 5612 η.
1172 5554 1248 5628 3).

1948 3139 2332 3209 interrogatus
2360 3138 2553 3204 fueris,
2587 3138 2676 3192 dic
2700 3157 2712 3206 ;
2747 3137 2835 3192 sin
2863 3137 3021 3203 alias,
3049 3141 3191 3191 tace.

2019 3227 2107 3283 59.
2139 3228 2294 3282 Dixit
2322 3228 2527 3282 iterum
2552 3226 2724 3281 abbas
2742 3227 2958 3294 Pastor,
2984 3226 3115 3297 quia
3130 3225 3345 3280 dixerat
3376 3225 3548 3281 abbas

1946 3319 2224 3372 Ammon:
2259 3316 2365 3371 Est
2392 3317 2560 3371 homo
2591 3316 2686 3388 qui
2719 3321 2909 3388 portat
2953 3320 3072 3371 toto
3118 3321 3375 3386 tempore
3426 3315 3552 3371 vitae

1949 3425 2064 3463 sua
2093 3408 2356 3474 securim,
2384 3411 2441 3461 et
2470 3423 2582 3462 non
2613 3410 2798 3478 potest
2834 3405 3076 3476 dejicere
3123 3403 3380 3459 arborem
3406 3423 3419 3472 ;
3464 3410 3551 3460 est

1947 3503 2137 3552 autem
2159 3498 2304 3551 alter
2340 3495 2556 3551 habens
2603 3511 2768 3551 usum
2805 3494 3107 3560 incidendi,
3157 3498 3213 3548 et
3255 3493 3314 3548 in
3361 3493 3553 3566 paucis

1948 3587 2128 3660 plagis
2153 3585 2348 3657 dejicit
2367 3585 2645 3640 arborem.
2682 3583 2914 3640 Dicebat
2945 3589 3136 3639 autem
3178 3583 3419 3639 securim
3465 3583 3552 3638 di-

1949 3676 2284 3732 scretionem
2320 3692 2460 3730 esse.

2022 3765 2110 3821 60.
2149 3766 2360 3821 Iterum
2401 3763 2576 3819 dixit:
2638 3762 2911 3819 Voluntas
2945 3762 3188 3819 hominis
3229 3778 3425 3818 murus
3472 3769 3559 3818 est

1947 3872 2142 3922 aereus,
2173 3860 2232 3910 et
2260 3855 2402 3927 lapis
2429 3853 2751 3926 percutiens
2779 3853 2929 3908 inter
2957 3853 3146 3924 ipsum
3179 3857 3236 3908 et
3265 3853 3462 3909 Deum.
3493 3853 3553 3908 Si

1949 3961 2082 4016 ergo
2112 3944 2407 4016 reliquerit
2433 3943 2569 4010 haec,
2601 3943 2690 3997 die
2719 3943 2772 3998 ci
2804 3949 2861 3998 et
2885 3943 3023 4015 ipse,
3051 3943 3200 4014 quod
3239 3943 3298 3997 in
3334 3943 3550 4015 psalmo

1949 4034 2222 4104 scriptum
2247 4038 2363 4088 est:
2396 4032 2462 4087 In
2493 4033 2609 4087 Deo
2621 4043 2756 4086 meo
2779 4032 3164 4102 transgrediar
3190 4048 3436 4100 murum;
3463 4038 3548 4086 et:

1951 4123 2103 4178 Deus
2133 4139 2312 4188 meus,
2348 4121 2644 4194 impolluta
2671 4121 2762 4175 via
2789 4122 2911 4191 ejus
2939 4123 3104 4187 (Psal.
3134 4121 3282 4190 xvn).
3316 4120 3374 4176 Si
3405 4120 3555 4175 enim

1945 4209 2169 4282 justitia
2196 4210 2517 4265 subvenerit
2545 4209 2833 4275 voluntati,
2868 4207 3088 4263 laborat
3116 4208 3302 4263 homo.

2021 4299 2082 4357 6|
2099 4342 2110 4354 .
2133 4301 2332 4355 Frater
2347 4298 2716 4369 interrogavit
2733 4297 2995 4352 abbatem
3015 4298 3325 4364 Pastorem,
3341 4297 3550 4352 dicens:

1950 4391 2233 4446 Damnum
2262 4389 2462 4444 animae
2483 4404 2620 4443 meae
2651 4387 2853 4460 patior,
2878 4387 3027 4459 quod
3058 4403 3183 4442 sum
3205 4404 3331 4442 cum
3354 4386 3555 4442 abbate

1954 4495 2100 4534 meo.
2131 4479 2276 4544 Quid
2303 4495 2435 4549 ergo
2457 4476 2662 4549 jubes?
2683 4478 2882 4532 Maneo
2912 4476 3094 4531 adhuc
3123 4476 3274 4548 apud
3329 4475 3559 4548 ipsum?

1951 4568 2024 4623 Et
2053 4568 2266 4624 sciebat
2297 4567 2467 4622 abbas
2497 4568 2714 4634 Pastor,
2747 4566 2878 4638 quia
2894 4566 3193 4621 laederetur
3221 4565 3412 4620 anima
3435 4565 3558 4636 ejus

1953 4675 2054 4730 per
2081 4657 2338 4713 abbatem
2365 4674 2552 4718 suum.
2575 4662 2633 4712 et
2656 4655 3042 4711 admirabatur
3061 4671 3235 4727 quare
3265 4656 3351 4710 vel
3380 4655 3557 4710 inter-

1953 4747 2189 4819 rogabat
2217 4765 2367 4815 eum,
2393 4748 2441 4802 si
2465 4763 2695 4801 manere
2722 4745 2952 4802 deberet
2975 4762 3103 4800 cum
3131 4745 3246 4800 illo.
3304 4744 3382 4801 Et
3421 4744 3561 4800 dixit

1954 4837 2041 4892 ei:
2079 4837 2138 4892 Si
2167 4839 2268 4905 vis,
2294 4841 2437 4892 esto.
2483 4835 2556 4890 Et
2599 4836 2906 4901 discedens,
2953 4835 3162 4890 mansit
3204 4835 3355 4907 apud
3404 4851 3556 4889 eum.

1953 4927 2123 4982 Venit
2160 4933 2348 4982 autem
2377 4926 2585 4980 iterum
2617 4925 2806 4979 dicens
2852 4923 3041 4979 abbati
3079 4925 3335 4979 Pastori:
3372 4925 3559 4981 Grave

1952 5018 2201 5072 animam
2231 5034 2434 5071 meam.
2465 5016 2539 5070 Et
2560 5031 2668 5069 non
2710 5013 2850 5068 dixit
2876 5014 2927 5088 ei
2959 5013 3131 5069 abbas
3171 5015 3405 5070 Pastor:
3458 5015 3562 5071 Di-

1953 5107 2115 5163 scede
2144 5106 2213 5160 ab
2243 5122 2326 5160 eo.
2366 5104 2536 5158 Venit
2559 5103 2747 5169 tertio,
2780 5108 2838 5157 et
2855 5102 3031 5158 dixit:
3060 5103 3238 5158 Crede
3266 5103 3423 5170 mihi,
3439 5104 3560 5175 jam

1954 5214 2066 5253 non
2105 5213 2199 5251 ero
2222 5211 2347 5249 cum
2373 5211 2458 5248 eo.
2483 5193 2560 5248 Et
2585 5193 2719 5248 dicit
2739 5193 2790 5247 ei
2821 5207 2989 5248 senex
3015 5211 3025 5246 :
3061 5193 3205 5248 Ecce
3234 5194 3400 5249 modo
3445 5194 3558 5249 sal-

1952 5291 2114 5342 vatus
2143 5303 2221 5352 es,
2255 5285 2412 5351 vade,
2445 5289 2503 5338 et
2530 5300 2641 5338 non
2671 5283 2749 5337 sis
2778 5283 2927 5337 ultra
2954 5299 3079 5338 cum
3102 5299 3188 5338 eo.
3230 5283 3382 5339 Dixit
3407 5282 3561 5338 enim

1954 5376 2124 5432 abbas
2158 5377 2359 5430 Pastor
2396 5374 2578 5428 cidem
2605 5392 2616 5427 :
2652 5373 2833 5427 Homo
2857 5373 2953 5444 qui
2983 5373 3124 5429 vidit
3149 5373 3417 5428 damnum
3439 5371 3557 5442 pati

1953 5465 2200 5520 animam
2230 5480 2411 5528 suam,
2435 5478 2548 5517 non
2577 5478 2717 5534 opus
2746 5461 2917 5518 habet
2934 5462 3302 5534 interrogare.
3331 5456 3558 5514 Etenim

1952 5555 2022 5613 de
2043 5553 2272 5610 occultis
2291 5551 2721 5627 cogitationibus
2737 5551 3049 5627 interrogat
3071 5552 3216 5626 quis,
3235 5554 3300 5606 ut
3310 5546 3557 5605 seniores
