3964 6206
445 281 550 345 923

1581 286 1676 342 DE
1715 286 1904 343 VITIS
1941 285 2239 344 PATRUM
2273 287 2487 344 LIBER
2523 287 2592 340 V.

3589 288 3677 346 9‘24

443 408 683 482 probare
710 410 958 484 possint;
990 410 1059 464 de
1097 409 1410 467 manifestis
1439 417 1629 468 autem
1659 414 1900 486 peccatis
1927 413 2268 478 nonAbona
2291 413 2598 486 proximis?
2629 412 2780 468 Dixit
2819 411 2869 467 ei
2906 427 3110 467 senex:
3158 413 3285 467 Non
3318 411 3394 467 sic
3439 413 3680 484 loquaris,

445 504 534 556 est
557 517 697 573 opus
721 500 1089 570 interrogare,
1111 501 1208 555 sed
1230 501 1425 556 statim
1445 502 1789 559 abscindere.

518 588 606 646 62.
640 588 1010 659 Interrogavit
1038 588 1209 644 abbas
1234 590 1538 659 Abraham,
1567 593 1663 664 qui
1685 599 1805 649 erat
1824 593 2042 652 abbatis

445 677 764 748 Agathonis
794 678 1120 750 discipulus,
1151 678 1412 735 abbatem
1461 682 1771 750 Pastorem,
1813 684 2036 739 dicens:

445 767 630 833 Quare
656 784 748 824 me
777 768 858 822 sic
880 768 1161 824 daemones
1171 769 1545 841 impugnant?
1564 773 1634 828 Et
1652 773 1851 828 dicitei
1871 773 2042 829 abbas

443 855 646 912 Pastor
672 875 684 911 :
713 857 792 912 Te
817 857 1154 930 impugnant
1171 859 1452 916 daemones
1472 860 1496 914 ?
1518 861 1644 917 Non
1673 869 1930 934 pugnant
1947 881 2044 920 no-

444 943 661 1002 biscum
689 946 989 1015 daemones,
1023 948 1247 1019 quando
1276 949 1591 1006 voluntates
1637 956 1860 1007 nostras
1905 952 2044 1007 faci-

445 1050 573 1091 mus
597 1055 609 1103 ;
642 1037 776 1108 quia
802 1038 1120 1093 voluntates
1142 1043 1346 1094 nostra:
1374 1039 1656 1096 daemones
1687 1041 1845 1098 factae
1888 1048 2042 1106 sunt,

444 1128 504 1180 et
532 1125 618 1182 ba:
646 1131 782 1184 sunt
810 1143 933 1198 quae
963 1126 1240 1183 tribulant
1267 1144 1371 1184 nos
1398 1133 1464 1184 ut
1507 1129 1776 1186 faciamus
1825 1148 1939 1187 eas.
1986 1132 2046 1188 Si

445 1219 638 1277 autem
660 1216 745 1272 vis
772 1216 916 1271 scire
937 1217 1130 1288 quales
1166 1223 1300 1273 sunt
1345 1235 1472 1274 cum
1518 1219 1721 1291 quibus
1763 1221 2044 1277 daemones

445 1310 736 1376 pugnant;
759 1322 887 1361 cum
913 1306 1104 1379 Moyse
1128 1311 1186 1362 et
1217 1307 1494 1363 similibus
1525 1310 1665 1380 ejus.

518 1390 608 1450 63.
633 1393 786 1450 Dixit
811 1394 986 1450 abbas
1015 1396 1232 1464 Pastor,
1261 1397 1394 1468 quia
1417 1398 1593 1454 frater
1621 1399 1848 1471 quidam
1874 1401 2046 1456 inter-

447 1483 733 1553 rogaverit
759 1483 1020 1540 abbatem
1047 1486 1316 1558 Moysem,
1353 1487 1542 1543 dicens
1571 1506 1582 1542 :
1639 1489 1834 1553 Qualis
1878 1490 2045 1546 homo

448 1572 752 1629 mortificat
777 1574 882 1629 se?
905 1575 1073 1630 homo
1089 1592 1122 1630 a
1140 1576 1394 1647 proximo
1415 1594 1518 1632 suo
1539 1577 1650 1634 ?Et
1667 1579 1958 1650 respondit
1972 1580 2040 1634 ei:

447 1661 570 1716 Nisi
598 1663 849 1733 posuerit
876 1663 1043 1720 homo
1063 1664 1122 1719 in
1151 1666 1317 1720 corde
1337 1683 1438 1721 suo
1461 1668 1594 1738 quia
1621 1667 1928 1724 triennium
1948 1670 2046 1724 ha-

2122 503 2371 574 alioquin
2402 504 2584 558 Deum
2615 502 2946 557 mendacem
2974 501 3183 569 facies;
3225 501 3320 556 sed
3365 501 3453 556 dic
3489 503 3682 573 magis:

2123 593 2366 648 Omnino
2386 591 2828 647 misericordiam
2843 591 3025 646 facere
3040 591 3188 646 nolo.
3204 591 3545 646 Praeveniens
3555 592 3684 646 enim

2122 683 2273 738 Deus
2298 683 2472 737 dixit:
2509 681 2655 736 Dedi
2681 680 2837 735 vobis
2874 684 3209 752 potestatem
3254 680 3497 734 calcandi
3540 696 3688 752 super

2123 773 2442 844 scorpiones
2472 777 2529 827 et
2557 776 2864 843 serpentes,
2895 775 2953 825 et
2977 784 3147 843 super
3183 787 3406 824 omnem
3449 769 3686 825 virtutem

2122 861 2336 917 inimici
2363 863 2536 931 (Lucas
2558 861 2609 932 κ)
2621 901 2634 928 ,
2668 876 2768 914 cur
2787 876 2920 931 ergo
2936 865 3000 916 tu
3019 860 3338 916 immundos
3355 859 3577 932 spiritus
3593 875 3687 915 non

2124 952 2416 1007 conculcas
2436 950 2461 1005 ?

2197 1038 2287 1097 67.
2320 1041 2472 1096 Dixit
2502 1039 2674 1095 abbas
2703 1039 3023 1095 Palladius:
3067 1040 3304 1112 Oportet
3343 1039 3582 1094 animam
3622 1055 3694 1094 se-

2127 1131 2372 1186 cundum
2397 1129 2606 1184 Christi
2633 1129 2976 1184 voluntatem
3005 1134 3445 1195 conversantem,
3488 1134 3580 1184 aut
3603 1129 3695 1183 dis-

2128 1237 2252 1277 cere
2281 1220 2523 1276 ﬁdeliter
2542 1237 2664 1291 quae
2688 1220 2884 1287 nescit,
2917 1231 3017 1275 aut
3042 1221 3241 1274 docere
3277 1218 3566 1274 manifeste
3592 1236 3696 1290 quae

2128 1311 2283 1366 novit
2306 1329 2318 1378 ;
2347 1311 2395 1365 si
2415 1315 2604 1365 autem
2632 1317 2958 1380 utrumque,
2980 1327 3106 1364 cum
3127 1309 3321 1381 possit,
3344 1325 3457 1363 non
3483 1310 3610 1375 vult,
3628 1309 3700 1364 in-

2127 1401 2300 1456 saniae
2321 1399 2516 1454 morbo
2535 1399 2772 1454 laborat.
2797 1399 3030 1454 Initium
3050 1400 3200 1454 enim
3222 1399 3516 1453 recedendi
3536 1399 3696 1464 aDeo,

2126 1490 2417 1546 fastidium
2463 1489 2729 1544 doctrinm
2765 1494 2868 1556 est,
2915 1493 2974 1544 ct
3015 1505 3142 1543 cum
3179 1505 3290 1542 non
3334 1487 3546 1560 appetit
3582 1488 3699 1543 illud

2130 1580 2280 1652 quod
2307 1596 2533 1651 semper
2559 1579 2748 1633 anima
2777 1579 2956 1633 esurit
2983 1595 3107 1650 qua:
3136 1577 3323 1648 diligit
3366 1578 3542 1632 Deum
3572 1579 3700 1647 (Pal-

2128 1672 2264 1738 lad.,
2297 1673 2451 1740 epist.
2481 1670 2554 1723 ad
2593 1671 2852 1734 Lausum,
2906 1671 3068 1723 titulo
3113 1669 3443 1734 Heraclidis,
3482 1669 3543 1720 in
3587 1667 3697 1720 edit.

443 1748 541 1806 bet
565 1749 627 1805 in
653 1752 962 1824 sepultura,
996 1770 1110 1808 non
1129 1754 1358 1824 attingit
1372 1755 1443 1809 ad
1463 1755 1569 1810 hoc
1595 1755 1824 1811 verbum
1851 1759 2038 1827 (Ra/7.,
2061 1744 2109 1806 Β
2126 1760 2383 1820 Hervem.

448 1841 488 1894 ι.
517 1853 595 1908 ω,
621 1857 679 1895 η.
715 1840 847 1910 102;
879 1844 1091 1910 Pasch,
1123 1861 1170 1898 c.
1201 1842 1375 1911 43,11.
1417 1842 1470 1912 2,
1514 1848 1738 1900 nomine
1783 1845 2042 1914 Silvani;

446 1929 692 2000 Append.
720 1932 911 1998 Μανιη
945 1948 1009 1989 n.
1049 1930 1190 2002 108).
1228 1994 1232 1999 _

517 2016 608 2074 6i.
631 2019 829 2075 Frater
846 2019 1214 2092 interrogavit
1226 2022 1485 2082 abbatem
1506 2025 1817 2092 Pastorem,
1834 2025 2042 2081 dicens:

449 2107 740 2172 Quomodo
758 2115 980 2182 oportet
997 2113 1335 2169 monachum
1351 2113 1545 2169 sedere
1556 2114 1614 2168 in
1630 2115 1806 2170 cella?
1826 2113 1902 2171 Et
1911 2115 2050 2171 dixit

451 2197 504 2258 ei
531 2213 734 2254 senex:
769 2200 976 2256 Sedere
1005 2201 1066 2258 in
1094 2203 1255 2269 cella,
1299 2208 1572 2275 quantum
1609 2204 1681 2258 ad
1712 2205 1771 2258 id
1800 2206 1949 2276 quod
1990 2207 2052 2260 in

2201 1846 2290 1905 68.
2323 1849 2521 1903 Frater
2549 1849 2689 1903 dixit
2729 1847 2917 1902 abbati
2958 1847 3140 1904 Sisoi:
3183 1847 3372 1912 Quare
3415 1862 3526 1901 non
3571 1861 3705 1900 rece‘

2130 1939 2274 1994 dunt
2297 1956 2332 1992 a
2361 1955 2451 1992 me
2479 1938 2811 2010 passiones?
2847 1938 2922 1992 Et
2943 1937 3081 1992 dicit
3109 1937 3160 1991 ei
3185 1953 3358 1992 senex
3381 1955 3392 1990 :
3429 1936 3568 2001 Quia
3593 1953 3704 1990 vasa

2133 2028 2457 2083 earumdem
2481 2027 2806 2099 passionum
2835 2027 2986 2082 intra
3009 2032 3066 2082 te
3110 2031 3276 2093 sunt;
3309 2026 3411 2082 sed
3450 2025 3520 2080 da
3547 2025 3617 2079 eis
3639 2025 3705 2096 pi-

2131 2134 2278 2189 gnus
2306 2134 2490 2184 suum,
2515 2122 2572 2171 et
2591 2117 2900 2174 discedent.

2204 2204 2296 2264 69.
2327 2207 2491 2262 Venit
2521 2207 2750 2278 quidam
2778 2206 2953 2261 frater
2980 2207 3051 2260 ad
3079 2205 3342 2261 abbatem
3375 2204 3644 2260 Silvanum
3659 2203 3706 2258 in

449 2287 748 2344 manifesto
763 2295 867 2359 est,
887 2290 991 2346 hoc
1021 2296 1128 2364 est,
1151 2298 1216 2348 ut
1238 2292 1408 2348 faciat
1426 2310 1565 2365 opus
1592 2309 1884 2360 manuum,
1900 2300 1958 2349 et
1971 2311 2054 2350 se-
2134 2301 2326 2352 mente
2353 2296 2508 2362 Sina,
2531 2301 2588 2350 et
2600 2295 2739 2350 vidit
2766 2295 2968 2351 fratres
2981 2295 3320 2362 laborantes,
3340 2299 3401 2350 et
3426 2294 3562 2349 dixit
3578 2293 3704 2348 seni:

448 2378 560 2436 mel
585 2379 861 2448 comedat,
889 2385 946 2436 et
971 2386 1172 2449 taceat,
1195 2388 1252 2437 et
1279 2383 1617 2451 meditetur;
1653 2385 1868 2438 occulte
1897 2385 2049 2440 enim

448 2469 720 2541 proiicere
749 2469 811 2524 in
839 2471 999 2539 cella,
1033 2471 1140 2526 hoc
1169 2477 1273 2538 est,
1322 2477 1388 2527 ut
1434 2477 1620 2544 portet
1664 2473 2051 2545 unusquisque

449 2557 812 2630 opprobrium
839 2576 1005 2616 suum
1029 2560 1088 2615 in
1116 2561 1271 2616 omni
1301 2562 1419 2616 loco
1439 2578 1772 2633 quocunque
1797 2579 2053 2634 perrexe-

447 2646 541 2713 rit,
576 2652 634 2702 et
660 2652 724 2702 ut
750 2649 1050 2704 ministerii
1079 2649 1246 2705 horas
1289 2650 1588 2719 custodiat,
1621 2656 1678 2705 et
1708 2653 1778 2707 de
1819 2653 2049 2707 occultis

448 2752 562 2792 non
591 2736 860 2809 negligat.
892 2736 950 2793 Si
980 2743 1170 2793 autem
1192 2739 1492 2811 contigerit
1518 2746 1742 2812 tempus
1793 2748 1858 2797 ut
1894 2747 2051 2797 vacet

449 2823 520 2880 ab
539 2842 708 2898 opere
727 2843 1018 2895 manuum,
1035 2828 1210 2884 intret
1226 2830 1298 2884 ad
1320 2829 1698 2885 ministerium
1719 2831 1902 2902 operis
1924 2833 2045 2900 Dei,

453 2919 512 2972 et
537 2914 596 2972 id
633 2915 756 2970 sine
810 2916 1002 2988 aliqua
1023 2917 1447 2990 perturbatione
1493 2925 1861 2975 consummet.
1896 2921 2049 2977 Finis

449 3009 642 3062 autem
668 3005 872 3062 horum
899 3012 988 3063 est
1022 3013 1088 3063 ut
1130 3009 1461 3064 comitatum
1507 3009 1676 3064 simul
1715 3026 2050 3066 conversan-

449 3094 591 3152 tium
616 3095 891 3154 bonorum
912 3102 1126 3168 teneas,
1161 3104 1219 3154 et
1245 3099 1518 3155 revoceris
1557 3116 1592 3155 a
1634 3100 1912 3155 malorum
1955 3116 2049 3156 co-
2068 3069 2111 3128 Ο

449 3185 674 3243 mitatu.

520 3274 607 3332 65.
641 3276 934 3333 Venerunt
956 3277 1257 3350 aliquando
1295 3278 1408 3335 duo
1435 3278 1642 3335 fratres
1671 3281 1742 3335 ad
1793 3279 2052 3336 abbatem

449 3366 682 3439 Pampo,
713 3373 771 3423 et
798 3367 1168 3439 interrogavit
1197 3384 1343 3424 unus
1373 3385 1440 3425 ex
1465 3369 1564 3437 eis,
1598 3370 1789 3426 dicens
1814 3390 1825 3424 :
1869 3369 2048 3438 Abba,

450 3471 555 3527 ego
582 3453 752 3513 biduo
775 3457 993 3528 jejuno,
1025 3461 1084 3513 et
1101 3457 1241 3513 duos
1267 3458 1580 3529 paximates
1607 3459 1884 3514 manduco
1909 3477 1921 3527 ;
1945 3475 2052 3530 pu-

450 3548 539 3602 tas
567 3545 719 3600 salvo
737 3545 986 3602 animam
1005 3563 1209 3614 meam,
1234 3563 1308 3602 an
1329 3548 1565 3603 seducor
1585 3548 1608 3602 ?
1629 3549 1696 3603 Et
1717 3549 1862 3603 alter
1890 3549 2045 3604 dixit:

449 3631 570 3706 Ego
596 3634 795 3706 colligo
823 3635 894 3690 de
913 3652 1082 3708 opere
1098 3652 1368 3691 manuum
1388 3653 1643 3692 mearum
1658 3637 1800 3692 duas
1822 3637 2052 3708 siliquas

451 3723 703 3791 diurnas,
737 3729 794 3779 et
820 3742 1021 3796 parum
1054 3743 1121 3780 ex
1142 3725 1236 3799 .eis
1264 3726 1479 3781 retineo
1525 3727 1596 3780 ad
1625 3727 1855 3792 victum,
1895 3726 2049 3781 aliud

452 3817 641 3868 autem
672 3814 922 3885 expende
940 3815 1000 3869 in
1026 3815 1477 3886 eleemosynam:
1512 3819 1679 3886 putas
1709 3816 1894 3870 salvus
1930 3832 2044 3883 ero,

451 3917 525 3956 an
545 3901 816 3958 seducor?
846 3903 921 3957 Et
946 3919 1075 3958 cum
1095 3903 1405 3975 plurimum
1447 3909 1713 3975 rogarent
1753 3921 1902 3972 eum,
1953 3905 2050 3960 ille

454 4007 567 4047 non
595 3991 970 4064 respondebat
998 3992 1099 4049 eis.
1127 3993 1262 4048 Post
1289 3993 1532 4065 quatubr
1558 4000 1746 4050 autem
1777 3994 1896 4049 dies
1919 4011 2050 4050 cum

452 4081 754 4138 discessuri
782 4087 990 4151 essent,
1034 4082 1310 4154 rogabant
1361 4099 1454 4138 eos
1502 4083 1708 4151 clerici,
1761 4084 2046 4141 dicentes:

452 4171 639 4228 Nolite
668 4171 904 4240 tristari,
927 4173 1148 4240 fratres,
1171 4173 1322 4228 Deus
1336 4172 1492 4228 vobis
1518 4173 1807 4246 praestabit
1833 4190 2050 4229 merce-

451 4261 578 4316 dem
606 4280 619 4329 ;
651 4261 732 4317 sic
761 4267 847 4317 est
873 4261 1024 4317 enim
1047 4263 1392 4318 consuetudo
1413 4263 1583 4334 hujus
1613 4263 1781 4330 senis,
1815 4280 1927 4319 non
1939 4263 2049 4318 cito

2129 2385 2316 2440 Nolite
2345 2385 2565 2458 operari
2600 2385 2786 2440 cibum
2816 2386 2914 2457 qui
2942 2386 3090 2458 perit
3118 2386 3295 2455 (Joan.
3315 2386 3395 2456 v1)
3413 2403 3426 2452 ;
3443 2385 3609 2439 Maria
3630 2399 3710 2437 au-

2128 2480 2246 2530 tem
2273 2475 2545 2547 optimam
2573 2481 2794 2546 partem
2811 2475 2983 2546 elegit
3010 2477 3182 2541 (Lucas
3203 2475 3272 2543 xl.
3294 2473 3374 2528 Et
3402 2472 3536 2528 dicit
3559 2489 3704 2527 senex

2131 2564 2404 2636 discipulo
2434 2581 2568 2619 suo:
2622 2565 2774 2618 Voca
2816 2563 3161 2629 Zachariam,
3205 2569 3262 2618 et
3301 2564 3472 2618 mitte
3507 2563 3709 2618 fratrem

2132 2653 2306 2709 istum
2334 2655 2394 2708 in
2420 2654 2637 2721 cellam,
2665 2653 2762 2708 ubi
2791 2653 2931 2708 nihil
2961 2658 3047 2708 est
3078 2655 3260 2721 (Ra/)1,
3294 2656 3334 2708 ι.
3387 2667 3475 2720 In,
3520 2668 3574 2707 η.
3617 2652 3710 2718 55).

2132 2743 2346 2798 Etcum
2371 2743 2517 2799 facta
2535 2744 2732 2798 fuisset
2740 2743 2878 2798 hora
2894 2759 3060 2808 nona,
3085 2741 3420 2798 intendebat
3429 2742 3498 2796 ad
3511 2742 3708 2804 ostium,

2133 2833 2182 2888 si
2211 2833 2503 2888 mitterent
2531 2838 2588 2888 et
2608 2838 2871 2888 vocarent
2897 2849 3027 2887 eum
3055 2833 3124 2887 ad
3153 2831 3638 2898 manducandum;
3665 2835 3714 2884 et

2134 2939 2261 2978 cum
2291 2939 2457 2978 nemo
2481 2924 2810 2994 loqueretur
2829 2923 2902 2992 ei,
2932 2938 3170 2994 surgens
3198 2921 3356 2976 venit
3370 2922 3441 2976 ad
3459 2924 3713 2986 senem,et

2132 3011 2270 3066 dicit
2289 3011 2338 3065 ei
2365 3030 2376 3065 :
2409 3010 2585 3078 Abba,
2619 3010 2788 3064 hodie
2822 3010 3024 3065 fratres
3061 3027 3172 3064 non
3215 3009 3617 3064 comederunt?
3655 3007 3714 3062 Et

2132 3101 2272 3156 dixit
2297 3101 2351 3156 ei
2380 3117 2586 3156 senex:
2617 3099 2806 3155 Etiam
2830 3102 2952 3171 jam
2975 3100 3361 3155 comederunt.
3395 3101 3467 3154 Et
3500 3098 3626 3153 dicit
3670 3097 3713 3152 ei

2133 3190 2340 3245 frater:
2376 3191 2446 3244 Et
2484 3207 2658 3262 quare
2689 3207 2780 3244 me
2809 3207 2923 3244 non
2953 3189 3204 3244 vocasti?
3240 3190 3309 3244 Et
3340 3188 3622 3261 respondit
3643 3202 3715 3241 se-

2133 3297 2239 3335 nex
2263 3299 2276 3335 :
2304 3280 2388 3334 Tu
2417 3280 2584 3334 homo
2617 3279 2886 3351 spiritalis
2900 3295 2978 3347 es,
2998 3284 3054 3334 et
3081 3296 3195 3334 non
3221 3278 3448 3350 indiges
3467 3279 3570 3332 hoc
3586 3276 3711 3344 cibo;

2136 3387 2238 3425 nos
2264 3374 2456 3424 autem
2481 3369 2733 3425 carnales
2766 3386 2960 3424 sumus
2986 3375 3043 3423 et
3071 3369 3320 3423 volentes
3373 3368 3710 3428 manducare,

2133 3464 2435 3531 propterea
2457 3459 3029 3531 operamurmanibus
3041 3457 3276 3524 nostris;
3298 3463 3368 3512 tu
3382 3475 3513 3512 vero
3533 3456 3713 3511 bonam

2133 3554 2356 3620 partem
2382 3549 2623 3619 elegisti,
2655 3549 2846 3618 legens
2875 3553 2994 3603 tota
3016 3548 3127 3613 die,
3185 3553 3240 3602 et
3280 3547 3481 3602 nolens
3517 3561 3714 3600 sumere

2133 3638 2320 3694 cibum
2350 3638 2654 3692 carnalem.
2679 3637 2785 3702 Qui
2816 3655 2944 3692 cum
2976 3638 3092 3692 hzec
3120 3636 3393 3700 audisset,
3441 3632 3717 3707 prostravit

2135 3745 2195 3782 se
2227 3729 2297 3782 ad
2330 3727 2742 3799 paenitentiam,
2783 3727 3008 3781 dicens:
3043 3727 3295 3797 Ignosce,
3331 3726 3414 3779 mi
3456 3724 3612 3779 abba.
3657 3723 3714 3776 Et

2134 3816 2276 3870 dixit
2301 3832 2469 3871 senex
2499 3835 2510 3869 :
2540 3817 2684 3870 Puto
2713 3831 2853 3887 opus
2904 3814 3072 3869 habet
3101 3814 3330 3869 omnino
3373 3813 3553 3868 Maria
3593 3811 3716 3866 Mar—

2134 3906 2314 3974 tham,
2353 3922 2454 3977 per
2482 3905 2765 3960 Martham
2793 3905 2944 3959 enim
2968 3903 3146 3958 Maria
3172 3903 3462 3958 laudatur.

2206 3993 2290 4049 70.
2326 3995 2478 4049 Dixit
2504 3999 2699 4049 sancta
2719 3992 3065 4066 Syncletica:
3101 3993 3210 4057 Qui
3251 3992 3544 4047 sensibiles
3590 3989 3713 4044 divi-

2130 4084 2238 4138 tias
2267 4084 2337 4139 de
2367 4083 2558 4138 labore
2587 4089 2643 4138 et
2672 4083 2932 4155 periculis
2962 4082 3136 4136 maris
3165 4082 3464 4152 colligunt,
3513 4079 3713 4152 quando

2130 4173 2312 4227 multa
2349 4173 2658 4239 lucrentur,
2703 4180 2838 4227 tunc
2851 4173 3017 4244 plura
3035 4171 3377 4236 desiderant,
3415 4175 3472 4226 et
3499 4186 3614 4242 quae
3630 4169 3714 4222 ha-

2130 4260 2283 4330 bent,
2316 4263 2470 4318 velut
2497 4263 2736 4317 nihilum
2767 4266 3068 4334 reputant;
3101 4261 3173 4315 ad
3202 4277 3270 4315 ea
3295 4277 3431 4315 vero
3459 4276 3580 4331 quae
3605 4273 3714 4312 nec-

451 4351 722 4424 loquitur,
750 4351 861 4408 nisi
883 4352 1032 4408 Deus
1051 4369 1104 4406 e1
1116 4352 1337 4407 dederit
1347 4353 1495 4425 quod
1508 4353 1676 4408 dicat.
1695 4354 2053 4409 Intraverunt
2065 4355 2112 4414 D
2131 4351 2268 4406 dum
2295 4351 2505 4406 habent
2523 4368 2747 4406 omnem
2768 4351 3137 4405 intentionem
3149 4350 3322 4404 animi
3341 4349 3600 4404 tendunt.
3613 4348 3712 4401 Nos

453 4457 587 4514 ergo
615 4441 687 4498 ad
706 4457 920 4509 senem,
939 4447 998 4496 et
1021 4441 1286 4498 dixerunt
1315 4442 1366 4498 ei
1394 4461 1404 4495 :
1438 4441 1616 4508 Abba,
1634 4460 1735 4498 ora
1753 4460 1854 4514 pro
1868 4441 2048 4498 nobis.

452 4529 529 4587 Et
563 4531 661 4598 ille
698 4530 839 4586 dixit
875 4531 992 4586 eis:
1041 4530 1346 4587 Ambulare
1387 4531 1600 4586 vultis?
1636 4531 1710 4586 Et
1750 4532 2044 4587 dixerunt:

451 4619 662 4677 Etiam.
694 4619 769 4677 Et
794 4621 1023 4678 intuens
1042 4637 1157 4688 eos,
1176 4621 1235 4675 in
1253 4621 1555 4692 semetipso
1585 4621 1858 4693 accipiens
1883 4637 2054 4694 opera

451 4728 670 4777 eorum,
697 4711 979 4768 scribebat
995 4711 1055 4767 in
1083 4715 1314 4774 terram,
1349 4715 1407 4766 et
1447 4710 1702 4766 dicebat:
1735 4710 1946 4766 Pambo
1973 4710 2052 4765 bi-

451 4803 563 4859 duo
585 4804 828 4874 jejunat,
862 4807 920 4858 et
941 4802 1082 4858 duos
1111 4800 1421 4873 paximates
1441 4801 1745 4856 manducat
1772 4819 1785 4868 ;
1809 4805 1974 4872 putas
1990 4801 2050 4855 in

451 4891 559 4945 hoc
577 4896 663 4947 est
676 4891 1020 4948 monachus?
1037 4892 1183 4948 Non.
1209 4892 1422 4947 Iterum
1452 4889 1674 4946 dicebat
1696 4909 1707 4944 :
1740 4889 1814 4944 Et
1838 4889 2048 4945 Pambo

453 4978 671 5036 laborat
696 4981 756 5036 in
782 4982 874 5037 die
901 4982 1042 5038 duas
1066 4981 1320 5053 siliquas,
1347 4985 1404 5035 et
1422 4980 1520 5034 dat
1539 4996 1632 5034 eas
1651 4979 1712 5034 in
1746 4979 2051 5051 eleemosy-

455 5085 624 5137 nam;
653 5076 822 5141 putas
839 5070 899 5126 in
919 5071 1024 5128 hoc
1053 5076 1139 5126 est
1157 5069 1501 5127 monachus?
1531 5068 1802 5125 Necdum.
1828 5068 1902 5124 Et
1917 5086 2052 5140 pau-

453 5159 635 5219 lulum
664 5159 922 5228 reticens,
955 5160 1320 5216 dixitadeos:
1355 5161 1573 5216 Bonum
1602 5159 1830 5231 quidem
1860 5175 2055 5230 opera-

454 5250 554 5318 ris,
571 5249 687 5321 ,sed
709 5249 757 5304 si
785 5250 1065 5306 custodias
1093 5251 1490 5306 conscientiam
1514 5254 1709 5316 θοις
1737 5255 1896 5304 tuam
1925 5265 2054 5304 cum

453 5339 708 5415 proximo
729 5345 848 5406 tuo,
879 5340 957 5395 ita
987 5339 1308 5396 salvaberis.
1327 5341 1392 5396 In
1421 5341 1510 5396 his
1538 5357 1671 5411 ergo
1701 5339 1780 5394 sic
1795 5338 2052 5395 aediﬁcati

451 5432 675 5498 fratres,
707 5447 835 5486 cum
861 5430 1068 5501 gaudio
1106 5430 1502 5486 discesserunt.

525 5520 614 5578 66.
636 5521 836 5577 Frater
865 5519 1096 5593 quidam
1119 5520 1485 5592 interrogavit
1510 5519 1771 5576 abbatem
1819 5519 2048 5586 Pambo,

453 5611 681 5670 dicens:
711 5611 898 5682 Quare
924 5627 1017 5668 me
1044 5608 1343 5683 prohibent
1359 5609 1592 5684 spiritus
1619 5609 1847 5684 quidam
1871 5608 2053 5666 facere

2135 4445 2324 4496 autem
2353 4446 2411 4496 et
2438 4457 2632 4496 eorum
2647 4457 2770 4513 quae
2785 4440 3088 4512 quaerenda
3107 4446 3257 4504 sunt,
3282 4439 3426 4493 nihil
3441 4438 3709 4500 habemus,

2135 4536 2192 4586 et
2218 4531 2480 4586 nolumus
2509 4530 2793 4602 possidere
2822 4546 2945 4601 quae
2982 4528 3301 4584 necessaria
3336 4533 3474 4584 sunt
3509 4530 3714 4599 propter

2133 4621 2396 4676 timorem
2422 4620 2544 4674 Dei.

2206 4710 2293 4767 71.
2324 4710 2476 4765 Dixit
2501 4709 2712 4764 iterum
2737 4727 2751 4765 :
2784 4710 2882 4763 Est
2908 4708 3138 4764 tristitia
3161 4707 3333 4775 utilis,
3367 4712 3428 4762 et
3451 4711 3536 4762 est
3561 4703 3716 4760 tristi-

2131 4799 2213 4854 tia
2241 4816 2363 4871 quae
2392 4798 2718 4872 corrumpit.
2751 4798 3006 4853 Tristitia
3036 4815 3170 4869 ergo
3198 4798 3352 4852 utilis
3391 4801 3496 4865 est,
3535 4803 3596 4850 ut
3627 4809 3714 4866 pro

2132 4889 2374 4961 peccatis
2405 4888 2862 4959 ingemiscamus,
2896 4893 2954 4942 et
2973 4905 3076 4960 pro
3102 4888 3427 4959 ignorantia
3453 4885 3714 4960 proximo-

2134 4996 2280 5046 rum,
2315 4983 2373 5034 et
2399 4983 2466 5033 ut
2490 4994 2604 5032 non
2634 4978 2900 5032 cadamus
2928 4994 2962 5031 a
2989 4977 3292 5049 proposito,
3342 4982 3410 5031 ut
3449 4972 3715 5048 perfectio-

2133 5085 2260 5123 nem
2280 5068 2546 5123 bonitatis
2567 5068 2935 5138 attingamus:
2951 5067 3036 5122 ha:
3060 5072 3194 5121 sunt
3229 5065 3444 5138 species
3476 5081 3612 5119 verte
3630 5061 3715 5115 tri-

2137 5159 2321 5214 stitiaa.
2348 5159 2445 5213 Est
2469 5157 2620 5212 enim
2641 5162 2698 5211 et
2717 5157 3018 5212 adversarii
3039 5156 3218 5210 nostri
3247 5156 3316 5210 ad
3336 5156 3455 5210 haec
3481 5152 3715 5226 quaedam

2135 5248 2473 5320 conjunctio.
2508 5246 2771 5302 Immittit
2802 5246 2952 5301 enim
2974 5245 3266 5300 tristitiam
3296 5245 3419 5300 sine
3449 5244 3629 5314 aliqua
3643 5255 3715 5293 ra-

2134 5339 2304 5404 tione,
2340 5354 2509 5409 quam
2547 5336 2777 5391 taedium
2824 5336 3272 5408 appellaverunt.
3321 5334 3558 5406 Oportet
3598 5343 3712 5398 ergo

2133 5430 2305 5484 talem
2317 5427 2577 5500 spiritum
2598 5426 2800 5497 saepius
2815 5425 3027 5481 orando
3051 5430 3109 5480 et
3135 5423 3421 5498 psallendo
3443 5421 3617 5492 magis
3633 5419 3712 5473 de-

2134 5519 2360 5590 pellere.

2205 5606 2290 5668 72.
2325 5607 2474 5665 Dixit
2502 5608 2742 5665 iterum:
2779 5607 2877 5664 Est
2894 5605 3044 5663 enim
3061 5621 3127 5662 ex
3149 5602 3498 5662 immissione
3523 5596 3709 5657 diaboli
