3964 6206
284 291 394 355 925

1584 313 1823 377 VERBA
1860 316 2252 380 SENIORUM.

3464 320 3573 382 926

283 425 520 480 extensa
542 424 691 482 dura
708 425 1070 500 abstinentia,
1095 449 1228 491 nam
1257 441 1314 492 et
1342 453 1611 511 sequaces
1639 444 1763 515 ejus
1801 445 1886 503 fa-
1904 449 1951 511 Î‘
1971 462 2190 514 sanare,
2210 445 2367 504 misit
2392 451 2519 520 post
2540 446 2729 521 ipsum
2752 450 2812 504 et
2826 445 3108 504 revocavit
3128 462 3278 505 eum.
3302 446 3411 514 Qui
3437 464 3590 508 cum!

281 509 446 569 ciunt
466 512 569 569 hoc
583 532 596 582 ;
612 517 837 588 quando
849 536 982 592 ergo
1003 520 1375 582 discernimus
1385 509 1632 586 divinam
1652 537 1711 588 et
1732 551 1891 607 rega-

279 599 398 656 lem
425 601 824 662 abstinentiam
849 626 886 664 a
906 612 1205 681 tyrannica
1230 620 1402 689 atque
1432 618 1752 678 diabolica?
1777 599 1890 681 hia-

278 691 553 751 nifestum
585 700 671 752 est
698 697 833 768 quia
875 701 1143 759 mediocri
1170 709 1424 779 tempore
1450 713 1888 771 conversationis

281 786 414 836 tuae:
432 798 548 837 una
574 786 773 856 regula
789 786 997 859 jejunii
1021 791 1097 848 sit
1124 792 1247 849 tibi.
1276 796 1404 853 Non
1434 798 1620 857 subito
1646 808 1889 874 quatuor

280 875 388 926 aut
412 872 659 945 quinque
679 874 799 931 dies
826 879 1122 936 continuos
1145 883 1391 956 jejunas,
1418 893 1478 943 ct
1504 872 1709 946 iterum
1737 892 1886 948 mul-

276 957 527 1017 titudine
563 961 814 1022 ciborum
854 967 1020 1024 solvis
1048 970 1317 1028 virtutem
1345 974 1371 1028 ?
1397 976 1503 1032 hoc
1527 979 1677 1035 enim
1706 980 1886 1039 laetifi-

276 1053 375 1104 cat
410 1048 714 1108 diabolum.
748 1054 984 1128 Semper
1009 1058 1158 1115 enim
1181 1061 1330 1134 quod
1342 1064 1464 1121 sine
1482 1083 1747 1126 mensura
1770 1077 1880 1139 est,

272 1138 644 1211 corruptibile
674 1147 778 1198 est.
795 1144 923 1201 Noli
951 1163 1084 1220 ergo
1103 1149 1290 1208 subito
1310 1169 1470 1211 arma
1486 1161 1587 1212 tua
1612 1138 1884 1232 expende?

278 1242 365 1295 re,
393 1244 468 1282 ne
495 1229 681 1287 nudus
708 1231 972 1291 inventus
1000 1236 1061 1293 in
1080 1236 1226 1296 bello
1248 1242 1411 1299 facile
1424 1246 1664 1319 capiaris
1687 1267 1700 1318 ;
1722 1266 1883 1307 arma

277 1332 417 1375 vero
444 1323 638 1375 nostra
664 1337 868 1395 corpus
895 1331 1151 1384 nostrum
1177 1336 1281 1398 est,
1313 1333 1501 1390 anima
1528 1353 1659 1395 vero
1687 1344 1881 1396 nostra

272 1404 442 1461 miles
470 1413 577 1465 est.
602 1411 869 1486 Utrisque
901 1431 1033 1488 ergo
1054 1417 1405 1490 diligentiam
1431 1431 1655 1497 praesta,
1686 1435 1752 1486 ut
1781 1447 1878 1503 pa-

272 1501 436 1552 ratus
462 1496 541 1553 sis
564 1499 639 1554 ad
666 1500 724 1557 id
754 1504 906 1574 quod
934 1522 1160 1565 necesse
1189 1514 1294 1567 est.

348 1583 440 1642 73.
490 1587 782 1680 Venerunt
816 1592 1120 1667 aliquando
1166 1599 1277 1655 duo
1306 1585 1469 1659 senes
1513 1605 1583 1661 de
1620 1608 1874 1680 partibus

276 1672 494 1730 Pelusii
521 1677 594 1733 ad
618 1678 967 1769 abbatissam
989 1686 1207 1743 Saram.
1239 1690 1311 1746 Et
1337 1709 1465 1749 cum
1492 1672 1869 1769 ambularent,

1970 536 2233 606 venisset,
2260 553 2389 594 cum
2415 537 2624 609 gaudio
2651 537 2860 594 iterum
2889 536 3137 611 suscepit
3163 542 3377 605 eum,et
3395 538 3570 597 inter-

1970 626 2189 698 rogavit
2209 644 2359 695 eum,
2399 627 2621 683 dicens:
2643 628 2725 683 Ex
2768 644 2880 699 qua
2908 627 3194 700 provincia
3219 627 3322 683 es?
3360 628 3433 684 Et
3471 626 3567 685 ille

1970 716 2142 773 dixit:
2185 717 2483 790 Egyptius
2512 733 2658 772 sum.
2682 717 2754 772 Et
2778 716 2920 773 dixit
2938 717 2992 773 ei
3014 735 3027 773 :
3076 717 3252 789 Cujus
3278 715 3568 773 civitatis?

1966 804 2036 861 Et
2059 805 2387 878 respondit:
2417 805 2534 877 Ego
2562 805 2791 861 omnino
2824 821 2939 862 non
2970 804 3051 863 fui
3081 805 3151 862 de
3178 804 3424 875 civitate,
3455 822 3560 864 nec

1967 891 2215 950 habitavi
2233 894 2535 967 aliquando
2554 895 2615 950 in
2633 893 2876 951 civitate.
2892 895 2962 951 Et
2973 894 3113 951 dixit
3137 894 3189 951 ei
3206 913 3218 949 :
3240 896 3564 969 Antequam

1965 985 2273 1041 monachus
2302 1001 2470 1053 esses,
2493 984 2629 1057 quid
2655 983 2978 1057 operabaris
2996 984 3055 1041 in
3084 984 3432 1058 possessione
3450 1002 3566 1060 qua

1965 1073 2274 1130 manebas?
2292 1074 2365 1130 Et
2380 1073 2479 1130 ille
2498 1074 2825 1148 respondit:
2855 1074 3056 1130 Custos
3084 1091 3240 1133 eram
3270 1091 3560 1147 agrorum.

1965 1161 2040 1218 Et
2056 1163 2195 1218 dicit
2210 1162 2291 1220 ei:
2332 1162 2441 1220 Ubi
2466 1162 2819 1221 dormiebas?
2846 1163 3180 1235 Respondit:
3218 1163 3287 1220 In
3308 1181 3468 1236 agro.
3490 1164 3565 1225 Et

1962 1252 2133 1308 dixit:
2181 1251 2441 1308 Habebas
2473 1252 2687 1325 aliquid
2715 1252 2973 1309 stratus?
2999 1252 3072 1309 Et
3089 1252 3407 1326 respondit:
3442 1254 3560 1326 Ego

1958 1339 2022 1399 in
2036 1358 2172 1413 agro
2184 1341 2357 1398 habui
2374 1342 2583 1399 habere
2596 1347 2910 1399 stramenta
2919 1342 2979 1399 in
3000 1342 3202 1416 quibus
3221 1342 3556 1399 dormirem?

1958 1430 2031 1487 Et
2055 1432 2232 1491 dixit:
2279 1432 2352 1489 Et
2403 1434 2683 1506 quomodo
2711 1432 3073 1491 dormiebas?
3106 1434 3450 1507 Respondit:
3492 1434 3560 1491 In

1955 1524 2111 1579 terra
2127 1522 2305 1581 nuda.
2320 1522 2391 1579 Et
2407 1522 2578 1579 dixit:
2602 1523 2750 1589 Quid
2777 1522 3157 1580 manducabas
3185 1525 3246 1579 in
3274 1539 3437 1595 agro,
3459 1529 3560 1580 aut

1956 1611 2121 1682 quale
2149 1611 2343 1668 vinum
2360 1611 2626 1669 bibebas?
2659 1614 2873 1669 Iterum
2903 1612 3223 1685 respondit:
3258 1613 3393 1678 Quae
3419 1617 3555 1673 sunt

1954 1715 2096 1756 esca:
2125 1705 2227 1756 aut
2246 1702 2429 1774 qualis
2456 1707 2621 1775 potus
2657 1702 2718 1759 in
2746 1701 2924 1775 agro?
2952 1701 3024 1757 Et
3050 1701 3228 1759 dixit:
3261 1701 3552 1768 Quomodo

273 1762 539 1822 dicebant
566 1768 637 1822 ad
670 1769 907 1829 invicem
932 1793 947 1831 :
992 1776 1371 1837 Ilurniliemus
1407 1785 1655 1842 vetulam
1682 1762 1868 1845 istam.
1891 1776 2088 1862 Bergo
2108 1762 2378 1848 vivebas?
2413 1762 2743 1865 Respondit:
2772 1762 3182 1848 iianducabam
3208 1807 3416 1865 panem
3439 1791 3551 1848 sic-

272 1851 344 1908 Et
372 1852 569 1911 dicunt
582 1856 634 1911 ei
656 1876 668 1912 :
701 1859 842 1917 Vide
870 1879 942 1918 ne
962 1867 1262 1924 extollatur
1287 1871 1510 1929 animus
1530 1879 1682 1945 tuus,
1715 1883 1774 1935 et
1790 1878 1873 1936 di-

271 1958 404 1997 cas:
440 1944 585 2011 Quia
614 1963 740 2003 ecce
786 1951 1024 2008 solitarii
1065 1956 1170 2012 viri
1197 1960 1430 2017 veniunt
1484 1964 1557 2019 ad
1594 1983 1705 2035 me,
1746 1986 1869 2041 quia

269 2027 476 2084 mulier
496 2045 643 2085 sum.
675 2032 748 2088 Et
764 2033 905 2091 dixit
928 2036 1008 2093 eis
1035 2039 1319 2099 abbatissa
1347 2045 1513 2102 Sara:
1558 2027 1705 2107 Sexu
1741 2027 1867 2125 qui-

268 2115 401 2173 dem
425 2118 630 2177 mulier
654 2138 800 2193 sum,
824 2126 923 2182 sed
951 2143 1065 2185 non
1094 2131 1303 2190 animo.

341 2205 663 2266 74.1terum
692 2211 834 2270 dixit
860 2215 1146 2277 abbatissa
1195 2222 1361 2279 Sara:
1396 2224 1455 2281 Si
1498 2238 1802 2301 pOposcero
1831 2249 1868 2288 a

265 2293 385 2350 Deo
409 2302 475 2354 ut
499 2314 694 2356 omnes
723 2302 981 2363 homines
1011 2310 1359 2369 aediï¬centur
1384 2314 1443 2372 in
1467 2333 1577 2386 me,
1611 2318 1865 2377 invenior

267 2388 401 2439 ante
439 2387 649 2458 januas
689 2390 1040 2465 singulorum
1082 2401 1467 2471 penitentiam
1498 2423 1705 2478 agens;
1763 2410 1862 2466 sed

265 2473 447 2546 magis
488 2493 586 2532 oro
623 2484 689 2535 ut
722 2498 820 2537 cor
847 2500 1038 2542 meum
1064 2505 1192 2545 cum
1232 2493 1492 2551 omnibus
1528 2511 1734 2569 purum
1763 2500 1857 2556 sit.

334 2561 426 2622 75.
470 2565 624 2623 Dixit
651 2568 822 2628 abbas
879 2575 1280 2649 Hyperichius:
1327 2583 1428 2640 Ille
1470 2561 1556 2642 est
1593 2604 1723 2644 vere
1766 2606 1859 2646 sa-

263 2651 446 2747 piens,
481 2656 732 2747 quifacto
747 2678 850 2717 suo
878 2664 1042 2723 docet
1062 2669 1222 2739 alios,
1255 2688 1368 2729 non
1400 2676 1498 2747 qui
1526 2676 1727 2735 verbis.

333 2740 425 2799 76.
476 2745 637 2821 Venit
664 2750 967 2823 aliquando
1005 2760 1312 2816 monachus
1351 2740 1581 2835 quidam
1610 2767 1681 2823 ab
1717 2768 1856 2826 urbe

260 2828 567 2923 lienemqui
592 2836 651 2892 in
678 2839 888 2910 palatio
917 2860 1189 2916 magnum
1211 2828 1396 2907 locum
1420 2852 1637 2923 habuit,
1667 2862 1725 2912 et
1753 2858 1855 2914 ha-

1952 1895 2102 1945 cum,
2134 1886 2193 1936 et
2221 1880 2269 1936 si
2294 1881 2647 1938 inveniebam
2670 1882 3043 1955 quodcunque
3071 1881 3143 1936 de
3166 1880 3543 1950 salsamentis,

1950 1973 2009 2023 et
2034 1967 2297 2026 bibebam
2337 1971 2641 2043 aquam.Et
2675 1971 2816 2028 dixit
2841 1987 3015 2027 senex
3048 1981 3061 2018 =
3093 1969 3336 2026 Grandis
3362 1969 3548 2027 labor.

1948 2055 2021 2112 Et
2037 2058 2179 2115 dixit
2194 2077 2208 2113 :
2221 2060 2359 2116 Erat
2384 2060 2463 2117 ibi
2484 2061 2573 2116 vel
2600 2060 2866 2118 balneum
2883 2059 2944 2115 in
2964 2059 3334 2132 possessione,
3352 2058 3451 2117 ubi
3469 2059 3550 2117 la-

1948 2146 2202 2203 vareris?
2229 2137 2304 2206 Et
2322 2148 2418 2205 ille
2443 2148 2617 2209 dixit:
2643 2150 2791 2218 Non,
2815 2147 2915 2205 sed
2950 2147 3013 2204 in
3041 2148 3277 2205 ï¬‚umine
3293 2147 3542 2216 lavabar,

1948 2238 2172 2309 quando
2200 2239 2477 2297 volebam.
2510 2241 2654 2297 Cum
2681 2246 2816 2313 ergo
2837 2240 2957 2297 haec
2982 2240 3175 2297 omnia
3192 2240 3263 2296 ab
3282 2256 3349 2297 eo
3376 2256 3555 2298 senex

1945 2329 2308 2400 responsione
2339 2331 2462 2402 ejus
2492 2330 2788 2403 exegisset,
2840 2336 2899 2387 et
2932 2331 3285 2403 cognovisset
3308 2331 3544 2389 modum

1943 2416 2148 2488 prioris
2166 2418 2294 2474 vitae
2308 2420 2431 2491 ejus
2450 2425 2623 2493 atque
2636 2419 2863 2486 laboris,
2878 2421 3071 2477 volens
3090 2437 3223 2477 eum
3245 2421 3538 2494 proï¬cere,

1942 2507 2195 2564 narravit
2217 2508 2270 2564 ei
2313 2525 2476 2565 suam
2503 2509 2678 2566 vitam
2713 2510 3074 2583 pmteï¬tam,
3104 2526 3277 2583 quam
3300 2509 3546 2567 habebat

1938 2611 2067 2651 cum
2094 2602 2245 2654 esset
2268 2598 2571 2668 saecularis,
2603 2599 2828 2657 dicens:
2854 2601 2945 2657 Me
2971 2599 3239 2657 miserum
3269 2616 3439 2673 quem
3464 2600 3546 2657 vi-

1910 2737 1917 2744 .
1938 2685 2058 2754 des,
2090 2686 2160 2743 de
2179 2703 2388 2760 magna
2413 2688 2512 2745 illa
2537 2688 2761 2746 civitate
2773 2690 2953 2747 Roma
2971 2706 3119 2759 sum,
3138 2688 3353 2747 habens
3370 2688 3541 2763 inpa-

1938 2773 2074 2831 latio
2100 2777 2413 2834 maximum
2439 2779 2623 2835 locum
2652 2779 2803 2852 apud
2834 2779 3254 2853 imperatorem.
3299 2779 3375 2839 Et
3396 2795 3537 2837 cum

1936 2864 2188 2921 audisset
2196 2867 2492 2940 Egyptius
2507 2868 2671 2925 initia
2698 2868 2998 2925 verborum
3011 2869 3153 2941 ejus,
3168 2873 3543 2941 compunctus

259 2917 552 2978 bitabatin
572 2925 767 2999 Scythi
787 2930 845 2985 in
855 2932 1139 2992 vicinitate
1168 2940 1443 3010 ecclesiae;
1480 2917 1725 3002 habebat
1749 2964 1853 3004 au-
1940 2917 2543 3030 eej'e't'geâ€˜ï¬â€™czejee
2579 2956 2911 3016 dicebantur
2935 2917 3219 3017 audiebat.
3246 2917 3540 3015 Etilleadr

255 3011 377 3064 tem
400 3028 591 3070 secum
607 3032 783 3073 unum
812 3038 1035 3079 servum
1057 3027 1153 3098 qui
1176 3029 1535 3089 ministrabat
1553 3034 1624 3090 ei.
1649 3036 1858 3097 Videns
1932 3011 2069 3113 jecit
2098 3063 2113 3097 :
2147 3044 2371 3118 Reliqui
2406 3011 2540 3119 ergo
2568 3011 2810 3104 Eomam
2845 3052 2906 3103 et
2929 3047 3056 3103 veni
3083 3047 3147 3104 in
3174 3047 3536 3105 solitudinem

254 3104 449 3156 autem
477 3104 773 3179 presbyter
801 3112 1046 3170 ecclesiae
1073 3116 1466 3177 inï¬rmitatem
1508 3125 1649 3196 ejus,
1679 3130 1737 3183 et
1762 3104 2125 3201 co-Cistam.
2148 3134 2220 3189 Et
2248 3104 2665 3193 iterumvdixit:
2691 3137 2783 3193 Me
2810 3153 2981 3210 quem
3009 3135 3182 3205 vides,
3222 3135 3397 3194 habui
3432 3136 3535 3192 do-

250 3203 533 3258 gnoscens
578 3195 714 3266 quia
740 3198 810 3254 de
838 3201 1054 3259 deliciis
1099 3212 1248 3262 esset
1272 3209 1358 3264 vir
1379 3210 1494 3280 ille,
1527 3195 1584 3269 id
1614 3216 1763 3287 quod
1797 3217 1850 3273 ei
1878 3195 2053 3277 vmos
2069 3239 2303 3295 magnas
2325 3230 2383 3280 et
2408 3225 2676 3297 pecunias
2695 3195 2922 3294 multas,
2949 3231 3008 3281 et
3029 3230 3394 3283 contemnam
3410 3240 3527 3293 eas,

249 3274 528 3338 Dominus
555 3282 817 3357 donabat,
859 3291 941 3346 vel
972 3295 1122 3365 quod
1169 3296 1229 3352 in
1258 3274 1551 3358 ecclesiam
1577 3274 1844 3375 intrabat,
2347 3274 2577 3387 parrvam
2587 3314 2806 3371 cellam.
2833 3274 3048 3373 Iterum
3075 3315 3239 3370 dixit:
3260 3315 3530 3388 Mequem

248 3369 671 3470 transmittebant
681 3376 866 3444 ei.Qui
876 3397 1005 3436 cum
1025 3382 1246 3442 fecisset
1259 3389 1373 3460 (sic)
1388 3390 1584 3463 viginti
1600 3369 1849 3466 quinque
1933 3400 2104 3469 vides,
2135 3401 2311 3458 lectos
2338 3369 2569 3461 vestitos
2845 3404 3039 3474 habui,
3080 3404 3354 3463 habentes
3375 3369 3524 3477 â€˜prev

248 3456 417 3511 annis
442 3456 503 3513 in
535 3460 747 3535 Scythi,
778 3467 959 3525 factus
986 3476 1073 3527 est
1090 3473 1175 3528 vir
1195 3456 1639 3551 comtemplator,
1656 3456 1851 3555 praivi-
1929 3456 2243 3548 tiosissima
2640 3498 2699 3550 et
2732 3510 2836 3567 pro
2864 3494 2954 3551 his
3002 3456 3159 3551 dedit
3194 3493 3336 3553 mihi
3376 3456 3530 3551 Deus

246 3544 388 3605 dens
406 3552 463 3603 et
474 3553 815 3613 nominatus.
834 3559 1085 3617 Audiens
1096 3568 1287 3621 autem
1305 3544 1535 3639 quidam
1549 3544 1851 3645 deinagnis
1930 3544 2777 3658 stramenâ€”tumvhbcâ€”dâ€”empapyrb
2805 3588 2863 3640 et
2887 3585 3033 3641 hanc
3058 3584 3282 3657 pellem.
3334 3583 3445 3644 Sed
3470 3587 3531 3641 et

246 3642 539 3699 monachis
580 3646 860 3719 [Egyptiis
901 3650 1225 3722 opinionem
1269 3657 1412 3728 ejus,
1452 3660 1604 3716 venit
1653 3642 1843 3720 videre
1924 3674 2106 3725 vestes
2125 3688 2265 3727 mete
2289 3642 2875 3747 inaestimabili'pretio
2903 3642 3087 3748 dignm
3119 3678 3302 3742 erant,
3334 3678 3393 3730 et
3421 3689 3525 3747 PFO

245 3745 639 3804 eum,sperans
658 3739 1007 3809 corporalem
1031 3746 1509 3805 conversationem
1536 3751 1663 3823 plus
1691 3754 1843 3826 apud

242 3834 375 3875 eum
397 3822 632 3878 arduam
663 3824 932 3885 invenire.
966 3830 1073 3895 Qui
1102 3849 1232 3889 cum
1255 3822 1555 3907 intrasset,
1575 3841 1841 3900 salutavit

242 3924 405 3978 eum;
434 3916 492 3966 et
509 3916 697 3981 004
720 3914 987 3974 facientes
1004 3922 1317 3981 orationem
1338 3927 1840 3989 sederunt.Videns

240 4003 436 4055 autem
464 4002 761 4075 Egyptius
778 4008 1045 4065 vestitum
1060 4013 1321 4069 mollibus
1350 4016 1537 4085 rebus,
1553 4024 1613 4074 et
1630 4018 1839 4077 budam

239 4085 312 4143 de
338 4105 572 4178 papyro,
596 4098 654 4149 et
679 4096 880 4167 pellem
911 4103 1149 4157 stratam
1174 4103 1279 4158 sub
1302 4104 1443 4178 ipso,
1473 4112 1530 4163 et
1553 4109 1837 4167 modicum

239 4177 481 4249 capitale
508 4180 579 4237 de
594 4184 812 4272 cartica
823 4185 938 4260 (36)
964 4189 1068 4245 sub
1092 4199 1261 4265 caput
1290 4177 1431 4266 ejus,
1454 4197 1553 4253 sed
1581 4204 1640 4254 et
1665 4200 1837 4272 pedes

238 4268 483 4324 mundos
511 4270 816 4330 habentem
858 4293 985 4332 cum
1014 4280 1288 4353 caligulis,
1318 4268 1726 4345 scandalizatus
1749 4296 1838 4347 est

236 4354 394 4412 intra
421 4375 482 4415 se
502 4360 571 4415 de
593 4378 679 4430 eo,
700 4364 833 4436 quia
851 4365 911 4420 in
934 4368 1054 4424 loco
1073 4369 1169 4425 illo
1201 4388 1315 4428 non
1339 4380 1464 4430 erat
1489 4380 1834 4436 consuetudo

1923 3756 2013 3812 his
2041 3762 2172 3813 utor
2196 3759 2300 3815 has
2328 3760 2466 3817 viles
2493 3762 2777 3818 rescellas.
2807 3763 3024 3820 Iterum
3051 3762 3223 3823 dixit:
3246 3763 3314 3819 In
3345 3777 3521 3834 pran-

1923 3846 2016 3903 dio
2038 3864 2164 3903 meo
2183 3849 2429 3921 multum
2448 3851 2573 3908 auri
2588 3850 3044 3924 expendebatur;
3068 3857 3129 3908 et
3143 3868 3246 3924 pro
3260 3851 3358 3909 illo
3381 3850 3529 3909 mihi

1922 3936 2081 4003 dedit
2098 3938 2319 3995 modica
2346 3940 2503 3997 olera
2546 3941 2666 3997 haec
2703 3946 2765 3998 et
2788 3942 3086 4015 parvulum
3118 3941 3350 3999 calicem

1919 4026 2097 4083 Erant
2120 4032 2313 4085 autem
2341 4034 2400 4086 et
2417 4028 2515 4101 qui
2534 4031 2854 4088 serviebant
2874 4032 3016 4089 mihi
3041 4031 3273 4105 plurimi
3295 4031 3526 4101 servi,et

1919 4132 2046 4171 ecce
2066 4133 2169 4189 pro
2196 4117 2310 4173 illis
2338 4118 2438 4173 uni
2463 4118 2558 4175 isti
2583 4120 2858 4178 Dominus
2873 4121 3219 4194 compunxit,
3252 4126 3318 4178 ut
3344 4121 3518 4179 servi-

1916 4211 2006 4260 ret
2030 4206 2192 4261 mihi.
2220 4207 2331 4262 Pro
2367 4207 2568 4265 balneo
2591 4213 2782 4265 autem
2809 4210 3084 4282 perfundo
3119 4209 3338 4267 modico
3357 4226 3519 4283 aqua

1915 4294 2088 4366 pedes
2114 4312 2292 4364 meos,
2324 4300 2383 4352 et
2397 4297 2653 4369 caligulis
2689 4303 2821 4355 utor
2861 4303 3093 4372 propter
3125 4299 3517 4357 inï¬rmitatem!

1916 4400 2123 4440 meam.
2145 4385 2218 4441 Et
2242 4402 2440 4442 rursus
2455 4403 2559 4459 pro
2573 4387 2804 4444 calamis
2821 4392 2880 4444 et
2905 4388 3125 4445 cithara
3145 4389 3234 4444 vel
3253 4388 3364 4445 alio
3383 4405 3512 4447 mu-

238 4446 434 4502 taliter
457 4454 842 4523 conversandi,
874 4457 973 4512 sed
998 4459 1177 4531 magis
1204 4462 1407 4519 duram
1439 4463 2029 4530 abstinentiamDsico
2058 4491 2244 4546 opere,
2288 4492 2399 4547 quo
2432 4446 2754 4533 delectabar
2779 4477 2841 4534 in
2875 4477 3140 4535 conviviis
3174 4477 3336 4546 meis,
3385 4478 3512 4535 dico

237 4533 447 4592 habere
476 4549 899 4600 consueverant.
909 4546 1087 4603 Senex
1101 4556 1294 4607 autem
1313 4552 1406 4608 ille
1426 4555 1711 4614 Romanus
1730 4558 1834 4615 ha-

235 4621 377 4679 bens
425 4631 959 4704 contemplationem
1002 4637 1118 4693 sive
1162 4641 1536 4712 praevidentite
1562 4647 1829 4718 gratiam,

235 4711 516 4773 intellexit
529 4719 665 4789 quia
690 4723 1099 4782 scandalizatus
1118 4711 1205 4785 est
1234 4730 1385 4786 intra
1399 4750 1460 4789 se
1484 4735 1554 4790 de
1565 4711 1632 4791 eo
1657 4711 1831 4811 IEgy;

233 4802 388 4875 ptius
409 4809 737 4878 monachus,
752 4816 811 4866 et
832 4812 969 4869 dicit
985 4815 1244 4874 ministro
1254 4837 1356 4877 suo
1381 4841 1393 4876 :
1418 4823 1529 4879 Fac
1557 4825 1719 4882 nobis
1736 4827 1834 4883 ho-

233 4891 326 4947 die
353 4900 584 4968 propter
606 4897 866 4957 abbatem
889 4903 985 4975 qui
1011 4907 1180 4977 venit,
1216 4908 1423 4967 bonam
1451 4913 1621 4970 diem.
1644 4916 1715 4972 Et
1743 4933 1832 4973 co-

232 4981 316 5036 xit
339 4999 514 5054 parva
538 4988 692 5044 olera
710 5006 834 5061 quae
857 4992 1116 5061 habebat,
1143 5002 1201 5053 et
1211 5007 1508 5073 surgentes
1526 5004 1662 5061 hora
1680 5023 1831 5063 com-

230 5072 448 5142 petenti
478 5078 878 5136 comederunt:
911 5082 1109 5141 habuit
1126 5087 1297 5144 etiam
1320 5095 1379 5145 et
1405 5093 1685 5151 modicum
1712 5098 1828 5154 vini

232 5167 469 5233 propter
510 5164 901 5227 inï¬mitatem
940 5190 1122 5243 suam,
1166 5183 1224 5233 et
1263 5179 1400 5236 illud
1441 5181 1723 5242 biberunt.
1756 5189 1829 5245 Et

1914 4563 2058 4619 mihi
2076 4564 2370 4620 duodecim
2384 4565 2633 4638 psalmos
2650 4566 2711 4623 in
2728 4567 2841 4636 die,
2858 4573 2916 4624 et
2936 4568 3233 4625 duodecim
3246 4568 3306 4625 in
3320 4573 3506 4626 nocte.

1915 4651 2030 4708 Sed
2051 4658 2109 4710 et
2135 4670 2237 4726 pro
2267 4655 2510 4727 peccatis
2528 4656 2689 4725 meis,
2712 4674 2835 4730 quin
2866 4663 2999 4716 ante
3018 4657 3313 4727 faciebam,
3340 4658 3509 4715 modo

1914 4758 2043 4798 cum
2060 4744 2256 4816 requie
2290 4744 2521 4802 exhibeo
2545 4763 2781 4819 parvum
2805 4752 2865 4804 et
2897 4748 3098 4805 inutile
3127 4747 3508 4805 ministerium

1915 4830 2043 4887 Deo.
2082 4833 2224 4890 Vide
2261 4851 2395 4907 ergo
2432 4840 2508 4904 te,
2539 4835 2703 4905 abba,
2732 4842 2799 4893 ut
2824 4853 2938 4894 non
2961 4837 3355 4895 scandalizeris
3381 4854 3510 4912 pro-

1910 4927 2037 4993 pter
2062 4922 2451 4981 infirmitatem
2466 4941 2673 4987 meam.
2699 4926 2768 4982 Et
2806 4927 2925 4983 haec
2945 4928 3180 4985 audiens
3199 4928 3505 5002 Egyptius

1910 5013 2153 5084 atquein
2168 5015 2532 5088 semetipsum
2554 5032 2830 5085 reversus,
2861 5016 3037 5073 dixit:
3063 5018 3160 5075 Vae
3176 5019 3339 5088 mihi,
3368 5020 3506 5093 quia

1910 5117 2013 5173 ego
2059 5103 2129 5159 de
2154 5105 2335 5161 multa
2361 5105 2726 5162 tribulatione
2750 5112 2809 5162 et
2829 5106 3073 5179 plurimo
3096 5108 3288 5166 labore
3315 5109 3506 5168 senili

1907 5191 2087 5263 magis
2106 5194 2178 5250 ad
2204 5196 2619 5268 repausandum
2639 5196 2699 5252 in
2736 5198 3218 5258 conversationem
3240 5201 3503 5259 monachi

226 5265 356 5306 cum
385 5251 595 5311 factum
628 5266 776 5314 esset
803 5278 1052 5335 vespere,
1078 5265 1342 5325 dixerunt
1367 5271 1660 5331 duodecim
1678 5278 1825 5349 psal-
1904 5251 2052 5350 veni,
2077 5286 2137 5338 et
2178 5251 2328 5356 qudd
2351 5251 2466 5340 non
2490 5251 2765 5346 habebam
2779 5251 2946 5356 tunc,
2986 5290 3155 5347 modo
3185 5290 3402 5362 habeo;
3433 5296 3499 5350 tu

224 5355 367 5408 mos,
401 5347 459 5398 et
484 5343 871 5419 dormierunt;
906 5352 1167 5411 similiter
1194 5363 1385 5415 autem
1412 5367 1470 5417 et
1497 5367 1822 5423 nocte.Sur-

219 5446 361 5499 gens
397 5438 589 5490 autem
631 5453 797 5493 mane
824 5440 1121 5515 Egyptius
1140 5446 1282 5503 dixit
1301 5449 1386 5507 ei:
1421 5451 1535 5507 Ora
1563 5471 1668 5527 pro
1705 5474 1818 5514 me.

223 5517 561 5617 Etegressus
579 5530 682 5594 est,
702 5544 815 5584 non
842 5530 1150 5591 aedificatus
1175 5536 1236 5593 in
1256 5555 1342 5597 eo.
1374 5540 1445 5596 Et
1462 5517 1590 5598 cuni
1617 5547 1823 5617 paulu-

223 5604 343 5667 lum
391 5610 758 5689 discessisset,
790 5620 981 5683 volens
1015 5639 1144 5685 eum
1186 5626 1283 5686 ille
1320 5645 1493 5690 senex
1534 5604 1822 5698 Romanus

1905 5375 2096 5427 autem
2125 5372 2308 5429 multa
2336 5390 2403 5430 ex
2427 5374 2799 5434 delectatione
2831 5378 3021 5436 saeculi
3053 5380 3342 5439 voluntate
3365 5397 3492 5453 pro-

1906 5460 2030 5533 pria
2065 5461 2125 5517 in
2144 5462 2565 5521 tribulationem
2582 5466 2807 5536 venisti,
2830 5473 2890 5524 et
2912 5484 2982 5529 ex
2998 5471 3181 5529 multa
3195 5470 3379 5543 gloria
3412 5473 3497 5527 at-

1905 5566 2015 5622 que
2033 5551 2242 5607 divitiis
2263 5552 2466 5610 venisti
2482 5554 2544 5611 in
2565 5556 2947 5615 humilitatem
2985 5565 3044 5615 et
3078 5562 3494 5632 paupertatem.

1902 5639 1983 5700 Ex
2011 5657 2121 5717 quo
2158 5642 2401 5703 multum
2420 5646 2717 5720 proï¬ciens
2744 5647 3016 5722 discessit,
3046 5654 3106 5708 et
3126 5649 3309 5709 factus
3331 5652 3421 5707 est
3435 5650 3492 5713 ei
