3976 6186
462 296 570 356 9'27
1613 304 1708 361 DE
1734 306 1923 362 VITIS
1961 297 2260 362 PATRUM
2296 295 2510 353 LIBER
2546 296 2614 350 V.
3583 298 3669 358 928

464 416 700 493 amicus,
724 430 782 480 et
808 442 954 498 saepe
983 425 1243 481 veniebat
1270 427 1341 483 ad
1362 444 1491 484 eum
1507 446 1622 487 suae
1652 432 1913 488 utilitatis
1932 429 2129 492 cau-A
2213 439 2463 500 84.Dixit
2486 439 2718 512 quidam
2743 451 2912 493 senex
2927 454 2937 489 :
2955 434 3099 500 Quia
3118 434 3282 489 homo
3294 434 3341 489 si
3359 435 3559 493 verbum
3579 445 3680 512 qui-

463 531 549 584 sa;
585 520 706 570 erat
724 515 874 569 enim
895 515 979 570 vir
1005 515 1348 586 discernens,
1369 523 1426 574 et
1451 521 1699 593 repletus
1713 520 1861 577 bono
1890 522 2062 578 odore
2144 532 2274 587 dem
2302 529 2526 596 habeat,
2559 542 2730 600 opera
2757 530 2947 581 autem
2975 540 3089 578 non
3134 522 3349 590 habeat,
3377 524 3672 582 assimilatur

466 605 706 677 Spiritus
725 604 923 658 δευοίί·
2147 619 2334 676 arbori
2356 617 2585 674 habenti
2608 615 2757 682 folia;
2780 615 3026 670 fructum
3054 616 3242 666 autem
3262 627 3384 666 non.
3411 612 3547 669 Sicut
3564 616 3685 671 enim

534 694 621 748 77-
657 691 891 748 Dicebat
938 709 1105 749 senex
1138 712 1154 752 τ
1204 697 1331 751 Non
1365 713 1595 753 necesse
1638 706 1724 755 est
1762 701 2064 757 verborum
2146 709 2314 765 arbor
2334 706 2609 763 fructibus
2638 706 2807 777 plena
2826 703 2998 758 etiam
3023 701 3171 756 foliis
3187 700 3337 768 viret,
3359 701 3432 756 ita
3457 709 3507 757 et
3532 720 3680 761 sermo

464 785 724 850 tantum;
776 787 912 837 sunt
953 783 1104 838 enim
1150 785 1398 857 plurima
1441 786 1612 843 verba
1654 789 1713 843 in
1743 790 2066 846 hominibus
2145 798 2509 869 consequitur
2538 794 2822 850 hominem
2855 792 2953 864 qui
2984 790 3154 845 habet
3181 806 3346 862 opera
3365 789 3518 846 bona.

457 875 713 944 tempore
738 872 867 939 hoc,
896 873 995 928 sed
1025 890 1196 944 opera
1220 877 1541 931 necessaria
1576 882 1746 945 sunt;
1783 880 1888 934 hoc
1918 880 2070 935 enim
2225 887 2312 943 85,
2337 886 2492 942 Dixit
2524 900 2711 949 senex,
2735 882 2867 955 quia
2890 880 3194 953 aliquando
3216 880 3431 951 quidam
3455 882 3617 954 lapsus
3640 883 3685 939 in

461 960 612 1016 Deus
639 962 858 1033 quaerit,
892 978 1006 1018 non
1023 962 1214 1029 verba,
1257 981 1379 1037 qua:
1398 982 1513 1021 non
1538 966 1749 1022 habent
1766 968 2030 1024 fructum.
2149 976 2309 1049 gravi
2330 979 2578 1048 peccato,
2603 979 2661 1029 et
2675 975 3043 1044 compunctus
3068 970 3139 1024 ad
3169 968 3550 1040 paenitentiam,
3577 970 3688 1027 abiit

533 1049 623 1105 78.
655 1051 855 1106 Frater
875 1051 1078 1123 aliquis
1107 1051 1477 1125 interrogavit
1495 1057 1765 1128 quosdam
1787 1058 2019 1113 Patrum
2052 1077 2063 1112 :
2151 1065 2401 1121 indicare
2426 1065 2544 1119 haec
2570 1062 2690 1117 seni
2708 1061 3017 1124 cuidam,et
3050 1074 3164 1113 non
3193 1057 3329 1112 dixit
3351 1057 3398 1112 ei
3418 1058 3547 1129 quod
3570 1058 3681 1114 fece-

460 1138 520 1195 Si
547 1140 820 1212 polluitur
850 1141 1055 1212 aliquis
1080 1144 1303 1213 quando
1348 1161 1438 1199 res
1458 1145 1713 1201 sordidas
1740 1147 1967 1218 cogitat.
1996 1148 2067 1202 Et
2151 1160 2259 1222 rat,
2286 1155 2385 1209 sed
2413 1153 2574 1226 quasi
2603 1149 2995 1221 interrogavit,
3028 1148 3249 1202 dicens:
3279 1146 3335 1204 Si
3358 1147 3509 1202 alicui
3534 1164 3692 1204 ascen-

457 1244 587 1283 cum
610 1229 680 1285 de
700 1229 1110 1302 hocinquisitio
1134 1231 1295 1287 fieret
1323 1234 1473 1305 apud
1484 1251 1599 1302 eos,
1642 1236 1737 1290 alii
1768 1236 2058 1291 dicebant:
2146 1243 2245 1299 dat
2270 1241 2536 1315 cogitatio
2582 1240 2730 1308 talis,
2780 1237 2951 1294 habet
2978 1236 3265 1292 salutem?
3294 1236 3390 1291 Ille
3417 1253 3550 1302 vero,
3579 1239 3686 1308 quia

462 1317 648 1373 Etiam
669 1318 967 1391 polluitur;
992 1320 1087 1374 alii
1102 1320 1362 1377 dicebant
1380 1341 1391 1376 :
1407 1324 1553 1391 Non;
1575 1325 1709 1395 quia
1728 1325 1776 1379 si
1792 1326 2063 1396 polluitur
2146 1332 2433 1388 nesciebat
2452 1329 2867 1394 discretionem,
2882 1325 3174 1398 respondit
3189 1325 3241 1380 ei
3262 1349 3274 1382 :
3297 1325 3569 1380 Perdidisti
3591 1326 3690 1381 ani-

460 1421 576 1461 non
606 1422 904 1478 possumus
935 1408 1139 1463 salvari
1168 1426 1291 1478 nos,
1337 1411 1433 1482 qui
1472 1411 1660 1468 idiota:
1687 1430 1883 1469 sumus
1916 1433 1928 1482 ;
1963 1414 2065 1469 sed
2147 1439 2299 1477 mam
2326 1426 2504 1476 tuam.
2533 1420 2653 1474 Hoc
2681 1418 2916 1473 audiens
2938 1416 3133 1482 frater,
3157 1413 3471 1485 dixitzErgo
3496 1414 3537 1468 si
3560 1415 3693 1486 perii,

460 1494 567 1550 hoc
595 1495 841 1568 pertinet
869 1498 940 1552 ad
971 1499 1234 1566 salutem,
1266 1499 1314 1555 si
1343 1516 1411 1555 ea
1423 1517 1549 1572 quae
1569 1502 1905 1574 cogitamus,
1940 1520 2064 1559 cor—
2146 1510 2289 1565 vado
2321 1509 2391 1563 ad
2422 1507 2689 1563 saeculum
2716 1547 2729 1561 .
2770 1508 3017 1577 Pergens
3046 1510 3239 1559 autem
3268 1503 3375 1569 ille,
3419 1502 3697 1559 deliberavit

457 1584 731 1656 poraliter
751 1602 865 1641 non
886 1586 1205 1643 fecerimus.
1226 1589 1326 1644 Ille
1357 1594 1549 1645 autem
1577 1590 1752 1646 frater
1771 1591 1868 1662 qui
1895 1591 2067 1646 inter—
2146 1597 2230 1652 ire
2259 1602 2317 1652 et
2334 1596 2585 1651 indicare
2613 1594 2981 1665 cogitationes
3009 1609 3141 1648 suas
3168 1591 3355 1647 abbati
3378 1591 3699 1658 Silvano,erat

458 1678 777 1744 rogaverat,
808 1691 922 1729 non
942 1675 1048 1730 sibi
1069 1676 1327 1731 sufﬁcere
1341 1676 1602 1748 judicans
1615 1680 2068 1753 variamrespon-
2149 1686 2299 1741 enim
2326 1686 2418 1741 hic
2456 1685 2713 1740 Silvanus
2747 1699 2986 1755 magnus
3019 1682 3311 1738 discretor.
3342 1680 3563 1736 Veniens
3585 1697 3693 1752 ergo

457 1759 673 1815 είοῐιθω
700 1760 956 1830 Patrum,
985 1762 1124 1818 abiit
1150 1763 1223 1818 ad
1252 1780 1443 1818 senem
1467 1765 1867 1836 Prouatiorem,
1900 1774 1957 1823 et
1982 1768 2067 1823 in-
2085 1773 2132 1833 Β
2150 1776 2222 1831 ad
2252 1792 2381 1830 eum
2410 1775 2604 1840 frater,
2628 1790 2742 1827 non
2770 1772 2911 1827 dixit
2925 1772 2976 1826 ei
3001 1771 3151 1843 quod
3164 1771 3386 1837 fecerat,
3417 1769 3507 1824 sed
3525 1769 3694 1825 iterum

452 1849 764 1921 terrogavit
776 1868 904 1906 eum
917 1852 987 1907 de
1001 1852 1124 1909 hoc.
1142 1853 1512 1924 Etrespondit
1536 1854 1587 1909 ei
1608 1872 1776 1911 senex
1814 1875 1826 1911 :
1864 1858 2069 1913 Secun-
2150 1881 2216 1920 eo
2244 1864 2411 1919 modo
2441 1879 2551 1935 quo
2582 1867 2640 1917 et
2666 1862 2825 1934 prius
2848 1861 2969 1916 seni
3011 1859 3094 1915 illi
3140 1859 3389 1926 dixerat;
3412 1859 3504 1912 hoc
3526 1862 3615 1923 est,
3649 1857 3695 1913 Si

419 2007 428 2015 ,
460 1938 596 1993 (iuin
620 1955 946 1994 mensuram
965 1940 1407 2014 uniuscujusque
1432 1943 1741 2015 requiritur
1762 1944 1832 2000 ab
1844 1962 1929 2001 eo.
1954 1947 2067 2002 ΒΟ·-
2150 1952 2505 2009 ascenderint
2529 1951 2697 2006 alicui
2716 1950 2858 2005 tales
2877 1948 3268 2020 cogitationes,
3298 1946 3460 2003 habet
3476 1946 3696 2002 salutem?

451 2027 607 2098 gaVit
634 2045 767 2100 ergo
800 2027 975 2084 frater
1001 2029 1095 2084 ille
1140 2036 1335 2098 (δθῦ
1391 2049 1607 2099 senem.
1654 2034 1875 2090 dicens:
1928 2037 2066 2091 Peto
2147 2043 2420 2116 Aperiens
2450 2047 2638 2097 autem
2668 2039 2841 2095 abbas
2871 2039 3130 2094 Silvanus
3178 2054 3243 2093 os
3272 2053 3447 2103 suum,
3475 2036 3621 2108 coepit
3639 2035 3693 2090 de

458 2122 691 2205 propter
706 2117 1028 2185 Dominum,
1061 2118 1285 2174 absolve
1309 2119 1449 2175 mihi
1477 2121 1583 2176 hoc
1614 2122 1864 2178 verbum.
1889 2124 1959 2178 Et
1984 2124 2066 2179 di-
2148 2132 2452 2205 scripturis
2482 2131 2665 2185 dicere
2696 2130 2747 2185 ei
2771 2143 2782 2178 :
2808 2127 2938 2183 Non
2962 2127 3190 2183 omnino
3212 2126 3480 2198 judicium
3509 2128 3695 2181 tantum

455 2202 534 2259 cit
558 2204 611 2260 ei
625 2221 793 2261 senex
816 2224 829 2262 :
861 2206 1001 2262 Ecce
1025 2206 1168 2262 forte
1191 2208 1345 2279 jacet
1371 2208 1461 2264 hic
1484 2226 1579 2266 vas
1607 2211 1834 2283 aliquod
1849 2212 2067 2269 deside-
2147 2227 2235 2277 est
2253 2202 2323 2277 de
2352 2220 2786 2292 cogitationibus
2812 2234 2981 2290 quam
3013 2218 3083 2272 de
3106 2222 3353 2289 peccato.
3374 2214 3598 2270 Audiens
3619 2230 3697 2269 au-

454 2293 653 2351 rabile.
694 2295 765 2350 Et
793 2294 929 2351 dicit
957 2312 1127 2352 senex
1154 2315 1168 2351 :
1207 2297 1569 2354 Intraverunt
1612 2300 1724 2355 duo
1753 2300 1975 2370 fratres,
1998 2318 2065 2357 ex
2143 2317 2259 2368 tem
2281 2311 2540 2379 ἡδίω-,ει
2558 2309 2866 2380 suscipiens
2884 2308 3148 2362 virtutem
3168 2306 3439 2361 dictorum
3458 2303 3691 2367 inanimo.

457 2382 660 2473 quibus
697 2400 844 2440 unus
878 2384 1121 2440 habebat
1149 2402 1446 2442 mensuras
1472 2405 1709 2460 magnas
1737 2391 2059 2446 exeroitatie
2144 2405 2371 2473 sumpta
2395 2416 2513 2472 spe,
2548 2398 2815 2453 indicavit
2833 2397 3005 2452 etiam
3027 2395 3078 2451 ei
3099 2401 3292 2451 actum
3310 2393 3695 2450 suum.Audiens

455 2472 603 2541 vitia,
626 2474 773 2529 alter
796 2491 927 2529 vero
965 2490 1185 2547 parvas.
1218 2476 1277 2531 Si
1307 2494 1441 2548 ergo
1464 2478 1731 2549 cogitatio
1759 2479 1911 2535 illius
1932 2496 2064 2552 per-
2143 2472 2334 2547 autem
2363 2489 2537 2545 abbas
2557 2488 2816 2544 Silvanus
2844 2487 2994 2551 quod
3024 2491 3241 2556 egerat,
3272 2490 3527 2556 tanquam
3553 2482 3695 2537 bonus

458 2562 587 2617 fecti
617 2568 771 2618 mota
796 2563 968 2619 fuerit
991 2565 1063 2619 ad
1086 2570 1377 2637 aspectum
1395 2567 1543 2621 vasis
1569 2567 1738 2635 illius,
1775 2573 1833 2623 et
1853 2568 2063 2625 dixerit
2144 2579 2397 2635 medicus
2425 2578 2614 2650 posuit
2660 2576 3006 2648 cataplasma
3043 2574 3250 2630 animae
3297 2575 3415 2646 ejus
3442 2573 3506 2627 de
3529 2570 3695 2626 divinis

453 2651 715 2741 intruise?
750 2652 1019 2708 νοιεδὸω
1048 2653 1256 2709 habere
1272 2670 1371 2709 V38
1387 2654 1557 2722 istud:
1590 2660 1648 2711 et
1669 2672 1783 2711 non
1800 2673 2056 2730 Permau-
2145 2668 2448 2741 Scripturis
2472 2671 2848 2738 assumptum,
2867 2665 3103 2720 dicendo
3114 2681 3241 2720 esse
3261 2658 3694 2736 pmnitentiamhis

451 2739 664 2796 δθνίΐιίη
689 2740 813 2807 hoc:
857 2741 976 2832 sed,
996 2741 1107 2796 οίιο
1137 2741 1439 2832 absumerit
1466 2743 1792 2814 huiusmOdi
1833 2745 2058 2818 appeti“
2142 2758 2239 2832 qui
2260 2739 2361 2830 pro
2381 2756 2659 2812 charitate
2687 2771 2879 2810 revera
2906 2758 3313 2809 convertuntur
3330 2751 3697 2807 adDeum.Post

455 2834 600 2897 tum:
633 2845 748 2885 ηοη
777 2835 863 2885 θεῖ
890 2831 1138 2902 Donatus
1163 2849 1176 2899 ἰ
1209 2831 1258 2887 εί
1287 2848 1418 2886 vero
1448 2833 1543 2904 qni
1568 2833 1808 2888 necdum
1839 2834 1911 2889 ad
1940 2851 2057 2890 nia-
2138 2831 2354 2918 aliquot
2391 2852 2581 2902 autem
2619 2861 2796 2900 annos
2826 2843 3060 2914 contigit
3076 2842 3340 2899 abbatem
3368 2844 3695 2896 memoratum

443 2921 600 2993 jores
646 2935 944 2975 mensuras
983 2921 1191 2991 attigit,
1266 2921 1614 2992 concupierit
1654 2939 1749 2978 vas
1798 2923 1957 2991 illud,
2000 2930 2059 2980 et
2138 2937 2210 2991 ad
2235 2937 2394 2992 illum
2425 2952 2619 2990 senem
2650 2932 2937 3007 applicari,
2986 2932 3082 3005 qui
3109 2932 3164 2987 ei
3193 2930 3615 3004 desperationem
3637 2927 3698 2982 fe-

448 3010 786 3067 e'xercitatus
829 3011 1002 3067 fuerit
1042 3029 1172 3067 cum
1222 3012 1560 3084 cogitatione
1602 3031 1707 3069 sua
1767 3015 2047 3073 desiderio
2137 3032 2309 3094 ccmt,
2356 3031 2414 3081 et
2454 3025 2708 3080 narravit
2734 3023 2786 3079 ei
2816 3024 2942 3090 ista,
2967 3028 3027 3078 et
3048 3022 3228 3080 dixit:
3258 3022 3396 3077 Ecce
3418 3020 3575 3074 frater
3598 3017 3692 3082 ille.

446 3100 836 3173 compellente,
872 3105 930 3157 et
954 3106 1147 3157 tamen
1168 3117 1281 3157 non
1306 3101 1503 3157 tulerit
1529 3102 1689 3171 illud,
1722 3119 1835 3159 non
1864 3110 1951 3161 est
1969 3105 2054 3162 in-
2071 3094 2115 3156 Ο
2142 3112 2240 3185 qui
2275 3111 2346 3166 de
2383 3127 2651 3183 responso
2699 3114 2796 3164 tuo
2825 3108 3241 3181 desperaverat,
3270 3111 3329 3162 et
3362 3105 3429 3160 ad
3469 3103 3696 3159 saeculum

448 3189 735 3263 quinatus-
2134 3200 2402 3268 redierat,
2415 3200 2571 3254 velut
2590 3198 2753 3253 stella
2772 3195 3067 3269 splendida
3090 3200 3181 3250 est
3200 3195 3260 3251 in
3274 3194 3454 3251 medio
3472 3194 3694 3248 fratrum.

514 3275 605 3336 79.
638 3278 792 3336 Dixit
818 3294 1024 3335 senex:
1054 3279 1114 3336 Si
1142 3280 1267 3352 quis
1296 3281 1570 3337 manserit
1600 3281 1659 3337 in
1686 3282 1876 3355 aliquo
1903 3283 2045 3351 loco,
2134 3291 2267 3346 Haec
2294 3294 2485 3344 autem
2511 3288 2637 3343 ideo
2662 3286 2851 3355 retuli,
2876 3290 2942 3341 ut
2963 3285 3209 3341 sciamus
3238 3286 3400 3358 quale
3426 3281 3698 3357 periculum

443 3372 502 3424 et
518 3384 633 3424 non
659 3368 857 3425 fecerit
877 3369 1125 3425 fructum
1152 3370 1259 3425 loci
1286 3370 1459 3440 illius,
1480 3372 1636 3427 locus
1665 3372 1784 3443 ipse
1816 3372 2046 3445 expellit
2133 3384 2220 3435 est
2251 3379 2475 3451 quando
2516 3376 2718 3448 aliquis
2756 3374 2871 3430 sive
2914 3375 3294 3446 cogitationis,
3349 3374 3459 3429 sive
3500 3377 3695 3428 actuum

442 3473 593 3526 eum,
622 3463 819 3531 utpote
857 3459 992 3531 quia
1016 3475 1130 3515 non
1148 3459 1283 3515 feeit
1300 3460 1545 3516 fructum
1566 3461 1672 3517 106i
1700 3462 1874 3517 illiuS-
2133 3471 2344 3543 aliquid
2362 3471 2575 3541 peccati
2593 3468 2806 3523 indicat
2822 3467 2912 3522 his
2930 3467 3027 3538 qui
3044 3466 3443 3522 discretionem
3457 3463 3694 3519 nesciunt.

511 3545 602 3605 80.
635 3548 787 3603 Dixit
812 3564 1018 3604 senex:
1044 3548 1102 3604 Si
1144 3549 1268 3621 quis
1295 3549 1489 3606 fecerit
1516 3567 1639 3605 rem
1670 3551 1918 3623 aliquam
1959 3568 2049 3607 se-
2206 3559 2297 3615 86,
2331 3558 2484 3614 Dixit
2505 3558 2736 3630 quidam
2765 3569 2964 3612 senex:
2986 3557 3113 3611 Non
3140 3556 3277 3628 quia
3305 3555 3511 3609 intrant
3523 3552 3698 3622 cogita-

443 3652 622 3710 (ἰυθηθ
647 3637 992 3695 miunt/atem
1021 3654 1202 3706 suam:
1239 3655 1493 3710 quarens
1518 3641 1667 3712 (ιιιοά
1694 3657 1809 3696 non
1841 3645 1928 3696 est
1970 3657 2055 3697 se-
2134 3648 2319 3704 tiones
2348 3647 2513 3702 malae
2552 3647 2611 3701 in
2636 3645 2817 3714 nobis,
2858 3645 3305 3701 condemnamur
3340 3660 3405 3698 ex
3438 3658 3517 3709 eo,
3548 3639 3633 3695 sed
3655 3637 3695 3693 si

443 3727 693 3783 cundum
725 3726 922 3795 Deum,
951 3727 1000 3782 si
1021 3727 1081 3782 id
1101 3732 1295 3782 tamen
1321 3745 1424 3800 per
1436 3728 1814 3801 ignorantiam
1834 3729 2047 3798 fecerit,
2135 3739 2282 3794 male
2310 3738 2529 3793 utimur
2552 3734 3005 3807 cogitationibus.
3034 3735 3125 3790 Fit
3148 3735 3303 3790 enim
3322 3739 3385 3789 ut
3411 3748 3507 3805 per
3523 3729 3695 3801 cogita-

444 3820 640 3887 postea
655 3820 876 3887 oportet
885 3833 1015 3872 eum
1026 3816 1471 3872 revertiadviam
1489 3817 1847 3884 Domini.Qui
1858 3826 2049 3875 autem
2132 3827 2316 3883 tiones
2336 3826 2693 3898 naufragium
2718 3825 3021 3898 patiamur,
3053 3828 3111 3879 et
3132 3824 3341 3880 iterum
3355 3823 3423 3878 de
3442 3818 3693 3893 cogitatio-

441 3907 598 3958 tenet
624 3903 970 3958 voluntatem
999 3920 1182 3973 suam,
1207 3921 1320 3959 non
1340 3906 1649 3961 secundum
1677 3908 1938 3975 Deum,et
1954 3924 2051 3963 ne-
2132 3916 2298 3973 uibus
2311 3932 2663 3972 coronemur.

447 4007 558 4063 que
571 3990 642 4046 ab
664 3991 791 4046 aliis
814 3992 933 4048 Vult
967 3992 1181 4061 audire,
1209 3994 1306 4049 Sed
1336 3995 1489 4050 volut
1517 3995 1721 4050 SCitum
1750 4013 1811 4051 se
1840 4001 2004 4069 Putat
2027 4016 2043 4063 ς
2202 4002 2294 4065 87.
2319 4006 2473 4061 Dixit
2499 4005 2703 4077 aliquis
2738 4019 2932 4060 senex:
2965 4003 3092 4059 Non
3126 4002 3229 4059 des
3264 4007 3321 4057 et
3339 4000 3564 4073 accipias
3587 4011 3691 4051 cum

445 4080 542 4152 qui
571 4080 897 4152 huiusmOdi
923 4087 1028 4149 est,
1056 4081 1144 4137 Vix
1181 4083 1469 4155 PerVeuiet
1496 4085 1567 4139 ad
1613 4085 1763 4140 Viam
1798 4086 2044 4142 Domini-
2130 4093 2491 4150 saecularibus
2514 4091 2856 4159 hominibus;
2880 4095 2938 4146 et
2959 4107 3073 4146 non
3092 4090 3311 4146 habeas
3325 4089 3571 4145 notitiam
3588 4099 3694 4140 cum

512 4168 602 4227 δίο
617 4171 1005 4243 Interrogatus
1027 4177 1115 4227 est
1125 4189 1322 4228 senex:
1339 4173 1487 4238 Quid
1508 4179 1613 4243 est,
1647 4175 1796 4248 quod
1814 4176 2041 4246 legitur,
2128 4184 2388 4250 muliere,
2417 4200 2521 4239 nec
2551 4181 2759 4237 habeas
2779 4180 3041 4236 fiduciam
3061 4181 3159 4236 diu
3181 4197 3311 4236 cum
3343 4194 3527 4251 puero.

443 4256 552 4315 Via
580 4264 821 4332 angusta
841 4266 899 4317 et
924 4266 1082 4317 arcta
1121 4262 1333 4333 (Matth.
1361 4261 1460 4331 VII)
1492 4263 1517 4316 ?
1547 4263 1617 4318 Et
1645 4265 1935 4336 respondit
1961 4282 2046 4321 se-
2196 4271 2491 4330 88,Frater
2513 4272 2740 4344 quidam
2756 4269 3554 4342 interrogavitsenemﬁicens:
3575 4261 3694 4329 Quid

438 4365 565 4418 nex,
596 4350 787 4406 dicens
825 4350 914 4406 ei:
946 4351 1202 4423 Angusta
1229 4356 1462 4407 etarcta
1488 4352 1579 4408 via
1596 4353 1716 4409 haec
1736 4358 1843 4421 est,
1862 4359 1928 4410 ut
1955 4371 2045 4410 co-
2064 4361 2348 4435 “faciam,
2384 4363 2517 4435 quia
2546 4362 2737 4416 multae
2766 4359 3135 4432 cogitationes
3170 4359 3473 4414 sollicitant
3509 4370 3606 4419 me,
3648 4356 3694 4405 et

437 4439 807 4512 gitationibus
835 4440 953 4496 suis
982 4421 1151 4496 homo
1185 4441 1512 4497 violentiam
1559 4442 1746 4509 faciat,
1780 4449 1838 4498 et
1864 4443 2044 4498 absci-
2063 4421 2318 4509 Dnescio
2338 4421 2629 4524 quomodo
2673 4421 2985 4522 repugnem
3037 4450 3161 4504 eis?
3188 4448 3345 4503 Dixit
3370 4462 3565 4502 senex:
3591 4443 3694 4499 Non

441 4529 542 4585 dat
581 4535 812 4602 propter
866 4530 1047 4586 Deum
1081 4530 1397 4586 V01untet88
1435 4548 1585 4586 suas-
1616 4532 1734 4587 Hoc
1762 4538 1849 4588 est
1876 4533 2047 4589 etiam
2128 4558 2408 4614 repugnes
2449 4546 2646 4596 contra
2685 4555 2900 4606 omnes,
2943 4539 3041 4594 sed
3071 4543 3271 4593 contra
3298 4552 3486 4593 unam.
3517 4534 3693 4589 Omnes

440 4619 589 4692 quod
613 4619 885 4692 scriptum
907 4623 994 4675 est
1008 4620 1078 4674 de
1099 4619 1392 4691 apostolis:
1423 4620 1562 4676 Ecce
1592 4637 1695 4676 nos
1714 4621 2045 4695 reliquimus
2128 4632 2280 4687 enim
2301 4630 2671 4701 cogitationes
2692 4628 3096 4684 monachorum
3114 4644 3299 4683 unum
3322 4625 3524 4681 habent
3534 4625 3691 4694 caput;

440 4708 648 4774 omnia:
679 4713 738 4765 et
774 4708 953 4764 θεοαῆ
982 4724 1177 4764 sumus
1204 4712 1260 4763 ιθ
1300 4709 1515 4777 (Μαίίηο
1547 4708 1683 4779 J5m)-
2129 4718 2509 4776 necessarium
2536 4735 2669 4789 ergo
2709 4722 2794 4773 est
2820 4715 3177 4772 considerare
3196 4712 3333 4788 qua:
3362 4720 3420 4770 et
3445 4712 3610 4785 qualis
3633 4708 3694 4762 sit

510 4795 601 4854 8‘2.
623 4797 779 4853 Dixit
789 4812 989 4854 senex:
1020 4798 1180 4854 Sicut
1209 4798 1346 4853 ordo
1373 4797 1778 4854 monachorum
1801 4800 2041 4856 honora-
2123 4816 2182 4865 et
2210 4810 2476 4864 adversus
2494 4807 2648 4862 illam
2667 4806 2863 4875 reniti;
2892 4806 2974 4862 ita
2996 4805 3147 4860 enim
3179 4810 3240 4860 et
3260 4803 3495 4861 residua:
3521 4798 3696 4871 cogita.

439 4887 553 4942 tier
574 4892 660 4941 est
685 4886 1066 4956 saecularibus,
1097 4887 1180 4942 ita
1221 4888 1551 4959 peregrinus
1580 4889 1889 4945 monachus
1918 4908 2041 4962 spe-
2120 4900 2305 4955 tiones
2336 4897 2724 4953 humiliantur.

443 4976 634 5031 cuium
662 4976 830 5033 debet
874 4992 995 5033 esse
1027 4977 1300 5033 localibus
1330 4978 1620 5034 monaChiS
1674 4995 1777 5050 Per
1818 4996 2040 5036 omnem
2197 4987 2284 5047 89.
2317 4987 2598 5042 Adversus
2634 4984 3001 5058 cogitationes
3015 4985 3193 5041 malas
3219 4984 3368 5040 dixit
3390 4981 3602 5055 quidam
3619 4991 3692 5031 se-

443 5064 694 5121 m°dum°
2126 5095 2270 5134 nex:
2316 5076 2577 5144 Obsecro,
2624 5076 2846 5143 fratres,
2889 5075 3035 5130 sicut
3080 5072 3516 5147 compressimus
3560 5072 3691 5123 actus

516 5151 607 5245 83-
625 5154 780 5245 Dixit
808 5156 1040 5236 quidam
1075 5156 1343 5214 Patrum:
1372 5157 1431 5215 Si
1457 5158 1733 5215 manserit
1755 5160 2045 5245 operarius
2132 5168 2329 5224 malos.
2361 5166 2800 5238 comprimamus
2825 5164 2996 5219 etiam
3026 5163 3419 5236 cogitationes.

446 5244 509 5301 in
534 5244 655 5301 loco
686 5244 781 5301 ubi
806 5261 920 5301 non
948 5251 1082 5302 sunt
1099 5248 1359 5319 Operarii,
1385 5264 1498 5303 non
1523 5254 1709 5321 potest
1738 5244 2006 5321 proficere
2030 5269 2042 5318 ;
2202 5255 2293 5315 90.
2326 5257 2483 5314 Dixit
2512 5255 2743 5328 quidam
2771 5270 2974 5311 senex:
3028 5255 3137 5321 Qui
3163 5255 3287 5310 vult
3322 5252 3565 5308 habitare
3590 5260 3692 5301 ere-

445 5336 565 5393 hzec
580 5339 668 5391 est
683 5335 834 5390 enim
859 5334 1037 5391 virtus
1050 5338 1313 5409 aperarii,
1342 5343 1557 5395 certare
1578 5343 1644 5395 ut
1659 5338 1729 5394 ab
1742 5355 1910 5412 opere
1932 5356 2045 5396 non
2127 5363 2303 5413 mum,
2334 5347 2500 5403 debet
2526 5363 2648 5402 esse
2677 5346 2890 5413 doctor,
2922 5360 3036 5400 non
3072 5344 3168 5417 qui
3220 5343 3411 5400 doceri
3445 5345 3610 5413 egeat,
3636 5349 3694 5389 ne

448 5425 759 5483 minuatur.
797 5426 945 5482 Nam
973 5431 1031 5480 et
1052 5426 1212 5498 piger
1239 5427 1288 5482 si
1310 5429 1585 5485 manserit
1615 5446 1743 5485 cum
1762 5430 2038 5501 operario,
2130 5437 2535 5494 detrimentum
2565 5436 2865 5492 sustineat.

448 5516 670 5586 proﬁcit
691 5532 704 5586 ;
723 5520 781 5573 et
794 5515 843 5572 si
863 5530 975 5573 non
990 5515 1227 5588 proﬁcit,
1250 5532 1365 5573 non
1383 5522 1575 5575 tamen
1591 5519 1880 5576 descendit
1901 5519 2044 5576 infe-
2197 5524 2393 5585 συθ
2410 5518 2499 5576 91.
2532 5520 2918 5589 Interrogatus
2938 5519 3025 5571 est
3036 5530 3205 5570 senex
3232 5531 3267 5570 a
3296 5513 3534 5586 quodam

449 5603 589 5662 rius.
729 5647 733 5651 .
1888 5638 1891 5641 »
2130 5607 2349 5666 dicente
2384 5627 2396 5665 :
2419 5608 2710 5676 Quomodo
2724 5605 2949 5665 invenio
2970 5603 3179 5664 Deum?
3205 5609 3400 5663 utrum
3413 5604 3472 5662 in
3490 5596 3696 5676 ieiuniis
