3964 6206
273 277 397 338 929.

1547 269 1784 327 VERBA
1820 266 2220 329 SENIORUM.

3455 286 3562 346 930

269 422 346 461 an
377 405 438 461 in
465 401 768 465 laboribus,
798 399 888 455 vel
914 400 974 455 in
1001 397 1225 471 vigiliis,
1256 401 1356 453 aut
1384 398 1441 453 in
1461 395 1863 453 misericordia.
1881 394 2181 470 Arcplesti
2229 399 2507 458 fenestras
2536 401 2605 458 de
2634 404 2865 463 chartis.
2898 407 2968 464 Et
2995 409 3198 466 tertius
3222 410 3387 467 dixit:
3430 412 3561 483 Mihi

270 495 344 550 Et
357 492 668 569 respondit:
691 492 756 547 In
771 490 861 546 his
880 506 1002 561 quae
1022 488 1418 555 numerasti,et
1432 487 1490 542 in
1511 487 1868 542 discretione.

270 584 409 640 Dico
438 583 590 639 enim
618 581 722 636 tibi
748 580 882 653 quia
907 578 1066 634 multi
1098 577 1421 633 afﬂixerunt
1437 592 1665 633 carnem
1685 592 1867 642 suam,

269 679 348 740 et,
375 673 511 745 quia
537 671 657 726 sine
677 668 1012 724 discretione
1040 667 1146 723 hoc
1167 666 1463 734 faciebant,
1495 665 1755 721 abierunt
1780 681 1873 719 va-

266 762 361 818 cui
377 762 521 817 nihil
539 759 832 815 habentes.
863 758 939 813 Os
956 761 1214 812 nostrum
1232 757 1301 812 de
1319 755 1538 827 jejunio
1558 755 1714 822 fetet,
1740 753 1874 809 scri-

267 857 468 924 pturas
478 866 673 906 omnes
693 846 992 904 didicimus
1014 866 1026 902 :
1051 863 1118 900 ex
1136 846 1301 901 corde
1322 845 1501 900 David
1520 860 1873 900 consumma-

267 940 472 1008 vimus,
499 945 557 995 et
586 938 735 1012 quod
762 937 912 993 Deus
937 935 1178 1008 requirit
1198 951 1311 991 non
1340 933 1633 1003 habemus,
1660 933 1874 989 scilicet

266 1030 676 1087 humilitatem.

341 1118 432 1177 92.
477 1119 676 1174 Frater
727 1114 1098 1187 interrogavit
1143 1130 1355 1179 senem,
1406 1112 1637 1168 dicens:
1691 1110 1871 1179 Abba,

266 1224 398 1264 ecce
435 1223 539 1279 ego
579 1223 717 1278 rogo
756 1206 1006 1261 seniores
1044 1212 1101 1260 et
1147 1203 1341 1258 dicunt
1383 1201 1524 1257 mihi
1580 1201 1651 1255 de
1692 1200 1873 1255 salute

266 1297 474 1353 animae
502 1313 661 1364 meae,
688 1301 748 1351 et
779 1294 922 1350 nihil
944 1294 1159 1349 retineo
1180 1292 1249 1347 de
1277 1291 1459 1346 verbis
1479 1307 1675 1346 eorum
1698 1309 1711 1359 ;
1737 1288 1868 1361 quid

264 1392 464 1442 autem
493 1386 581 1442 vel
615 1401 753 1457 rogo
784 1401 880 1440 eos
921 1382 1062 1438 nihil
1108 1380 1406 1454 proficiens
1434 1380 1459 1434 ?
1506 1381 1681 1435 Totus
1719 1379 1872 1435 enim

1954 484 2013 539 in
2024 487 2328 544 focularem
2346 490 2533 547 herbae
2552 495 2950 553 ascenderunt.
2973 499 3044 554 Et
3054 500 3345 572 respondit
3368 518 3558 572 senex,

1954 580 2011 631 et
2040 576 2210 633 dixit:
2246 580 2317 634 Et
2342 584 2405 635 tu
2432 581 2694 654 expulisti
2724 600 2756 639 a
2784 590 2843 640 te
2862 586 3329 659 hospitalitatem.

2027 665 2115 722 95.
2144 667 2531 725 Narraverunt
2550 672 2781 742 quidam
2803 674 3038 733 Patrum
3060 678 3130 733 de
3151 680 3397 751 quodam
3424 697 3561 737 sene

1955 770 2181 827 magno,
2209 757 2343 829 quia
2363 758 2411 813 si
2422 759 2681 816 veniebat
2691 763 2897 835 aliquis
2920 765 3271 838 interrogare
3288 786 3419 825 eum
3435 787 3560 825 ser-

1954 860 2198 915 monem,
2224 846 2318 902 ille
2341 864 2470 903 cum
2498 866 2706 922 magna
2733 852 2940 910 ﬁducia
2970 855 3191 912 dicebat
3220 875 3232 913 :
3280 860 3421 916 Ecce
3450 876 3555 931 ego

1953 934 2198 1007 suscipio
2226 952 2526 1008 personam
2545 940 2669 1008 Dei,
2686 946 2745 996 et
2768 942 2934 998 sedeo
2953 944 3012 999 in
3031 945 3163 1000 sede
3173 946 3393 1017 judicii,
3422 949 3558 1020 quid

1954 1039 2087 1095 ergo
2109 1024 2189 1079 vis
2217 1031 2283 1081 ut
2307 1025 2509 1082 faciam
2540 1028 2681 1083 tibi?
2712 1031 2771 1085 Si
2799 1046 2933 1102 ergo
2956 1032 3161 1088 dixeris
3186 1034 3346 1102 mihi,
3380 1036 3556 1092 mise-

1954 1129 2080 1168 rere
2098 1114 2239 1184 mei;
2276 1115 2412 1171 dicit
2424 1116 2527 1171 tibi
2550 1118 2700 1174 Deus
2728 1135 2740 1171 :
2775 1119 2835 1175 Si
2853 1119 2937 1174 vis
2958 1125 3022 1175 ut
3035 1121 3306 1178 miserear
3322 1124 3427 1193 tui,
3450 1125 3555 1180 mi-

1955 1218 2144 1258 serere
2177 1208 2235 1259 et
2264 1208 2324 1259 tu
2361 1204 2631 1262 fratribus
2660 1207 2795 1275 tuis,
2825 1214 2884 1264 et
2913 1225 3016 1281 ego
3049 1210 3321 1267 misereor
3359 1214 3465 1268 tui.
3499 1214 3573 1281 Si,

1955 1296 2149 1347 autem
2174 1293 2258 1347 vis
2299 1298 2365 1349 ut
2391 1295 2680 1366 ignoscam
2707 1296 2830 1366 tibi,
2866 1298 3092 1369 ignosce
3143 1306 3201 1356 et
3222 1307 3284 1356 tu
3308 1302 3569 1373 proximo,

1954 1385 2073 1436 tuo.
2113 1382 2381 1455 Nunquid
2399 1400 2435 1439 a
2460 1384 2577 1440 Deo
2605 1392 2690 1442 est
2717 1387 2921 1442 causa?
2950 1386 3147 1459 Absit;
3181 1390 3280 1446 sed
3308 1390 3369 1447 in
3396 1391 3559 1448 nobis

267 1492 399 1531 sum
428 1476 489 1530 in
528 1472 892 1530 immunditia
927 1474 1095 1545 (Ru/I.
1126 1476 1166 1528 ι.
1188 1486 1274 1539 III,
1306 1487 1365 1526 η.
1401 1467 1543 1539 178).
1578 1470 1753 1524 Erant
1782 1486 1887 1524 au-
1969 1474 2071 1535 est,
2105 1469 2153 1524 si
2179 1471 2435 1527 volumus
2462 1473 2686 1529 salvari.

268 1571 389 1621 tem
416 1564 529 1620 duo
566 1579 697 1619 vasa
741 1579 930 1621 vacua.
975 1562 1045 1616 Et
1091 1561 1234 1616 dixit
1269 1560 1320 1615 ei
1346 1576 1553 1616 senex:
1606 1559 1781 1628 Vade,
1825 1561 1883 1613 et

270 1655 435 1711 aufer
452 1670 631 1710 unum
651 1670 718 1709 ex
749 1652 897 1708 vasis
929 1651 1073 1720 istis,
1121 1656 1179 1706 et
1205 1651 1368 1705 mitte
1394 1650 1451 1704 in
1483 1666 1549 1705 eo
1578 1649 1786 1716 oleum,
1819 1654 1879 1704 et

2037 1555 2126 1615 96.
2153 1559 2426 1615 Dicebant
2448 1561 2518 1617 de
2547 1563 2789 1634 quodam
2817 1580 2952 1621 sene
2976 1564 3035 1621 in
3066 1566 3236 1623 Cellis
3266 1568 3399 1641 quia
3436 1574 3561 1627 erat

1962 1663 2202 1720 magnus
2214 1648 2520 1706 laborator.
2543 1653 2686 1707 Cum
2697 1652 2906 1710 faceret
2930 1671 3069 1727 opus
3101 1673 3287 1725 suum,
3320 1659 3560 1731 contigit

270 1743 515 1800 accende
532 1744 687 1799 intus
708 1748 956 1815 stupam,
983 1747 1042 1798 et
1068 1740 1305 1796 refunde
1323 1740 1530 1805 oleum,
1548 1744 1760 1810 etpone
1774 1754 1872 1794 vas
1894 1747 1943 1808 Β
1960 1736 2133 1791 alium
2163 1754 2504 1811 quemquam
2531 1746 2790 1798 sanctum
2818 1743 3001 1798 virum
3029 1745 3219 1801 venire
3249 1746 3317 1801 ad
3350 1748 3555 1804 cellam

269 1833 336 1889 in
352 1834 540 1890 locum
569 1850 757 1889 suum.
786 1833 856 1887 Et
884 1831 1016 1887 fecit
1040 1830 1139 1886 sic.
1159 1831 1228 1885 Et
1255 1828 1396 1884 dixit
1424 1829 1506 1884 ei:
1532 1829 1642 1884 Fac
1668 1829 1875 1885 iterum

272 1922 379 1978 sic.
426 1922 497 1978 Et
539 1940 669 1978 cum
711 1921 935 1977 fecisset
988 1922 1096 1976 hoc
1123 1919 1347 1992 saepius,
1375 1919 1516 1974 dixit
1556 1919 1609 1973 ei
1656 1935 1869 1974 senex:

274 2012 433 2068 AlIer
456 2012 623 2067 modo
638 2016 879 2083 utraque
905 2026 1057 2077 vasa,
1085 2015 1142 2065 et
1166 2008 1292 2064 vide
1311 2008 1462 2079 quod
1488 2025 1683 2065 eorum
1704 2025 1871 2063 mun-

279 2101 409 2157 dius
434 2102 528 2156 sit.
560 2101 631 2156 Et
647 2100 964 2172 respondit:
999 2099 1145 2155 Illud
1168 2098 1265 2153 ubi
1285 2098 1472 2153 oleum
1491 2097 1639 2152 misi.
1660 2098 1765 2153 Cui
1793 2114 1876 2152 se-

274 2205 384 2244 nex
413 2190 554 2244 dixit
577 2208 591 2244 :
629 2189 721 2245 Sic
748 2194 835 2245 est
862 2194 920 2244 et
948 2188 1139 2244 anima
1165 2188 1234 2243 de
1263 2188 1350 2243 his
1383 2205 1509 2261 quae
1541 2188 1871 2260 interrogat.

277 2279 545 2345 Quamvis
595 2278 748 2334 enim
793 2278 934 2333 nihil
984 2277 1228 2331 retineat
1275 2292 1471 2332 eorum
1523 2294 1646 2349 quae
1693 2277 1868 2344 audit,

274 2369 471 2419 tamen
486 2364 613 2449 plus
641 2363 766 2435 ipsa
784 2361 1150 2419 mundabitur
1175 2378 1345 2433 quam
1373 2360 1471 2416 illa
1498 2377 1624 2435 quae
1644 2362 1874 2418 omnino

276 2470 382 2509 nec
410 2454 719 2525 interrogat
750 2453 1079 2526 quidquam.

351 2542 440 2600 93.
471 2544 670 2600 Frater
697 2542 925 2599 sedebat
957 2542 1185 2617 in_cella
1213 2558 1317 2597 sua
1357 2542 1667 2614 quiescens,
1694 2548 1752 2599 et
1778 2560 1876 2599 vo-

278 2630 471 2689 lebant
494 2633 773 2689 daemones
800 2633 1067 2689 seducere
1103 2649 1233 2688 eum
1275 2631 1379 2687 sub
1426 2632 1611 2704 specie
1642 2633 1873 2704 angelo-

274 2738 426 2790 rum,
451 2728 510 2778 et
532 2721 848 2778 excitabant
868 2739 998 2778 eum
1021 2726 1087 2777 ut
1113 2722 1224 2777 iret
1250 2722 1323 2776 ad
1351 2722 1661 2789 collectam,
1696 2727 1755 2778 et
1780 2722 1870 2778 lu-

275 2828 411 2867 men
434 2811 807 2867 ostendebant
828 2813 911 2869 ei:
939 2811 1035 2867 ille
1055 2817 1247 2866 autem
1274 2811 1428 2866 venit
1455 2812 1526 2867 ad
1574 2811 1879 2884 quemdam

277 2917 495 2970 senem,
519 2906 577 2956 et
593 2900 732 2956 dixit
750 2902 819 2956 ei:
844 2901 1024 2969 Abba,
1046 2900 1279 2956 veniunt
1289 2901 1474 2971 angeli
1493 2917 1623 2956 cum
1637 2901 1871 2968 lumine,

276 2995 337 3045 et
360 2989 605 3046 excitant
627 3008 717 3045 me
732 2990 804 3046 ad
833 2990 1140 3046 collectam.
1163 2989 1240 3045 Et
1264 2990 1401 3045 dicit
1422 2990 1480 3061 ei
1506 3007 1673 3046 senex
1698 3008 1710 3043 :
1747 2991 1874 3046 Non

1958 1827 2101 1897 ejus,
2125 1833 2183 1881 et
2205 1827 2419 1883 audivit
2441 1846 2573 1884 eum
2596 1831 2665 1886 de
2684 1831 2821 1887 foris
2840 1832 3160 1905 litigantem
3181 1851 3311 1891 cum
3346 1837 3556 1908 cogita-

1957 1914 2223 1983 tionibus,
2250 1922 2309 1971 et
2325 1917 2604 1974 dicentem
2629 1936 2643 1975 :
2665 1920 2968 1994 Usquequo
2984 1929 3215 1996 propter
3235 1941 3414 1981 unum
3436 1943 3555 1982 ver-

1957 2002 2092 2059 bum
2123 2006 2314 2061 omnia
2332 2006 2431 2061 illa
2459 2007 2694 2063 amitto?
2724 2010 2819 2065 Ille
2850 2016 3040 2067 autem
3069 2012 3204 2067 foris
3230 2018 3403 2081 stans,
3446 2032 3556 2086 pu-

1958 2093 2117 2148 tabat
2135 2095 2267 2166 quia
2284 2112 2411 2151 cum
2432 2096 2620 2170 aliquo
2633 2097 2743 2153 alio
2763 2098 3028 2171 litigaret,
3055 2106 3113 2156 et
3130 2101 3372 2174 pulsavit
3390 2109 3456 2159 ut
3472 2103 3560 2162 in-

1956 2187 2137 2238 traret
2164 2187 2221 2238 et
2245 2184 2565 2255 paciﬁcaret
2575 2201 2699 2254 eos;
2724 2191 2783 2241 et
2800 2187 3121 2259 ingrediens
3142 2194 3200 2246 et
3213 2189 3407 2247 videns
3424 2193 3558 2264 quia

1956 2288 2122 2328 nemo
2142 2273 2288 2328 alius
2317 2278 2439 2329 erat
2464 2274 2632 2342 intro,
2664 2275 2877 2332 habens
2905 2278 3077 2333 etiam
3105 2279 3372 2336 fiduciam
3405 2282 3557 2353 apud

1958 2378 2172 2430 senem,
2205 2361 2347 2416 dixit
2371 2363 2450 2417 ei:
2484 2363 2626 2418 Cum
2656 2381 2766 2436 quo
2792 2365 3072 2437 litigabas,
3105 2366 3288 2422 abba?
3331 2369 3433 2424 Ille
3460 2387 3555 2425 re-

1958 2451 2212 2523 spondit:
2246 2452 2387 2507 Cum
2412 2452 2846 2524 cogitationibus
2869 2455 3030 2524 meis,
3055 2457 3190 2529 quia
3217 2459 3557 2530 quatuorde-

1959 2540 2069 2595 cim
2110 2540 2281 2597 libros
2329 2541 2614 2597 memoriae
2670 2543 3073 2613 commendavi,
3120 2551 3178 2601 et
3222 2562 3401 2603 unum
3428 2564 3555 2605 ver-

1957 2628 2093 2684 bum
2120 2629 2402 2686 modicum
2432 2630 2619 2686 audivi
2648 2631 2802 2700 foris,
2827 2637 2885 2688 et
2902 2649 3030 2689 cum
3061 2634 3338 2691 venissem
3367 2637 3552 2694 facere

1960 2734 2101 2791 opus
2124 2719 2244 2787 Dei,
2288 2720 2480 2786 omnia
2496 2720 2594 2775 illa
2616 2721 2854 2792 perdidi,
2881 2726 2941 2777 et
2956 2722 3062 2778 hoc
3092 2724 3275 2780 solum
3297 2726 3446 2797 quod
3467 2726 3555 2782 fo-

1960 2808 2039 2862 ris
2066 2809 2357 2864 audieram
2369 2809 2523 2864 venit
2544 2809 2604 2864 in
2624 2810 2898 2866 memoria
2910 2828 3038 2868 mea
3060 2813 3119 2867 in
3148 2813 3291 2870 hora
3309 2815 3561 2872 ministe-

1959 2897 2029 2951 rii
2059 2897 2189 2965 mei,
2204 2902 2261 2952 et
2272 2904 2570 2970 propterea
2592 2898 2886 2969 litigabam
2906 2917 3031 2955 cum
3048 2902 3387 2973 cogitatione
3405 2922 3554 2961 mea.

2028 2984 2117 3042 97.
2148 2987 2374 3042 Fratres
2391 2986 2461 3042 de
2487 2989 2923 3059 congregatione
2942 2998 3219 3046 venerunt
3245 2991 3305 3048 in
3343 3010 3552 3062 eremo,

274 3079 494 3147 audias,
522 3097 637 3148 eos,
662 3079 760 3147 ﬁli,
786 3080 1050 3152 quoniam
1079 3080 1361 3137 daemones
1381 3062 1547 3148 sunt;
1571 3084 1629 3136 et
1647 3079 1872 3152 quando
1891 3105 1937 3167 ο
1963 3081 2021 3132 et
2039 3077 2435 3150 applicuerunt
2470 3077 2541 3133 ad
2563 3079 2865 3150 quemdam
2890 3069 3204 3151 eremitam,
3232 3088 3291 3138 et
3312 3085 3559 3157 suscepit

274 3168 513 3224 veniunt
539 3170 781 3225 excitare
807 3175 886 3235 te,
918 3170 1038 3226 dic:
1087 3170 1203 3241 Ego
1252 3169 1475 3242 quando
1507 3169 1628 3224 volo
1673 3185 1863 3241 surgo,
1958 3183 2053 3223 eos
2078 3183 2206 3222 cum
2233 3167 2462 3239 gaudio.
2504 3168 2575 3223 Et
2601 3168 2747 3223 sicut
2771 3173 2856 3224 est
2884 3171 3233 3226 consuetudo
3273 3173 3545 3242 eremitis,

270 3274 370 3314 vos
394 3263 589 3314 autem
609 3275 723 3315 non
760 3259 951 3315 audio.
982 3259 1275 3333 Accipiens
1304 3263 1495 3314 autem
1526 3263 1868 3330 praeceptum

273 3346 445 3415 senis,
489 3364 743 3404 reversus
791 3354 878 3404 est
913 3348 986 3404 ad
1021 3349 1221 3404 cellam
1269 3365 1450 3403 suam.
1499 3348 1569 3402 Et
1613 3347 1873 3419 sequenti

272 3442 439 3492 nocte
473 3436 679 3493 iterum
719 3437 999 3493 daemones
1052 3437 1361 3492 secundum
1403 3436 1870 3492 consuetudinem

271 3525 561 3582 venientes
580 3526 894 3582 excitabant
912 3543 1061 3582 eum.
1089 3527 1189 3582 Ille
1201 3544 1351 3594 vero,
1369 3527 1515 3582 sicut
1527 3531 1870 3599 praeceptum

260 3614 383 3670 sibi
417 3615 620 3682 fuerat,
661 3615 1038 3688 respondebat
1077 3616 1174 3684 eis,
1217 3615 1438 3671 dicens:
1490 3616 1605 3688 Ego
1646 3617 1869 3688 quando

273 3705 401 3760 volo
426 3721 615 3777 surgo,
649 3723 745 3761 vos
772 3710 964 3761 autem
984 3722 1098 3761 non
1121 3704 1310 3761 audio.
1343 3706 1414 3761 Et
1440 3705 1523 3760 illi
1546 3705 1741 3762 dicunt
1768 3706 1820 3761 ei
1855 3724 1866 3760 :

277 3794 462 3850 Malus
494 3811 663 3850 senex
702 3795 797 3850 ille
818 3795 1050 3850 falsator
1070 3794 1292 3850 seduxit
1320 3799 1398 3863 te,
1427 3794 1499 3850 ad
1531 3812 1698 3868 quem
1723 3795 1875 3852 venit

275 3885 454 3940 frater
478 3885 668 3940 volens
706 3889 925 3941 mutare
964 3884 1260 3958 pecuniam
1298 3903 1311 3953 ;
1356 3889 1414 3940 et
1455 3900 1584 3939 cum
1614 3884 1867 3954 haberet,

276 3972 550 4029 mentitus
578 3979 664 4029 est
699 3974 770 4042 ei,
804 3974 995 4029 dicens
1022 3991 1083 4029 se
1108 3990 1221 4029 non
1239 3971 1467 4042 habere,
1501 3978 1557 4028 et
1583 3990 1696 4028 non
1717 3972 1874 4029 dedit

278 4063 333 4118 ei
348 4083 364 4130 ;
396 4078 461 4117 ex
492 4061 597 4117 hoc
624 4080 758 4135 ergo
780 4080 1049 4136 cognosce
1070 4064 1202 4136 quia
1230 4062 1461 4118 falsator
1489 4069 1594 4117 est.
1629 4063 1878 4134 Surgens

279 4168 418 4223 ergo
446 4152 622 4208 frater
647 4152 891 4208 diluculo
911 4153 1064 4208 venit
1099 4154 1169 4207 ad
1191 4169 1403 4221 senem,
1438 4156 1495 4208 et
1520 4152 1801 4207 nuntiavit
1828 4152 1881 4208 ei

280 4242 403 4297 haec
431 4242 573 4314 ipsa.
599 4242 778 4298 Senex
804 4259 935 4297 vero
966 4242 1108 4297 dixit
1128 4242 1179 4297 ei
1205 4261 1217 4296 :
1248 4243 1462 4298 Verum
1508 4242 1750 4315 estquia
1776 4242 1881 4297 ha-

280 4327 506 4399 bebam,
538 4335 596 4385 et
622 4331 756 4402 quia
782 4330 936 4386 venit
962 4331 1139 4386 frater
1155 4331 1345 4386 volens
1372 4336 1652 4398 mutuare,
1685 4335 1744 4385 et
1766 4347 1882 4386 non

1953 3257 2149 3312 videns
2169 3273 2264 3312 eos
2280 3256 2348 3311 de
2378 3255 2569 3311 labore
2596 3257 2879 3329 fatigatos,
2900 3258 3090 3330 posuit
3116 3276 3372 3317 mensam
3395 3267 3554 3320 extra

1954 3346 2152 3401 horam
2177 3365 2191 3415 ;
2225 3350 2282 3401 et
2311 3346 2461 3417 quod
2480 3345 2679 3401 habuit
2705 3346 2765 3401 in
2785 3348 2927 3402 cella
2955 3350 3215 3420 apposuit
3250 3350 3350 3419 eis,
3388 3356 3447 3407 et
3465 3369 3557 3409 re-

1953 3434 2210 3507 pausavit
2227 3452 2337 3491 eos.
2381 3436 2451 3491 Et
2485 3434 2708 3508 quando
2747 3435 2959 3492 factum
2989 3442 3075 3493 est
3103 3455 3250 3508 sero,
3287 3439 3552 3498 dixerunt

1952 3524 2246 3580 duodecim
2270 3524 2534 3596 psalmos,
2578 3524 2837 3581 similiter
2865 3531 2923 3580 et
2958 3531 3122 3582 nocte
3147 3546 3160 3596 ;
3194 3544 3322 3583 cum
3351 3536 3546 3587 autem

1952 3631 2120 3671 senex
2137 3613 2412 3685 vigilaret,
2444 3613 2658 3669 audivit
2684 3631 2779 3670 eos
2805 3614 2956 3671 inter
2972 3631 3032 3671 se
3048 3621 3238 3684 ων
3266 3618 3550 3676 dicentes:

1955 3704 2097 3769 Quia
2109 3703 2345 3759 solitarii
2360 3701 2462 3757 viri
2480 3703 2607 3776 plus
2620 3709 2928 3776 repausant
2953 3704 3014 3760 in
3033 3721 3221 3762 eremo
3247 3723 3416 3779 quam
3450 3724 3555 3765 nos

1955 3793 2014 3848 in
2033 3792 2489 3865 congregatione.
2519 3793 2683 3848 Mane
2714 3798 2905 3849 autem
2934 3810 3063 3849 cum
3092 3794 3436 3852 ambulaturi
3463 3814 3556 3854 es-

1954 3888 2081 3939 sent
2106 3882 2177 3937 ad
2205 3882 2376 3937 alium
2397 3880 2642 3937 vicinum
2670 3882 2972 3954 ejus,dixit
3000 3883 3109 3940 eis:
3133 3883 3386 3941 Salutate
3414 3902 3547 3944 eum

1959 3989 2060 4044 pro
2085 3988 2195 4040 me,
2219 3975 2277 4026 et
2297 3970 2465 4027 dicite
2494 3972 2545 4026 ei
2565 3990 2576 4025 :
2602 3972 2728 4028 Non
2749 3972 2997 4044 adaques
3020 3973 3193 4029 olera.
3223 3974 3325 4031 Ille
3353 3981 3548 4033 autem

1961 4077 2091 4116 cum
2116 4060 2223 4114 hoc
2240 4060 2507 4128 audisset,
2552 4060 2830 4115 intellexit
2855 4061 3105 4129 verbum,
3146 4069 3203 4118 et
3244 4065 3431 4120 tenuit
3460 4082 3558 4121 eos

1961 4166 2139 4221 usque
2166 4166 2292 4205 sero
2320 4148 2640 4204 laborantes
2663 4149 2907 4219 jejunos.
2933 4152 3075 4207 Cum
3090 4155 3281 4206 autem
3309 4167 3436 4209 sero
3466 4153 3555 4210 fa-

1962 4245 2115 4294 ctum
2144 4244 2309 4307 esset,
2341 4237 2471 4293 fecit
2487 4238 2767 4310 prolixum
2795 4254 2937 4309 opus
2981 4239 3104 4308 Dei,
3158 4244 3216 4294 et
3256 4241 3447 4312 posuit
3492 4258 3560 4299 ea

1964 4347 2087 4402 qua:
2117 4327 2381 4397 habebat,
2412 4332 2470 4381 et
2495 4326 2670 4382 dixit:
2715 4327 3010 4383 Cessemus
3052 4327 3269 4383 modice
3324 4335 3558 4402 propter

281 4418 414 4474 dedi
434 4418 505 4485 ei,
528 4419 627 4474 sed
643 4419 889 4476 sciebam
904 4420 1038 4493 quia
1067 4420 1114 4476 si
1139 4421 1332 4476 darem
1356 4420 1427 4489 ei,
1462 4420 1735 4476 damnum
1763 4420 1937 4489 ani-1'
1967 4435 2080 4487 vos,
2106 4417 2240 4489 quia
2268 4416 2338 4472 de
2365 4415 2554 4471 labore
2581 4416 2716 4471 estis
2743 4415 2984 4488 fatigati.
3017 4417 3088 4472 Et
3115 4417 3257 4472 dixit
3294 4418 3504 4476 iterum
3538 4437 3552 4476 :

285 4507 584 4579 mmipsius
603 4508 893 4565 faciebam.
920 4510 1172 4581 Cogitavi
1191 4527 1325 4581 ergo
1346 4526 1522 4564 unum
1552 4510 1883 4566 mandatum

286 4596 595 4669 praeterire,
637 4615 808 4671 quam
841 4599 1193 4671 praevaricari
1237 4598 1450 4667 decem,
1489 4616 1554 4654 ex
1584 4599 1785 4671 quibus
1810 4600 1883 4656 ad

285 4686 714 4743 tribulationem
745 4688 1121 4761 potuissemus
1148 4688 1339 4744 venire
1368 4705 1469 4761 pro
1498 4689 1614 4757 illo,
1646 4689 1693 4744 si
1722 4706 1757 4744 a
1795 4707 1887 4745 me

286 4777 587 4850 pecuniam
616 4777 941 4850 accepisset.
958 4778 1043 4834 Tu
1057 4783 1245 4833 autem
1267 4778 1566 4847 daemones,
1604 4780 1699 4851 qui
1728 4785 1784 4835 te
1804 4798 1888 4837 se-

287 4866 496 4922 ducere
515 4868 731 4936 volunt,
761 4884 832 4923 ne
850 4868 1067 4923 audias.
1086 4869 1156 4923 Et
1182 4869 1425 4925 multum
1441 4869 1788 4925 confortatus
1817 4869 1886 4925 de

288 4955 473 5012 verbis
494 4957 663 5026 senis,
688 4957 833 5013 abiit
856 4957 928 5011 ad
953 4957 1152 5012 cellam
1178 4974 1358 5013 suam.

363 5042 452 5102 94.
479 5045 766 5101 Venerunt
792 5045 1094 5118 aliquando
1115 5051 1231 5101 tres
1250 5046 1450 5101 fratres
1482 5046 1553 5102 ad
1584 5047 1887 5119 quemdam

287 5150 484 5190 senem
512 5133 574 5191 in
597 5133 809 5208 Scythi,
842 5139 900 5190 et
927 5151 1075 5190 unus
1104 5152 1169 5190 ex
1200 5135 1286 5190 his
1320 5134 1689 5207 interrogavit
1733 5154 1884 5207 eum,

289 5223 516 5279 dicens:
542 5222 720 5292 Abba,
754 5224 1137 5280 commendavi
1170 5225 1343 5281 Vetus
1366 5230 1422 5280 et
1449 5226 1669 5282 Novum
1690 5226 1887 5282 Testa—

291 5318 550 5369 mentum
589 5312 893 5370 memoriae.
936 5314 1006 5369 Et
1032 5312 1320 5385 respondit
1354 5331 1562 5382 senex,
1601 5320 1659 5371 et
1698 5314 1838 5371 dixit
1870 5336 1884 5373 :

290 5400 543 5475 Replesti
589 5402 770 5458 verbis
816 5419 1027 5458 aerem.
1081 5402 1151 5457 Et
1194 5401 1472 5459 secundus
1516 5403 1887 5477 interrogavit

292 5508 445 5558 eum,
494 5491 721 5548 dicens:
751 5492 927 5547 Vetus
958 5498 1016 5547 et
1055 5491 1275 5549 Novum
1310 5493 1737 5549 Testamentum
1783 5511 1886 5567 ego

291 5580 493 5661 scn’psi
521 5598 625 5657 per
670 5597 762 5640 me
788 5581 997 5661 ipsum.
1045 5581 1197 5644 Dixit
1223 5587 1412 5645 autem
1440 5587 1498 5645 et
1526 5582 1692 5644 huic:
1728 5583 1799 5644 Et
1824 5589 1888 5646 tu

1966 4507 2226 4574 Quotidie
2253 4505 2595 4561 manducare
2622 4521 2737 4561 non
2764 4506 3029 4576 solemus,
3060 4506 3160 4562 sed
3188 4513 3420 4581 propter
3460 4524 3559 4566 vos

1965 4602 2258 4670 gustemus
2283 4594 2587 4651 modicum.
2629 4595 2699 4650 Et
2717 4595 2980 4668 apposuit
3000 4595 3082 4652 eis
3109 4611 3317 4669 panem
3345 4596 3557 4655 siccum

1969 4692 2027 4743 et
2052 4686 2154 4748 sal,
2186 4691 2244 4741 et
2262 4685 2427 4740 dixit:
2454 4685 2592 4740 Ecce
2620 4690 2851 4758 propter
2870 4703 2965 4741 vos
2995 4685 3355 4741 festivitatem
3381 4674 3585 4743 habe-i

1968 4794 2094 4833 mus
2114 4775 2317 4843 hodie;
2349 4780 2407 4831 et
2434 4774 2589 4830 misit
2607 4791 2808 4848 parum
2836 4774 2982 4830 aceti
3009 4774 3070 4830 in
3088 4774 3302 4830 salibus
3330 4773 3460 4832 illis.
3492 4776 3581 4834 Et

1969 4871 2264 4938 surgentes
2291 4869 2583 4937 coeperunt
2619 4863 2859 4935 psallere
2886 4879 3066 4936 usque
3081 4879 3268 4919 mane.
3300 4862 3372 4920 Et
3385 4864 3556 4939 dixit:

1970 4959 2208 5029 Propter
2234 4971 2331 5009 vos
2355 4970 2468 5008 non
2498 4967 2796 5024 possumus
2824 4950 3132 5023 adimplere
3160 4953 3415 5024 regulam
3458 4971 3565 5011 no-

1970 5053 2168 5112 stram,
2214 5050 2281 5099 ut
2322 5042 2538 5098 modice
2595 5041 2862 5113 pausetis,
2912 5041 3045 5113 quia
3081 5041 3365 5114 peregrini
3407 5044 3566 5103 estis.

1972 5138 2136 5193 Mane
2167 5139 2357 5189 autem
2386 5132 2549 5198 facto,
2582 5128 2843 5185 volebant
2878 5129 3101 5202 fugere:
3133 5131 3228 5187 ille
3257 5137 3447 5189 autem
3476 5150 3569 5190 ro-

1969 5225 2158 5298 gabat,
2175 5240 2287 5290 eos,
2307 5221 2529 5276 dicens:
2559 5221 2776 5276 Manete
2804 5219 3157 5293 aliquantum
3181 5222 3453 5295 temporis
3468 5236 3567 5278 no-

1970 5315 2216 5376 biscum;
2242 5310 2329 5368 sin
2354 5310 2515 5379 alias,
2537 5308 2622 5364 vel
2651 5314 2882 5382 propter
2904 5310 3259 5379 mandatum,
3304 5311 3426 5367 dies
3447 5317 3563 5367 tres

1971 5403 2279 5461 secundum
2307 5399 2770 5455 consuetudinem
2818 5399 2994 5455 eremi
3043 5399 3209 5456 facite
3250 5400 3561 5455 nobiscum.

1973 5494 2061 5550 Illi
2092 5497 2281 5549 autem
2294 5489 2547 5550 videntes
2576 5488 2710 5565 quia
2730 5505 2843 5548 non
2865 5490 3143 5552 relaxaret
3161 5506 3276 5562 eos,
3297 5489 3566 5564 fugerunt

1971 5582 2203 5643 occulte.

2511 5654 2586 5671 «,4
2625 5650 2844 5671 αινιροσ-συα
2939 5658 2947 5666 ι
2976 5656 2987 5669 ι
3008 5658 3012 5662 -
3148 5654 3158 5664 ο
3205 5649 3368 5665 ηκουσα.-
