3964 6206
465 283 565 343 931
1623 276 1719 333 DE
1751 273 1941 333 vms
1978 273 2276 333 PATRUM
2311 275 2526 335 LIBER
2561 280 2628 334 v.
3591 296 3681 356 93.,

534 406 625 466 98.
645 407 843 464 Frater
862 400 1228 475 interrogavit
1247 400 1819 474 quemdam‘Patrem,
1842 403 2052 458 dicens:
2073 412 2123 472 Α
2143 404 2414 460 vidissent
2443 422 2537 461 eos
2558 411 2885 464 extenuatos
2907 409 3071 480 fame,
3095 411 3165 468 de
3195 414 3365 471 nimia
3389 416 3681 480 abstinentia

467 499 528 556 Si
549 495 846 568 contigerit
861 492 1086 565 gravari
1103 491 1162 547 in
1177 496 1458 559 somno,et
1476 492 1767 547 transierit
1786 492 1927 547 hora
1949 493 2062 548 mi-
2143 493 2504 566 impatienter
2521 497 2831 566 comedere,
2866 502 3224 558 seandalizati
3246 511 3376 561 sunt
3400 507 3455 562 in
3474 510 3562 569 eis.
3585 513 3680 570 Hoc

461 587 680 646 nisterii
709 583 1036 653 mei,anima
1056 597 1184 638 mea
1201 599 1317 655 prae
1337 581 1670 638 verecundia
1689 597 1803 636 non
1821 582 1941 637 vult
1961 581 2064 637 im-
2144 590 2330 638 autem
2347 584 2643 658 presbyter
2661 603 2988 659 agnoscens,
3013 592 3189 648 voluit
3209 611 3400 650 sanare
3416 614 3518 666 eos,
3549 609 3596 656 et
3618 603 3682 659 ita

463 680 617 752 plere
647 691 787 748 opus
815 689 1001 730 suum.
1035 671 1254 728 Etdixit
1267 688 1465 728 senex:
1493 672 1551 728 Si
1580 677 1636 727 te
1657 672 1955 744 contigerit
1969 689 2064 728 us-
2144 672 2447 742 dimittere,
2481 681 2538 730 et
2582 678 2904 748 praedicavit
2930 681 2988 736 in
3019 683 3251 738 ecclesia
3289 685 3446 756 plebi,
3484 688 3678 747 dicens:

464 784 573 841 que
600 780 768 821 mane
806 763 1073 828 dormire,
1106 762 1329 834 quando
1358 761 1606 834 evigilas,
1641 778 1828 833 surge,
1862 761 2059 817 claude
2143 762 2402 832 Jejunate
2423 767 2777 822 etextendite
2798 768 3198 827 abstinentiam
3222 780 3471 842 vestram,
3497 777 3680 836 fratres.

463 858 670 914 ostium
683 860 741 912 et
763 855 1192 921 fenestrastuas,
1209 858 1266 908 et
1285 851 1372 907 fac
1393 868 1532 923 opus
1555 856 1754 920 tuum;
1786 851 2060 923 scriptum
2143 850 2419 908 Volebant
2455 860 2646 910 autem
2672 858 2943 930 1Egyptii,
2970 861 3067 932 qui
3095 861 3210 916 illic
3237 871 3508 933 venerant,
3537 867 3683 924 disce-

462 947 735 1004 estenim:
767 945 922 1001 Tuus
935 943 1167 1011 estdies,
1193 948 1251 998 et
1268 947 1368 998 tua
1383 947 1470 996 est
1488 957 1596 996 nox
1619 942 1784 1010 (Psal.
1821 943 2006 1012 Lxxm)
2037 961 2050 1012 ;
2145 939 2296 1008 dere,
2321 947 2378 997 et
2403 943 2639 1000 retinuit
2661 962 2776 1001 eos.
2810 947 2949 1004 Cum
2970 955 3161 1005 autem
3177 953 3516 1022 jejunassent
3533 957 3683 1028 primo

456 1039 521 1098 in
544 1036 698 1094 omni
725 1035 878 1091 enim
903 1039 1157 1105 tempore
1179 1031 1528 1103 glorificatur
1556 1030 1725 1086 Deus.
2145 1031 2384 1102 aporiati
2401 1038 2550 1101 sunt,
2582 1034 2788 1092 fecerat
2799 1038 2949 1093 enim
2962 1056 3055 1094 eos
3084 1039 3252 1096 biduo
3262 1043 3510 1113 jejunare
3535 1048 3684 1102 conti-

529 1129 620 1186 99,
645 1124 878 1183 Dicebat
904 1122 1108 1195 aliquis
1133 1137 1327 1177 senex:
1365 1121 1511 1186 Quia
1551 1126 1637 1175 est
1663 1120 1834 1176 homo
1865 1135 2054 1177 come-
2143 1135 2276 1175 nuo.
2309 1121 2373 1175 In
2404 1123 2594 1195 Scythi
2615 1131 2804 1181 autem
2843 1127 3166 1185 habitantes
3185 1132 3688 1202 jejunaveruntheb-

457 1215 599 1276 dens
619 1216 798 1273 multa
821 1219 880 1269 et
899 1212 1082 1268 adhuc
1102 1211 1356 1268 esuriens
1383 1229 1396 1279 ;
1429 1215 1515 1265 est
1533 1209 1702 1264 etiam
1723 1210 1866 1264 alter
1887 1211 2052 1265 homo
2145 1209 2445 1266 domadam
2471 1231 2483 1280 ;
2519 1219 2576 1268 et
2603 1213 2748 1270 facto
2776 1215 3038 1286 Sabbato,
3079 1220 3346 1276 sederunt
3386 1224 3682 1281 manducare

457 1308 555 1383 qui
574 1321 754 1380 pauca
773 1301 1030 1369 comedit,
1049 1307 1106 1358 et
1114 1299 1488 1372 satiatur.Maj
1496 1316 1651 1355 orem
1667 1304 1857 1356 autem
1883 1299 2053 1356 habet
2143 1299 2389 1371 Egyptii
2409 1318 2536 1356 cum
2552 1303 2799 1360 senibus.
2816 1307 3196 1364 Turbantibus
3211 1316 3398 1366 autem
3411 1329 3467 1368 se
3483 1313 3546 1369 ad
3560 1331 3687 1370 man-

457 1395 778 1455 mercedem
806 1394 901 1449 ille
923 1392 1018 1465 qui
1044 1393 1171 1464 plus
1191 1390 1453 1457 comedit,
1485 1395 1540 1444 et
1558 1389 1810 1445 esuriens
1841 1395 2052 1456 manet,
2138 1389 2459 1445 ducandum
2487 1393 2780 1465 Egyptiis,
2810 1411 2958 1452 unus
2981 1397 3050 1452 de
3067 1399 3297 1454 senibus
3323 1404 3497 1456 tenuit
3520 1421 3685 1459 manus

456 1489 529 1546 ab
558 1489 654 1544 illo
683 1485 779 1559 qui
797 1501 1000 1558 parum
1024 1482 1290 1554 comedit,
1319 1486 1378 1536 et
1397 1481 1638 1537 satiatur
1666 1482 1853 1552 (Rulli,
1882 1484 1927 1539 ι.
1966 1494 2052 1548 In,
2137 1479 2280 1550 ejus,
2307 1479 2527 1536 dicens:
2569 1483 2710 1538 Cum
2743 1485 3041 1558 disciplina
3067 1489 3419 1557 manducate,
3450 1495 3688 1564 quomodo

457 1596 518 1636 π.
544 1575 634 1645 48,
668 1575 878 1643 Pasch.,
912 1591 958 1630 ο.
985 1573 1034 1642 1,
1060 1589 1120 1629 η.
1151 1570 1227 1644 3).

2138 1569 2417 1624 monachi.
2450 1571 2605 1627 Unus
2651 1578 2844 1629 autem
2895 1592 2961 1631 ex
2999 1577 3279 1650 [Egyptiis
3300 1582 3499 1652 repulit
3517 1599 3684 1637 manus

527 1665 651 1725 100.
673 1665 825 1722 Dixit
843 1663 1073 1737 quidam
1101 1677 1270 1718 senex
1295 1680 1306 1717 :
1339 1661 1398 1719 Si
1418 1661 1716 1732 contigerit
1742 1660 1891 1716 inter
1913 1664 1970 1716 te
1999 1665 2057 1716 et
2138 1658 2278 1728 ejus,
2301 1658 2523 1714 dicens:
2557 1661 2790 1719 Dimitte
2815 1681 2906 1720 me
2935 1665 3066 1737 quia
3092 1668 3324 1736 morior,
3354 1674 3469 1725 tota
3507 1669 3686 1727 hebdo-

453 1757 629 1814 alium
657 1771 840 1812 sermo
861 1753 1066 1825 aliquis
1085 1752 1284 1820 tristis,
1303 1757 1361 1807 et
1385 1751 1674 1823 negaverit
1692 1751 1806 1818 ille,
1826 1751 2048 1806 dicens:
2071 1740 2119 1800 Β
2137 1747 2303 1802 mada
2337 1749 2479 1803 nihil
2506 1756 2726 1807 coctum
2756 1755 2990 1811 comedi.
3007 1755 3075 1810 Et
3087 1755 3230 1811 dixit
3250 1757 3302 1811 ei
3320 1775 3512 1814 senex:
3533 1761 3584 1815 Si
3608 1777 3685 1815 vos

451 1844 580 1904 Non
608 1846 722 1902 dixi
741 1859 1059 1900 sermonem
1086 1842 1255 1908 hunc,
1282 1856 1355 1896 ne
1381 1847 1563 1896 certes
1593 1857 1720 1896 cum
1751 1856 1836 1908 eo,
1877 1846 1935 1896 et
1962 1840 2052 1895 di-
2136 1835 2305 1891 biduo
2325 1836 2617 1895 intervallo
2631 1842 3033 1899 manducantes
3050 1844 3130 1900 ita
3142 1846 3439 1914 defecistis,
3472 1864 3624 1920 quare
3635 1849 3683 1904 in

453 1954 573 1993 cas:
596 1933 816 2003 Dixisti,
864 1933 960 2006 qui
1000 1930 1381 2000 exacerbatur,
1424 1936 1482 1986 et
1508 1930 1657 1986 dicet
1687 1929 1824 1985 tibi:
1870 1930 2053 1984 Etiam
2133 1925 2401 1982 fratribus
2425 1929 2785 1986 scandalizati
2805 1933 2958 2000 estis,
2991 1935 3087 2006 qui
3106 1952 3334 2007 semper
3351 1936 3686 1992 hebdomadas

453 2023 584 2083 dixi,
2132 2020 2324 2082 608
2353 2033 2418 2071 eo
2449 2019 2646 2074 ordine
2675 2020 2912 2078 levando
2931 2024 3333 2081 abstinentiam
3364 2033 3588 2082 servant.
3616 2026 3688 2083 Illi

520 2115 644 2174 101.
676 2115 875 2171 Frater
920 2113 1123 2186 aliquis
1149 2109 1525 2182 interrogavit
1551 2127 1764 2179 senem,
1797 2109 1993 2166 dicens
2029 2128 2040 2165 :
2132 2118 2324 2161 autem
2352 2107 2743 2179 paenitentiam
2765 2127 2955 2167 coram
2983 2114 3064 2168 eis
3089 2120 3348 2185 egerunt,
3382 2122 3438 2171 et
3461 2117 3682 2172 aedificati

449 2207 621 2264 Soror
647 2222 774 2260 mea
803 2220 1018 2278 pauper
1046 2207 1149 2270 est,
1187 2201 1235 2257 si
1272 2201 1343 2256 do
1382 2201 1434 2256 ei
1464 2200 1902 2273 eleemosynam,
1935 2217 2050 2255 non
2131 2195 2190 2249 in
2210 2195 2553 2252 abstinentia
2571 2215 2765 2255 eorum
2786 2200 3051 2258 abierunt
3076 2219 3203 2259 cum
3231 2205 3459 2276 gaudio.

446 2301 537 2353 est
563 2294 706 2353 sicut
733 2311 880 2351 unus
907 2293 976 2349 de
1005 2290 1379 2366 pauperibus?
1409 2291 1480 2346 Et
1506 2289 1646 2346 dixit
1663 2306 1856 2345 senex:
1893 2291 2038 2345 Non.
2210 2281 2330 2342 110.
2358 2285 3132 2360 Fraterquidamrenuntians
3150 2294 3437 2363 saeculo,et
3450 2295 3686 2368 accipiens

445 2385 598 2443 Dixit
624 2390 816 2440 autem
845 2383 1052 2438 frater:
1081 2381 1285 2448 Quare,
1318 2379 1507 2434 abba?
1538 2380 1609 2433 Et
1635 2379 1927 2451 respondit
1951 2396 2043 2434 se-
2134 2373 2389 2430 habitum
2418 2378 2697 2446 monachi,
2717 2381 2910 2436 statim
2929 2383 3157 2438 reclusit
3168 2401 3249 2452 se,
3272 2383 3495 2442 dicens:
3518 2385 3687 2440 Solita-

444 2491 578 2531 nex:
611 2473 755 2540 Quia
781 2472 1012 2544 sanguis
1041 2471 1160 2543 ipse
1175 2469 1350 2525 trahit
1363 2475 1422 2524 te
1449 2468 1753 2524 modicum.
2133 2463 2252 2520 rius
2273 2466 2395 2521 volo
2424 2483 2567 2522 esse.
2587 2469 2894 2526 Audientes
2923 2478 3112 2527 autem
3143 2473 3315 2529 vicini
3343 2475 3592 2543 seniores,
3617 2491 3688 2529 νεα

519 2563 639 2623 102.
666 2562 819 2619 Dixit
840 2577 1007 2617 senex
1031 2578 1042 2614 :
1076 2559 1220 2625 Quia
1249 2563 1472 2630 oportet
1494 2558 1835 2612 monachum
1855 2573 2042 2630 neque
2124 2560 2333 2610 nerunt
2360 2560 2416 2611 et
2439 2557 2727 2628 ejecerunt
2745 2576 2894 2628 eum,
2919 2566 2977 2616 et
3002 2561 3258 2618 fecerunt
3289 2563 3517 2620 circuire
3543 2563 3681 2619 cellas

444 2653 762 2708 auditorem
784 2667 906 2706 esse
923 2648 1378 2718 obtrectantium,
1401 2664 1585 2720 neque
1603 2646 1923 2716 obtrectari,
1949 2665 2044 2703 ne-
2125 2645 2384 2714 fratrum,
2409 2651 2466 2701 et
2484 2648 2874 2719 pcenitentiam
2893 2667 3082 2706 coram
3104 2652 3348 2724 singulis
3368 2653 3684 2726 agere,etdi-

443 2758 554 2814 que
579 2739 965 2797 scandalizari.
2124 2751 2276 2789 cere:
2309 2736 2584 2806 Ignoscite
2613 2738 2770 2804 mihi,
2805 2739 2937 2812 quia
2983 2757 3096 2796 non
3121 2759 3248 2797 sum
3291 2743 3577 2811 solitarius,
3597 2741 3677 2797 sed

516 2828 639 2889 103.
667 2830 822 2886 Dixit
850 2828 1080 2902 quidam
1095 2844 1294 2884 senex:
1325 2827 1452 2884 Non
1473 2827 1665 2884 omnia
1691 2845 1816 2901 qua}
1849 2827 2044 2885 dicun-
2123 2825 2306 2879 adhuc
2332 2825 2559 2882 initium
2588 2830 2848 2884 monachi
2877 2845 3058 2904 nuper
3086 2833 3389 2905 assumpsi.

437 2925 536 2976 tur
581 2921 840 2994 placeant
869 2918 994 2987 tibi,
1024 2935 1207 2991 neque
1236 2919 1391 2974 omni
1417 2919 1664 2974 sermoni
1698 2919 2036 2974 consentias.
2197 2913 2317 2970 111.
2351 2915 2626 2972 Dixerunt
2655 2918 2885 2989 quidam
2906 2937 3066 2976 senes
3093 2939 3104 2974 :
3143 2922 3200 2977 Si
3220 2922 3429 2977 videris
3452 2923 3683 2993 juvenem

439 3009 678 3066 Tardius
707 3009 890 3078 crede,
921 3013 979 3064 et
999 3009 1148 3080 quod
1171 3025 1367 3064 verum
1397 3013 1501 3076 est,
1533 3008 1699 3064 citius
1727 3008 1845 3070 die.
2124 3002 2411 3060 voluntate
2437 3021 2542 3061 sua
2561 3008 2953 3064 ascendentem
2993 3011 3050 3065 in
3080 3011 3307 3079 caelum,
3350 3018 3475 3067 tene
3515 3009 3684 3084 pedem

517 3099 637 3158 104.
671 3099 830 3155 Dixit
854 3098 1086 3171 quidam
1111 3114 1309 3154 senex:
1341 3097 1399 3153 Si
1427 3097 1744 3154 ascenderit
1779 3098 1837 3152 in
1873 3098 2042 3154 corde
2062 3093 2279 3188 cuium
2299 3099 2354 3149 et
2383 3096 2591 3167 projice
2619 3113 2748 3153 eum
2776 3097 2835 3153 in
2867 3105 3098 3170 terram,
3133 3101 3270 3172 quia
3307 3117 3419 3158 non
3446 3101 3519 3156 ita
3543 3114 3685 3172 ωερε-

436 3187 629 3245 fratris
651 3188 898 3244 sedentis
926 3187 987 3243 in
1017 3188 1158 3243 cella
1188 3186 1442 3255 verbum,
1473 3192 1530 3242 et
1557 3189 1843 3243 revolvens
1865 3187 2041 3243 frater
2067 3181 2105 3188 “
2121 3181 2204 3237 dit
2231 3183 2303 3238 ei.

437 3278 670 3335 verbum
696 3278 756 3334 in
776 3277 985 3346 animo,
1018 3293 1132 3333 non
1160 3277 1411 3350 potuerit
1439 3278 1511 3332 ad
1541 3293 1866 3333 mensuram
1883 3277 2037 3332 verbi
2197 3269 2316 3330 112.
2348 3272 2546 3329 Frater
2573 3274 2714 3330 dixit
2740 3275 2962 3332 cuidam
2983 3277 3104 3334 seni
3122 3294 3331 3352 magno
3355 3300 3375 3336 :
3411 3278 3573 3348 Abba,
3598 3293 3679 3333 vo-

436 3369 778 3441 pertingere,
807 3383 993 3440 neque
1022 3371 1236 3422 tractus
1263 3366 1436 3422 fuerit
1459 3383 1493 3420 a
1517 3367 1654 3434 Deo,
1687 3366 1957 3422 assistunt
1985 3365 2039 3422 ei
2119 3359 2304 3417 lebam
2335 3361 2582 3419 invenire
2629 3382 2820 3421 senem
2863 3367 3108 3439 aliquem
3149 3369 3323 3440 juxta
3375 3370 3684 3424 voluntatem

435 3458 737 3528 daemones,
771 3462 829 3513 et
864 3456 1170 3521 ostendunt
1197 3456 1249 3512 ei
1294 3455 1364 3512 de
1401 3455 1569 3512 verbo
1606 3456 1702 3512 illo
1745 3456 1893 3528 quod
1931 3455 2039 3528 ipsi
2119 3466 2327 3520 meam,
2359 3457 2417 3508 et
2436 3455 2644 3510 morari
2665 3472 2792 3511 cum
2820 3456 2960 3528 ipso.
2993 3458 3063 3512 Et
3091 3457 3231 3513 dixit
3261 3459 3315 3514 ei
3335 3475 3527 3515 senex:
3549 3459 3678 3513 Bene

431 3545 645 3605 volunt,
2121 3542 2342 3612 quaeris,
2369 3543 2597 3600 domine
2628 3561 2807 3602 meus.
2839 3546 2941 3602 Ille
2970 3553 3160 3603 autem
3186 3548 3506 3604 affirmabat
3521 3549 3680 3620 hujus-

511 3635 632 3696 105.
657 3636 933 3694 Dicebant
951 3637 1181 3711 quidam
1212 3652 1440 3692 senum:
1467 3635 1702 3701 Quando
1732 3651 2036 3708 congrega-
2118 3631 2271 3686 modi
2299 3649 2420 3688 esse
2446 3634 2786 3691 desiderium
2830 3653 3015 3704 suum,
3047 3653 3160 3692 non
3187 3637 3507 3711 intelligens
3549 3637 3677 3710 quod

432 3726 637 3783 bamur
654 3727 814 3784 initio
829 3727 1175 3793 adinvicem,
1199 3724 1863 3798 etloquebamuraliquid
1885 3724 2035 3797 quod
2117 3718 2335 3777 locutus
2378 3728 2464 3779 est
2489 3739 2658 3780 senex
2685 3725 2797 3780 ille.
2842 3726 2951 3781 Sed
2981 3743 3108 3782 cum
3136 3728 3355 3785 videret
3385 3745 3508 3784 eum
3541 3743 3680 3782 senex

435 3816 574 3872 utile
605 3821 753 3871 esset
785 3813 1082 3871 animabus
1111 3815 1341 3883 nostris,
1369 3814 1750 3870 efficiebamus
1778 3830 2033 3869 seorsum
2115 3811 2487 3869 aestimantem
2518 3815 2666 3887 quod
2685 3813 2823 3870 bene
2849 3816 3103 3884 sentiret,
3117 3817 3261 3872 dixit
3289 3819 3375 3873 ei:
3404 3818 3541 3889 Ergo
3559 3817 3599 3872 si
3616 3817 3681 3871 in-

432 3911 774 3972 etseorsum,
790 3909 848 3961 et
866 3903 1306 3960 ascendebamus
1323 3903 1384 3958 in
1404 3904 1609 3960 coelum
1630 3923 1643 3973 ;
1664 3920 1815 3959 nunc
1835 3908 2030 3960 autem
2114 3900 2268 3956 venis
2287 3919 2478 3958 senem
2509 3905 2818 3960 secundum
2839 3905 3184 3961 voluntatem
3200 3912 3360 3962 tuam
3389 3908 3468 3963 vis
3483 3921 3678 3961 manere

431 4010 858 4066 congregemur,
884 3999 942 4049 et
965 3993 1024 4049 in
1045 3992 1545 4049 obtrectationibus
1590 4009 1932 4066 occupamur
1973 3999 2031 4050 et
2112 4005 2239 4044 cum
2263 3991 2366 4047 eo?
2395 3994 2464 4048 Et
2491 3993 2586 4048 ille
2604 3994 2779 4049 dixit:
2804 3993 2988 4049 Etiam
3009 3995 3240 4051 omnino
3260 3997 3367 4052 hoc
3391 3997 3526 4065 volo,
3556 3996 3597 4051 si
3614 3995 3680 4050 in-

429 4099 577 4141 unus
599 4084 842 4141 alterum
867 4083 1147 4139 trahimus
1176 4084 1236 4138 in
1271 4082 1632 4156 profundum.
2114 4095 2315 4137 venero
2342 4084 2649 4139 secundum
2663 4084 3008 4140 voluntatem
3025 4102 3229 4142 meam.
3249 4088 3403 4143 Dixit
3416 4103 3541 4158 ergo
3556 4087 3600 4140 ei
3613 4101 3681 4138 se-

499 4171 797 4232 106.Dixit
815 4173 958 4229 alter
976 4173 1207 4246 quidam
1227 4174 1461 4229 Patrum
1488 4192 1500 4228 :
1545 4173 1602 4229 Si
1632 4173 1860 4246 quidem
1881 4174 2028 4230 inte-
2111 4187 2218 4225 nex
2242 4189 2253 4224 :
2275 4171 2400 4228 Non
2433 4179 2498 4228 ut
2527 4179 2592 4229 tu
2621 4174 2872 4246 sequaris
2896 4175 3245 4231 voluntatem
3257 4177 3410 4233 senis
3424 4176 3579 4242 illius,
3599 4171 3680 4229 sed

427 4263 726 4321 riorhomo
746 4269 940 4320 noster
966 4263 1152 4319 sobrie
1183 4263 1320 4335 agit,
1353 4268 1539 4336 potest
1577 4263 1750 4318 etiam
1778 4265 2026 4320 exterio-
2110 4265 2174 4315 ut
2201 4260 2294 4315 ille
2321 4265 2477 4316 tuam
2507 4263 2852 4319 voluntatem
2872 4271 3160 4337 sequatur,
3183 4273 3242 4320 et
3256 4266 3337 4321 ita
3353 4267 3413 4321 in
3427 4283 3489 4321 eo
3507 4279 3679 4336 repan-

429 4370 554 4410 rem
598 4354 916 4423 custodire;
939 4353 988 4408 si
1017 4368 1148 4410 vero
1178 4369 1292 4409 non
1322 4357 1408 4410 est
1435 4353 1536 4423 ita,
1575 4369 1687 4426 qua
1731 4370 2028 4426 possumus
2111 4365 2221 4404 ses.
2254 4350 2444 4407 Sensit
2467 4357 2657 4408 autem
2692 4353 2869 4408 frater
2900 4354 2995 4409 ille
3035 4355 3184 4427 quod
3226 4355 3464 4423 dicebat,
3498 4359 3550 4410 et
3572 4367 3677 4408 sur-

427 4441 636 4500 virtute
669 4443 1051 4500 custodiamus
1071 4442 1344 4514 linguam.
2038 4453 2089 4514 D
2109 4455 2248 4510 gens
2279 4443 2582 4513 prostravit
2599 4461 2660 4498 se
2681 4443 2751 4499 ad
2783 4445 3193 4516 paenitentiam,
3222 4445 3446 4501 dicens:
3477 4445 3676 4515 Ignosce

495 4533 622 4592 107.
654 4534 798 4590 Item
819 4533 916 4606 qui
937 4549 1109 4605 supra
1137 4532 1306 4588 dixit:
1341 4533 1496 4605 Opus
1515 4532 1806 4606 spirituale
1835 4549 2024 4589 neces-
2105 4529 2264 4597 mihi,
2280 4529 2411 4603 quia
2422 4532 2582 4587 valde
2598 4533 2899 4604 gloriabar,
2922 4534 3204 4590 aestimans
3218 4552 3308 4591 me
3322 4535 3464 4591 bene
3490 4534 3669 4601 dicere,

427 4622 642 4679 sarium
656 4627 759 4692 est,
785 4623 917 4695 quia
936 4621 997 4677 in
1016 4621 1406 4678 hocvenimus.
1431 4623 1670 4693 Magnus
1695 4623 1846 4678 enim
1866 4623 2026 4679 labor
2104 4635 2233 4674 cum
2261 4620 2402 4675 nihil
2425 4627 2677 4678 tenerem
2691 4622 2845 4678 boni.

427 4717 517 4770 est
547 4730 644 4768 ore
675 4712 861 4768 dicere
891 4711 1041 4785 quod
1069 4727 1183 4768 non
1213 4712 1277 4766 ﬁt
1305 4727 1473 4784 opere
1494 4713 1792 4784 corporali.
2182 4708 2300 4767 113.
2333 4711 2455 4766 Duo
2482 4712 2684 4768 fratres
2705 4713 2958 4770 carnales
2987 4712 3456 4771 renuntiaverunt
3476 4708 3672 4778 saeculo,

499 4798 625 4858 108.
657 4803 816 4858 Alter
856 4801 1088 4875 quidam
1120 4802 1356 4858 Patrum
1402 4801 1573 4857 dixit:
1606 4801 1751 4867 Quia
1796 4802 2024 4860 omnino
2111 4816 2351 4872 quorum
2369 4817 2534 4869 unus,
2565 4800 2660 4874 qui
2677 4808 2842 4858 aetate
2861 4805 3047 4859 minor
3065 4809 3204 4873 erat,
3221 4805 3440 4877 primus
3463 4805 3678 4875 coeperat

423 4894 646 4960 oportet
670 4890 959 4946 hominem
978 4891 1188 4947 habere
1208 4890 1359 4948 intra
1379 4891 1577 4946 cellam
1591 4909 1750 4965 opus,
1777 4893 1927 4964 quod
1951 4893 2027 4948 Ia-
2110 4891 2454 4960 conversari;
2474 4896 2670 4947 etcum
2693 4893 3096 4966 venissetapud
3111 4911 3206 4950 eos
3227 4895 3456 4967 quidam
3471 4895 3674 4948 Patrum

421 4976 610 5047 boret;
635 4979 684 5034 si
706 4986 896 5036 autem
926 4981 985 5036 in
1002 4998 1171 5053 opere
1181 4980 1282 5037 Dei
1295 4987 1617 5053 occupatur,
1641 4982 1795 5037 venit
1809 4983 1879 5037 ad
1893 4998 2022 5039 eum
2110 4985 2168 5034 et
2201 4978 2563 5052 applicuisset
2585 4982 2735 5055 apud
2751 5000 2863 5052 eos,
2891 4991 3201 5056 posuerunt
3218 4985 3443 5057 pelvim.
3468 4984 3533 5039 Et
3547 4981 3676 5037 venit

421 5065 680 5123 diabolus
700 5068 790 5124 die
807 5069 956 5125 inter
976 5069 1146 5140 diem,
1165 5071 1264 5127 sed
1279 5087 1394 5126 non
1414 5070 1626 5126 invenit
1638 5071 1820 5128 locum
1842 5072 1900 5128 in
1913 5090 2022 5146 quo
2110 5070 2206 5142 qui
2236 5071 2423 5126 minor
2449 5077 2572 5127 erat
2609 5078 2774 5128 aetate
2814 5077 2881 5128 ut
2908 5074 3121 5129 lavaret
3157 5075 3327 5147 pedes
3364 5074 3500 5140 seni,
3531 5081 3675 5126 senex

420 5161 668 5211 maneat.
690 5157 749 5212 Si
768 5163 961 5214 autem
989 5176 1186 5216 rursus
1215 5160 1556 5216 dominando
1586 5160 1638 5216 ei
1664 5161 1923 5217 inimicus
1960 5163 2022 5218 in
2104 5165 2292 5216 autem
2317 5166 2515 5217 tenens
2535 5179 2769 5217 manum
2791 5163 2911 5234 ejus
2931 5163 3167 5219 removit
3187 5181 3336 5232 eum,
3373 5169 3430 5220 et
3454 5179 3574 5218 eum
3593 5157 3673 5232 qui

416 5244 801 5317 captivitatem
839 5248 1121 5320 redegerit
1161 5265 1311 5319 eum,
1346 5250 1499 5306 venit
1542 5249 1750 5306 iterum
1787 5251 2019 5324 spiritus
2102 5251 2287 5322 major
2311 5256 2475 5306 aetate
2509 5251 2710 5320 fuerat,
2743 5251 2873 5308 fecit
2909 5253 3144 5325 implere
3170 5271 3326 5327 Opus,
3359 5253 3506 5326 quod
3527 5246 3671 5323 primi

415 5333 519 5392 Dei
568 5334 921 5408 frequenter;
954 5337 1053 5393 sed
1099 5338 1147 5393 si
1176 5355 1278 5395 nos
1307 5339 1360 5395 ei
1405 5357 1518 5396 non
1566 5340 1802 5397 facimus
1829 5341 2015 5397 locum
2097 5338 2155 5394 in
2181 5339 2521 5397 monasterio
2551 5341 2732 5398 facere
2759 5349 3182 5398 consueverant.
3214 5344 3486 5399 Dixerunt
3505 5344 3673 5397 autem

415 5429 648 5499 propter
674 5425 952 5482 malitiam
974 5432 1245 5498 nostram,
1268 5428 1520 5486 discedit.
2105 5429 2156 5483 ei
2175 5435 2424 5486 astantes
2438 5431 2667 5488 fratres:
2693 5430 2870 5500 Abba,
2903 5432 2998 5488 ille
3025 5432 3211 5490 minor
3242 5434 3300 5488 in
3325 5429 3672 5488 conversatio-

483 5513 610 5574 109.
633 5515 1056 5574 Descenderunt
1075 5517 1376 5590 aliquando
1402 5520 1660 5576 monachi
1685 5520 1755 5577 de
1771 5518 2012 5594 [Egypto
2102 5534 2175 5575 ne
2207 5520 2420 5592 primus
2445 5526 2548 5578 est.
2583 5521 2890 5596 Respondit
2909 5522 2988 5579 eis
3018 5540 3185 5579 senex
3211 5540 3222 5578 :
3254 5523 3322 5578 Et
3338 5520 3474 5578 tollo
3493 5519 3674 5596 prima-

407 5603 472 5666 in
500 5603 715 5683 Scythi,
747 5613 813 5666 ut
853 5608 1109 5668 viderent
1144 5607 1391 5668 seniores
1422 5610 1530 5669 loci
1577 5610 1749 5670 illius.
1785 5609 1855 5669 Et
1883 5628 2012 5670 cum
2102 5614 2227 5669 tum
2258 5611 2513 5685 minoris,
2539 5618 2596 5671 et
2622 5613 2785 5672 trado
2811 5613 2862 5670 ei
2893 5613 2989 5689 qui
3013 5619 3178 5671 aetate
3200 5612 3480 5692 praecedit.
