3976 6186
262 235 370 294 933

1548 232 1787 289 VERBA
1825 231 2215 288 SENIORUM.

3442 241 3549 299 934

344 361 465 419 114.
499 360 651 416 Dixit
682 359 914 431 quidam
941 375 1109 414 senex
1143 377 1153 412 :
1201 359 1494 431 PrOphetze
1523 360 1870 431 conscripse-
1886 361 1937 421 Α
2025 357 2080 412 5.
2114 357 2264 412 Dixit
2291 355 2462 412 abbas
2489 357 2664 413 Allois
2688 376 2698 412 :
2727 358 2848 414 Nisi
2872 359 3074 416 dixerit
3100 361 3268 418 homo
3297 364 3356 421 in
3381 366 3548 422 corde

262 457 404 506 runt
422 450 597 505 libros
621 469 634 515 ;
665 454 854 521 patres
883 455 1074 505 autem
1103 449 1282 504 nostri
1302 455 1577 504 venerunt
1604 453 1732 520 post
1751 464 1864 514 eos,

263 547 326 596 et
342 540 563 612 operati
589 544 724 595 sunt
745 539 806 594 in
827 539 908 593 eis
928 539 1192 610 plurima,
1218 545 1274 594 et
1294 539 1502 594 iterum
1521 554 1870 594 successores

258 631 495 686 illorum
512 629 1046 685 commendaverunt
1063 645 1158 684 eos
1173 629 1478 684 memoriae.
1497 629 1666 684 Venit
1678 633 1869 683 autem

263 721 565 792 generatio
583 720 702 774 haec
723 736 846 790 quae
871 735 1021 774 nunc
1046 725 1149 785 est,
1179 724 1236 774 et
1251 719 1474 791 scripsit
1493 735 1562 774 ea
1579 719 1639 773 in
1659 718 1870 774 chartis

262 817 442 882 atque
470 809 835 876 membranis,
862 814 920 864 et
947 809 1201 880 reposuit
1219 809 1279 863 in
1307 808 1565 864 fenestris
1593 809 1791 863 otiosa.

345 917 469 975 115.
500 916 732 972 Dicebat
760 932 931 972 senex
963 933 974 969 :
1016 917 1160 981 Quia
1187 917 1482 982 cucullum,
1521 932 1630 988 quo
1657 915 1874 970 utimur

263 1006 498 1077 signum
522 1013 609 1062 est
626 1006 959 1061 innocentiae
980 1025 992 1074 ;
1012 1006 1472 1079 superhumerale
1483 1022 1594 1077 quo
1610 1006 1873 1060 humeros

263 1102 328 1151 et
355 1096 630 1151 cervicem
657 1095 975 1167 alligamus,
999 1096 1230 1165 signum
1250 1099 1335 1149 est
1353 1094 1564 1162 crucis;
1591 1110 1729 1148 zona
1743 1110 1873 1148 vero

265 1203 386 1258 qua
403 1185 700 1256 cingimur,
713 1185 937 1255 signum
970 1189 1056 1239 est
1084 1183 1448 1239 fortitudinis.
1469 1185 1876 1238 Conversemur

265 1292 407 1346 ergo
430 1277 596 1346 juxta
638 1274 695 1330 id
723 1275 872 1346 quod
916 1273 1143 1328 habitus
1191 1277 1382 1328 noster
1411 1272 1706 1343 signiﬁcat,
1743 1273 1876 1344 quia

266 1364 465 1420 omnia
482 1381 609 1420 cum
627 1363 906 1419 desiderio
920 1363 1207 1430 facientes,
1226 1379 1518 1434 nunquam
1529 1361 1870 1418 deﬁciemus.

656 1489 1000 1546 LIBELLUS
1041 1489 1144 1545 UN
1148 1489 1480 1545 DECIMUS.

559 1617 634 1672 De
661 1633 718 1672 eo
749 1618 894 1686 quod
919 1621 1160 1686 oporteat
1188 1618 1365 1670 sobrie
1393 1618 1590 1670 vivere.

339 1743 370 1798 1
385 1785 398 1797 .
417 1743 615 1798 Frater
633 1743 999 1814 interrogavit
1017 1741 1278 1799 abbatem
1298 1741 1618 1807 Arsenium,
1633 1744 1698 1795 ut
1716 1737 1873 1794 audi-
1891 1737 1939 1800 B

268 1837 360 1887 ret
389 1831 460 1886 ab
489 1849 552 1888 eo
575 1831 1077 1888 sermonein.Dixit
1099 1837 1288 1887 autem
1321 1831 1371 1886 ei
1397 1847 1565 1886 senex
1593 1848 1603 1883 :
1631 1829 1875 1894 Quanta-

271 1939 498 1994 cunque
518 1921 621 1976 tibi
641 1922 818 1977 virtus
841 1926 946 1989 est,
978 1938 1180 1977 conare
1195 1927 1260 1976 ut
1288 1921 1526 1975 interius
1545 1936 1682 1992 opus
1711 1924 1874 1973 tuum

270 2003 586 2066 secundum
613 2011 788 2067 Deum
834 2011 924 2077 sit,
961 2017 1016 2066 et
1059 2011 1246 2066 vincat
1291 2009 1580 2065 exterioris
1628 2007 1872 2063 hominis

272 2101 584 2173 passiones.
614 2100 766 2156 Dixit
802 2101 1009 2156 iterum
1037 2118 1049 2153 :
1080 2101 1138 2155 Si
1159 2100 1462 2172 quaerimus
1482 2099 1681 2163 Deum,
1705 2114 1874 2170 appa-

271 2190 420 2245 rebit
445 2189 637 2259 nobis;
672 2196 729 2245 et
753 2190 800 2245 si
830 2195 1086 2246 tenemus
1116 2207 1266 2258 eum,
1295 2187 1543 2244 manebit
1571 2187 1721 2260 apud
1750 2204 1870 2242 nos.

342 2298 397 2353 2.
412 2298 566 2353 Dixit
585 2296 756 2353 abbas
776 2299 1036 2370 Agathon
1056 2317 1068 2354 :
1093 2300 1220 2354 Non
1239 2297 1406 2352 debet
1424 2296 1734 2351 monachus
1753 2311 1877 2367 per-

273 2389 502 2443 mittere
513 2387 865 2444 conscientiae
877 2405 992 2444 suae
1007 2394 1072 2443 ut
1085 2392 1308 2444 accuset
1322 2404 1452 2442 eum
1466 2387 1526 2442 in
1543 2401 1876 2457 quacunque

275 2494 334 2533 re
358 2479 602 2546 (Ra/11,1.
634 2493 718 2546 In,
744 2495 902 2533 num.
929 2477 1074 2551 161).
1102 2477 1337 2543 Quando
1357 2482 1549 2532 autem
1569 2475 1876 2530 moriturus

276 2572 400 2621 erat
429 2573 773 2623 memoratus
798 2567 968 2622 abbas
989 2569 1229 2638 Agatho,
1252 2572 1370 2621 tres
1397 2566 1516 2621 dies
1540 2565 1750 2620 mansit
1775 2564 1877 2618 im-

276 2656 524 2723 mobilis,
553 2663 778 2728 apertos
809 2658 999 2712 oculos
1025 2663 1244 2712 tenens.
1277 2656 1649 2711 Pulsaverunt
1683 2658 1875 2709 autem

276 2763 409 2801 eum
438 2745 656 2813 fratres,
684 2747 934 2802 dicentes
958 2767 969 2801 :
995 2746 1173 2814 Abba,
1201 2746 1296 2801 ubi
1327 2762 1386 2801 es
1406 2746 1429 2799 ?
1446 2747 1516 2799 Et
1535 2745 1628 2800 ille
1649 2759 1876 2815 respon-

277 2835 391 2890 dit:
419 2836 485 2890 In
506 2842 803 2907 conspectu
825 2835 994 2891 divini
1006 2835 1204 2907 judicii
1225 2834 1443 2889 assisto.
1465 2834 1674 2889 Dicunt
1693 2833 1747 2887 ei
1773 2851 1784 2886 :
1809 2833 1880 2887 Et

277 2930 341 2978 tu
359 2925 576 2979 times?
598 2925 666 2979 Et
685 2925 778 2980 ille
797 2925 938 2979 dixit
962 2944 972 2980 :
1006 2925 1240 2980 Interim
1271 2924 1518 2979 laboravi
1537 2923 1746 2977 virtute
1769 2938 1881 2994 qua

281 3014 461 3086 potui,
485 3015 546 3068 in
565 3015 945 3070 custodiendis
961 3015 1241 3069 mandatis
1269 3014 1372 3068 Dei
1391 3033 1404 3082 ;
1428 3013 1527 3068 sed
1544 3013 1714 3067 homo
1730 3028 1876 3079 sum,

281 3109 340 3157 et
367 3103 557 3158 nescio
586 3109 778 3159 utrum
803 3104 1116 3176 placuerint
1145 3121 1316 3176 opera
1355 3120 1484 3158 mea
1527 3118 1718 3157 coram
1741 3102 1877 3156 Deo.

278 3193 492 3250 Dicunt
517 3193 569 3247 ei
594 3194 796 3248 fratres
822 3211 833 3247 :
859 3195 930 3249 Et
958 3210 1071 3248 non
1096 3193 1330 3248 confidis
1358 3193 1427 3247 de
1454 3191 1718 3264 operibus
1746 3191 1877 3258 tuis,

281 3283 417 3355 quia
439 3283 748 3338 secundum
763 3284 942 3338 Deum
962 3282 1108 3338 sint?
1131 3283 1202 3338 Et
1221 3283 1363 3337 dixit
1381 3299 1547 3337 senex
1569 3299 1580 3335 :
1601 3282 1727 3336 Non
1747 3297 1886 3352 prae-

282 3390 465 3440 sumo,
487 3373 597 3427 nisi
618 3390 822 3428 venero
834 3379 964 3428 ante
985 3373 1195 3436 Deum;
1221 3372 1384 3427 aliter
1406 3372 1556 3426 enim
1583 3373 1716 3424 sunt
1737 3369 1888 3441 judi-

283 3464 370 3518 cia
396 3462 522 3531 Dei,
554 3462 720 3517 aliter
747 3462 1057 3517 hominum.
1091 3463 1234 3517 Cum
1281 3468 1472 3517 autem
1518 3460 1726 3514 vellent
1759 3475 1889 3514 eum

285 3552 829 3623 adhucinterrogare
849 3552 1023 3607 alium
1040 3567 1376 3619 sermonem,
1392 3551 1528 3605 dicit
1547 3549 1656 3604 eis:
1685 3549 1888 3604 Osten-

285 3643 402 3697 dite
431 3641 786 3710 charitatem,
820 3647 878 3696 et
904 3642 1079 3697 nolite
1108 3657 1328 3696 mecum
1355 3640 1528 3712 loqui,
1563 3639 1695 3712 quia
1722 3655 1887 3694 occu-

285 3737 452 3804 patus
483 3749 628 3786 sum.
662 3731 781 3796 Quo
812 3731 982 3798 dicto,
1015 3731 1209 3787 statim
1238 3729 1425 3785 emisit
1465 3729 1728 3802 spiritum
1757 3744 1888 3782 cum

283 3823 514 3894 gaudio.
551 3821 830 3876 Videbant
858 3823 1011 3877 enim
1040 3839 1171 3877 eum
1200 3821 1558 3893 colligentem
1599 3819 1883 3892 spiritum,

287 3911 766 3983 quemadmodum
795 3911 841 3966 si
871 3913 995 3982 quis
1015 3912 1226 3967 salutat
1243 3911 1454 3966 amicos
1474 3926 1606 3964 suos
1634 3909 1885 3964 dilectos.

289 4000 504 4056 Habuit
517 4006 707 4055 autem
731 4003 1045 4057 custodiam
1074 4019 1338 4074 magnam
1362 4001 1422 4057 in
1437 3999 1716 4068 omnibus,
1732 4006 1790 4055 et
1807 4000 1889 4057 di-

287 4089 453 4146 cebat
469 4110 480 4145 :
499 4089 646 4154 Quia
667 4090 788 4146 sine
819 4092 1074 4148 custodia
1089 4092 1160 4147 ad
1179 4092 1394 4147 nullam
1417 4090 1682 4146 virtutem
1702 4107 1892 4146 ascen-

293 4181 378 4235 dit
409 4180 579 4235 homo
593 4226 606 4240 .

365 4286 419 4346 3.
443 4287 720 4344 Dicebant
737 4288 806 4344 de
823 4287 1024 4345 abbate
1046 4290 1336 4362 Ammoys,
1361 4289 1494 4361 quia
1523 4288 1747 4361 quando
1775 4286 1894 4343 ibat

1951 463 2071 513 suo,
2104 447 2218 518 Ego
2249 447 2401 502 solus
2430 451 2488 501 et
2515 448 2666 502 Deus
2722 465 2916 504 sumus
2960 450 3018 505 in
3059 451 3165 506 hoc
3191 454 3424 525 mundo,
3455 473 3548 512 re-

1952 535 2140 607 quiem
2176 552 2289 591 non
2319 535 2548 591 habebit
2565 537 2832 609 (Append.
2865 541 3080 609 Matth.,
3114 559 3172 596 η.
3195 539 3308 614 71).

2021 623 2076 682 6.
2107 626 2258 680 Dixit
2285 625 2494 680 iterum
2528 643 2539 679 :
2575 627 2720 691 Quia
2745 627 2794 682 si
2830 629 2952 684 vult
2990 630 3179 699 homo,
3213 632 3274 688 in
3314 651 3428 690 una
3456 635 3547 693 die

1951 731 2128 786 usque
2155 715 2227 770 ad
2258 732 2548 788 vesperam
2579 716 2833 788 pervenit
2879 719 2950 773 ad
2985 737 3312 778 mensuram
3340 724 3544 780 divini-

1951 805 2107 859 tatis.

2025 893 2076 948 7.
2107 893 2293 951 Abbas
2322 893 2590 950 Besarion
2633 894 2880 951 moriens
2928 896 3147 956 dicebat
3179 919 3192 954 :
3226 901 3404 958 Debet
3432 919 3548 958 mo-

1956 983 2167 1039 nachus
2196 988 2350 1039 totus
2378 985 2573 1040 oculus
2611 1001 2752 1053 esse,
2787 985 2930 1042 sicut
2959 987 3262 1047 Cherubim
3291 997 3347 1047 et
3376 993 3543 1049 Sera-

1955 1073 2128 1145 phim.

2024 1163 2079 1218 8.
2111 1165 2227 1220 Iter
2252 1165 2496 1237 agebant
2523 1165 2824 1238 aliquando
2859 1167 3027 1223 simul
3065 1168 3236 1225 abbas
3264 1171 3463 1226 Daniel
3493 1177 3552 1228 et

1957 1251 2128 1308 abbas
2141 1256 2437 1328 Ammoys;
2465 1256 2606 1311 dixit
2635 1263 2828 1312 autem
2851 1257 3023 1313 abbas
3045 1259 3348 1332 Ammoys;
3379 1261 3552 1316 Putas

1956 1343 2258 1414 aliquando
2289 1350 2344 1399 et
2364 1361 2465 1400 nos
2493 1345 2814 1401 sedebimus
2835 1347 2894 1401 in
2919 1347 3078 1415 cella,
3109 1349 3314 1404 Pater?
3332 1348 3485 1404 Dixit
3503 1349 3554 1405 ei

1956 1431 2127 1486 abbas
2156 1432 2381 1488 Daniel:
2402 1434 2538 1498 Quis
2562 1433 2713 1488 enim
2742 1435 2924 1490 aufert
2941 1453 2975 1490 a
2994 1436 3156 1492 nobis
3182 1438 3400 1493 Deum?
3416 1455 3551 1494 nam

1957 1525 2014 1575 et
2038 1521 2172 1577 foris
2190 1523 2341 1578 Deus
2363 1528 2449 1578 est
2475 1522 2663 1593 modo,
2695 1528 2752 1578 et
2781 1523 2988 1580 iterum
3017 1525 3078 1580 in
3101 1526 3242 1581 cella
3261 1527 3412 1583 Deus
3445 1533 3550 1584 est.

2025 1611 2077 1667 9.
2109 1611 2261 1666 Dixit
2288 1611 2460 1668 abbas
2498 1612 2766 1684 Evagrius
2813 1631 2824 1668 :
2867 1615 3133 1685 Magnum
3175 1621 3261 1670 est
3280 1617 3551 1689 iquidem,

1954 1701 2078 1755 sine
2104 1701 2505 1773 impedimento
2534 1719 2696 1758 orare
2724 1721 2742 1770 ;
2792 1704 2976 1774 majus
3007 1709 3110 1773 est,
3144 1705 3382 1777 psallere
3429 1705 3554 1762 sine

1954 1791 2378 1864 impedimento.

2029 1878 2113 1937 10.
2137 1881 2292 1937 Idem
2321 1881 2461 1937 dixit
2493 1901 2504 1936 :
2545 1883 2757 1938 Memor
2786 1887 2906 1940 esto
2931 1900 3154 1956 semper
3180 1883 3360 1940 exitus
3387 1884 3556 1955 tui,et

1954 1987 2068 2025 non
2099 1970 2444 2027 obliviscaris
2469 1973 2664 2028 aeterni
2686 1972 2908 2044 judicii,
2930 1980 2988 2030 et
3007 1991 3121 2030 non
3149 1973 3257 2030 erit
3285 1973 3552 2034 delictum

1953 2061 2012 2115 in
2043 2061 2234 2116 anima
2259 2066 2378 2117 tua.

2029 2149 2114 2207 11.
2145 2150 2297 2214 Dixit
2323 2150 2494 2206 abbas
2521 2152 2846 2208 Theodorus
2875 2152 2945 2208 de
2976 2152 3194 2209 Ennato
3222 2152 3327 2227 (37)
3358 2172 3371 2210 :
3407 2154 3555 2220 Quia

1957 2239 2006 2294 si
2047 2238 2207 2295 nobis
2249 2241 2494 2312 imputat
2530 2242 2680 2296 Deus
2717 2241 3089 2313 negligentias
3126 2242 3400 2316 temporis
3439 2261 3552 2316 quo

1958 2345 2203 2397 oramus,
2219 2334 2276 2384 et
2292 2330 2641 2402 captivitates
2661 2346 2801 2402 quas
2821 2331 3071 2403 patimur
3089 2332 3224 2388 dum
3239 2332 3552 2405 psallimus,

1957 2434 2070 2474 non
2099 2436 2396 2492 possumus
2424 2420 2562 2474 salvi
2590 2420 2732 2475 fieri.

2027 2506 2118 2565 12.
2149 2509 2299 2564 Dixit
2325 2508 2497 2564 abbas
2524 2509 2783 2564 Theonas
2817 2527 2830 2565 :
2866 2510 3012 2574 Quia
3055 2509 3364 2583 impeditur
3393 2527 3554 2568 mens

1956 2604 2151 2654 nostra
2178 2604 2236 2653 et
2254 2604 2548 2654 revocatur
2574 2616 2610 2654 a
2636 2599 3109 2671 contemplatione
3124 2601 3226 2655 Dei
3255 2605 3556 2674 propterea

1958 2688 2161 2760 captivi
2180 2689 2439 2743 ducimur
2459 2688 2517 2742 in
2546 2688 2865 2744 carnalibus
2892 2689 3268 2761 passionibus.

2032 2777 2117 2833 13.
2149 2778 2441 2834 Venerunt
2468 2778 2771 2850 aliquando
2800 2779 3030 2851 quidam
3056 2780 3298 2836 fratrum
3335 2786 3556 2837 tentare

1959 2869 2234 2924 Joannem
2289 2869 2541 2934 Brevem,
2591 2869 2724 2939 quia
2775 2884 2888 2922 non
2942 2868 3264 2926 dimittebat
3310 2876 3560 2928 mentem

1961 2973 2122 3012 suam
2150 2957 2385 3012 diffundi
2398 2957 2458 3011 in
2476 2955 2908 3027 cogitationibus
2929 2958 3138 3026 seculi,
3153 2974 3336 3031 neque
3363 2961 3558 3031 loque«

1896 3025 1938 3084 C
1960 3047 2128 3102 batur
2154 3062 2383 3102 causam
2429 3025 2600 3117 hujus
2637 3045 2853 3114 mundi,
2887 3051 2944 3102 et
2971 3025 3166 3102 dicunt
3193 3025 3290 3103 εἰ..
3334 3025 3558 3104 Gratias

1964 3136 2184 3207 agimus
2201 3137 2338 3202 Deo,
2364 3135 2499 3207 quia
2519 3136 2762 3191 multum
2779 3135 2925 3208 pluit
2950 3136 3058 3192 isto
3087 3152 3256 3205 anno,
3288 3143 3345 3192 et
3365 3137 3560 3209 rigata;

1966 3230 2350 3297 competenter
2368 3224 2596 3280 arbores
2612 3225 2932 3298 palmarum
2960 3225 3102 3280 bene
3130 3226 3410 3298 incipiunt
3436 3242 3565 3300 pro-

1968 3315 2170 3370 ducere
2197 3331 2404 3382 ramos,
2439 3321 2497 3370 et
2537 3314 2826 3371 invenient
2852 3315 3003 3370 unde
3049 3314 3307 3371 laborent
3335 3315 3560 3386 fratres,

1971 3405 2081 3482 qui.
2099 3405 2283 3460 solent
2309 3405 2369 3460 in
2395 3421 2669 3460 manuum
2719 3421 2953 3460 suarum
2984 3403 3248 3477 operibus
3277 3405 3559 3478 occupari.

1970 3494 2118 3550 Dicit
2145 3510 2276 3565 ergo
2298 3494 2378 3549 eis
2405 3492 2577 3549 abbas
2603 3495 2877 3549 Joannes:
2914 3493 3005 3549 Sic
3031 3497 3116 3549 est
3136 3493 3361 3566 quando
3392 3493 3566 3567 Spiri-

1971 3589 2063 3639 tus
2091 3591 2316 3639 sanctus
2344 3583 2702 3639 descenditin
2720 3581 2889 3638 corda
2903 3587 3224 3639 sanctorum
3249 3602 3261 3638 :
3283 3583 3566 3640 virescunt

1969 3673 2381 3745 quodammodo
2410 3679 2469 3729 et
2496 3673 2852 3742 innovantur,
2901 3677 2957 3727 et
2997 3671 3290 3745 proferunt
3335 3671 3470 3729 folia
3507 3672 3567 3729 in

1969 3762 2171 3817 timore
2198 3762 2321 3817 Dei.
3390 3755 3396 3761 ’

2053 3851 2140 3906 14.
2161 3851 2393 3907 Dicebat
2421 3852 2628 3908 iterum
2660 3851 2731 3907 de
2761 3849 2963 3907 abbate
2989 3851 3224 3921 Joanne,
3258 3850 3392 3925 quia
3417 3849 3568 3908 fece-

1969 3941 2046 3995 rit
2073 3941 2371 4012 aliquando
2396 3941 2607 4013 plectas
2636 3941 2708 3996 ad
2737 3941 2878 3996 duas
2903 3947 3141 4013 sportas,
3157 3947 3216 3997 et
3243 3940 3571 4015 expenderit

1972 4046 2066 4085 eas
2093 4031 2153 4084 in
2180 4046 2294 4085 una
2321 4034 2531 4102 sporta,
2565 4035 2622 4084 et
2651 4045 2764 4084 non
2800 4030 3077 4085 intellexit
3102 4031 3279 4085 donec
3300 4033 3570 4102 jungeret

1973 4120 2197 4193 parieti.
2230 4119 2366 4174 Erat
2387 4119 2541 4174 enim
2573 4135 2734 4174 mens
2767 4120 2890 4190 ejus
2929 4124 3198 4191 occupata
3223 4118 3283 4175 in
3313 4124 3568 4176 contem-

1974 4209 2221 4282 platione
2246 4208 2370 4264 Dei.

2049 4301 2134 4355 15.
2168 4301 2348 4355 Senex
2377 4298 2607 4371 quidam
2635 4302 2758 4354 erat
2776 4297 2835 4353 in
2864 4297 3076 4371 Scythi,
3099 4297 3314 4354 habens
3345 4297 3572 4371 quidem

295 4378 367 4433 ad
382 4378 816 4446 ecclesiam,non
828 4379 1193 4451 permittebat
1206 4380 1543 4453 discipulum
1557 4395 1722 4435 suum
1733 4380 1881 4449 juxta

1980 4389 2339 4445 tolerantiam
2365 4388 2732 4460 corporalem,
2764 4387 2864 4442 sed
2891 4404 3006 4444 non
3033 4388 3192 4443 valde
3213 4387 3572 4461 scrupulosus

296 4485 356 4523 se
383 4468 696 4535 ambulare,
728 4469 827 4524 sed
849 4469 920 4524 de
946 4469 1111 4540 longe
1139 4470 1327 4542 sequi;
1361 4471 1460 4525 sed
1489 4475 1548 4524 et
1569 4469 1616 4525 si
1629 4468 1892 4540 approxi-

295 4563 512 4612 masset
539 4574 599 4613 se
627 4558 699 4613 ad
725 4575 872 4626 eum,
904 4563 971 4614 ut
992 4559 1367 4630 interrogaret
1395 4577 1524 4615 eum
1550 4559 1619 4614 de
1639 4575 1894 4631 quacun-

298 4664 408 4719 que
446 4664 528 4715 re,
578 4664 708 4702 mox
741 4648 963 4704 dicebat
989 4649 1061 4719 ei,
1103 4655 1161 4704 et
1200 4637 1392 4704 statim
1429 4648 1735 4720 repellebat
1763 4665 1894 4703 eum

295 4743 472 4803 retro,
499 4736 690 4792 dicens
722 4756 733 4792 :
766 4739 850 4794 Ne
890 4739 1035 4794 forte
1072 4755 1201 4793 cum
1240 4739 1526 4809 loquimur
1575 4738 1787 4810 aliquid
1825 4738 1896 4792 de

295 4826 544 4882 utilitate
571 4827 787 4896 animae,
810 4829 1062 4884 incurrat
1087 4828 1258 4883 etiam
1279 4845 1463 4883 sermo
1482 4828 1577 4900 qui
1592 4844 1704 4883 non
1725 4827 1894 4900 perti-

296 4921 398 4970 net
427 4916 501 4971 ad
529 4932 670 4985 rem,
693 4924 990 4990 propterea
1008 4933 1122 4972 non
1141 4922 1198 4972 te
1221 4917 1487 4990 permitto
1511 4917 1718 4974 morari
1734 4919 1897 4988 juxta

295 5023 409 5061 me.

368 5115 422 5170 4.
440 5114 672 5171 Dicebat
683 5115 855 5172 abbas
866 5118 1140 5190 Ammoys
1159 5115 1347 5172 abbati
1365 5115 1602 5172 Arsenio
1623 5115 1682 5170 in
1707 5114 1891 5196 initio:

296 5205 592 5269 Quomodo
622 5222 712 5261 me
739 5207 892 5262 vides
913 5208 1078 5263 modo
1093 5208 1120 5262 ?
1136 5209 1204 5262 Et
1226 5208 1319 5262 ille
1339 5207 1509 5261 dixit:
1537 5207 1694 5262 Sicut
1720 5221 1894 5276 ange-

294 5295 437 5362 lum,
475 5294 661 5352 Pater.
696 5297 768 5352 Et
788 5298 1209 5364 Miterum
1234 5297 1375 5351 dixit
1402 5297 1452 5350 ei
1474 5301 1669 5368 postea
1692 5315 1703 5349 :
1734 5296 1897 5350 Nunc

298 5384 584 5456 quomodo
602 5402 692 5440 me
715 5386 901 5442 vides?
921 5387 992 5443 Et
1009 5388 1103 5442 ille
1115 5387 1282 5442 dixit:
1300 5386 1590 5452 Quomodo
1604 5386 1890 5452 Satanam,

299 5473 514 5530 etenim
539 5475 628 5530 vel
653 5477 702 5531 si
729 5475 938 5536 bonum
966 5491 1285 5534 sermonem
1313 5475 1581 5548 loquaris,
1613 5474 1765 5533 velut
1780 5475 1899 5547 gla-

297 5565 430 5623 dius
458 5565 603 5624 mihi
630 5572 734 5626 est.

1975 4484 2098 4535 erat
2130 4480 2189 4534 in
2217 4478 2527 4534 retinendis
2555 4494 2678 4550 quae
2708 4477 2986 4533 audierat.
3015 4477 3171 4534 Abiit
3199 4495 3333 4551 ergo
3364 4478 3469 4533 iste
3499 4477 3573 4533 ad

1975 4569 2237 4626 abbatem
2259 4570 2534 4625 Joannem
2564 4568 2817 4636 Brevem,
2848 4572 2914 4622 ut
2941 4567 3315 4640 interrogaret
3343 4583 3472 4623 eum
3501 4566 3572 4623 de

1978 4660 2290 4728 oblivione;
2339 4663 2397 4714 et
2425 4657 2658 4713 audiens
2698 4656 2768 4711 ab
2819 4673 2886 4712 eo
2939 4674 3276 4725 sermonem,
3308 4657 3478 4712 rediit
3511 4656 3573 4714 in

1978 4750 2178 4805 cellam
2207 4766 2388 4817 suam,
2417 4754 2474 4804 et
2501 4747 2708 4803 oblitus
2738 4751 2823 4802 est
2859 4746 3008 4819 quod
3036 4746 3178 4802 dixit
3205 4745 3376 4802 abbas
3400 4747 3573 4803 Joan-

1975 4857 2096 4896 nes.
2111 4841 2325 4896 Iterum
2341 4837 2480 4893 abiit
2500 4843 2558 4892 et
2574 4835 2943 4908 interrogavit
2960 4851 3110 4904 eum;
3126 4835 3359 4892 audiens
3383 4841 3574 4894 autem

1980 4930 2049 4986 ab
2079 4947 2163 4996 eo,
2197 4929 2458 4984 similiter
2477 4943 2733 4983 reversus
2762 4931 2882 4982 est:
2913 4942 3043 4980 mox
3063 4930 3254 4981 autem
3281 4932 3347 4983 ut
3374 4943 3574 4999 perve-

1979 5021 2066 5076 nit
2090 5020 2161 5075 ad
2187 5018 2386 5074 cellam
2415 5034 2593 5084 suam,
2628 5015 2833 5070 oblitus
2845 5019 2932 5070 est
2960 5015 3108 5087 quod
3139 5015 3368 5085 audivit,
3402 5021 3574 5089 atque

1980 5111 2062 5166 ita
2089 5109 2374 5165 multoties
2404 5107 2612 5162 vadens
2644 5111 2812 5178 atque
2841 5110 3144 5172 revertens,
3178 5104 3578 5164 dominabatur

1978 5202 2030 5257 ei
2060 5200 2281 5255 oblivio.
2316 5199 2452 5253 Post
2498 5197 2619 5251 haec
2665 5211 2795 5250 vero
2848 5211 3043 5250 rursus
3074 5210 3373 5251 occurrens
3428 5195 3572 5263 seni,

1978 5291 2120 5346 dixit
2155 5308 2166 5345 :
2200 5288 2380 5355 Nosti,
2415 5286 2574 5354 abba,
2610 5285 2743 5358 quia
2785 5284 2991 5340 oblitus
3028 5301 3153 5340 sum
3199 5300 3394 5342 rursus
3424 5281 3574 5356 quod

1979 5380 2166 5436 dixisti
2196 5376 2372 5434 mihi?
2395 5376 2493 5432 sed
2527 5392 2600 5431 ne
2617 5373 2722 5430 tibi
2756 5375 3024 5430 molestus
3069 5391 3271 5441 essem,
3302 5373 3428 5428 ideo
3459 5387 3575 5428 non

1977 5471 2123 5527 veni.
2151 5469 2305 5524 Dixit
2331 5467 2384 5522 ei
2412 5464 2584 5521 abbas
2619 5465 2827 5520 Jonnes
2857 5483 2870 5520 :
2913 5463 3088 5532 Vade,
3125 5461 3361 5519 incende
3389 5461 3576 5516 lucer-

1979 5575 2133 5620 nam.
2164 5557 2234 5615 Et
2259 5555 2526 5614 incendit.
2555 5553 2628 5612 Et
2653 5553 2794 5611 dixit
2822 5552 2874 5611 ei
2908 5571 2920 5612 :
2951 5553 3105 5612 After
3128 5551 3268 5609 alias
3297 5550 3580 5623 lucernas,
