3964 6206
383 286 487 347 935

1521 285 1615 340 DE
1654 281 1843 340 VITIS
1881 281 2178 341 PATRUM
2215 285 2428 341 LIBER
2466 284 2533 338 Υ.

3564 283 3670 341 936

379 421 440 473 et
466 415 704 474 incende
731 430 798 472 ex
822 431 906 470 ea.
939 412 1011 469 Et
1040 413 1170 468 fecit
1207 412 1306 468 sic.
1331 413 1400 469 Et
1427 412 1568 468 dixit
1612 412 1783 467 abbas
1814 413 2318 474 Joan-Areversus
2345 418 2430 468 est
2458 413 2530 468 ad
2559 428 2780 479 senem;
2805 427 2973 469 senex
2997 415 3184 467 autem
3207 410 3351 467 dixit
3377 411 3460 466 ei:
3494 412 3667 466 Acce-

380 521 482 562 nes
527 507 647 562 seni
679 523 691 560 :
720 507 804 561 Ne
847 504 1060 576 aliquid
1086 504 1218 558 laesa
1247 508 1333 558 est
1363 503 1611 571 lucerna,
1644 503 1778 574 quia
1807 519 1875 557 ex
1913 519 1980 557 ea

379 595 521 651 alias
557 594 900 650 incendisti?
942 595 1013 648 Et
1043 593 1184 648 dixit
1218 612 1228 647 :
1261 594 1404 649 Non.
1459 595 1545 649 Ita
1588 609 1691 648 nec
1734 594 1978 647 Joannes

377 683 618 752 laeditur,
651 684 699 738 si
723 689 844 740 tota
886 683 1114 756 Scythia
1140 683 1329 738 veniat
1365 674 1436 737 ad
1465 701 1574 751 me,
1608 700 1710 738 nec
1743 682 1980 754 impedit

377 789 470 828 me
498 791 534 828 a
579 773 856 829 charitate
883 773 1022 841 Dei;
1061 774 1284 845 quando
1323 773 1497 843 igitur
1535 772 1636 840 vis,
1672 772 1794 826 veni
1836 771 1980 825 nihil

375 863 660 917 hazsitans.
678 864 749 918 Et
766 863 848 917 ita
867 880 968 935 per
985 863 1315 935 patientiam
1335 867 1725 933 utrorumque,
1747 860 1982 915 abstulit

378 952 529 1006 Deus
565 951 900 1008 oblivionem
949 969 982 1006 a
1022 969 1185 1020 sene;
1236 953 1342 1006 hoc
1387 952 1538 1006 enim
1567 957 1844 1022 eratopus
1887 951 1984 1004 ha-

378 1040 682 1098 bitantium
713 1042 772 1096 in
794 1042 1076 1115 Scythi,ut
1097 1042 1418 1096 animarent
1441 1058 1536 1096 eos
1556 1041 1655 1112 qui
1682 1040 1986 1112 impugna-

377 1130 586 1186 bantur
609 1148 644 1185 a
675 1148 1005 1204 quacunque
1034 1132 1316 1204 passione,
1352 1137 1410 1185 et
1441 1129 1849 1202 extorquebant
1877 1129 1986 1184 sibi

377 1220 649 1289 laborem,
681 1221 833 1276 unde
863 1222 1101 1276 invicem
1124 1222 1478 1276 lucrarentur
1502 1220 1666 1274 bono.

457 1309 544 1366 16.
572 1311 944 1382 Interrogavit
967 1311 1140 1365 frater
1159 1309 1420 1365 abbatem
1436 1311 1730 1375 Joannem,
1751 1309 1938 1364 dicens
1971 1325 1984 1364 :

382 1395 530 1463 Quid
557 1399 719 1466 facio,
753 1400 882 1471 quia
909 1400 1234 1472 frequenter
1261 1400 1416 1454 venit
1438 1399 1667 1470 quidam
1697 1399 1890 1464 frater,
1921 1402 1987 1452 ut

379 1487 544 1542 tollat
573 1505 662 1542 me
689 1505 877 1544 secum
907 1489 976 1544 ad
1007 1506 1146 1561 opus
1169 1489 1317 1560 quod
1345 1487 1581 1554 laborat,
1601 1492 1659 1542 et
1682 1503 1786 1558 ego
1813 1486 1985 1540 miser

381 1593 508 1632 sum
528 1577 804 1646 inﬁrmus,
825 1583 882 1633 et
899 1579 1098 1634 deﬁcio
1114 1578 1174 1632 in
1189 1578 1290 1633 tali
1311 1594 1404 1646 re;
1431 1577 1568 1649 quid
1589 1593 1722 1648 ergo
1741 1577 1810 1630 de
1832 1592 1988 1630 man-

381 1667 513 1722 dato
543 1667 643 1722 Dei
672 1668 874 1723 faciam
887 1667 1282 1740 ?Respondens
1302 1684 1470 1722 senex
1491 1667 1633 1721 dixit
1653 1667 1705 1720 ei
1732 1686 1744 1720 :
1775 1667 1986 1738 Caleph

2061 505 2253 559 lerasti
2283 503 2490 570 venire,
2523 502 2716 558 frater.
2750 503 2820 557 Et
2859 502 2954 556 ille
2995 501 3247 555 narravit
3282 501 3333 555 ei
3375 502 3512 573 quia
3539 518 3671 556 cum

2061 594 2424 662 tetendissem
2448 609 2680 648 manum
2700 597 2894 646 tenere
2921 591 3156 657 clavem,
3190 591 3520 646 recordatus
3541 607 3668 646 sum

2061 683 2335 738 sermonis
2381 699 2544 754 quem
2595 681 2932 752 quaerebam,
2977 687 3036 735 et
3063 697 3178 735 non
3219 681 3418 752 aperui
3446 681 3668 746 cellam,

2061 774 2158 828 sed
2180 790 2306 828 mox
2336 773 2408 826 ad
2436 779 2494 828 te
2524 789 2649 827 sum
2681 788 2956 827 reversus.
2984 771 3120 825 Erat
3147 776 3339 824 autem
3367 769 3668 840 longitudo

2064 863 2162 918 via:
2204 863 2384 918 multa
2428 862 2616 917 nimis.
2666 860 2899 916 Dicebat
2939 866 3130 915 autem
3180 859 3231 914 ei
3277 875 3492 914 senex:
3527 859 3673 913 Vere

2061 967 2298 1022 gregum
2327 951 2555 1018 Pastor;
2580 949 2966 1004 nominabitur
2994 948 3146 1004 enim
3175 964 3384 1003 nomen
3415 952 3585 1002 tuum
3612 947 3670 1001 in

2063 1046 2183 1096 tota
2208 1047 2359 1096 terra
2385 1039 2631 1112 Egypti.

2134 1130 2222 1187 20.
2267 1130 2434 1184 Venit
2462 1128 2639 1184 abbas
2667 1129 2910 1183 Ammon
2939 1127 3011 1182 ad
3061 1126 3320 1182 abbatem
3350 1127 3668 1191 Pastorem,

2064 1225 2120 1275 et
2150 1220 2286 1274 dicit
2317 1220 2369 1274 ei
2413 1238 2424 1272 :
2462 1219 2520 1274 Si
2551 1218 2692 1273 vado
2731 1219 2804 1273 ad
2833 1218 3031 1272 cellam
3064 1217 3249 1282 vicini,
3274 1223 3374 1272 aut
3404 1217 3455 1272 si
3479 1217 3574 1271 ille
3604 1216 3675 1271 ad

2071 1326 2161 1364 me
2185 1309 2398 1364 venerit
2424 1325 2524 1380 pro
2555 1309 2747 1380 aliqua
2786 1324 2864 1374 re,
2896 1323 3161 1362 veremur
3196 1307 3456 1373 invicem,
3493 1323 3567 1360 ne
3596 1305 3681 1360 in-

2070 1405 2261 1454 currat
2287 1399 2477 1470 aliqua
2501 1399 2887 1469 incompetens
2937 1396 3146 1464 fabula,
3184 1403 3241 1450 et
3270 1396 3460 1450 aliena
3490 1412 3524 1449 a
3554 1411 3681 1466 pro-

2069 1471 2250 1561 posito
2279 1488 2558 1543 monachi.
2599 1489 2667 1542 Et
2697 1487 2838 1542 dixit
2865 1487 2916 1541 ei
2946 1503 3151 1541 senex:
3188 1487 3340 1540 Bene
3380 1485 3552 1552 facis;
3586 1501 3677 1539 ne-

2069 1577 2367 1632 cessariam
2398 1577 2548 1632 enim
2579 1576 2751 1631 habet
2773 1577 3042 1647 juventus
3070 1575 3409 1633 custodiam.
3444 1574 3598 1628 Dicit
3624 1573 3677 1628 ei

2069 1665 2240 1721 abbas
2259 1669 2501 1722 Ammon
2537 1685 2548 1721 :
2583 1666 2756 1721 Senes
2784 1681 2918 1736 ergo
2941 1664 3076 1736 quid
3098 1663 3378 1718 faciebant
3395 1661 3422 1717 ?
3445 1663 3518 1716 Et
3540 1663 3681 1717 dixit

382 1756 533 1812 ﬁlius
577 1758 829 1828 Jephone
881 1757 1027 1812 dixit
1061 1759 1196 1812 Jcsu
1245 1758 1359 1811 ﬁlio
1413 1758 1565 1811 Nave
1633 1758 1806 1825 (Josue
1855 1760 1930 1826 IV)
1971 1753 2148 1814 :Bei:
2175 1757 2300 1812 Jam
2327 1773 2489 1812 senes
2510 1756 2882 1828 proﬁcientes,
2911 1760 3084 1825 atque
3114 1753 3342 1820 ﬁrmati,
3372 1768 3490 1806 non
3513 1751 3681 1807 habe-

384 1845 770 1916 Quadraginta
779 1863 1055 1902 annorum
1069 1863 1220 1902 eram
1246 1846 1468 1918 quando
1484 1845 1640 1901 misit
1659 1862 1750 1900 me
1765 1846 1985 1916 Moyses

381 1951 574 1990 servus
609 1936 836 1990 Domini
874 1942 1062 1991 tecum
1106 1935 1179 1990 ad
1217 1940 1430 1990 terram
1484 1935 1690 2002 istam;
1729 1940 1786 1989 et
1836 1951 1986 1989 nunc

385 2024 671 2095 octoginta
704 2041 983 2080 annorum
1023 2042 1178 2095 sum;
1241 2029 1298 2079 et
1335 2024 1812 2095 quemadmodum
1850 2031 1987 2078 tunc

385 2129 542 2168 eram
569 2113 748 2182 fortis,
796 2114 876 2169 ita
905 2120 962 2170 et
1001 2131 1150 2170 nunc
1178 2116 1334 2170 valeo
1373 2116 1586 2170 intrare
1624 2119 1681 2168 et
1723 2114 1874 2168 exire
1914 2113 1987 2168 ad

385 2201 616 2257 bellum.
646 2204 842 2275 Itaque
868 2210 924 2259 et
952 2209 1034 2270 tu,
1085 2205 1133 2258 si
1167 2210 1346 2276 potes,
1375 2209 1440 2258 ut
1479 2204 1625 2258 sicut
1651 2203 1982 2274 ingrederis,

383 2291 467 2346 ita
504 2292 829 2362 egrediaris,
879 2293 1054 2362 vade;
1105 2294 1154 2348 si
1199 2299 1390 2348 autem
1426 2310 1539 2348 non
1586 2298 1743 2364 potes
1795 2292 1852 2347 id
1907 2292 1989 2346 fa-

387 2397 532 2448 cere,
573 2382 705 2436 sede
758 2383 816 2436 in
864 2384 1004 2437 cella
1056 2389 1156 2438 tua
1202 2384 1428 2455 plorans
1475 2388 1704 2454 peccata
1749 2387 1869 2437 tua.
1916 2382 1988 2436 Et

385 2471 433 2525 si
462 2471 777 2526 invenerint
804 2477 860 2526 te
887 2473 1194 2543 lugentem,
1228 2490 1341 2527 non
1365 2479 1420 2526 te
1448 2472 1784 2544 compellent
1812 2471 1984 2526 exire.

464 2559 547 2618 17.
578 2561 732 2614 Dixit
777 2559 949 2616 abbas
987 2561 1254 2628 Isidorus,
1289 2561 1385 2633 qui
1437 2566 1560 2615 erat
1598 2559 1896 2632 presbyter
1925 2559 1985 2614 in

387 2648 582 2720 Scythi
618 2667 629 2702 :
679 2649 794 2720 Ego
826 2650 1049 2720 quando
1078 2667 1235 2705 eram
1270 2649 1492 2720 juvenis
1524 2655 1581 2704 et
1617 2649 1882 2705 sedebam
1928 2649 1986 2704 in

390 2737 530 2791 cella
554 2754 700 2803 mea,
716 2754 829 2792 non
859 2737 1134 2793 habebam
1155 2755 1456 2794 numerum
1476 2739 1824 2810 psalmorum
1847 2755 1986 2811 quos

391 2824 645 2880 dicebam
664 2826 723 2880 in
744 2827 1055 2882 ministerio
1065 2829 1166 2884 Dei
1193 2847 1206 2883 :
1233 2845 1340 2883 nox
1370 2829 1520 2884 enim
1540 2828 1682 2884 mihi
1711 2834 1770 2883 et
1790 2829 1910 2884 dies
1930 2829 1989 2884 in

392 2915 498 2970 hoc
535 2915 971 2987 cxpendebatur.

2068 1846 2206 1900 bant
2232 1846 2292 1900 in
2322 1863 2381 1900 se
2420 1845 2573 1900 aliud
2597 1845 2731 1916 quid
2751 1848 2850 1898 aut
2875 1843 3236 1916 peregrinum
3263 1842 3320 1896 in
3345 1858 3443 1896 ore
3470 1857 3596 1908 suo,
3622 1845 3685 1896 ut

2067 1935 2125 1990 id
2154 1935 2536 2006 loquerentur.
2580 1935 2649 1988 Et
2677 1934 2770 1988 ille
2800 1933 2939 1988 dixit
2967 1951 2978 1986 :
3015 1932 3075 1987 Si
3113 1949 3246 2002 ergo
3276 1933 3341 1986 ﬁt
3369 1931 3682 1986 necessitas

2067 2042 2196 2080 cum
2233 2024 2415 2079 vicino
2459 2023 2743 2094 loquendi,
2790 2023 3013 2077 videtur
3039 2021 3144 2076 tibi
3175 2027 3241 2076 ut
3268 2021 3340 2076 de
3370 2020 3682 2091 Scripturis

2069 2131 2196 2170 cum
2213 2131 2278 2168 eo
2298 2114 2515 2185 loquar,
2534 2118 2635 2168 aut
2655 2113 2724 2166 de
2749 2111 2930 2167 verbis
2950 2117 3008 2166 et
3029 2111 3326 2166 sententiis
3351 2109 3683 2165 seniorum?

2070 2205 2140 2258 Et
2175 2203 2312 2258 dicit
2343 2203 2395 2258 ei
2425 2219 2594 2258 senex
2625 2221 2636 2256 :
2683 2202 2740 2258 Si
2769 2219 2881 2256 non
2911 2207 3071 2273 potes
3099 2208 3308 2267 tacere,
3343 2199 3563 2254 bonum
3595 2203 3681 2252 est

2069 2293 2253 2364 magis
2298 2296 2364 2347 ut
2404 2293 2473 2347 de
2522 2291 2704 2348 verbis
2746 2291 3035 2347 seniorum
3081 2289 3350 2362 loquaris,
3403 2305 3584 2361 quam
3613 2287 3681 2343 de

2071 2381 2391 2454 Scripturis.
2425 2382 2744 2437 Periculum
2772 2385 2859 2436 est
2877 2380 3028 2435 enim
3057 2396 3170 2434 non
3199 2395 3458 2451 parvum.

2135 2470 2224 2528 21.
2250 2473 2638 2541 Interrogatus
2667 2476 2753 2526 est
2771 2468 2944 2524 abbas
2968 2469 3168 2524 Pastor
3191 2469 3261 2523 de
3281 2468 3682 2539 inquinamen-

2068 2561 2164 2631 tis,
2190 2566 2246 2616 et
2275 2560 2597 2632 respondit:
2634 2559 2779 2624 Quia
2807 2559 2856 2614 si
2877 2557 3194 2613 stabilimus
3231 2557 3475 2613 activam
3505 2559 3678 2613 vitam

2070 2655 2322 2705 nostram
2358 2649 2561 2704 timore
2590 2649 2693 2705 Dei
2749 2655 2808 2704 et
2842 2648 3168 2716 sobrietate,
3208 2664 3321 2704 non
3358 2647 3680 2703 invenimus

2071 2739 2130 2794 in
2152 2739 2313 2794 nobis
2342 2739 2792 2811 inquinamenta.

2143 2828 2233 2886 Ἡ.
2274 2828 2546 2884 Dicebant
2579 2829 2649 2884 de
2689 2828 2890 2884 abbate
2929 2828 3182 2896 Pastore,
3223 2827 3360 2899 quia
3394 2843 3529 2882 cum
3571 2827 3681 2882 exi-

2072 2923 2235 2974 turus
2263 2924 2386 2974 erat
2413 2919 2484 2974 ad
2512 2935 2651 2990 opus
2697 2919 2798 2973 Dei
2827 2918 3166 2985 faciendum,
3195 2916 3426 2972 sedebat
3458 2917 3680 2989 primus

467 3003 552 3062 18.
586 3005 849 3061 Narravit
873 3005 1044 3061 abbas
1073 3007 1374 3062 Cassianus
1399 3007 1468 3062 de
1499 2999 1741 3079 quodam
1767 3024 1900 3062 sene
1927 3007 1987 3062 in
2003 2994 2048 3057 C
2071 3025 2266 3064 eorum
2285 3008 2608 3064 discernens
2627 3008 2995 3080 cogitationes
3013 3024 3143 3064 suas
3155 3007 3370 3079 jugiter
3382 3023 3499 3062 una
3515 3007 3679 3074 hora,

389 3110 580 3150 eremo
594 3095 824 3150 sedente
846 3095 980 3167 quia
999 3097 1281 3167 rogaverit
1300 3098 1479 3152 Deum
1501 3103 1567 3152 ut
1588 3097 1824 3152 donaret
1852 3097 1987 3152 eine

392 3185 726 3239 dormitaret
751 3185 1072 3257 aliquando,
1088 3203 1215 3242 cum
1244 3185 1564 3258 spirituales
1586 3204 1676 3242 res
1688 3187 1897 3242 faceret
1912 3205 1924 3255 ;
1939 3187 1987 3242 si

391 3279 581 3330 autem
611 3275 973 3330 detractionis
1001 3282 1101 3331 aut
1129 3276 1242 3331 odii
1266 3277 1434 3332 verba
1462 3283 1670 3344 essent,
1702 3277 1894 3332 statim
1929 3277 1989 3332 in

390 3380 586 3419 somno
612 3370 919 3432 corrueret,
942 3370 1004 3420 ut
1029 3382 1143 3420 non
1171 3366 1497 3436 hujusmodi
1533 3383 1806 3422 venenum
1824 3383 2005 3433 aures,

391 3453 514 3525 ejus
564 3455 901 3526 exciperent.
937 3455 1040 3509 Hic
1083 3454 1304 3510 diccbat
1343 3454 1630 3511 diabolum
1675 3456 1992 3511 studiosum

389 3559 512 3598 esse
533 3547 598 3597 ut
616 3549 864 3599 moveret
895 3543 1152 3599 homines
1180 3545 1240 3599 in
1265 3543 1435 3600 verba
1467 3545 1666 3612 otiosa,
1699 3545 1993 3617 impugna-

389 3639 573 3686 torem
601 3633 770 3688 etiam
808 3633 981 3688 totius
1008 3633 1276 3688 doctrinae
1331 3633 1661 3705 spiritualis.
1702 3633 1787 3688 Ad
1817 3651 1988 3706 quam

389 3738 510 3776 rem
534 3722 638 3776 hoc
662 3721 928 3777 utebatur
947 3723 1198 3793 exemplo
1223 3740 1234 3775 :
1263 3723 1551 3793 Loquente
1576 3739 1666 3777 me
1687 3723 1988 3794 aliquando

391 3811 462 3864 de
479 3809 723 3865 utilitate
738 3811 1056 3866 animarum
1072 3811 1142 3864 ad
1165 3811 1435 3882 quosdam
1459 3812 1678 3880 fratres,
1695 3811 1752 3865 in
1769 3817 1992 3867 tantum

393 3914 590 3953 somno
638 3898 914 3970 profundo
946 3899 1200 3970 occupati
1243 3905 1394 3965 sunt,
1425 3904 1490 3955 ut
1541 3917 1643 3955 nec
1697 3901 1992 3972 palpebras

395 3987 686 4042 oculorum
713 4003 936 4043 movere
960 3994 1214 4059 possent:
1241 4005 1344 4060 ego
1373 3996 1562 4045 autem
1594 3991 1783 4045 volens
1805 3996 1997 4046 osten»

395 4078 532 4132 dere
551 4093 690 4149 opus
711 4076 1115 4133 daemoniacum
1142 4095 1283 4147 esse,
1297 4079 1605 4135 otiosarum
1621 4097 1808 4136 rerum
1825 4080 1994 4135 verba

393 4166 707 4236 introduxi;
741 4167 811 4222 ad
832 4167 980 4239 quod
1005 4167 1082 4222 illi
1112 4169 1441 4239 gaudentes,
1469 4170 1664 4224 statim
1693 4187 1890 4225 somno
1910 4186 1994 4224 re-

392 4257 588 4312 luctati
614 4262 766 4313 sunt.
798 4257 914 4328 Ego
956 4263 1146 4312 autem
1177 4258 1549 4329 ingemiscens
1580 4259 1692 4314 dixi
1737 4277 1749 4314 :
1803 4259 1995 4330 Usque

395 4363 546 4403 nunc
585 4352 781 4415 θιθ
830 4347 900 4401 de
949 4346 1267 4402 caelestibus
1318 4347 1483 4403 rebus
1521 4348 1907 4420 loquebamur,
1942 4354 2000 4402 et

2071 3103 2127 3152 et
2157 3098 2234 3153 sic
2263 3097 2672 3169 egrediebatur.

2142 3186 2231 3245 23.
2264 3187 2414 3243 Dixit
2441 3185 2614 3242 abbas
2640 3188 2858 3254 Pastor,
2893 3186 3026 3259 quia
3054 3186 3419 3258 interrogavit
3443 3185 3681 3258 quidam

2071 3276 2335 3332 abbatem
2390 3277 2744 3349 Paysionem,
2789 3277 2980 3332 dicens
3021 3295 3036 3332 :
3077 3277 3224 3341 Quid
3276 3276 3416 3330 facio
3474 3277 3684 3330 animae

2074 3383 2230 3433 mea),
2252 3366 2386 3438 quia
2399 3365 2738 3421 insensibilis
2760 3365 2904 3421 facta
2929 3372 3036 3444 est,
3068 3371 3125 3420 et
3145 3383 3257 3421 non
3277 3365 3443 3420 timet
3453 3365 3642 3421 Deum
3659 3365 3686 3418 ?

2073 3456 2142 3512 Et
2173 3456 2313 3511 dixit
2336 3455 2604 3523 ei:Vade,
2635 3461 2692 3510 et
2714 3456 2954 3527 jungere
2983 3455 3198 3510 homini
3214 3455 3441 3510 timenti
3463 3453 3679 3521 Deum;

2075 3551 2131 3600 et
2159 3562 2287 3600 cum
2314 3545 2394 3598 illi
2423 3545 2732 3612 inhaeseris,
2763 3544 3052 3600 doccberis
3082 3550 3140 3600 et
3162 3550 3226 3600 tu
3245 3545 3448 3599 timere
3473 3544 3680 3599 Deum.

2140 3634 2230 3692 24.
2264 3634 2414 3690 Dixit
2442 3635 2647 3690 iterum
2681 3651 2692 3686 :
2723 3635 2868 3699 Quia
2896 3633 3234 3706 principium
3263 3639 3320 3688 et
3348 3632 3481 3688 ﬁnis
3510 3633 3685 3688 timor

2071 3723 2296 3780 Domini
2325 3742 2339 3792 ;
2372 3724 2452 3778 sic
2481 3725 2632 3778 enim
2661 3723 2933 3795 scriptum
2961 3728 3046 3778 est
3077 3742 3089 3776 :
3125 3723 3358 3778 Initium
3388 3722 3683 3794 sapientia:

2073 3814 2244 3869 timor
2279 3813 2503 3868 Domini
2540 3815 2701 3882 (Psal.
2736 3817 2844 3882 cx).
2876 3814 2945 3868 Et
2971 3813 3200 3879 iterum,
3245 3811 3474 3884 quando
3503 3812 3680 3866 Abra-

2074 3904 2207 3958 ham
2247 3903 2480 3974 perfecit
2522 3903 2699 3958 altare
2738 3902 2879 3957 dixit
2919 3903 2971 3958 ei
3009 3903 3280 3958 Dominus
3314 3921 3325 3956 :
3363 3902 3529 3957 Nunc
3558 3901 3676 3956 scio

2077 3992 2343 4064 quoniam
2373 3992 2576 4047 timeas
2597 3992 2778 4046 Deum
2801 3991 2950 4061 (Gen.
2990 3995 3074 4060 ιι).

2145 4081 2234 4137 25.
2263 4081 2416 4135 Dixit
2442 4081 2680 4136 iterum:
2716 4079 2949 4135 Discede
2979 4080 3050 4134 ab
3074 4080 3228 4135 omni
3245 4080 3476 4136 homine
3499 4081 3599 4153 qui
3625 4080 3684 4135 in

2075 4169 2443 4226 collocatione
2473 4171 2821 4224 incessanter
2849 4170 3229 4225 contentiosus
3258 4174 3361 4226 est.

2150 4257 2240 4317 26.
2273 4259 2424 4314 Dixit
2452 4259 2658 4314 iterum
2671 4261 2936 4330 (Append.
2967 4262 3154 4326 Mart,
3187 4277 3245 4314 η.
3269 4259 3360 4327 25)
3386 4278 3408 4319 ε,
3427 4260 3685 4316 Interro-

2081 4349 2211 4420 gavi
2227 4349 2526 4421 aliquando
2550 4348 2810 4404 abbatem
2827 4349 3077 4413 Petrum,
3094 4349 3432 4420 discipulum
3461 4348 3683 4403 abbatis

394 4437 647 4492 omnium
678 4441 925 4491 vestrum
956 4437 1102 4492 oculi
1132 4454 1328 4492 somno
1357 4438 1688 4509 gravissimo
1720 4433 2060 4496 teneban-D
2078 4440 2200 4507 Lot,
2215 4439 2432 4494 dicens:
2460 4438 2694 4503 Quando
2714 4455 2840 4493 sum
2870 4438 2929 4493 in
2959 4439 3116 4503 cella,
3143 4439 3203 4493 in
3219 4455 3354 4510 pace
3383 4444 3472 4493 est
3490 4439 3685 4492 anima

392 4532 515 4596 tur;
549 4525 772 4598 quando
827 4531 1017 4581 autem
1064 4543 1250 4581 sermo
1305 4528 1516 4582 otiosus
1570 4529 1830 4583 inventus
1889 4533 1990 4595 est,

394 4633 590 4672 omnes
617 4614 863 4688 prompti
891 4615 1086 4670 audire
1102 4615 1364 4687 coepistis.
1391 4617 1630 4688 Pr0pter
1658 4618 1805 4688 quod
1835 4634 1991 4688 rogo,

395 4705 709 4762 charissimi
764 4705 984 4771 fratres,
1018 4711 1415 4776 cognoscentes
1466 4707 1698 4777 maligni
1727 4706 1996 4762 daemonis

396 4811 538 4867 opus
570 4812 710 4862 esse,
741 4793 1014 4849 attendite
1041 4793 1468 4866 vobismetipsis,
1493 4795 1872 4850 custodientes
1901 4812 1996 4850 vos

399 4901 436 4940 a
462 4902 660 4941 somno
691 4885 914 4957 quando
969 4883 1181 4956 aliquid
1219 4884 1510 4956 spirituale
1540 4886 1624 4940 vel
1673 4885 1857 4941 facitis
1912 4887 1996 4940 vel

400 4971 628 5028 auditis.

470 5060 554 5118 19.
586 5059 739 5117 Abiit
763 5062 1065 5136 aliquando
1086 5061 1259 5119 abbas
1281 5064 1482 5119 Pastor
1519 5082 1647 5120 cum
1671 5071 1818 5120 esset
1833 5067 1997 5136 juve-

399 5149 489 5206 nis
518 5148 588 5205 ad
615 5152 914 5221 quemdam
960 5170 1174 5220 senem,
1208 5159 1274 5208 ut
1302 5155 1682 5226 interrogaret
1719 5172 1848 5210 eum
1879 5162 1995 5210 tres

400 5257 708 5296 sermones.
745 5242 884 5295 Cum
912 5249 1101 5297 autem
1130 5243 1475 5314 pervenisset
1501 5245 1572 5298 ad
1603 5261 1815 5312 senem,
1863 5245 1998 5300 obli-

396 5335 493 5386 tus
522 5333 608 5384 est
632 5344 810 5384 unum
842 5347 907 5384 ex
936 5331 1116 5387 tribus
1145 5334 1518 5402 sermonibus,
1542 5340 1596 5389 et
1626 5349 1884 5389 reversus
1913 5341 2000 5390 est

397 5419 470 5476 ad
499 5417 699 5474 cellam
731 5434 910 5474 suam.
945 5420 1013 5474 Et
1041 5437 1172 5475 cum
1202 5423 1535 5478 tetendisset
1556 5441 1806 5493 manum,
1838 5429 1902 5480 ut
1921 5430 2000 5480 te-

398 5514 560 5567 neret
587 5510 819 5576 clavem,
853 5510 1176 5566 recordatus
1205 5517 1292 5566 est
1318 5514 1593 5569 sermonis
1618 5514 1770 5569 illius
1831 5532 2000 5586 quem

401 5606 535 5662 ante
563 5599 748 5660 fuerat
775 5597 980 5660 oblitus
1011 5618 1024 5672 ;
1059 5606 1118 5662 et
1144 5601 1372 5664 sustulit
1420 5620 1653 5662 manum
1689 5621 1724 5663 a
1750 5604 1910 5682 clavi,
1943 5610 2001 5663 et

2078 4530 2240 4597 mea;
2274 4545 2404 4583 cum
2445 4533 2638 4583 autem
2681 4527 2896 4582 venerit
2924 4527 3102 4582 frater
3130 4527 3336 4599 aliquis
3373 4526 3447 4582 ad
3473 4544 3587 4593 me,
3628 4533 3686 4582 et

2078 4618 2337 4674 retulerit
2351 4617 2489 4672 mihi
2505 4616 2673 4672 verba
2697 4633 2893 4672 eorum
2924 4633 3047 4688 qua:
3075 4616 3210 4672 foris
3233 4621 3386 4683 sunt,
3418 4616 3688 4671 turbatur

2077 4708 2268 4762 anima
2295 4723 2440 4764 mea.
2465 4707 2536 4761 Et
2565 4706 2711 4761 dixit
2748 4706 2884 4760 mihi
2913 4705 3085 4761 abbas
3115 4707 3336 4772 Petrus,
3365 4705 3502 4777 quia
3531 4706 3687 4761 dice-

2076 4797 2176 4851 bat
2203 4795 2374 4851 abbas
2398 4797 2534 4851 Lot:
2561 4795 2744 4852 Clavis
2768 4801 2870 4850 tua
2895 4796 3120 4867 aperuit
3145 4795 3355 4850 ostium
3385 4812 3603 4851 meum.
3619 4795 3688 4850 Et

2079 4903 2186 4957 ego
2215 4885 2424 4940 dixiei:
2458 4885 2619 4950 Quod
2643 4889 2730 4940 est
2761 4883 2990 4940 verbum
3011 4884 3157 4940 hoc?
3177 4885 3246 4939 Et
3272 4884 3416 4939 dixit
3443 4903 3455 4937 :
3485 4885 3548 4940 Si
3571 4884 3696 4956 quis

2077 4975 2230 5031 venit
2279 4976 2350 5030 ad
2396 4980 2472 5041 te,
2506 4979 2565 5029 et
2611 4973 2928 5045 interrogas
2967 4990 3117 5030 eum.
3164 4973 3458 5038 Quomodo
3489 4973 3687 5039 habes,

2078 5066 2228 5121 unde
2256 5065 2428 5133 venis,
2462 5065 2703 5136 qualiter
2730 5065 2919 5136 agitur
2946 5065 3095 5119 circa
3127 5063 3251 5118 illos
3282 5063 3368 5118 vel
3409 5063 3541 5118 illos
3570 5063 3689 5118 fra-

2077 5161 2213 5222 tres,
2229 5159 2598 5226 susceperunt
2615 5160 2670 5209 te
2690 5171 2762 5210 an
2784 5171 2928 5210 non:
2953 5159 3086 5209 tunc
3111 5152 3296 5224 aperis
3313 5153 3560 5223 januam
3583 5154 3696 5207 oris

2079 5245 2244 5300 fratri-
2269 5251 2386 5311 tuo,
2424 5249 2480 5298 et
2524 5244 2686 5299 audis
2713 5261 2837 5316 qua:
2861 5260 2970 5299 non
3004 5243 3104 5298 vis.
3134 5243 3204 5298 Et
3229 5258 3334 5312 ego
3357 5241 3473 5296 dixi
3496 5242 3551 5296 ei
3575 5261 3586 5294 :
3611 5243 3698 5297 Ita

2081 5339 2184 5390 est.
2220 5334 2329 5390 Sed
2359 5333 2494 5405 quid
2537 5333 2712 5388 faciat
2755 5334 2945 5402 homo,
2981 5349 3112 5388 cum
3150 5330 3369 5386 venerit
3397 5330 3581 5386 frater
3623 5331 3696 5386 ad

2082 5425 2249 5480 eum?
2279 5425 2348 5479 Et
2374 5424 2515 5479 dixit
2541 5424 2592 5479 ei
2621 5439 2790 5480 senex
2821 5443 2833 5479 :
2871 5424 2936 5479 In
2964 5423 3120 5479 luctu
3150 5422 3383 5477 omnino
3432 5421 3698 5476 doctrina

2079 5520 2165 5570 est
2195 5533 2207 5582 ;
2243 5513 2335 5569 ubi
2366 5518 2559 5569 autem
2588 5513 2770 5569 luctus
2813 5529 2928 5569 non
2965 5518 3069 5580 est,
3103 5510 3450 5584 impossibile
3480 5517 3572 5566 est
3605 5526 3702 5566 cu-

2081 5603 2293 5664 stodire
2321 5609 2590 5662 mentem.
2627 5602 2697 5662 Et
2724 5602 2866 5662 dixit
2893 5603 2945 5662 ei
2983 5621 2995 5661 :
3029 5602 3263 5674 Quando
3293 5603 3354 5664 in
3390 5600 3540 5661 cella
3569 5617 3701 5660 sum
