3964 6206
253 263 366 321 937

1565 262 1809 320 VERBA
1845 257 2238 319 SENIORUM.

3437 263 3544 326 938

252 404 481 448 mecum
509 395 597 446 est
622 389 842 445 luctus:
874 403 1003 443 cum
1027 391 1218 444 autem
1246 388 1450 462 aliquis
1479 389 1551 445 ad
1579 406 1670 445 me
1697 385 2304 446 vene-Asecuritatem
2331 403 2345 454 ;
2375 387 2584 443 etenim
2611 387 2878 460 Apostolo
2907 388 3146 457 dicente,
3169 388 3278 456 Qui
3305 395 3437 458 stat,
3465 392 3546 447 vi-

253 481 353 547 rit,
377 485 479 536 aut
498 497 628 536 cum
653 477 912 550 egredior
939 477 1008 532 de
1035 477 1192 544 cella,
1221 495 1334 534 non
1363 479 1584 534 invenio
1618 481 1852 535 luctum.

253 570 334 626 Et
360 571 503 626 dixit
520 571 573 624 ei
610 585 812 624 senex:
853 567 1104 622 Necdum
1140 567 1241 621 tibi
1279 568 1562 640 subjectus
1615 575 1718 633 est,
1759 568 1857 624 sed

252 661 412 716 velut
427 659 499 716 ad
514 676 682 715 usum
702 675 803 729 pro
826 662 1080 728 tempore
1107 658 1425 715 adhibetur.
1467 657 1540 713 Et
1583 659 1722 714 dixit
1767 659 1851 714 ei:

251 751 397 816 Quis
422 756 511 805 est
536 750 626 804 hic
649 746 966 804 sermo?Et
988 747 1130 802 dixit
1155 747 1326 803 mihi:
1360 748 1417 803 Si
1446 747 1664 803 laborat
1693 749 1860 804 homo

252 855 362 912 pro
387 855 449 893 re
475 838 668 911 aliqua
695 837 1006 892 secundum
1033 836 1316 905 virtutem,
1359 851 1694 908 quacunque
1722 837 1863 891 hora

253 928 546 1003 quaesierit
572 944 696 983 eam
727 927 799 983 ad
819 927 1123 982 utilitatem
1149 943 1332 993 suam,
1350 926 1563 982 invenit
1590 942 1738 982 eam.

332 1011 422 1069 27.
466 1013 666 1069 Frater
711 1011 1081 1083 interrogavit
1117 1009 1377 1066 abbatem
1423 1010 1590 1078 Sisoi,
1638 1011 1858 1068 dicens:

254 1101 528 1159 Desidero
551 1101 832 1156 custodire
858 1117 955 1156 cor
992 1116 1202 1156 meum.
1253 1101 1402 1156 Dicit
1431 1101 1482 1157 ei
1529 1115 1735 1156 senex:
1793 1099 1868 1155 Et

256 1193 546 1265 quomodo
573 1209 870 1264 possumus
899 1191 1181 1247 custodire
1199 1206 1296 1246 cor
1312 1195 1588 1258 nostrum,
1607 1191 1655 1246 si
1673 1191 1866 1262 lingua

256 1288 458 1339 nostra
479 1283 716 1353 januam
743 1285 999 1354 apertam
1025 1279 1332 1336 habuerit?

331 1369 423 1429 28.
456 1371 699 1426 Sedente
725 1370 1028 1443 aliquando
1057 1369 1258 1425 abbate
1305 1370 1527 1426 Silvano
1575 1370 1634 1424 in
1674 1376 1865 1426 monte

259 1461 418 1530 Sina,
444 1461 750 1532 discipulus
778 1461 900 1532 ejus
914 1461 1103 1516 volens
1122 1459 1278 1515 abire
1298 1461 1370 1515 ad
1400 1459 1682 1532 quoddam
1704 1459 1866 1515 mini-

257 1551 496 1609 sterium
524 1569 710 1618 suum,
741 1550 882 1606 dixit
907 1551 1027 1606 seni
1052 1569 1066 1604 :
1096 1550 1328 1605 Dimitte
1371 1566 1596 1621 aquam,
1647 1555 1704 1604 et
1739 1550 1865 1621 riga

257 1641 508 1696 hortum.
541 1641 642 1695 Ille
670 1645 859 1695 autem
889 1640 1077 1695 exiens
1114 1640 1186 1694 ad
1227 1639 1617 1694 dimittendam
1657 1655 1859 1711 aquam

1939 475 2072 528 deat
2098 491 2170 530 ne
2193 474 2424 543 cadat(l
2443 477 2564 531 Cor.
2598 483 2654 545 Χ)
2682 497 2693 544 ;
2727 479 2784 533 in
2806 479 3018 534 incerto
3037 478 3310 550 siquidem
3323 480 3547 551 naviga-

1941 580 2067 618 mus
2090 583 2102 631 ;
2130 565 2262 636 quia
2278 565 2424 620 sicut
2446 567 2747 621 Psalmista
2773 566 2905 622 dicit
2929 587 2939 622 :
2975 569 3144 623 Velut
3166 585 3322 624 mare
3337 576 3422 624 est
3435 571 3547 625 vita

1941 659 2138 708 nostra
2169 656 2334 726 (Psal.
2369 663 2510 724 cm).
2564 656 2672 711 Sed
2714 661 2902 712 tamen
2951 663 3084 712 sunt
3122 659 3243 713 loca
3282 658 3340 714 in
3377 660 3541 728 mari,

1945 743 2200 814 quaedam
2229 760 2354 798 vero
2379 744 2641 815 periculis
2692 745 2878 818 plena,
2938 747 3192 818 quaedam
3249 753 3440 804 autem
3491 753 3550 804 et

1943 832 2287 904 tranquilla;
2321 850 2423 888 nos
2449 833 2599 888 enim
2616 834 2675 888 in
2690 835 2992 906 tranquilla
3010 842 3169 907 parte
3193 837 3367 892 maris
3386 837 3555 893 navi-

1943 937 2079 991 gare
2109 922 2382 991 videmur,
2405 924 2699 979 saeculares
2724 941 2853 978 vero
2883 925 3138 979 homines
3164 926 3223 981 in
3249 927 3384 982 locis
3403 927 3548 999 peri-

1947 1009 2150 1065 culosis
2183 1012 2366 1080 (Ra/71,
2405 1015 2443 1066 ι.
2476 1026 2559 1079 III,
2594 1011 2824 1082 71.123).
2865 1011 2940 1066 Et
2965 1013 3171 1068 iterum
3216 1031 3318 1070 nos
3357 1016 3417 1070 in
3455 1015 3546 1070 die

1947 1099 2296 1170 navigamus,
2327 1101 2444 1156 sole
2467 1102 2702 1173 justitiae
2728 1100 2888 1157 nobis
2931 1102 3213 1173 praebente
3258 1104 3545 1173 ducatum,

1946 1188 2028 1242 illi
2058 1194 2246 1244 autem
2277 1190 2336 1245 in
2361 1197 2524 1246 nocte
2553 1191 2888 1261 ignorantiae
2916 1191 3304 1262 deportantur.
3341 1194 3449 1248 Sed
3468 1199 3551 1249 ta-

1945 1293 2076 1332 men
2099 1278 2430 1350 plerumque
2460 1279 2736 1349 contingit
2754 1284 2819 1334 ut
2843 1280 3136 1336 saeculares
3158 1280 3240 1335 illi
3259 1281 3317 1334 in
3337 1285 3550 1354 tempe-

1946 1371 2092 1422 state
2123 1372 2179 1422 et
2206 1368 2264 1423 in
2287 1368 2523 1424 obscuro
2549 1369 2897 1440 navigantes,
2923 1385 3024 1440 pro
3050 1375 3206 1424 metu
3226 1370 3460 1442 periculi
3476 1372 3549 1426 ad

1945 1451 2123 1507 Deum
2153 1453 2449 1507 clamando
2479 1459 2537 1508 et
2570 1453 2854 1524 vigilando
2883 1454 3100 1508 salvent
3144 1455 3330 1509 navim
3362 1472 3548 1523 suam,

1945 1557 2051 1596 nos
2076 1546 2266 1597 autem
2295 1542 2355 1596 in
2385 1543 2795 1614 tranquillitate
2824 1544 3082 1615 neglectu
3111 1544 3233 1616 ipso
3266 1545 3549 1618 demergi-

1945 1646 2093 1699 mur,
2125 1631 2258 1686 dum
2288 1631 2668 1703 gubernacula
2694 1633 2931 1704 justiﬁes
2963 1633 3423 1706 derelinquimus.

257 1730 486 1802 tegebat
520 1729 718 1785 faciem
749 1747 908 1785 suam
937 1731 1006 1784 de
1023 1729 1240 1785 cucullo
1268 1745 1390 1797 δυο,
1422 1735 1644 1784 tantum
1674 1705 1743 1783 αδ
1767 1746 1865 1800 ΡΘ·-
1884 1705 1934 1768 Β
2017 1737 2107 1795 35.
2140 1739 2291 1794 Dixit
2309 1738 2482 1794 abbas
2513 1740 2914 1812 Hyperichius:
2949 1741 3228 1812 Cogitatio
3266 1748 3367 1796 tua
3405 1758 3551 1797 sem-

257 1819 360 1875 des
379 1837 512 1875 suos
528 1820 844 1875 intendens.
863 1820 1116 1891 Contigit
1143 1824 1332 1874 autem
1357 1824 1422 1874 ut
1445 1819 1568 1890 ipsa
1589 1819 1729 1873 hora
1745 1819 1866 1890 qui-

257 1909 394 1965 dam
423 1909 808 1982 superveniret
834 1909 906 1964 ad
932 1926 1079 1976 eum,
1113 1913 1169 1963 et
1197 1909 1388 1963 videns
1419 1925 1547 1963 eum
1587 1925 1622 1961 a
1675 1909 1860 1979 longe,

257 1999 633 2054 consideravit
662 1999 798 2070 quid
839 1999 1077 2054 fecisset.
1122 1997 1199 2053 Et
1233 2014 1360 2053 cum
1407 1998 1750 2070 pervenisset
1789 1999 1862 2053 ad

257 2104 414 2155 eum,
444 2089 585 2143 dixit
607 2088 693 2143 ei:
727 2088 828 2144 Dic
857 2088 1015 2153 mihi,
1047 2087 1212 2155 abba,
1255 2092 1321 2156 ut
1347 2088 1482 2160 quid
1527 2088 1754 2159 tegebas
1791 2088 1860 2142 de

257 2178 479 2234 cucullo
507 2177 705 2233 faciem
732 2183 912 2245 tuam,
945 2183 1002 2232 et
1027 2177 1106 2232 sic
1142 2176 1464 2249 adaquabas
1493 2178 1722 2233 hortum
1742 2176 1768 2231 ?
1788 2175 1862 2232 Et

258 2268 404 2324 dixit
421 2267 473 2323 ei
495 2282 663 2322 senex
686 2285 698 2320 :
729 2268 814 2322 Ne
833 2265 1090 2322 viderent
1101 2267 1248 2322 oculi
1268 2266 1379 2321 mei
1401 2265 1648 2333 arbores,
1664 2272 1779 2333 3]
1807 2273 1849 2333 ι

259 2362 319 2413 et
343 2362 711 2430 occuparetur
739 2373 900 2412 mens
925 2373 1052 2411 mea
1081 2355 1152 2410 ab
1181 2371 1349 2428 opere
1374 2372 1475 2411 suo
1521 2355 1582 2411 in
1611 2355 1860 2411 conside-

256 2447 476 2502 ratione
513 2463 726 2502 earum.

328 2534 420 2594 29.
453 2535 824 2607 Interrogavit
834 2535 1006 2592 abbas
1025 2537 1245 2609 Moyses
1264 2534 1523 2590 abbatem
1548 2535 1856 2592 Silvanum.
1941 2534 1955 2609 ξ

257 2625 485 2682 dicens:
512 2627 704 2682 Potest
731 2626 898 2681 homo
926 2643 1028 2698 per
1055 2642 1278 2682 omnem
1307 2625 1458 2680 diem
1503 2624 1731 2679 initium
1772 2625 1858 2679 fa-

254 2731 385 2771 cere
414 2715 889 2772 conversationis?
920 2715 1228 2788 Respondit
1266 2715 1317 2769 ei
1355 2714 1526 2769 abbas
1566 2715 1858 2770 Silvanus:

257 2805 320 2862 Si
352 2811 439 2861 est
463 2806 632 2861 homo
661 2805 1280 2877 Operarius,potestper
1299 2804 1446 2860 idem
1471 2809 1528 2858 et
1548 2821 1648 2875 per
1661 2804 1857 2859 horam

255 2895 521 2951 inchoare
546 2894 770 2950 initium
797 2895 1238 2951 conversationis
1269 2911 1383 2950 suae
1432 2895 1614 2964 (Ra/[2,
1668 2897 1706 2948 ι.
1769 2907 1853 2959 III,

256 3001 319 3040 η.
356 2984 504 3050 175).

331 3072 420 3132 30.
451 3074 947 3146 Interrogaverunt
976 3073 1204 3146 quidam
1252 3072 1553 3144 aliquando
1595 3064 1920 3128 abbatemC

258 3162 567 3231 Silvanum,
601 3163 852 3218 dicentes
876 3182 886 3217 :
913 3164 981 3219 In
1009 3164 1160 3234 quali
1189 3163 1613 3218 conversatione
1657 3177 1856 3232 opera-

255 3258 350 3309 tus
379 3270 458 3320 es,
490 3259 554 3308 ut
576 3253 856 3325 acciperes
879 3253 1238 3324 prudentiam
1265 3251 1476 3306 istam?
1506 3250 1579 3305 Et
1623 3250 1718 3305 ille
1763 3266 1856 3305 re-

256 3343 556 3414 spondens,
584 3343 752 3398 dixit:
787 3343 1089 3414 Nunquam
1109 3340 1336 3412 permisi
1356 3341 1416 3395 in
1435 3340 1600 3395 corde
1621 3356 1746 3395 meo
1767 3357 1856 3394 co-

253 3432 589 3502 gitationem
612 3431 840 3498 morari,
875 3448 998 3502 quae
1026 3429 1412 3486 exacerbabat.

329 3521 419 3576 31.
449 3521 601 3576 Dixit
628 3520 803 3576 abbas
828 3520 1096 3592 Serapion
1121 3539 1132 3574 :
1168 3521 1312 3585 Quia
1339 3520 1484 3575 sicut
1507 3519 1714 3575 milites
1743 3520 1853 3574 im-

253 3611 530 3684 peratoris
555 3627 683 3666 cum
708 3615 842 3666 ante
870 3611 1056 3682 ipsum
1075 3615 1246 3677 stant,
1266 3626 1379 3664 non
1403 3609 1608 3664 debent
1625 3610 1856 3664 dextera

254 3706 355 3756 aut
381 3700 612 3756 sinistra
641 3700 952 3772 respicere;
975 3700 1058 3755 ita
1077 3705 1136 3755 et
1161 3700 1468 3755 monachus
1497 3717 1626 3754 cum
1654 3705 1767 3754 stat
1793 3699 1852 3754 in

253 3796 556 3862 conspectu
580 3790 698 3857 Dei,
732 3795 790 3845 et
816 3790 1066 3846 intentus
1096 3795 1182 3846 est
1209 3790 1362 3845 omni
1383 3790 1523 3844 hora
1547 3789 1606 3843 in
1649 3789 1853 3844 timore

253 3881 400 3952 ejus,
428 3879 568 3935 nihil
597 3887 683 3936 est
707 3880 855 3952 quod
884 3896 1015 3935 eum
1037 3879 1110 3935 de
1133 3879 1439 3936 adversarii
1461 3879 1624 3935 malis
1642 3884 1854 3934 terrere

252 3969 451 4042 possit.
1334 3985 1342 3991 ·

325 4055 416 4116 32.
452 4058 600 4114 Dixit
627 4063 822 4114 sancta
837 4059 1183 4131 Syncletica:
1213 4058 1407 4115 Sobrie
1435 4059 1705 4125 vivamus,
1721 4058 1855 4130 quia

251 4163 358 4220 per
380 4164 579 4203 sensus
605 4149 854 4220 corporis
873 4149 1072 4214 nostri,
1104 4149 1190 4204 vel
1219 4149 1265 4204 si
1285 4165 1399 4204 non
1418 4149 1673 4216 velimus,
1702 4147 1855 4202 fures

249 4237 686 4308 ingrediuntur;
719 4239 1000 4310 quomodo
1021 4239 1169 4293 enim
1191 4244 1374 4310 potest
1395 4255 1509 4294 non
1536 4238 1741 4294 fuscari
1759 4237 1856 4291 do-

251 4343 403 4394 mus,
444 4327 493 4382 si
522 4327 710 4382 fumus
738 4328 984 4384 exterius
1005 4328 1311 4384 ascendens
1329 4329 1602 4384 fenestras
1629 4332 1855 4401 apertas

251 4414 534 4472 invenerit
550 4417 574 4470 ’I

327 4503 417 4562 33.
447 4505 602 4561 Dixit
635 4506 841 4562 iterum
871 4523 995 4579 qua:
1023 4522 1220 4580 supra:
1256 4507 1490 4580 Oportet
1517 4523 1620 4564 nos
1662 4505 1855 4563 adver-

253 4610 383 4651 sum
403 4595 682 4650 daemones
709 4597 959 4668 undique
971 4602 1221 4652 armatos
1235 4597 1488 4664 existere,
1512 4598 1778 4670 quoniam
1798 4603 1857 4653 et

254 4685 503 4740 exterius
528 4684 940 4756 ingrediuntur,
976 4692 1035 4741 et
1059 4686 1130 4742 de
1157 4687 1307 4742 intro
1332 4694 1644 4754 moventur,
1677 4687 1857 4758 siqui-

253 4773 386 4829 dem
403 4778 461 4829 et
472 4774 865 4832 animanostra
882 4776 939 4831 id
958 4775 1190 4848 patitur.
1207 4777 1363 4832 Sicut
1377 4777 1526 4832 enim
1537 4777 1711 4844 navis,
1729 4793 1854 4848 qua-3

253 4862 561 4936 aliquando
581 4865 827 4920 exterius
857 4866 1131 4920 ﬂuctuum
1174 4866 1321 4920 mole
1360 4864 1712 4936 opprimitur,
1749 4865 1855 4919 ali-

254 4953 484 5024 quando
495 4970 623 5008 vero
633 4954 870 5009 interius
881 4961 1165 5010 crescente
1175 4955 1396 5010 sentina
1405 4955 1856 5026 demergiturgsic

253 5047 314 5099 et
343 5059 446 5098 nos
473 5043 776 5116 aliquando
805 5060 1036 5116 operum
1059 5045 1301 5100 exterius
1318 5045 1740 5100 commissorum
1755 5044 1858 5099 ini-

253 5133 475 5205 quitate
503 5133 861 5203 damnamur,
886 5133 1328 5206 aliquandovero
1346 5133 1584 5189 interius
1604 5135 1859 5206 nequitia

255 5221 667 5294 cogitationum
686 5221 1032 5289 addicimur;
1061 5227 1119 5278 et
1147 5223 1272 5278 ideo
1297 5228 1518 5295 oportet
1534 5240 1647 5278 non
1675 5225 1859 5280 solum

256 5311 504 5368 exterius
529 5311 828 5384 spirituum
853 5312 1528 5386 immundorumimpetus
1542 5313 1854 5382 observare,

254 5417 457 5457 verum
477 5401 647 5456 etiam
666 5401 1002 5458 interiorum
1015 5401 1419 5474 cogitationum
1442 5402 1860 5460 immunditiam

256 5490 583 5548 exhaurire.

267 5621 278 5626 -
328 5579 423 5640 34.
454 5580 607 5638 Dixit
643 5581 850 5640 iterum
879 5601 893 5640 :
948 5583 1076 5640 Non
1107 5583 1381 5643 habemus
1405 5583 1467 5643 in
1512 5585 1619 5644 hoc
1659 5587 1864 5645 saeculo

636 5683 907 5747 PATROL.
935 5681 1211 5749 LXXIII.

1945 1845 2048 1900 per
2077 1829 2152 1884 sit
2177 1829 2236 1884 in
2260 1847 2432 1901 regno
2453 1831 2741 1898 caelorum,
2765 1835 2822 1885 et
2848 1830 2956 1885 cito
2984 1830 3042 1885 in
3063 1830 3446 1887 haereditatem
3461 1850 3550 1888 ac-

1944 1918 2114 1990 cipies
2143 1919 2300 1974 illud.

2013 2023 2082 2082 36
2096 2072 2109 2086 .
2138 2027 2290 2082 Dixit
2307 2027 2512 2083 iterum
2538 2047 2550 2082 :
2575 2027 2700 2083 Vita
2717 2027 2978 2083 monachi
2989 2029 3153 2100 juxta
3173 2028 3546 2087 imitationem

1943 2117 2272 2187 angelorum
2304 2119 2422 2186 fiat,
2455 2117 2792 2174 comburens
2821 2123 2990 2190 atque
3029 2136 3364 2176 consumens
3417 2136 3548 2193 pec-

1942 2210 2094 2265 cata.

2013 2313 2099 2370 37.
2132 2314 2283 2368 Dixit
2312 2313 2483 2370 abbas
2521 2315 2769 2372 Orsisius
2798 2340 2812 2373 :
2843 2316 3010 2383 Puto,
3051 2317 3185 2389 quia
3230 2315 3340 2372 nisi
3375 2317 3545 2374 homo

1942 2403 2271 2458 custodierit
2293 2421 2388 2458 cor
2418 2421 2604 2471 suum,
2637 2405 2829 2460 omnia
2857 2423 2982 2477 qua:
3001 2407 3160 2461 audit
3177 2412 3235 2461 et
3246 2406 3398 2462 videt
3409 2407 3549 2463 obli-

1941 2492 2184 2547 viscetur
2213 2498 2270 2547 et
2296 2493 2562 2564 negliget.
2596 2494 2850 2565 Denique
2871 2496 2952 2550 sic
2975 2495 3236 2550 inimicus
3256 2496 3546 2552 inveniens

1941 2582 2000 2636 in
2031 2599 2097 2636 eo
2126 2582 2330 2648 locum,
2363 2583 2688 2654 supplantat
2715 2600 2884 2652 eum;
2935 2584 3082 2640 sicut
3119 2585 3271 2641 enim
3317 2586 3548 2641 lucerna

1943 2671 2065 2726 oleo
2095 2676 2153 2726 et
2178 2671 2404 2744 lychino
2437 2669 2546 2742 (38)
2580 2678 2897 2744 praeparata
2925 2673 3093 2741 lucet,
3121 2674 3170 2729 si
3212 2679 3403 2731 autem
3444 2690 3547 2747 per

1942 2759 2342 2830 negligentiam
2371 2759 2483 2815 non
2503 2761 2783 2832 acceperit
2812 2763 3016 2829 oleum,
3041 2763 3314 2834 paulatim
3340 2765 3545 2821 exstin-

1941 2849 2153 2919 guitur,
2185 2855 2354 2921 atque
2384 2849 2464 2904 ita
2484 2850 2832 2906 invalescunt
2843 2851 3088 2907 tenebrae
3103 2852 3368 2908 adversus
3379 2869 3504 2909 eam
3525 2873 3540 2923 ;

1940 2938 2038 2992 sed
2070 2943 2127 2994 et
2151 2955 2278 2994 mus
2309 2939 2622 2994 veniensad
2645 2956 2789 3008 eam,
2822 2940 3123 3013 volensque
3153 2959 3382 3015 myxum
3426 2941 3540 3015 (39)

1941 3029 2063 3099 ejus
2113 3029 2403 3084 comedere
2453 3029 2784 3100 priusquam
2840 3028 3084 3102 perfecte
3156 3031 3538 3103 extinguatur,

1940 3135 2053 3173 non
2083 3123 2268 3190 potest
2287 3123 2519 3190 propter
2545 3119 2785 3174 calorem
2808 3119 2955 3190 ignis
2980 3139 2992 3188 ;
3023 3119 3071 3174 si
3097 3125 3288 3175 autem
3336 3120 3540 3176 viderit

1941 3208 2089 3279 quod
2128 3224 2230 3262 nec
2276 3208 2466 3263 lumen
2505 3207 2694 3276 habet,
2740 3224 2841 3262 nec
2887 3209 3129 3265 calorem
3162 3210 3284 3280 jam
3329 3209 3537 3265 retinet

1937 3299 2102 3368 ignis,
2131 3304 2265 3352 tunc
2283 3299 2472 3353 volens
2491 3298 2716 3351 trahere
2737 3315 2965 3370 myxum
2989 3299 3131 3370 ejus,
3151 3298 3340 3370 dejicit
3362 3299 3533 3354 etiam

1935 3387 2115 3458 ipsam
2142 3387 2429 3442 lucernam
2446 3387 2506 3441 in
2525 3392 2734 3441 terram
2761 3406 2773 3441 :
2803 3403 2926 3458 quae
2955 3387 3002 3442 si
3014 3392 3193 3443 testea
3213 3387 3400 3456 fuerit,
3423 3389 3534 3442 mi-

1935 3481 2171 3532 nutatur
2191 3517 2206 3544 ,
2238 3477 2286 3531 si
2305 3493 2469 3544 terea,
2503 3493 2538 3530 a
2554 3475 2780 3530 domino
2801 3493 2903 3531 suo
2933 3483 3248 3548 reparatur.
3263 3478 3348 3532 Ita
3359 3477 3534 3533 etiam

1935 3567 1982 3621 si
2015 3567 2324 3637 neglexerit
2351 3567 2562 3632 anima,
2591 3566 2865 3638 paulatim
2881 3567 3092 3621 recedit
3120 3565 3190 3621 ab
3205 3583 3272 3622 ea
3289 3567 3531 3639 Spiritus

1935 3662 2180 3724 sanctus,
2196 3657 2372 3711 donec
2387 3656 2627 3728 perfecte
2647 3655 3255 3728 exstinguaturcalorej
3263 3673 3347 3724 us;
3361 3663 3532 3730 atque

1933 3746 2014 3801 ita
2042 3746 2302 3801 inimicus
2329 3744 2608 3801 consumit
2627 3751 2684 3799 et
2701 3745 2932 3800 devorat
2957 3745 3306 3817 propositum
3328 3746 3532 3803 anima:

1935 3835 2107 3904 illius,
2141 3836 2239 3890 sed
2267 3841 2325 3890 et
2354 3852 2556 3907 corpus
2574 3834 2838 3906 nequitiae
2866 3836 3220 3892 exterminat.
3253 3835 3312 3891 Si
3341 3841 3532 3892 autem

1937 3925 2061 3998 quis
2087 3942 2188 3997 per
2203 3924 2465 3980 affectum
2497 3939 2665 3996 quem
2693 3923 2865 3979 habet
2888 3923 2948 3979 in
2967 3925 3103 3993 Deo,
3135 3923 3314 3981 bonus
3338 3925 3529 3994 fuerit,

1936 4015 2266 4088 simpliciter
2293 4020 2482 4069 autem
2529 4013 2598 4068 ad
2641 4013 3046 4086 negligentiam
3094 4019 3291 4087 raptus
3337 4013 3527 4083 fuerit,

1935 4106 2104 4173 Deus,
2130 4106 2224 4178 qui
2248 4104 2564 4159 misericors
2579 4108 2682 4172 est,
2695 4104 2899 4158 excitat
2920 4103 2979 4159 in
3001 4120 3066 4159 eo
3086 4110 3334 4160 mentem
3345 4121 3528 4175 suam,

1937 4203 1994 4253 et
2030 4195 2358 4251 memoriam
2389 4209 2701 4266 poenarum,
2735 4209 2857 4265 quae
2880 4192 2938 4248 in
2966 4193 3156 4248 futuro
3187 4195 3386 4250 saeculo
3406 4212 3530 4267 pec-

1935 4286 2216 4342 catoribus
2247 4287 2653 4357 praeparantur,
2685 4288 2744 4337 et
2769 4287 2930 4337 curat
2964 4288 3029 4337 ut
3068 4282 3288 4338 sobrius
3335 4283 3426 4352 sit,
3471 4289 3531 4340 et

1870 4376 2216 4446 Dcustodiat
2242 4392 2301 4429 se
2329 4374 2399 4428 de
2422 4377 2622 4428 caetero
2651 4389 2780 4427 cum
2824 4387 3032 4444 magna
3071 4373 3309 4442 cautela,
3351 4389 3530 4447 usque

1933 4467 2006 4523 ad
2034 4471 2255 4537 tempus
2282 4461 2616 4518 visitationis
2643 4479 2779 4520 suae.

2003 4572 2093 4632 38.
2125 4573 2293 4629 Venit
2317 4572 2547 4645 quidam
2575 4587 2746 4626 senex
2773 4571 2841 4627 ad
2868 4571 3042 4628 alium
3060 4587 3286 4639 senem;
3317 4575 3375 4627 et
3397 4587 3527 4628 cum

1935 4667 2319 4738 loquerentur,
2352 4678 2502 4718 unus
2530 4678 2596 4718 ex
2619 4662 2701 4716 eis
2729 4661 2865 4716 dicit
2894 4680 2907 4717 :
2935 4661 3057 4734 Ego
3098 4667 3356 4717 mortuus
3402 4677 3529 4716 sum

1935 4755 2066 4811 huic
2093 4755 2492 4823 s:eculo(Ru/I‘.,
2520 4755 2565 4810 ι.
2594 4766 2656 4820 II,
2682 4769 2742 4807 η.
2777 4750 2914 4819 116;
2945 4752 3156 4817 Pasch.,
3189 4769 3236 4807 ο.
3273 4750 3357 4819 12,
3377 4754 3525 4822 η.5).

1934 4845 2094 4901 Alter
2121 4861 2249 4899 vero
2277 4843 2418 4898 dixit
2445 4842 2525 4898 ei:
2549 4843 2634 4898 Ne
2660 4841 2906 4896 conﬁdas
2932 4841 2992 4896 in
3003 4841 3320 4912 temetipso,
3353 4840 3530 4897 donec

1937 4951 2100 4990 exeas
2121 4934 2190 4988 de
2218 4949 2449 5004 corpore
2477 4931 2614 4998 isto;
2647 4947 2780 4986 nam
2808 4930 2855 4984 si
2879 4929 3019 4985 dicis
3042 4929 3112 4984 de
3142 4935 3198 4986 te
3225 4930 3358 5003 quia
3382 4947 3531 4990 more

1938 5031 2070 5082 tuus
2096 5039 2174 5091 es,
2206 5023 2444 5077 Satanas
2466 5035 2656 5076 autem
2685 5025 2941 5075 mortuus
2969 5035 3082 5074 non
3112 5025 3218 5076 est.

2008 5136 2094 5192 39.
2125 5135 2277 5190 Dixit
2303 5131 2532 5204 quidam
2559 5145 2763 5184 senex:
2798 5127 2977 5182 Debet
3008 5128 3316 5184 monachus
3353 5131 3536 5202 quoti-

1939 5225 2030 5281 die
2054 5241 2238 5289 mane,
2273 5228 2329 5278 et
2357 5237 2480 5277 sero
2509 5218 2757 5289 cogitare
2785 5216 2844 5271 in
2874 5217 3194 5289 semetipso,
3225 5219 3361 5290 quid
3406 5219 3538 5276 fecit

1941 5331 2136 5371 eorum
2165 5330 2288 5385 quae
2315 5311 2434 5366 vult
2461 5311 2630 5374 Deus,
2655 5312 2712 5362 et
2730 5323 2852 5379 quae
2863 5322 2974 5361 non
3009 5306 3158 5362 fecit.
3182 5306 3257 5362 Et
3303 5309 3385 5362 ita
3423 5314 3536 5364 tra-

1943 5410 2190 5460 ctantem
2215 5417 2440 5458 omnem
2468 5399 2641 5452 vitam
2679 5413 2839 5452 suam
2884 5396 3274 5468 pmnitentiam
3318 5397 3537 5468 agendo

1943 5494 2281 5550 monachum
2312 5506 2434 5548 esse
2462 5492 2714 5562 oportet;
2747 5487 2828 5543 sic
2856 5486 3007 5543 enim
3045 5485 3218 5542 abbas
3264 5485 3536 5542 Arsenius

1943 5586 2097 5643 vixit.

3078 5642 3226 5743 '30
