3964 6206
503 260 609 330 939
1661 271 1755 326 DE
1789 265 1978 326 vms
2018 261 2314 326 PATRUM
2350 269 2562 326 LIBER
2599 269 2666 322 v.
3608 271 3695 333 9w

519 449 533 473 ,
570 397 662 457 40.
694 398 844 455 Dixit
859 412 1026 452 senex
1054 415 1066 450 :
1086 395 1230 461 Quia
1249 396 1296 451 si
1319 396 1444 468 quis
1466 413 1667 452 aurum
1686 397 1771 450 vel
1796 400 2094 466 argentum
2112 397 2161 455 A
2253 395 2340 450 50.
2366 393 2636 449 Dicebant
2657 409 2853 450 senes:
2884 392 3030 458 Quia
3053 391 3113 446 in
3142 399 3324 448 monte
3347 393 3534 452 abbatis
3554 401 3693 458 Anto-

500 488 764 561 perdidit,
797 491 978 558 potest
1005 485 1320 541 reinveniiie
1342 504 1442 558 pro
1457 504 1523 542 eo
1549 487 1698 558 quod
1720 485 1986 557 perdidit.
2194 484 2273 538 nii
2289 484 2561 538 sedebant
2575 489 2790 555 septem
2807 481 3066 537 monachi
3079 487 3320 554 tempore
3332 483 3698 556 dactylorum,et

572 575 662 634 41.
691 575 843 632 Dixit
871 590 1039 629 senex
1064 594 1076 628 :
1112 575 1269 631 Sicut
1309 577 1470 630 miles
1503 582 1560 630 et
1606 581 1840 630 venator
1884 573 2108 646 proﬁci-
2191 589 2336 628 unus
2367 590 2431 627 ex
2461 573 2542 627 eis
2565 572 2827 642 abigebat
2853 571 2924 626 ab
2939 571 3021 626 eis
3047 571 3291 626 volucres
3313 591 3323 626 :
3343 580 3456 628 erat
3473 581 3626 632 autem
3639 579 3696 634 ibi

501 670 722 720 scentes
750 664 820 718 ad
850 664 1200 736 propositum
1231 665 1337 719 sibi
1375 665 1642 730 laborem,
1699 681 1810 719 non
1859 664 2108 734 cogitant
2190 679 2377 728 senex,
2411 663 2506 733 qui
2535 662 2594 716 in
2622 661 2713 716 die
2742 677 2854 732 qua
2883 677 3011 715 eum
3043 659 3287 731 dactylos
3313 663 3561 718 custodire
3597 683 3698 723 oon-

498 761 694 810 utrum
723 755 1053 808 vulneretur
1075 754 1299 825 aliquis,
1329 771 1402 809 an
1427 754 1636 810 illaesus
1666 758 1894 808 maneat
1923 753 2102 819 alter;
2187 751 2456 822 tingebat,
2476 750 2773 817 clamabat,
2799 751 3027 805 dicens:
3054 749 3401 806 Discediteab
3418 751 3564 821 intro,
3579 757 3698 812 male

497 843 597 898 sed
628 843 1016 915 unusquisque
1043 859 1145 914 pro
1173 860 1234 898 se
1255 844 1374 898 solo
1399 849 1578 899 certat
1601 863 1612 898 :
1660 843 1741 898 ita
1782 846 2004 914 oportet
2049 849 2107 896 et
2187 839 2572 911 cogitationes,
2597 846 2656 894 et
2683 840 2752 894 de
2776 839 2912 894 foris
2935 855 3082 894 aves.

498 933 838 988 monachum
866 948 1005 988 esse.
2257 931 2344 984 5|.
2378 929 2580 984 Frater
2607 929 2835 1000 quidam
2863 928 2923 983 in
2951 928 3106 983 cellis
3131 927 3444 984 infundebat
3481 933 3700 1002 palmqu

565 1025 744 1088 olz
774 1019 864 1078 42.
890 1021 1049 1077 Dixit
1072 1039 1241 1078 senex
1268 1041 1280 1076 :
1315 1023 1470 1078 Sicut
1489 1037 1655 1078 nemo
1688 1027 1873 1094 potest
1897 1021 2101 1076 laedere
2183 1035 2345 1086 suas;
2379 1024 2438 1073 et
2465 1035 2595 1072 cum
2627 1018 2866 1074 sedisset
2885 1018 3066 1072 facere
3085 1017 3310 1089 plectas,
3331 1018 3456 1073 dicit
3485 1020 3702 1092 eicogits-

495 1127 625 1166 eum
653 1111 749 1182 qui
777 1111 849 1166 ad
875 1111 1026 1166 latus
1050 1111 1404 1183 imperatoris
1421 1117 1524 1178 est,
1559 1113 1639 1165 ita
1658 1129 1840 1183 neque
1859 1110 2100 1166 Satanas
2183 1108 2262 1161 tio
2301 1123 2421 1173 sua,
2451 1114 2514 1162 ut
2537 1107 2644 1162 iret
2663 1108 2733 1162 ad
2756 1107 3057 1178 quemdam
3080 1123 3268 1161 senem
3291 1107 3498 1163 visitare
3513 1125 3636 1165 eum.
3653 1113 3706 1167 Et

493 1204 684 1270 potest
709 1199 921 1272 aliquid
939 1217 1042 1255 nos
1063 1217 1280 1266 nocere,
1307 1201 1354 1255 si
1379 1201 1571 1255 anima
1599 1206 1792 1255 nostra
1813 1199 2101 1255 inhaeserit
2181 1196 2386 1251 iterum
2418 1197 2670 1267 cogitans
2699 1196 2759 1250 in
2789 1196 3108 1267 semetipso,
3134 1196 3350 1250 dicebat
3375 1215 3386 1248 :
3409 1200 3525 1254 Post
3547 1215 3703 1270 paucos

491 1287 639 1342 Deo:
663 1288 932 1360 scriptum
971 1295 1057 1344 est
1075 1289 1254 1344 enim:
1281 1291 1742 1362 Appropinquate
1765 1289 1902 1344 mihi
1923 1295 1981 1342 et
2001 1305 2096 1359 ap-
2181 1286 2301 1340 dies
2325 1285 2545 1340 vadam.
2571 1287 2640 1340 Et
2669 1303 2892 1340 rursum
2927 1285 3148 1340 dicebat
3177 1285 3229 1340 ei
3272 1286 3526 1356 cogitatus
3563 1304 3700 1343 suus:

491 1376 880 1449 propinquabo
907 1377 1062 1432 vobis
1095 1381 1297 1444 (Zach.,
1329 1385 1368 1449 ι)
1401 1399 1413 1448 ;
1461 1380 1559 1434 sed
1596 1380 1728 1450 quia
1771 1380 2095 1448 frequenter
2182 1375 2240 1430 Si
2271 1375 2420 1430 inter
2439 1376 2556 1430 haec
2571 1376 2866 1442 moriatur,
2888 1376 3018 1446 quid
3041 1375 3244 1429 facies?
3261 1375 3362 1430 Sed
3383 1376 3556 1430 vatiam
3573 1378 3700 1432 modo

490 1465 832 1532 extollimur,
863 1467 1024 1522 facile
1046 1467 1195 1539 rapit
1223 1468 1488 1523 inimicus
1529 1468 1794 1523 miseram
1843 1467 2093 1522 animam
2175 1469 2242 1518 ut
2263 1464 2463 1536 loquar
2489 1465 2562 1528 ei,
2611 1471 2841 1536 propter
2867 1465 3118 1520 aestivum
3146 1469 3382 1536 tempus.
3428 1465 3490 1519 Et
3527 1465 3694 1521 iterum

492 1559 745 1608 nostram
774 1555 833 1609 in
861 1553 1171 1625 ignominia
1199 1557 1496 1628 passionis.
2177 1553 2317 1608 dixit
2344 1554 2495 1608 intra
2521 1570 2616 1608 se:
2653 1553 2766 1609 Sed
2803 1569 2915 1608 non
2945 1559 3031 1608 est
3069 1553 3236 1607 modo
3277 1559 3500 1625 tempus.
3533 1555 3698 1609 Iterum

563 1640 652 1697 43.
684 1642 883 1697 Frater
910 1643 1050 1698 dixit
1077 1645 1299 1700 cuidam
1328 1646 1451 1700 seni
1479 1665 1491 1700 :
1523 1645 1677 1700 Nihil
1705 1661 1906 1717 pugnae
1935 1644 2093 1700 video
2115 1714 2146 1717 _
2177 1649 2367 1698 autem
2398 1643 2680 1713 cogitavit,
2706 1643 2898 1698 dicens
2922 1659 2936 1697 :
2967 1643 3072 1696 Sed
3099 1659 3229 1697 cum
3256 1642 3500 1697 incideris
3513 1644 3706 1716 scirpum

489 1731 548 1786 in
578 1730 746 1786 corde
773 1748 918 1788 meo.
961 1733 1031 1787 Et
1079 1733 1217 1788 dixit
1245 1734 1295 1788 ei
1325 1751 1528 1788 senex:
1581 1736 1666 1790 Tu
1705 1714 1808 1790 sic
1843 1751 1903 1788 es
1947 1714 2158 1789 velutB
2178 1733 2248 1787 ad
2278 1739 2482 1787 mattas
2514 1733 2836 1803 ﬁttempus.
2856 1731 3168 1786 Etrursum
3191 1732 3360 1786 dixit:
3393 1714 3709 1804 Extendo‘pal-

491 1821 922 1892 quadrigemina
949 1827 1131 1894 porta,
1164 1829 1230 1878 ut
1276 1825 1594 1896 quicunque
1644 1825 1884 1878 voluerit
1923 1824 2098 1879 intret
2177 1823 2360 1876 mulas
2387 1823 2524 1877 istas
2553 1827 2610 1876 et
2633 1827 2768 1876 tunc
2789 1821 2952 1875 vado.
2977 1821 3192 1876 Rursus
3212 1821 3354 1875 dixit
3371 1821 3426 1874 in
3448 1821 3706 1893 semetipso:

487 1909 640 1964 unde
659 1910 901 1966 voluerit
928 1911 986 1966 in
1006 1917 1082 1977 te,
1115 1917 1174 1966 et
1199 1913 1350 1968 unde
1365 1914 1602 1968 voluerit
1623 1919 1801 1978 exeat,
1823 1919 1881 1968 et
1897 1919 1958 1968 tu
1979 1929 2092 1968 non
2178 1911 2288 1966 Sed
2315 1911 2481 1966 hodie
2510 1910 2721 1965 bonum
2751 1927 2938 1964 aerem
2969 1910 3119 1965 facit.
3154 1911 3224 1964 Et
3275 1927 3496 1980 surgens
3533 1911 3710 1981 reliquit

490 1997 763 2070 intelligis
791 2016 913 2071 qua:
944 2006 1210 2071 aguntur.
1242 2003 1388 2057 Nam
1417 2003 1465 2056 si
1495 2001 1733 2058 haberes
1755 2004 1991 2072 januam
2039 2007 2097 2056 et
2177 2001 2392 2071 palmas
2419 2001 2654 2064 infusas,
2681 2005 2740 2054 et
2763 2000 2966 2054 tollens
2991 1999 3258 2053 melotem
3282 2016 3452 2066 suam,
3481 1999 3710 2054 ibathat

493 2087 785 2164 clauderes
825 2105 973 2156 eam,
1023 2105 1126 2144 nec
1173 2091 1532 2161 permitteres
1576 2092 1790 2146 intrare
1833 2109 1934 2162 per
1969 2107 2094 2145 eam
2176 2095 2363 2143 autem
2395 2106 2561 2144 senex
2591 2089 2821 2160 quidam
2843 2089 3056 2143 vicinus
3087 2088 3158 2153 ei,
3200 2089 3286 2143 vir
3312 2089 3710 2160 praevidens;qui

489 2177 858 2248 cogitationes
887 2179 1084 2246 malas,
1127 2186 1261 2234 tunc
1307 2180 1522 2236 videres
1568 2185 1783 2236 stantes
1824 2181 1979 2248 foris,
2037 2184 2095 2234 et
2175 2195 2302 2233 cum
2325 2178 2558 2232 vidisset
2580 2195 2710 2232 cum
2739 2178 2956 2249 impetu
2974 2177 3360 2232 ambulantem
3387 2177 3628 2241 clamavit,
3647 2176 3709 2230 di-

487 2272 806 2338 pugnantes
833 2267 1132 2322 adversum
1169 2275 1246 2323 te.
2173 2284 2334 2322 cens:
2368 2267 2617 2338 Captive,
2650 2267 2883 2338 captive,
2914 2266 3012 2321 ubi
3045 2267 3257 2322 curris?
3295 2267 3415 2322 veni
3441 2267 3540 2320 huc
3555 2266 3612 2321 ad
3625 2281 3706 2320 me.

557 2353 958 2424 44.,Dicebant
987 2357 1057 2411 de
1087 2357 1330 2428 quodam
1359 2375 1492 2414 sene
1521 2359 1655 2430 quia
1683 2359 1906 2430 quando
1923 2359 1972 2413 ei
1993 2375 2088 2412 co-
2171 2356 2280 2422 Qui
2306 2373 2430 2411 cum
2465 2355 2726 2422 venisset,
2759 2356 2901 2411 dixit
2929 2356 2981 2410 ei
3009 2372 3178 2411 senex
3202 2374 3216 2409 :
3247 2357 3528 2412 Revertere
3548 2355 3599 2409 in
3620 2354 3706 2408 cel-

487 2443 790 2514 gitationes
818 2462 934 2500 suae
963 2445 1258 2501 dicebant:
1300 2447 1533 2502 Dimitte
1574 2448 1760 2515 hodie,
1803 2449 1924 2519 jam
1971 2464 2090 2502 cra-
2172 2445 2282 2499 lam
2311 2450 2489 2500 tuam.
2523 2445 2623 2500 Ille
2644 2451 2834 2500 autem
2859 2445 3037 2500 frater
3064 2445 3316 2500 narravit
3334 2445 3384 2500 ei
3413 2446 3708 2516 ﬂuctusquos

485 2531 634 2588 stino
665 2533 960 2604 pmnitebis
985 2553 998 2600 ;
1031 2535 1450 2590 contradicebat
1463 2536 1652 2591 eisille
1673 2537 1863 2591 dicens
1891 2555 1902 2590 :
1935 2535 2082 2604 Non,
2168 2535 2479 2604 pertulerat
2502 2534 2560 2588 in
2591 2533 3026 2605 cogitationibus
3056 2534 3192 2600 suis,
3225 2539 3284 2589 et
3307 2535 3384 2588 ita
3403 2537 3707 2588 reversusest

485 2620 586 2674 sed
614 2621 780 2675 hodie
801 2621 1191 2692 paenitentiam
1207 2639 1312 2694 ago
1338 2641 1351 2690 ;
1374 2625 1620 2680 crastino
1649 2631 1840 2680 autem
1870 2625 1970 2678 fiat
1995 2641 2088 2678 vo-
2169 2624 2240 2677 ad
2269 2623 2466 2678 cellam
2490 2640 2672 2678 suam.
2705 2625 2776 2678 Et
2802 2639 2930 2678 cum
2973 2623 3266 2694 ingressus
3295 2623 3484 2678 fuisset
3519 2622 3572 2677 in
3593 2637 3705 2685 eam,

484 2708 673 2764 luntas
701 2710 925 2765 Domini
945 2713 1128 2780 (Ra/)2,
1162 2715 1201 2766 ι.
1228 2726 1312 2780 III,
1339 2729 1396 2768 η.
1418 2712 1567 2784 165).
2165 2712 2468 2784 prostravit
2496 2728 2575 2777 se,
2606 2716 2662 2766 et
2679 2711 3064 2782 paenitentiam
3089 2711 3230 2782 egit.
3263 2713 3377 2767 Hoc
3393 2717 3562 2767 autem
3574 2710 3702 2776 facto,

555 2797 652 2858 45.
686 2799 842 2854 Dixit
865 2815 1076 2856 senex:
1122 2801 1246 2856 Nisi
1292 2803 1535 2857 exterior
1578 2808 1770 2856 noster
1811 2803 1978 2857 homo
2024 2819 2084 2857 se
2167 2819 2299 2856 voce
2329 2817 2536 2871 magna
2566 2800 2751 2856 subito
2777 2801 3058 2856 daemones
3077 2800 3702 2869 clamaverunt,dicentes:

485 2887 674 2944 sobrie
691 2889 952 2960 gesserit,
976 2889 1322 2961 impossibile
1333 2896 1420 2945 est
1433 2891 1713 2946 custodire
1731 2892 2080 2947 interiorem.
2165 2891 2364 2944 Vicisti
2391 2907 2512 2955 nos,
2548 2890 2839 2956 monachc,
2869 2889 3048 2944 vici-sti
3075 2907 3199 2945 nos.
3239 2892 3307 2945 Et
3322 2891 3462 2944 facta
3485 2893 3711 2944 estmatts

556 2975 646 3033 46.
669 2977 902 3033 Dicebat
923 2995 1122 3033 senex:
1152 2979 1296 3044 Quia
1314 2985 1430 3034 tres
1447 2979 1678 3035 virtutes
1699 2981 1940 3047 Satame,
1959 2999 2082 3054 qua:
2164 2981 2286 3050 ejus
2310 2995 2481 3050 supra
2506 2996 2674 3050 quam
2685 2979 2929 3050 jacebat,
2958 2980 3112 3034 velut
3123 2978 3193 3033 ab
3211 2979 3340 3050 igne
3354 2979 3578 3034 ustulata
3597 2996 3610 3045 ;
3628 2976 3711 3030 dae-

482 3067 808 3140 praacedunt
839 3067 1100 3122 universa
1127 3073 1354 3139 peccata
1386 3088 1397 3122 :
1433 3070 1616 3140 prima
1644 3070 1956 3137 oblivionis,
1991 3076 2142 3134 se-G
2166 3085 2360 3122 mones
2388 3073 2579 3122 autem
2605 3069 2758 3122 velut
2784 3069 2973 3122 fumus
3001 3069 3364 3124 exterminati
3389 3073 3526 3135 sunt,
3553 3067 3706 3138 sicque

481 3155 668 3211 cunda
691 3155 1066 3228 negligentiae,
1087 3157 1258 3212 tertia
1271 3158 1754 3229 concupiscentiae.
1791 3160 2011 3214 Etenim
2033 3159 2082 3214 si
2163 3157 2339 3212 frater
2366 3157 2459 3212 ille
2489 3156 2684 3212 didicit
2708 3158 2986 3212 versutias
3015 3173 3234 3212 eorum.

481 3245 686 3301 oblivio
711 3245 946 3311 venerit,
971 3251 1206 3316 generat
1223 3246 1658 3318 negligentiam;
1695 3248 1765 3302 de
1796 3239 2082 3319 negligen-
2235 3245 2322 3303 5'2.
2351 3245 2625 3300 Dicebant
2652 3245 2721 3300 de
2752 3246 2994 3316 quodam
3031 3262 3164 3301 sene
3184 3246 3323 3318 quia
3344 3245 3653 3301 moriebatur
3663 3243 3710 3298 in

479 3333 562 3389 tia
587 3350 719 3388 vero
737 3333 1185 3406 concupiscentia
1215 3335 1466 3390 nascitur
1494 3355 1506 3404 ;
1532 3337 1601 3390 de
1629 3337 2081 3408 concupiscentia
2163 3335 2375 3407 Scythi,
2407 3339 2464 3389 et
2493 3334 2985 3390 circumdederunt
3029 3335 3236 3390 fratres
3278 3335 3476 3390 lectum
3508 3334 3629 3404 ejus,
3664 3334 3712 3384 et

479 3440 611 3478 vero
639 3423 852 3478 corruit
875 3424 1063 3478 homo.
1095 3423 1155 3479 Si
1189 3425 1339 3492 enim
1369 3425 1451 3480 ita
1478 3430 1564 3480 est
1591 3425 1778 3480 sobria
1809 3443 1988 3497 mens,
2019 3433 2083 3482 ut
2161 3423 2471 3478 vestierunt
2499 3440 2648 3489 eum,
2679 3428 2736 3478 et
2763 3428 3053 3494 coeperunt
3081 3424 3221 3478 ﬂere
3246 3442 3260 3492 ;
3291 3423 3385 3477 ille
3408 3428 3579 3478 autem
3602 3435 3712 3492 ape-

479 3512 814 3569 oblivionem
845 3518 1094 3585 respuat,
1127 3514 1194 3568 ad
1229 3515 1636 3587 negligentiam
1665 3533 1779 3571 non
1805 3517 1992 3585 venit;
2026 3523 2084 3572 et
2163 3513 2280 3566 ruit
2307 3513 2495 3567 oculos
2525 3529 2656 3568 suos
2683 3517 2741 3567 et
2767 3512 2912 3579 risit,
2963 3518 3021 3567 et
3061 3512 3275 3583 adjecit
3324 3513 3520 3567 iterum
3563 3509 3712 3564 ridere

479 3600 528 3656 si
542 3617 655 3656 non
674 3601 985 3671 neglexerit
997 3603 1502 3674 concupiscentiam
1529 3614 1640 3658 non
1656 3603 1876 3676 recipit;
1893 3605 1940 3659 si
1954 3623 2082 3662 vero
2167 3603 2352 3670 (Rulli,
2385 3607 2422 3656 t.
2457 3616 2542 3668 ιιι,
2573 3619 2639 3660 η.
2681 3601 2820 3672 159).
2854 3603 2974 3656 Hoc
3000 3607 3192 3656 autem
3221 3601 3432 3656 factum
3457 3605 3538 3656 est
3557 3597 3712 3654 tertio.

480 3689 992 3760 concupiscentiam
1015 3707 1130 3744 non
1161 3691 1378 3762 recipit,
1425 3709 1716 3764 nunquam
1753 3693 1917 3747 cadet
1959 3695 2082 3767 opi-
2165 3691 2325 3756 Quod
2353 3707 2482 3746 cum
2501 3691 2756 3746 viderent
2783 3691 3004 3759 fratres,
3038 3695 3384 3762 rogaverunt
3399 3707 3539 3755 eum,
3567 3688 3712 3741 dicen.

478 3777 699 3832 tulante
727 3777 934 3832 Christi
962 3778 1166 3848 gratia.
2163 3785 2248 3834 tes
2271 3799 2283 3834 :
2317 3780 2417 3837 Dic
2443 3780 2622 3846 nobis,
2653 3778 2814 3848 abba,
2847 3797 3022 3851 quare
3033 3779 3195 3835 nobis
3215 3773 3711 3836 ﬂentibusturides?

549 3863 640 3920 47.
673 3863 824 3920 Dixit
842 3866 1070 3936 quidam
1093 3883 1288 3922 senex:
1307 3867 1704 3924 Taciturnitati
1733 3886 1962 3942 Operam
1985 3871 2074 3938 da,
2164 3869 2232 3922 Et
2258 3869 2398 3922 dixit
2417 3868 2524 3923 eis:
2561 3868 2751 3923 Primo
2779 3869 2898 3936 risi,
2929 3869 3063 3941 quia
3085 3886 3182 3924 vos
3224 3869 3438 3924 timetis
3483 3871 3708 3926 mortem;

481 3957 539 4008 et
563 3952 702 4008 nihil
729 3969 934 4008 vanum
966 3955 1194 4026 cogites,
1225 3962 1281 4010 et
1308 3957 1537 4012 intende
1581 3957 1934 4014 meditationi
1966 3965 2078 4014 tuae
2161 3958 2404 4012 secundo
2435 3958 2552 4024 risi,
2579 3957 2833 4028 quianon
2847 3958 2983 4012 estis
2995 3959 3180 4030 parati
3210 3959 3416 4030 ;tertio
3437 3951 3714 4019 autemrisi,

479 4039 596 4096 sive
626 4041 919 4114 quiescens
939 4043 1024 4099 vel
1053 4061 1290 4116 surgens
1319 4063 1447 4101 cum
1477 4046 1680 4102 timore
1701 4049 1828 4108 Dei.
1865 4050 1934 4103 Et
1962 4049 2079 4104 haec
2161 4047 2292 4118 quia
2313 4064 2378 4100 ex
2399 4046 2588 4101 labore
2601 4047 2672 4100 ad
2691 4046 2946 4118 requiem
2970 4047 3130 4114 vado,
3163 4053 3225 4102 et
3243 4065 3342 4102 vos
3369 4044 3602 4119 ploratis.
3622 4043 3714 4097 Hoc

477 4129 708 4200 faciens,
737 4131 1114 4204 malignorum
1151 4133 1396 4206 impetus
1425 4153 1538 4190 non
1567 4135 1812 4192 timebis.
2159 4151 2287 4189 cum
2315 4134 2566 4198 dixisset,
2596 4135 2788 4189 statim
2821 4140 3018 4212 utpote
3045 4135 3297 4190 moriens
3320 4134 3517 4190 clausit
3539 4131 3711 4186 oculos.

550 4217 640 4277 48.
673 4220 823 4276 Dixit
850 4238 1020 4276 senex
1049 4223 1269 4278 cuidam
1296 4223 1495 4278 fratri:
1539 4224 1806 4280 Diabolus
1837 4231 1920 4281 est
1962 4225 2074 4280 ini-
2232 4223 2812 4295 53.Venitaliquando
2827 4225 3254 4278 fratermanens
3274 4225 3336 4278 in
3349 4223 3710 4278 cellaadunum

477 4307 678 4376 Inicus,
709 4314 768 4364 et
787 4316 850 4364 tu
879 4309 1098 4366 domus.
1133 4311 1402 4366 Inimicus
1439 4331 1572 4385 ergo
1617 4331 1731 4368 non
1772 4323 1952 4370 cessat
1983 4316 2076 4386 ja-
2159 4313 2228 4368 de
2257 4313 2538 4379 Patribus,
2564 4319 2622 4368 et
2639 4313 2780 4368 dixit
2799 4313 2870 4377 ei,
2896 4313 3029 4384 quia
3052 4331 3086 4368 a
3112 4313 3458 4384 cogitatione
3473 4327 3567 4366 sua
3592 4306 3713 4362 afﬂi-

476 4402 632 4452 ctare
657 4415 830 4470 super
845 4403 902 4454 te
931 4399 1204 4471 quidquid
1231 4401 1519 4456 sordidum
1568 4403 1862 4471 invenerit,
1895 4405 2073 4459 eiiun-
2094 4395 2404 4474 Dgeretur.
2441 4402 2510 4456 Et
2537 4402 2678 4456 dixit
2705 4402 2756 4456 ei
2785 4419 2954 4456 senex
2977 4420 2989 4454 :
3021 4407 3136 4468 6|
3153 4407 3216 4468 θ
3249 4403 3336 4457 Tu
3387 4397 3643 4473 projecisti
3667 4396 3716 4449 in

473 4485 687 4542 densin
707 4492 764 4542 te
784 4487 1074 4542 universas
1103 4488 1514 4548 immunditias.
1545 4492 1726 4547 Tuum
1758 4498 1844 4546 est
1861 4498 2072 4561 autem,
2157 4497 2311 4546 terra
2333 4491 2737 4546 ferramentum
2757 4507 3048 4562 magnum,
3073 4491 3222 4562 quod
3255 4497 3344 4546 est
3362 4491 3528 4546 timor
3543 4487 3645 4553 Dei,
3668 4487 3714 4537 et

474 4591 590 4630 non
609 4575 894 4647 negligere
923 4582 988 4631 ut
1013 4577 1276 4649 projicias
1305 4578 1441 4633 foris
1467 4595 1589 4650 qua:
1618 4580 1713 4635 ille
1735 4581 2034 4652 jactaverit
2057 4597 2072 4636 :
2158 4573 2421 4652 accepisti
2457 4581 2517 4634 in
2544 4596 2716 4635 manu
2737 4586 2930 4635 tenere
2957 4579 3334 4634 arundineam
3378 4579 3596 4650 virgam,
3630 4575 3716 4628 hoc

473 4679 608 4720 nam
635 4663 682 4720 si
710 4665 1040 4737 neglexeris,
1057 4665 1366 4738 replebitur
1385 4666 1486 4722 tibi
1504 4668 1704 4724 domus
1723 4669 2000 4737 sordibus,
2019 4675 2076 4726 et
2159 4675 2246 4725 est
2271 4669 2638 4741 cogitationes
2648 4669 2842 4724 malas.
2861 4669 3064 4740 Accipe
3084 4686 3221 4740 ergo
3233 4669 3416 4740 magis
3430 4667 3526 4722 tibi
3537 4667 3712 4737 ignem,

473 4769 832 4826 nequaquam
859 4755 1068 4810 valebis
1092 4755 1305 4811 intrare
1351 4755 1409 4810 in
1441 4773 1589 4822 eam,
1637 4757 1734 4813 sed
1781 4758 1851 4813 ab
1887 4759 2070 4828 initio,
2157 4759 2254 4832 qui
2285 4765 2370 4814 est
2387 4759 2559 4813 timor
2585 4759 2705 4814 Dei.
2731 4755 2808 4813 Et
2825 4757 3048 4830 quando
3070 4749 3718 4830 approximabittibicogi-

473 4858 600 4914 quae
627 4843 721 4899 ille
743 4844 1058 4916 jactaverit,
1093 4849 1156 4900 tu
1195 4845 1334 4917 ejice
1379 4845 1674 4918 paulatim,
1723 4852 1780 4902 et
1826 4847 2076 4904 manebit
2157 4848 2296 4902 tatio
2327 4847 2494 4915 mala,
2515 4847 2668 4902 velut
2687 4847 2938 4902 calamus
2955 4845 3085 4918 igne
3105 4845 3330 4902 timoris
3350 4845 3450 4902 Dei
3467 4841 3715 4900 combure-

472 4929 674 4986 domus
700 4937 800 4988 tua
825 4934 1039 4990 munda
1058 4951 1160 5007 per
1185 4935 1429 5006 gratiam
1457 4935 1684 4990 Christi.
2155 4944 2287 5006 tur;
2319 4954 2503 5010 neque
2532 4937 2680 4992 enim
2714 4937 2978 5008 praevalet
3004 4936 3225 4992 malitia
3254 4937 3522 4992 adversus
3538 4949 3623 4990 eos
3639 4925 3715 5003 qui

541 5016 632 5076 49.
665 5020 816 5076 Dixit
837 5022 1066 5092 quidam
1096 5039 1294 5078 senum
1327 5042 1340 5078 :
1393 5023 1630 5088 Quando
1675 5026 2076 5098 cooperiuntur
2154 5025 2365 5081 habent
2400 5025 2664 5080 timorem
2687 5025 2809 5080 Dei.

473 5107 622 5164 oculi
641 5108 922 5178 animalis,
944 5116 1082 5168 tunc
1100 5111 1302 5169 circuit
1326 5113 1394 5168 ad
1415 5113 1804 5175 molendinum
1826 5135 1838 5170 :
1869 5116 1957 5170 sin
1977 5133 2073 5172 au-
2227 5113 2314 5170 54.
2347 5114 2498 5170 Dixit
2520 5115 2750 5186 quidam
2768 5116 3001 5170 Patrum
3026 5133 3038 5168 :
3067 5113 3189 5170 Nisi
3212 5113 3376 5186 prius
3394 5113 3518 5169 odio
3543 5109 3716 5167 habue-

472 5201 590 5252 tem
621 5196 999 5270 discoopertos
1027 5199 1290 5257 habuerit
1317 5203 1528 5268 oculos,
1573 5220 1688 5260 non
1717 5203 1971 5259 ambulat
2011 5206 2072 5262 in
2153 5204 2250 5272 ris,
2277 5220 2390 5258 non
2419 5209 2580 5276 potes
2603 5204 2858 5276 diligere.
2887 5203 3008 5260 Nisi
3038 5219 3172 5276 ergo
3213 5203 3406 5258 oderis
3443 5206 3710 5276 peccatum:

471 5285 710 5342 circuitu
741 5285 903 5342 molae
933 5302 946 5343 :
975 5287 1054 5343 sic
1077 5289 1226 5343 enim
1266 5296 1326 5346 et
1363 5291 1639 5359 diabolus,
1679 5293 1727 5348 si
1767 5295 2074 5350 occurrerit
2151 5311 2264 5348 non
2293 5293 2463 5349 facies
2477 5293 2781 5364 justitiam,
2813 5293 2957 5348 sicut
2983 5293 3254 5364 scriptum
3284 5297 3412 5348 est:
3463 5289 3714 5348 Declina:

471 5373 762 5450 cooperire
789 5375 980 5431 oculos
1005 5377 1269 5445 hominis,
1301 5379 1356 5434 in
1383 5397 1550 5436 omne
1570 5386 1861 5452 peccatum
1887 5383 2072 5438 humi-
2151 5383 2318 5448 malo,
2347 5388 2405 5437 et
2432 5383 2517 5436 fac
2545 5382 2758 5438 bonum
2787 5385 2954 5452 (Psal.
2987 5393 3188 5449 xxxVI).
3238 5381 3628 5436 Verumtamen
3664 5376 3713 5431 in

465 5463 572 5524 lict
597 5479 768 5534 eum;
801 5463 950 5538 quod
980 5464 1029 5520 si
1047 5481 1161 5522 non
1177 5465 1388 5522 fuerint
1415 5469 1590 5526 clausi
1607 5469 1753 5526 oculi
1777 5471 1920 5542 ejus,
1939 5471 2070 5527 faci-
2151 5471 2411 5526 omnibus
2436 5471 2523 5526 his
2542 5472 2893 5543 propositum
2948 5471 3127 5527 animi
3173 5469 3385 5542 ubique
3424 5467 3712 5542 requiritur.

463 5553 580 5616 lius
600 5558 790 5632 potest
813 5554 1062 5634 effugere
1090 5555 1162 5612 ab
1185 5572 1273 5614 eo.
2149 5560 2331 5618 Adam
2353 5560 2504 5618 enim
2522 5561 2582 5617 in
2600 5559 2862 5634 paradiso
2890 5560 3218 5630 consistens,
3241 5557 3628 5634 praem
3642 5557 3715 5614 est
