3976 6186
261 274 370 339 941
1578 280 1817 338 VERBA
1856 280 2246 341 SENIORUM.
3440 291 3546 360 942

260 402 602 459 mandatum
626 401 882 460 Deizlob
902 405 1092 461 autem
1117 403 1176 458 in
1196 407 1439 477 stercore
1457 404 1674 471 sedens,
1689 410 1869 460 custo-
1886 410 1935 466 Α
1952 406 2319 478 loquerentur
2355 409 2463 464 sibi
2484 410 2556 465 ad
2585 410 2842 481 invicem,
2887 413 3183 488 increpans
3213 434 3309 490 eos
3352 419 3493 476 dixit
3524 441 3538 477 :

262 493 429 549 divit.
453 494 615 549 Unde
643 498 863 549 constat
892 494 1026 567 quia
1052 493 1397 567 propositum
1428 494 1639 550 bonum
1670 496 1871 567 quaerit
1950 497 2172 565 Tacete,
2201 498 2428 568 fratres;
2466 517 2568 571 ego
2592 502 2741 557 enim
2771 503 2884 558 scio
2904 521 3082 561 unum
3108 506 3341 563 fratrem
3380 525 3545 582 man-

262 583 421 639 Deus
442 582 513 639 ab
541 583 789 652 homine,
818 589 884 639 ut
910 600 1134 656 semper
1158 589 1353 639 teneat
1380 601 1530 641 eum.
1952 586 2252 643 ducantem
2273 588 2580 657 vobiscum,
2606 597 2663 646 et
2697 593 2877 648 oratio
2902 596 3024 666 ejus
3052 597 3305 652 ascendit
3330 598 3389 653 in
3420 615 3550 655 con-

644 710 991 767 LIBELLUS
1028 706 1515 767 DUODECIMUS’
1953 683 2147 767 spectu
2169 678 2271 733 Dei
2287 680 2439 735 velut
2456 679 2622 751 ignis.

678 764 749 777 επ
918 764 935 766 -
970 764 1111 848 ἰ-
1473 764 1487 766 “
1521 839 1538 848 “
1572 840 1586 848 .
1635 843 1644 848 Δ
1837 840 1848 848 Δ
2024 764 2078 824 8.
2111 767 2279 822 Venit
2310 768 2483 824 abbas
2511 769 2617 825 Lot
2655 771 2726 826 ad
2758 770 3015 829 abbatem
3040 776 3265 848 Ioseph,
3299 783 3357 833 et
3411 777 3557 835 dixit

266 837 348 892 De
367 852 427 891 eo
450 837 596 906 quod
620 839 740 891 sine
774 839 1186 892 intermissione
1212 844 1263 893 et
1289 839 1466 893 sobrie
1499 839 1647 893 debet
1687 840 1865 893 arari.

1977 856 2002 910 ei
2026 874 2038 910 :
2062 856 2241 924 Abba,
2256 858 2561 914 secundum
2590 860 2858 916 virtutem
2882 879 3091 931 meam,
3120 865 3259 921 facio
3270 867 3555 924 modicam

344 944 372 998 ‘l
388 984 401 997 .
425 943 698 999 Dicebant
719 944 788 999 de
808 942 1009 999 abbate
1035 944 1292 1013 Arsenio,
1320 945 1453 1017 quia
1469 961 1699 1018 vespere
1726 945 1866 1001 Sab-
1953 946 2227 1017 regulam,
2250 953 2308 1002 et
2327 965 2560 1020 parvum
2576 950 2879 1020 jejunium,
2912 956 2970 1006 et
2997 953 3329 1022 orationem,
3355 962 3413 1011 et
3437 973 3552 1012 me-

263 1032 390 1087 bati
407 1032 721 1088 lucescente
742 1033 1051 1100 Dominica,
1069 1034 1423 1106 relinquebat
1434 1040 1561 1107 post
1582 1052 1643 1089 se
1666 1035 1861 1103 solem,
1947 1034 2374 1104 ditationem,'et
2393 1038 2657 1112 quietem,
2677 1046 2734 1094 et
2751 1041 3059 1097 secundum
3085 1043 3348 1100 virtutem
3365 1060 3551 1102 meam

271 1126 336 1177 et
360 1121 696 1177 extendebat
723 1139 924 1177 manus
957 1140 1087 1179 suas
1120 1124 1191 1178 ad
1218 1124 1420 1178 coelum
1449 1141 1634 1188 orans,
1692 1124 1869 1180 donec
1955 1124 2154 1180 studeo
2177 1142 2420 1197 purgare
2439 1128 2809 1198 cogitationes
2839 1146 3020 1197 meas;
3054 1132 3188 1203 quid
3217 1149 3350 1204 ergo
3379 1134 3555 1191 debeo

269 1227 445 1266 mane
472 1211 563 1266 die
592 1211 884 1267 Dominico
913 1212 1543 1269 illustraretascendens
1554 1215 1638 1269 sol
1673 1214 1873 1271 faciem
1958 1214 2027 1268 de
2047 1218 2246 1269 caetero
2261 1215 2747 1288 facere?Surgens
2776 1235 2909 1290 ergo
2921 1236 3110 1287 senex,
3143 1222 3410 1293 expandit
3434 1240 3559 1279 ma-

272 1301 423 1372 ejus,
456 1305 515 1356 et
541 1301 621 1355 sic
647 1301 930 1356 residebat
958 1303 1140 1375 (Ra/71,
1164 1307 1202 1358 Ι.
1228 1317 1309 1370 In,
1346 1321 1504 1358 num.
1536 1303 1648 1376 21).
1958 1319 2066 1359 nus
2086 1320 2217 1359 suas
2234 1304 2294 1359 in
2319 1305 2540 1373 coelum,
2566 1311 2622 1361 et
2651 1306 2781 1362 facti
2801 1314 2935 1363 sunt
2949 1309 3109 1380 digiti
3140 1312 3263 1381 ejus
3289 1312 3444 1367 velut
3466 1313 3561 1367 de;

348 1388 404 1446 2.
445 1387 945 1462 Interrogaverunt
985 1390 1187 1446 fratres
1212 1391 1473 1447 abbatem
1500 1394 1873 1465 Agathonem,
1959 1408 2081 1447 cem
2110 1393 2397 1464 lampades
2418 1394 2583 1464 ignis,
2617 1401 2674 1450 et
2703 1396 2844 1451 dixit
2870 1397 2920 1451 ei
2948 1414 2960 1451 :
2996 1397 3057 1453 Si
3083 1397 3185 1465 vis,
3216 1398 3561 1456 efficiereto-

274 1478 529 1535 dicentes
564 1498 579 1535 :
611 1480 799 1548 Pater,
830 1497 955 1552 quae
994 1480 1168 1536 virtus
1198 1483 1255 1537 in
1284 1483 1704 1539 conversatione
1750 1485 1876 1556 plus
1958 1487 2050 1536 tus
2068 1482 2215 1537 sicut
2242 1483 2409 1553 ignis.

273 1569 452 1624 habet
492 1567 744 1624 laboris?
772 1570 842 1624 Et
882 1570 1022 1624 dixit
1065 1570 1145 1626 eis
1178 1590 1189 1624 :
1220 1571 1495 1643 Ignoscite
1541 1574 1700 1640 mihi,
1744 1573 1877 1645 quia
2029 1570 2084 1627 9.
2116 1571 2409 1627 Venerunt
2449 1573 2752 1645 aliquando
2783 1574 2855 1628 ad
2909 1573 3172 1629 abbatem
3229 1576 3462 1632 Lucium
3502 1578 3562 1633 in

275 1663 418 1731 puto
447 1675 559 1713 non
590 1675 711 1714 esse
741 1659 916 1714 alium
944 1659 1197 1715 laborem
1224 1662 1419 1727 talem,
1457 1662 1681 1734 qualem
1715 1679 1876 1718 orare
1960 1660 2178 1715 Ennato
2227 1662 2486 1716 monachi
2544 1662 2797 1734 quidam,
2825 1664 2921 1735 qui
2963 1663 3291 1719 dicebantur
3317 1666 3566 1723 Euchitm

274 1748 462 1803 Deum
486 1767 500 1815 ;
528 1748 664 1803 dum
685 1748 837 1803 enim
848 1750 1090 1805 voluerit
1112 1750 1280 1805 homo
1298 1768 1459 1806 orare
1479 1751 1658 1806 Deum
1688 1769 1874 1818 suum,
1901 1735 1947 1793 Β
1964 1748 2093 1819 (40),
2119 1750 2225 1805 hoc
2252 1757 2338 1805 est
2366 1756 2594 1807 orantes
2617 1771 2630 1819 ;
2663 1759 2719 1806 et
2742 1752 3114 1823 interrogavit
3133 1770 3228 1808 eos
3259 1770 3448 1821 senex,
3480 1756 3566 1811 di-

276 1853 504 1909 semper
520 1837 734 1893 inimici
750 1839 1312 1895 daamonesfestinant
1328 1841 1741 1913 interrumpere
1759 1859 1880 1896 ora-
1932 1836 2126 1893 'cens:
2161 1840 2322 1903 Quod
2350 1846 2437 1895 est
2481 1857 2621 1912 opus
2656 1857 2928 1897 manuum
2953 1847 3268 1897 vestrarum
3287 1845 3475 1911 (Itum,
3517 1847 3563 1900 ι.

271 1927 491 1982 tionem
517 1928 658 1998 ejus,
677 1926 917 1983 scientes
946 1927 1078 2000 quia
1106 1946 1172 1983 ex
1201 1930 1358 1984 nulla
1388 1947 1448 1984 re
1470 1930 1876 2002 impediuntur,

276 2016 394 2072 nisi
413 2033 514 2089 per
526 2017 837 2072 orationem
850 2018 1031 2073 fusam
1051 2018 1121 2073 ad
1134 2019 1332 2074 Deum.
1349 2019 1637 2091 Siquidem
1654 2037 1880 2076 omnem

280 2105 459 2161 alium
497 2105 767 2173 laborem,
803 2124 969 2179 quem
995 2107 1163 2163 homo
1192 2109 1252 2163 in
1282 2109 1547 2180 religiosa
1599 2127 1887 2165 conversa-

284 2194 439 2250 tione
458 2195 674 2267 positus
685 2197 1070 2268 assumpserit,
1104 2198 1359 2269 quamvis
1382 2198 1658 2253 instanter
1677 2204 1733 2254 et
1751 2200 1888 2254 tole-

288 2290 487 2339 ranter
513 2290 662 2356 agat,
694 2285 863 2340 habet
891 2290 1083 2341 tamen
1132 2292 1189 2342 et
1225 2287 1473 2359 possidet
1518 2288 1765 2359 aliquam
1793 2305 1885 2344 re-

289 2374 479 2446 quiem
514 2394 526 2429 :
559 2376 740 2430 oratio
769 2380 959 2431 autem
998 2392 1177 2448 usque
1207 2377 1277 2432 ad
1297 2377 1553 2432 ultimam
1577 2378 1884 2433 exhalatio-

288 2480 420 2519 nem
449 2456 591 2536 opus
618 2470 720 2532 est,
750 2470 815 2521 ut
841 2464 1048 2521 habeat
1071 2465 1321 2521 laborem
1336 2467 1528 2538 magni
1546 2468 1887 2522 certaminis.

356 2552 413 2608 3.
450 2554 714 2609 Narravit
726 2553 897 2610 abbas
917 2555 1111 2621 Dulas,
1138 2556 1234 2627 qui
1248 2555 1356 2611 fuit
1385 2556 1689 2629 discipulus
1720 2556 1888 2611 abba-

286 2644 363 2699 tis
375 2643 710 2710 Besarionis,
733 2644 925 2699 dicens
958 2663 970 2698 :
993 2645 1134 2700 Veni
1155 2645 1459 2717 aliquando
1483 2646 1542 2700 in
1555 2647 1753 2701 cellam
1783 2646 1884 2701 ab-

284 2732 433 2788 batis
455 2733 586 2797 mei,
613 2738 671 2788 et
691 2733 879 2788 inveni
916 2750 1046 2789 eum
1082 2738 1327 2788 stantem
1353 2734 1424 2789 ad
1444 2734 1755 2790 orationem
1784 2753 1796 2789 :
1828 2739 1886 2790 et

286 2837 491 2877 manus
519 2823 643 2894 ejus
671 2828 835 2877 erant
850 2828 1092 2877 extensae
1115 2823 1174 2877 in
1194 2824 1417 2878 coelum.
1436 2824 1755 2879 Permansit
1780 2841 1884 2879 au-

1961 1942 2022 1995 II,
2056 1946 2112 1983 η.
2145 1928 2273 1999 212)
2292 1930 2318 1983 ?
2354 1931 2423 1985 Et
2450 1930 2533 1985 illi
2578 1931 2840 1987 dixerunt
2871 1952 2882 1987 :
2914 1934 3030 1988 Nos
3048 1950 3161 1989 non
3190 1935 3566 2007 contingimus

1962 2018 2190 2090 aliquod
2220 2036 2359 2091 opus
2404 2037 2697 2088 manuum,
2736 2022 2833 2076 sed
2861 2022 3007 2077 sicut
3032 2023 3167 2078 dicit
3197 2025 3497 2096 Apostolus
3523 2027 3571 2092 (I

1973 2107 2147 2161 Thess.
2184 2109 2253 2178 v),
2282 2108 2404 2163 sine
2432 2108 2849 2165 intermissione
2889 2128 3136 2166 oramus.
3187 2112 3334 2168 Dicit
3361 2113 3442 2169 eis
3486 2130 3572 2169 se-

1968 2212 2075 2251 nex
2096 2216 2107 2251 :
2125 2198 2195 2251 Et
2206 2214 2320 2252 non
2337 2198 2689 2253 manducetis
2708 2200 2733 2252 7
2745 2200 2831 2254 Illi
2853 2205 3042 2255 autem
3063 2192 3327 2257 dixerunt
3348 2220 3360 2256 :
3383 2202 3569 2258 Etiam

1967 2285 2389 2340 manducamus.
2423 2287 2493 2341 Et
2519 2287 2653 2341 dicit
2684 2286 2765 2342 eis
2797 2304 2965 2343 senex
3000 2302 3014 2338 :
3054 2289 3290 2353 Quando
3318 2305 3452 2362 ergo
3481 2307 3571 2346 co-

1968 2373 2211 2440 meditis,
2232 2374 2358 2446 quis
2380 2392 2481 2447 pro
2507 2375 2661 2430 vobis
2673 2380 2799 2431 orat
2817 2377 2843 2431 ’ἲ
2865 2378 2935 2432 Et
2961 2372 3168 2433 iterum
3197 2378 3571 2451 interrogavit

1973 2479 2087 2529 eos,
2119 2463 2341 2518 dicens:
2376 2465 2503 2519 Non
2525 2465 2823 2520 dormitis?
2842 2472 2909 2533 θ
2923 2472 2963 2533 ι
2977 2472 3034 2531 4
3059 2467 3129 2523 Et
3156 2467 3239 2523 illi
3266 2468 3556 2524 dixerunt:

1973 2551 2321 2607 Dormimus.
2368 2553 2438 2607 Et
2472 2552 2613 2608 dixit
2634 2569 2802 2608 senex
2835 2572 2847 2607 :
2880 2554 2951 2609 Et
2978 2558 3113 2610 cum'
3139 2555 3417 2625 dormitis,
3446 2556 3573 2629 quis

1969 2658 2071 2713 pro
2098 2641 2251 2696 vobis
2274 2641 2445 2696 orat?
2480 2643 2550 2697 Et
2571 2658 2684 2698 non
2713 2643 3051 2700 invenerunt
3074 2645 3208 2717 quid
3239 2646 3311 2701 ad
3339 2647 3459 2702 haec
3486 2663 3572 2703 re-

1966 2731 2318 2802 sponderent
2337 2731 2408 2787 ei.
2441 2732 2511 2785 Et
2539 2731 2680 2787 dixit
2702 2733 2785 2787 eis
2808 2751 2819 2786 :
2845 2733 3127 2804 Ignoscite
3155 2734 3311 2804 mihi,
3344 2736 3567 2805 fratres,

1967 2819 2100 2890 quia
2128 2837 2254 2874 ecce
2274 2837 2385 2874 non
2402 2820 2581 2875 facitis
2600 2820 2747 2876 sicut
2765 2821 2984 2877 dixistis
3008 2842 3020 2877 :
3046 2840 3150 2894 ego
3179 2829 3369 2879 autem
3386 2831 3572 2882 osten-

287 2918 402 2967 tem
427 2912 533 2966 hoc
572 2912 778 2967 faciens
799 2912 1015 2984 jugiter
1042 2929 1144 2985 per
1182 2913 1605 2985 quatuordecim
1643 2914 1781 2968 dies.
1816 2914 1886 2968 Et
1966 2908 2097 2963 dam
2121 2908 2291 2976 vobis,
2328 2909 2461 2980 quia
2484 2926 2724 2980 operans
2753 2909 3013 2965 manibus
3034 2912 3192 2979 meis,
3222 2912 3345 2968 sine
3397 2908 3571 2968 interl-

284 3006 411 3073 post
428 3001 547 3056 hac
564 3001 779 3055 vocavit
789 3018 899 3069 me,
922 3006 980 3056 et
998 3002 1163 3060 dixit:
1181 3002 1430 3074 Sequere
1446 3019 1554 3056 me.
1580 3001 1649 3056 Et
1672 3017 1881 3056 exeun-
1906 3056 1945 3074 ﬂ
1967 2997 2231 3052 missione
2261 3013 2378 3051 oro.
2414 2998 2591 3052 Sedeo
2634 2998 2785 3052 enim
2823 2999 3056 3068 juvante
3101 3000 3237 3067 Deo,
3269 3000 3569 3058 infundens

283 3096 368 3145 tes
388 3090 741 3162 perreximus
756 3090 814 3146 in
835 3107 1195 3160 eremo;cum
1225 3081 1443 3146 sitirem
1456 3091 1571 3145 dixi
1591 3090 1642 3145 ei
1668 3089 1876 3158 :Abba,
1903 3056 2103 3141 Cmihi
2133 3103 2338 3158 paucas
2370 3087 2666 3158 palmulas,
2700 3092 2758 3141 et
2798 3087 2940 3142 facio
2971 3105 3037 3142 ex
3065 3088 3145 3143 eis
3200 3090 3459 3160 plectam,
3509 3097 3569 3175 et

282 3179 430 3234 sitio.
481 3180 581 3235 Ille
628 3185 817 3235 autem
846 3181 1111 3236 melotem
1150 3181 1352 3236 tollens
1389 3181 1648 3235 discessit
1688 3197 1723 3235 a
1766 3197 1878 3246 me,
1962 3176 2084 3231 dico
2113 3194 2124 3229 :
2151 3175 2416 3230 Miserere
2446 3176 2578 3243 mei,
2596 3176 2765 3242 Deus,
2780 3177 3089 3232 secundum
3111 3194 3377 3249 magnam
3394 3180 3566 3235 mise-

283 3273 559 3340 quantum
574 3270 761 3340 jactus
780 3275 865 3325 est
882 3270 1104 3342 lapidis,
1141 3275 1200 3325 et
1228 3270 1377 3325 facta
1392 3271 1645 3325 oratione
1686 3269 1882 3325 attulit
1962 3264 2261 3320 ricordiam
2281 3272 2457 3332 tuam,
2492 3271 2548 3319 et
2576 3266 2883 3321 secundum
2899 3266 3318 3323 multitudinem
3330 3269 3566 3324 misera-

282 3374 407 3413 eam
435 3358 662 3431 plenam
690 3359 934 3430 aqua.Et
951 3359 1226 3415 abivimus
1245 3360 1303 3414 in
1320 3359 1602 3414 civitatem
1624 3360 1791 3432 Lyco,
1823 3364 1882 3414 et
1960 3356 2178 3410 tionum
2213 3360 2441 3410 tuarum
2460 3354 2584 3408 dele
2606 3354 2960 3426 iniquitatem
2984 3372 3170 3411 meam
3197 3359 3361 3425 (Psal.
3400 3357 3472 3429 ι).
3492 3359 3564 3414 Et

282 3447 536 3502 venimus
569 3448 639 3502 ad
668 3447 929 3504 abbatem
950 3449 1256 3517 Joannem;
1281 3454 1339 3504 et
1383 3450 1695 3504 salutantes
1724 3465 1875 3515 eum,
1962 3444 2102 3499 dixit
2113 3444 2222 3501 eis:
2242 3444 2436 3500 Oratio
2475 3450 2578 3511 est,
2598 3460 2670 3499 an
2697 3445 2928 3499 non?Et
2955 3446 3280 3501 dixeruntei
3304 3465 3316 3501 :
3348 3447 3555 3503 Etiam.

280 3535 515 3592 fwimus
527 3537 859 3593 orationem.
880 3537 1095 3593 Deinde
1125 3538 1382 3593 sedentes
1403 3544 1694 3610 coeperunt
1724 3537 1881 3609 loqui
1963 3534 2031 3589 Et
2043 3533 2318 3589 illedixit:
2360 3533 2595 3598 Quando
2620 3549 2984 3605 permansero
3011 3539 3134 3590 tota
3173 3536 3263 3591 die
3300 3536 3563 3593 laborans

280 3625 348 3681 de
378 3626 594 3681 visione
635 3643 805 3699 quam
850 3627 1124 3682 viderant.
1159 3627 1310 3682 Dixit
1356 3627 1528 3682 abbas
1568 3627 1879 3682 Besario'n:
1964 3628 2022 3678 et
2049 3640 2214 3678 orans
2260 3622 2425 3677 corde
2460 3622 2546 3675 vel
2585 3621 2701 3686 ore,
2728 3621 2867 3677 facio
2917 3624 3045 3694 plus
3074 3624 3263 3680 minus
3315 3626 3562 3699 sedec_im

280 3715 424 3781 Quia
452 3715 625 3771 exivit
645 3685 984 3789 praeceptum
1002 3751 1006 3755 ‹
1022 3734 1058 3772 a
1105 3716 1344 3772 Domino
1398 3722 1465 3772 ut
1517 3716 1884 3772 destruantur
1963 3728 2226 3767 nummos
2247 3716 2326 3777 ,et
2341 3727 2487 3782 pono
2511 3726 2578 3764 ex
2606 3710 2688 3765 eis
2726 3711 2796 3765 ad
2819 3711 3024 3766 ostium
3044 3712 3204 3781 duos,
3224 3718 3282 3769 et
3306 3685 3562 3770 residﬁos

277 3805 517 3877 templa.
545 3805 617 3860 Et
644 3806 855 3862 factum
887 3812 975 3863 est
1001 3806 1079 3861 sic
1103 3825 1116 3876 ;
1138 3812 1196 3861 et
1223 3806 1508 3862 destructa
1531 3812 1682 3863 sunt.
1962 3800 2260 3855 manduco.
2293 3800 2400 3864 Qui
2423 3799 2700 3871 acceperit
2718 3799 2844 3855 illos
2865 3800 3006 3856 duos
3025 3801 3447 3871 denarios,orat
3458 3820 3561 3877 pro

347 3893 403 3952 4.
440 3894 598 3950 Dixit
641 3895 815 3950 abbas
844 3895 1115 3967 Evagrius
1144 3914 1155 3950 :
1189 3896 1250 3952 Si
1286 3896 1478 3951 deﬁcis
1519 3896 1730 3963 animo,
1756 3912 1875 3951 ora.
1962 3907 2052 3945 me
2081 3895 2335 3961 tempore
2354 3904 2465 3960 quo
2480 3905 2583 3960 ego
2615 3889 2894 3945 manduco
2908 3891 2993 3945 vel
3022 3891 3239 3947 dormio
3263 3911 3276 3961 ;
3296 3898 3465 3965 atque
3481 3893 3564 3949 ita

280 3982 395 4041 Ora
412 3989 605 4041 autem
634 4001 762 4040 cum
781 3985 1007 4052 timore,
1035 3992 1093 4040 et
1110 3990 1445 4054 tremore,et
1468 3983 1678 4053 labore,
1697 3983 1881 4041 sobrie
1962 3996 2064 4052 per
2086 3980 2330 4051 gratiam
2355 3978 2457 4032 Dei
2476 3978 2743 4049 impletur
2770 3996 2803 4034 εί
2831 3996 2921 4035 me
2949 3980 3098 4052 quod
3127 3982 3398 4054 scriptum
3427 3988 3515 4039 est
3541 4001 3554 4037 :

278 4078 338 4129 et
354 4073 673 4145 vigilanter.
702 4076 790 4130 Ita
809 4078 1031 4147 oportet
1040 4090 1220 4141 orare,
1237 4074 1480 4130 maxime
1499 4080 1730 4147 propter
1755 4090 1878 4128 ma-

275 4162 461 4235 lignos
488 4168 548 4218 et
573 4164 646 4218 ad
674 4164 955 4236 nequitias
975 4169 1236 4219 vacantes
1278 4163 1582 4218 invisibiles
1621 4162 1879 4219 inimicos

275 4256 524 4319 nostros,
556 4253 651 4324 qui
667 4269 771 4307 nos
799 4253 857 4308 in
880 4254 986 4308 hoc
1003 4253 1279 4325 praecipue
1299 4253 1572 4324 impedire
1591 4253 1871 4308 nituntur.

1964 4068 2097 4124 Sine
2126 4066 2544 4123 intermissione
2577 4072 2735 4122 orate
2758 4069 2810 4138 (Ι
2841 4069 3010 4123 Thess.
3044 4070 3123 4140 v).

2031 4157 2120 4213 '10.
2151 4158 2649 4227 Interrogaverunt
2678 4156 2908 4226 quidam
2936 4156 3195 4212 abbatem
3224 4159 3555 4229 Macarium,

1958 4245 2239 4300 dicentes:
2265 4243 2553 4308 Quomodo
2596 4241 2864 4297 debemus
2900 4259 3062 4299 orare
3090 4246 3276 4314 (Rw/ﬂ,
3309 4250 3348 4302 ι.
3377 4261 3459 4315 In,
3489 4264 3551 4303 η.

346 4340 404 4396 5.
437 4320 592 4396 Dixit
626 4342 832 4397 iterum
855 4361 869 4397 :
903 4320 1138 4407 Quando
1174 4320 1457 4413 cogitatio
1496 4342 1779 4433 contraria
1816 4342 1876 4396 in
1894 4332 2081 4433 D207)
2105 4336 2129 4389 ?
2158 4335 2225 4433 Iit
2238 4333 2377 4387 dixit
2390 4333 2471 4433 eis
2493 4320 2677 4433 senex“:
2703 4332 2828 4387 Non
2857 4349 2998 4404 opus
3021 4338 3107 4433 est
3133 4335 3374 4433 multum
3399 4336 3556 4433 loqui

277 4429 446 4485 corde
473 4430 705 4499 venerit,
724 4431 838 4485 noli
852 4431 966 4485 alia
980 4448 1081 4502 pro
1125 4430 1253 4485 aliis
1268 4431 1693 4502 perorationem
1733 4447 1879 4502 quze-
1894 4421 1941 4433 “’
1958 4425 2018 4479 in
2051 4424 2321 4488 oratione.
2351 4422 2449 4477 sed
2471 4421 2769 4477 “tandem
2801 4438 3002 4477 manus
3037 4423 3378 4496 frequenter,
3402 4429 3460 4481 et
3476 4426 3561 4481 ἀίέ

277 4535 425 4585 rere,
460 4519 561 4573 sed
586 4519 851 4575 adversus
890 4537 1021 4575 eum
1042 4520 1138 4592 qui
1176 4524 1232 4575 te
1261 4519 1574 4591 impugnat,
1625 4519 1874 4592 gladium

278 4606 662 4681 lacrymarum
681 4625 905 4665 exacue.

347 4696 403 4753 6.
427 4698 758 4753 Mandatum
777 4704 865 4754 est
890 4705 1095 4754 sanctae
1123 4699 1406 4754 memoriae
1426 4698 1736 4771 Epiphanio
1764 4698 1880 4771 epi-

274 4803 448 4860 scopo
473 4788 701 4860 Cyprio,
746 4787 816 4842 ab
857 4788 1058 4844 abbate
1094 4788 1421 4844 monasterii
1458 4789 1564 4856 sui,
1599 4789 1748 4861 quod
1775 4789 1878 4843 ha-

275 4874 406 4932 buit
426 4877 483 4931 in
498 4877 796 4933 Palaestina
812 4896 823 4931 :
841 4877 987 4943 Quia
1002 4878 1350 4933 orationibus
1362 4879 1477 4933 tuis
1497 4895 1610 4932 non
1630 4878 1878 4949 neglexi-

274 4978 407 5018 mus
434 4962 711 5034 regulam,
737 4963 833 5019 sed
856 4981 982 5019 cum
1001 4962 1375 5019 sollicitudine
1388 4962 1874 5031 tertiam,sextam,

273 5066 489 5108 nonam
518 5058 687 5125 atque
708 5070 1003 5125 vesperam
1036 5052 1402 5108 celebramus.
1437 5053 1536 5107 Ille
1565 5058 1755 5107 autem
1782 5068 1876 5106 re-

273 5140 637 5214 prehendens
666 5158 817 5210 eum,
854 5143 1143 5197 mandavit
1171 5141 1222 5196 ei
1255 5161 1267 5195 :
1302 5142 1535 5197 Constat
1552 5158 1647 5196 vos
1682 5157 1881 5196 vacare

273 5228 352 5285 ab
375 5230 633 5286 oratione
659 5232 875 5287 caeteris
903 5232 1058 5287 horis
1073 5251 1091 5305 ;
1114 5248 1243 5287 eum
1275 5236 1464 5286 autem
1491 5230 1587 5302 qui
1616 5247 1780 5286 verus
1798 5236 1883 5285 est

274 5319 611 5386 monachus,
645 5325 867 5393 oportet
917 5321 1038 5375 sine
1092 5319 1506 5375 intermissione
1557 5336 1738 5388 orare,
1783 5327 1882 5375 aut

273 5413 432 5465 certe
460 5409 701 5482 psallere
730 5409 789 5465 in
812 5411 978 5467 corde
999 5427 1121 5466 suo.

349 5497 406 5555 7.
438 5497 595 5553 Dixit
614 5498 784 5554 abbas
805 5499 1014 5555 Isaias:
1039 5499 1183 5566 Quia
1203 5500 1496 5573 presbyter
1519 5500 1727 5556 Pelusii
1751 5517 1881 5556 cum

269 5585 500 5648 faceret
523 5604 780 5669 agapem,
801 5594 859 5647 et
883 5589 1084 5654 fratres
1108 5590 1170 5650 in
1182 5591 1416 5651 ecclesia
1440 5590 1798 5650 comederent
1825 5595 1883 5649 et

1961 4530 2086 4569 cere
2109 4512 2392 4577 :Domine,
2417 4512 2563 4566 sicut
2579 4511 2663 4565 vis
2682 4516 2740 4565 et
2766 4511 2891 4578 scis,
2926 4511 3194 4568 miserere
3224 4514 3355 4569 mei.
3380 4515 3438 4570 Si
3458 4531 3557 4571 au-

1959 4608 2074 4658 tem
2105 4602 2279 4656 instat
2302 4600 2510 4656 bellum
2534 4600 2593 4655 in
2622 4599 2836 4669 animo,
2862 4600 3049 4656 dicere
3073 4619 3085 4656 :
3116 4602 3333 4674 Adjuva
3356 4619 3467 4658 me.
3486 4604 3557 4659 Et

1962 4692 2096 4764 quia
2137 4691 2256 4764 ipse
2285 4690 2390 4745 scit
2420 4705 2542 4761 quas
2593 4688 2908 4761 expediant,
2933 4688 3067 4745 facit
3108 4690 3561 4747 misericordiam

1960 4781 2272 4837 nobiscum.

2035 4871 2121 4925 il.
2149 4868 2421 4924 Dicebant
2448 4868 2517 4922 de
2551 4865 2751 4921 abbate
2771 4865 2935 4934 Sisoi,
2969 4865 3101 4937 quia
3124 4867 3235 4924 nisi
3256 4868 3367 4925 cito
3387 4869 3557 4943 depo-

1959 4964 2121 5015 neret
2151 4974 2492 5014 manussuas
2518 4955 2741 5028 quando
2761 4954 2948 5010 stabat
2965 4956 3557 5032 adorationem,reple-

1961 5049 2129 5104 batur
2142 5064 2299 5102 mens
2317 5047 2439 5118 ejus
2455 5046 2515 5099 in
2545 5043 2943 5116 superioribus.
2975 5045 3033 5100 Si
3047 5062 3181 5118 ergo
3193 5049 3555 5121 contingebat

1964 5156 2089 5193 cum
2114 5154 2179 5192 eo
2201 5136 2444 5207 aliquem
2458 5134 2688 5209 fratrem
2719 5149 2902 5202 orare,
2925 5134 3231 5192 festinabat
3256 5137 3367 5194 cito
3388 5139 3556 5212 depoA

1962 5244 2115 5294 nere,
2150 5242 2221 5280 ne
2237 5228 2532 5296 raperetur
2560 5212 2718 5278 mens
2746 5224 2867 5293 ejus
2897 5228 2955 5278 et
2975 5233 3311 5284 moraretur.

2033 5317 2122 5372 12.
2157 5313 2390 5370 Dicebat
2432 5312 2634 5383 aliquis
2677 5328 2891 5367 senex:
2932 5313 3076 5378 Quia
3117 5316 3344 5373 assidua
3373 5317 3552 5374 oratio

1965 5407 2075 5463 cito
2094 5402 2323 5474 corrigit
2341 5406 2607 5456 mentem.

2040 5493 2124 5552 13.
2155 5491 2391 5547 Dicebat
2419 5490 2649 5562 quidam
2668 5492 2902 5548 Patrum
2934 5512 2946 5547 :
2971 5495 3116 5561 Quia
3135 5496 3279 5551 sicut
3304 5495 3559 5566 impossi-

1962 5586 2074 5655 bile
2103 5588 2189 5641 est
2209 5587 2275 5638 ut
2298 5579 2485 5636 videat
2510 5579 2636 5655 quis
2668 5581 2726 5637 in
2747 5597 2892 5659 aqua
2910 5583 3135 5643 turbida
3154 5584 3349 5641 faciem
3372 5590 3557 5656 suam,
