3964 6206
507 385 616 458 943

1635 390 1728 444 DE
1767 389 1959 445 vrris
2000 387 2298 444 PATRUM
2337 389 2552 446 LIBER
2591 374 2660 443 ν.

3655 350 3741 452 9a

506 525 586 582 sic
606 536 664 580 et
682 520 982 589 anima,nis
995 519 1254 592 purigata
1272 516 1443 573 fuerit
1461 533 1494 570 a
1514 514 1945 587 cogitationibus
1965 515 2097 569 alie-
2110 517 2160 575 A
2181 515 2327 571 stina
2350 516 2406 570 in
2431 485 2670 588 ὣς)νρῐο
2689 515 2759 570 ad
2789 513 3089 587 quemdam
3105 515 3339 570 Patrum
3363 515 3629 582 (Cassium,
3658 522 3689 573 ι.
3716 537 3741 573 v

503 613 611 678 nis,
637 609 1064 681 contemplative
1085 625 1198 664 non
1220 612 1406 679 potest
1425 622 1584 660 orare
1607 604 1813 660 Deum.

571 700 661 754 14.
695 698 863 754 Venit
890 698 1118 770 quidam
1133 713 1302 752 senex
1323 695 1625 766 aliquando
1641 695 1700 749 in
1711 700 1901 749 monte
1919 693 2054 750 Sina
2082 713 2095 762 ;

499 793 558 844 et
583 804 714 843 cum
738 787 915 843 exiret
941 787 1092 854 inde,
1123 784 1368 842 occurrit
1394 785 1445 840 ei
1468 784 1640 838 frater
1667 783 1725 838 in
1744 783 1916 851 via,et
1935 783 2098 854 inge-

2183 605 2391 673 In.slil.,
2426 624 2474 660 c.
2503 605 2700 675 24).Et
2727 622 2852 660 cum
2871 605 3313 676 hospitalitatem
3331 604 3742 677 nobisinpendis-

2182 699 2286 760 set,
2302 695 2774 764 interrogavimus
2795 711 2924 748 eum
2947 712 2957 747 :
2985 694 3171 758 Quare
3201 698 3450 765 tempore
3478 697 3741 767 susceptio-

2180 783 2268 838 nis
2288 783 2526 838 fratrum
2541 783 2795 854 regulam
2802 782 3008 854 jejunii
3021 799 3134 840 non
3145 783 3458 849 custoditis,
3477 783 3611 840 sicut
3630 793 3679 840 et
3692 786 3739 842 in

495 885 739 941 miscens
759 883 978 940 dicebat
997 884 1117 939 seni
1139 883 1221 938 illi
1256 902 1269 939 :
1301 881 1641 953 Affligimur,
1675 880 1836 947 abba,
1869 885 2100 953 propter
2179 871 2480 926 Palwstina
2503 873 2567 927 ﬁt
2587 872 2610 925 ?
2627 873 2696 927 Et
2708 871 3053 944 respondens
3069 871 3212 926 dixit
3232 872 3541 944 :Jejunium
3551 891 3740 946 semper

493 980 824 1048 siccitatem,
858 980 993 1052 quia
1019 977 1180 1034 nobis
1198 992 1311 1032 non
1352 975 1515 1047 pluit.
1541 975 1612 1029 Et
1635 974 1776 1028 dixit
1798 973 1849 1028 ei
1876 990 2044 1029 senex
2077 992 2089 1028 :

496 1069 683 1135 Quare
711 1087 823 1126 non
843 1069 1016 1124 oratis
1038 1073 1098 1124 et
1115 1067 1326 1138 rogatis
1355 1063 1576 1119 Deum?
1605 1063 1674 1118 Et
1700 1063 1794 1118 ille
1817 1062 1956 1117 dixit
1986 1081 1998 1117 :
2025 1062 2095 1117 Et

495 1160 807 1216 orationem
827 1159 1154 1225 facimus,et
1171 1157 1547 1228 deprecamur
1557 1152 1781 1207 assidue
1801 1152 2004 1218 Deum,
2037 1157 2096 1206 et

489 1265 603 1304 non
638 1249 799 1322 pluit.
843 1249 913 1304 Et
929 1247 1070 1302 dixit
1089 1262 1257 1302 senex
1281 1264 1292 1299 :
1315 1243 1494 1300 Credo
1525 1243 1656 1314 quia
1676 1258 1786 1297 non
1809 1242 1982 1297 oratis
2013 1246 2094 1296 at-

486 1338 720 1394 tentius.
738 1338 836 1395 Vis
874 1343 1064 1392 autem
1087 1335 1230 1391 scire
1259 1333 1392 1406 quia
1410 1333 1492 1388 ita
1519 1337 1604 1387 est
1628 1333 1652 1386 ?
1683 1331 1845 1399 Veni,
1879 1336 2092 1386 stemus

489 1427 703 1499 pariter
715 1428 786 1483 ad
815 1426 1127 1483 orationem
1151 1443 1163 1478 :
1191 1432 1248 1478 et
1271 1423 1575 1478 extendens
1593 1421 1651 1476 in
1667 1422 1869 1476 caelum
1890 1437 2090 1476 manus

489 1516 687 1583 oravit,
709 1521 766 1571 et
781 1515 974 1571 statim
995 1514 1184 1586 pluvia
1201 1511 1506 1567 descendit.
1531 1510 1691 1576 Quod
1711 1527 1841 1565 cum
1861 1509 2092 1564 vidisset

485 1605 662 1660 frater
687 1604 781 1660 ille
809 1603 1019 1670 timuit,
1052 1608 1111 1658 et
1137 1601 1431 1674 procidens
1453 1600 1707 1655 adoravit
1730 1616 1860 1656 eum
1882 1618 1893 1654 :
1917 1615 2085 1654 senex

484 1700 678 1752 autem
710 1695 906 1750 statim
932 1694 1080 1765 fugit
1105 1693 1280 1748 illinc.

556 1787 643 1842 15.
671 1785 1060 1840 Narraverunt
1083 1782 1306 1848 fratres,
1340 1780 1590 1835 dicentes
1619 1798 1631 1834 :
1659 1779 1803 1844 Quia
1829 1778 2083 1833 venimus

2175 977 2394 1016 mecum
2424 965 2527 1029 est,
2555 978 2651 1015 vos
2677 965 2874 1028 615
2895 960 2988 1017 hic
3017 977 3239 1033 semper
3281 966 3474 1016 tenere
3510 978 3612 1016 non
3630 979 3738 1034 pos-

2175 1066 2300 1105 sum
2322 1069 2336 1104 :
2370 1057 2426 1104 et
2439 1049 2723 1122 jejunium
2737 1049 2966 1121 quidem
2989 1049 3242 1122 quamvis
3259 1049 3412 1104 utilis
3431 1055 3486 1106 et
3514 1067 3736 1106 necessa-

2175 1139 2262 1193 ria
2288 1155 2378 1194 res
2394 1139 2485 1206 sit,
2513 1139 2571 1196 in
2601 1143 2797 1194 nostra
2808 1139 3097 1194 voluntate
3113 1143 3230 1205 est;
3264 1138 3551 1195 charitatis
3576 1145 3736 1198 autem

2174 1228 2584 1300 plenitudinem
2613 1229 2700 1284 lex
2722 1228 2824 1283 Dei
2854 1228 3033 1300 exigit
3051 1226 3275 1284 anobis-
3295 1228 3454 1284 Unde
3466 1229 3736 1300 suscipiens

2174 1317 2232 1373 in
2260 1316 2414 1374 vobis
2457 1318 2768 1384 Christum,
2817 1317 2993 1372 debeo
3039 1317 3302 1372 exhibere
3333 1333 3456 1390 quae
3483 1317 3736 1388 chap'tatis

2173 1411 2308 1462 sunt
2335 1424 2462 1462 cum
2494 1407 2648 1462 omni
2680 1406 3054 1462 sollicitudine
3084 1426 3095 1460 :
3131 1424 3258 1462 cum
3287 1411 3477 1462 autem
3505 1407 3734 1462 dimisero

2172 1511 2288 1563 vos,
2321 1497 2576 1568 regulam
2618 1496 2824 1567 jejunii
2853 1512 3081 1568 possum
3110 1513 3463 1568 recuperare,
3503 1497 3733 1568 quoniam

2170 1601 2284 1640 non
2311 1591 2548 1658 possunt
2575 1585 2675 1641 filii
2711 1585 2902 1658 sponsi
2916 1587 3178 1657 jejunare
3209 1585 3461 1658 quandiu
3491 1602 3609 1642 cum
3635 1585 3727 1641 illis

2168 1680 2257 1730 cst
2285 1692 2540 1748 sponsus,
2579 1692 2707 1730 cum
2731 1680 2922 1730 autem
2953 1675 3175 1730 ablatus
3203 1675 3377 1730 fuerit
3405 1674 3473 1730 ab
3510 1674 3602 1742 cis,
3621 1679 3731 1730 tunc

2167 1781 2234 1819 ex
2261 1781 2366 1820 sua
2395 1768 2670 1836 potestate
2703 1765 2969 1836 jejunant
2983 1766 3197 1835 (Matth.
3223 1765 3324 1834 Ix).

483 1872 789 1945 aliquando
809 1873 880 1928 ad
910 1872 1182 1945 quosdam
1213 1886 1394 1937 senes,
1420 1874 1475 1924 et
1515 1885 1642 1924 cum
1668 1885 1735 1922 ex
1753 1885 1908 1923 more
1937 1868 2084 1923 facta
2107 1878 2151 1942 Β
2237 1871 2286 1926 3.
2318 1871 2470 1928 Dixit
2497 1873 2707 1927 iterum
2729 1872 2823 1943 qui
2850 1888 3023 1944 supra
3045 1871 3218 1937 :Quia
3238 1872 3492 1927 venimus
3511 1872 3732 1927 adalium

483 1962 684 2019 fuisset
710 1962 910 2030 oratio,
935 1961 1249 2017 salutantes
1270 1958 1507 2014 invicem
1533 1957 1799 2013 sedimus.
1832 1957 1901 2012 Et
1925 1962 2084 2029 post-

483 2068 653 2125 quam
681 2051 852 2108 locuti
881 2067 1098 2117 sumus,
1120 2066 1249 2105 cum
1270 2047 1704 2115 discederemus,
1723 2047 2080 2119 poposcimus

483 2147 547 2197 ut
559 2142 717 2196 ﬁeret
730 2158 928 2196 rursus
952 2139 1152 2195 oratio.
1181 2137 1333 2193 Dixit
1356 2142 1547 2192 autem
1584 2153 1730 2191 unus
1757 2135 1980 2190 illorum
2000 2154 2083 2192 se-

474 2230 700 2290 niorum
731 2229 802 2284 ad
823 2246 924 2285 nos
953 2245 965 2282 :
986 2228 1118 2300 quid
1131 2227 1303 2293 enim,
1331 2243 1445 2281 non
1459 2225 1701 2280 orastis?
1721 2225 1790 2280 Et
1816 2242 1917 2280 nos
1942 2225 2082 2281 dixi-

475 2336 632 2376 mus:
666 2320 869 2375 Etiam.
903 2318 1012 2374 Sed
1041 2316 1266 2389 quando
1309 2315 1659 2380 intravimus,
1711 2315 1898 2381 Pater,
1937 2320 2074 2371 tunc

473 2408 730 2465 estfacta
756 2408 956 2474 oratio,
989 2412 1047 2462 et
1073 2423 1141 2462 ex
1185 2405 1283 2460 illa
1305 2405 1446 2458 hora
1472 2420 1651 2474 usque
1694 2403 1861 2458 modo
1902 2403 2072 2459 locuti

471 2513 684 2557 sumus.
720 2497 791 2552 Et
813 2497 909 2551 ille
951 2495 1128 2550 dixit:
1160 2492 1438 2564 Ignoscite
1477 2492 1633 2558 mihi,
1669 2493 1888 2560 fratres,
1940 2493 2074 2564 quia

471 2581 760 2637 vobiscum
788 2581 990 2636 sedens
1023 2579 1252 2651 quidam
1272 2576 1463 2643 frater,
1489 2582 1546 2631 et
1568 2577 1821 2648 loquens,
1847 2584 2072 2632 centum

476 2675 537 2726 et
561 2675 679 2726 tres
709 2669 992 2725 orationes
1019 2668 1168 2724 fecit.
1202 2669 1319 2722 Hoc
1347 2682 1476 2722 cum
1507 2665 1752 2734 dixisset,
1787 2666 1934 2722 facta
1953 2684 2074 2722 ora-

483 2759 644 2822 tione
667 2759 1007 2815 dimiserunt
1023 2775 1146 2813 nos.

745 2848 1090 2904 LIBELLUS
1119 2846 1437 2902 DECIMUS
1466 2845 1791 2902 TERTIUS.

466 2938 541 2994 De
568 2954 625 2993 eo
644 2939 788 3008 quod
805 2941 1054 3008 oporteat
1082 2937 1404 3006 hospitalem
1442 2951 1548 2990 esse
1572 2941 1621 2990 ct
1654 2935 2066 2990 misericordem

1071 3029 1136 3080 in
1156 3027 1463 3081 hilaritate.

2165 1977 2380 2026 senem,
2408 1961 2540 2017 fecit
2565 1977 2667 2016 nos
2684 1966 2914 2032 gustare
2947 1979 2961 2015 :
2994 1967 3051 2016 et
3075 1960 3414 2016 hortabatur
3449 1978 3546 2017 nos
3591 1963 3732 2016 satia-

2163 2054 2252 2106 tos
2282 2050 2464 2105 adhuc
2489 2067 2713 2106 sumere
2729 2050 2947 2120 cibum;
2972 2057 3028 2106 et
3057 2068 3186 2106 cum
3206 2051 3473 2106 dixissem
3492 2051 3614 2122 quia
3633 2052 3730 2121 jam

2165 2156 2276 2194 non
2308 2156 2554 2211 possum,
2586 2140 2680 2194 ille
2708 2140 2999 2212 respondit
3031 2159 3044 2195 :
3091 2141 3207 2212 Ego
3221 2141 3345 2212 jam
3373 2141 3729 2213 supervenien-

2163 2228 2313 2285 tibus
2332 2229 2566 2285 diversis
2585 2229 2853 2286 fratribus
2875 2229 3052 2285 sexies
3071 2247 3328 2285 mensam
3352 2231 3511 2302 posui
3525 2250 3538 2298 ;
3552 2237 3602 2284 et
3619 2231 3726 2284 dum

2161 2317 2414 2388 singulos
2435 2319 2653 2385 hortor,
2680 2319 2852 2374 etiam
2880 2337 2984 2391 ego
2998 2319 3117 2392 ipse
3146 2319 3502 2386 manducavi,
3519 2319 3727 2375 etadhuc

2154 2407 2363 2477 esurio;
2384 2412 2448 2463 tu
2468 2425 2599 2463 vero
2627 2409 2718 2463 hic
2747 2410 2922 2464 semel
2938 2409 3284 2466 manducans
3317 2411 3399 2465 ita
3421 2412 3640 2466 satiatus
3658 2426 3721 2470 es.

2154 2503 2220 2551 ut
2241 2497 2363 2567 jam
2385 2497 2730 2553 manducare
2758 2515 2871 2554 non
2901 2499 3116 2570 possis?

2225 2602 2278 2660 4.
2311 2605 2546 2660 Factum
2567 2610 2653 2660 est
2691 2605 2994 2676 aliquando
3022 2605 3081 2660 in
3113 2607 3209 2678 Sc)
3221 2607 3308 2663 thi
3340 2608 3649 2662 mandatum
3672 2612 3722 2661 ut

2150 2694 2474 2764 jejunarent
2488 2694 2584 2750 illa
2613 2693 2986 2762 hebdomada,
3010 2700 3067 2750 et
3082 2696 3335 2751 facerent
3363 2696 3573 2752 Pascha
3592 2711 3722 2763 ;con-

2154 2782 2285 2854 tigit
2313 2789 2502 2838 autem
2516 2788 2580 2838 ut
2607 2783 2665 2838 in
2685 2784 2808 2856 ipsa
2827 2783 3180 2840 hebdomada
3199 2786 3461 2841 venirent
3486 2787 3551 2840 ad
3573 2784 3719 2839 abba-

2155 2876 2270 2928 tem
2291 2873 2541 2945 Moysem
2555 2873 2759 2928 fratres
2789 2873 3017 2946 quidam
3045 2874 3116 2930 ab
3145 2875 3420 2947 Egypto;
3451 2882 3507 2930 et
3526 2873 3719 2930 feciteis

2148 2961 2432 3017 modicum
2462 2963 2816 3034 pulmentum
2849 2981 2863 3031 ;
2891 2969 2949 3019 et
2990 2980 3118 3018 cum
3164 2964 3439 3020 vidissent
3483 2964 3632 3019 vicini
3648 2963 3721 3017 fu-

2155 3067 2332 3117 mum,
2366 3051 2631 3108 dixerunt
2659 3052 2876 3108 clericis
2907 3053 3153 3108 ecclesias
3177 3071 3301 3125 quae
3333 3055 3445 3109 illic
3463 3059 3545 3110 est
3570 3072 3581 3108 :
3605 3053 3719 3108 Ecce

533 3117 588 3216 ξ·
614 3117 989 3216 Ρθξτθῖθξυβί
1010 3114 1318 3216 ξῙίίλαδΡάο
1355 3114 1584 3216 ξιιξίᾲδω
1617 3113 1849 3216 Pam"?
1870 3113 1942 3168 ad
1963 3112 2066 3216 διδ·
2085 3121 2129 3184 C
2151 3112 2372 3212 Moyses
2401 3141 2567 3196 solvit
2589 3142 2942 3208 mandatum,
2965 3147 3024 3198 et
3051 3112 3211 3198 coxit.
3229 3145 3384 3216 apud
3418 3161 3477 3199 se
3494 3143 3720 3216 pulmen-

465 3201 655 3260 batem
683 3204 893 3276 Joseph
921 3203 980 3257 in
1010 3202 1294 3274 Panepho,
1318 3207 1384 3256 ut
1410 3201 1828 3272 interrogarent
1842 3218 1968 3256 eum
1999 3201 2068 3256 de

467 3294 825 3365 susceptione
871 3293 1131 3358 fratrum,
1169 3291 1266 3363 qui
1313 3292 1718 3363 superveniunt
1767 3290 1836 3345 ad
1873 3307 1986 3357 eos,
2019 3290 2068 3345 si

467 3383 740 3440 deberent
752 3382 858 3438 sibi
891 3382 1143 3437 relaxare
1156 3379 1554 3436 abstinentiam
1572 3397 1734 3436 suam
1760 3397 1888 3436 cum
1908 3379 2063 3451 ipsis,

466 3479 526 3529 et
543 3473 895 3544 congaudere
915 3471 997 3527 eis
1016 3473 1206 3544 (Ruf/1,
1228 3475 1266 3526 ι.
1300 3485 1386 3539 Ill,
1421 3488 1479 3526 η.
1511 3470 1626 3542 47).
1650 3472 1719 3526 Et
1738 3470 2066 3542 priusquam

465 3563 882 3633 interrogarent
907 3577 1057 3627 eum,
1084 3561 1224 3614 dixit
1250 3577 1418 3616 senex
1439 3560 1714 3632 discipulo
1726 3576 1828 3614 suo
1849 3559 2068 3614 :Consi-

465 3653 604 3708 dera
631 3651 781 3723 quod
810 3649 951 3706 facio
993 3649 1182 3716 hodie,
1205 3656 1263 3704 et
1291 3655 1549 3721 exspecta
1581 3668 1593 3716 ;
1635 3655 1693 3704 et
1721 3649 1909 3721 posuit
1954 3649 2066 3704 duo

464 3737 668 3796 sedilia
691 3741 761 3794 de
787 3739 972 3810 scirpo
1001 3738 1061 3792 in
1085 3737 1362 3792 fasciculis
1382 3738 1576 3808 ligata,
1608 3754 1784 3793 unum
1815 3755 1850 3793 a
1870 3738 2068 3793 dextra

465 3835 525 3883 et
551 3843 729 3882 unum
755 3844 787 3881 a
819 3827 1083 3893 sinistra;
1119 3832 1177 3880 et
1201 3825 1377 3881 dixit:
1405 3827 1624 3882 Sedete.
1652 3827 1721 3881 Et
1752 3826 1980 3881 intravit
2006 3827 2065 3882 in

465 3915 667 3972 cellam
695 3931 876 3980 suam,
900 3921 958 3970 et
994 3914 1216 3970 vestivit
1245 3931 1305 3970 se
1334 3931 1425 3969 res
1464 3920 1732 3970 vetustas.
1765 3914 1839 3970 Et
1874 3915 2064 3971 exiens

465 4003 725 4060 transivit
754 4003 812 4059 in
832 4003 1018 4058 medio
1031 4019 1228 4058 eorum
1255 4025 1269 4069 ;
1288 4010 1347 4059 et
1363 4003 1566 4060 iterum
1583 4004 1814 4059 intravit
1832 4010 1890 4059 et
1899 4005 2064 4060 vesti-

464 4095 546 4150 vit
574 4095 906 4149 serescellas
940 4110 1090 4157 suas,
1115 4109 1254 4165 quas
1291 4093 1448 4166 prius
1477 4093 1768 4150 habuerat.
1793 4095 1863 4149 Et
1874 4112 2061 4165 egres-

465 4201 562 4247 sus
590 4185 796 4240 iterum
811 4183 957 4239 sedit
975 4183 1033 4238 in
1057 4183 1242 4238 medio
1258 4200 1474 4239 eorum.
1507 4184 1596 4239 Illi
1614 4189 1804 4238 autem
1834 4189 2060 4256 stupen-

463 4280 552 4331 tes
579 4273 638 4329 in
665 4273 723 4328 id
753 4273 902 4346 quod
956 4272 1164 4328 fecerat
1190 4289 1378 4340 senex,
1411 4273 1902 4344 interrogaverunt
1929 4290 2060 4329 eum

465 4363 601 4434 quid
624 4362 728 4418 hoc
739 4367 904 4418 esset.
922 4361 1141 4417 Etdixit
1168 4361 1249 4416 eis
1269 4380 1280 4416 :
1306 4362 1537 4417 Vidistis
1559 4363 1694 4435 quid
1724 4363 1828 4418 feci
1850 4363 2060 4418 ?Dixe-

463 4451 842 4508 runt:Etiam.
875 4451 1052 4507 Etille
1070 4450 1212 4506 dixit
1246 4465 1258 4501 :
1292 4451 1376 4507 Ne
1408 4456 1658 4506 mutatus
1680 4469 1805 4507 sum
1834 4469 1937 4522 ego
1962 4469 2062 4524 pro

463 4539 871 4597 contumeliosa
889 4545 1042 4594 veste
1068 4539 1092 4592 ’ἶ
1117 4540 1183 4594 Et
1211 4539 1505 4595 dixerunt:
1527 4541 1672 4596 Non.
1699 4541 1768 4596 Et
1783 4541 1902 4612 ipse
1923 4541 2063 4597 dixit

462 4631 671 4687 iterum
710 4651 725 4686 :
766 4631 850 4686 Ne
871 4629 1035 4683 laesus
1061 4644 1188 4684 sum
1217 4628 1286 4682 de
1315 4629 1534 4684 meliori
1557 4635 1710 4684 veste
1737 4630 1762 4683 ’ἶ
1789 4630 1860 4685 Et
1913 4630 2063 4686 dixe-

460 4725 634 4778 runt:
663 4719 888 4776 Non.Et
919 4717 1015 4774 ille
1042 4717 1181 4773 dixit
1211 4735 1222 4772 :
1253 4717 1345 4773 Sic.
1373 4734 1477 4789 ego
1505 4718 1626 4790 ipse
1653 4735 1778 4774 sum
1803 4718 1861 4773 in
1888 4719 2061 4775 utris-

465 4827 606 4882 que;
638 4816 696 4864 et
714 4810 861 4864 sicut
905 4807 1077 4881 priori
1094 4811 1243 4862 veste
1273 4813 1524 4863 mutatus
1547 4823 1661 4862 non
1690 4825 1836 4874 sum,
1867 4823 1970 4864 nec
1983 4826 2067 4864 se-

465 4899 661 4970 quenti
689 4899 855 4954 lassus
881 4914 1009 4953 sum
1033 4916 1046 4966 ;
1070 4897 1151 4952 ita
1176 4895 1446 4952 debemus
1467 4897 1525 4951 in
1546 4897 1900 4969 susceptione
1947 4899 2064 4953 fra-

462 4992 617 5044 trum
634 4987 835 5055 facere,
853 4987 1000 5043 sicut
1025 4987 1084 5042 in
1098 4992 1291 5042 sancto
1323 4986 1621 5058 Evangelio
1650 4987 1892 5058 legitur:
1919 4989 2059 5042 Date

466 5087 590 5144 quae
638 5077 772 5127 sunt
820 5071 1074 5140 Caesaris,
1107 5071 1350 5140 Caesari;
1378 5076 1434 5126 et
1477 5088 1602 5143 quae
1628 5078 1762 5127 sunt
1792 5072 1905 5140 Dei,
1940 5073 2056 5128 Deo

465 5161 682 5231 (Matth.
715 5175 863 5229 xxu;
896 5163 1068 5218 Marc.
1093 5176 1170 5216 xu
1195 5181 1208 5230 ;
1241 5164 1392 5217 Luca:
1412 5163 1530 5234 xx).
1559 5161 1797 5226 Quando
1811 5178 1944 5233 ergo
1968 5168 2059 5217 est

467 5241 768 5324 pmsentia
803 5249 1061 5318 fratrum,
1091 5267 1218 5306 cum
1245 5251 1452 5323 gaudio
1477 5250 1745 5306 debemus
1773 5251 2056 5322 suscipere

461 5357 588 5409 eos;
616 5338 838 5410 quando
862 5355 992 5394 vero
1020 5341 1124 5394 soli
1141 5357 1354 5406 sumus,
1374 5356 1514 5412 opus
1538 5339 1810 5396 habemus
1838 5341 2050 5411 lugere.

458 5431 550 5490 Illi
589 5435 780 5485 autem
809 5428 1119 5497 audientes,
1152 5429 1416 5484 admirati
1463 5435 1597 5486 sunt
1625 5449 1638 5486 :
1693 5431 1827 5503 quia
1847 5447 1970 5502 quae
1994 5430 2054 5486 in

457 5520 626 5578 corde
667 5535 864 5576 eorum
916 5522 1080 5573 erant
1126 5523 1194 5574 ut
1243 5518 1660 5590 interrogarent
1701 5535 1852 5587 eum,
1896 5519 2054 5591 prius

458 5610 703 5684 agnovit,
735 5613 793 5665 et
817 5607 1271 5682 glorificaverunt
1296 5605 1496 5664 Deum.

524 5699 582 5759 2.
615 5699 772 5758 Dixit
789 5697 962 5756 abbas
988 5692 1290 5756 Cassianus
1323 5715 1337 5752 :
1367 5697 1512 5763 Quia
1533 5697 1787 5756 venimus
1807 5716 1842 5756 a
1869 5698 2048 5756 Palae-

2149 3234 2294 3284 tum.
2317 3230 2408 3284 Illi
2430 3237 2622 3286 autem
2635 3231 2926 3287 dixerunt:
2953 3231 3189 3297 Quando
3213 3233 3718 3304 venerit,loquemur

2151 3318 2200 3373 ei
2247 3336 2370 3378 nos.
2405 3321 2572 3376 Facto
2602 3326 2794 3376 autem
2841 3321 3106 3389 Sabbato,
3136 3322 3398 3378 videntes
3420 3322 3593 3378 clerici
3622 3336 3717 3375 ma-

2146 3424 2316 3479 gnam
2353 3412 2832 3467 conversationem
2864 3410 3082 3467 abbatis
3101 3411 3339 3483 Moysis,
3367 3413 3553 3468 dicunt
3571 3411 3616 3465 ei
3637 3425 3716 3463 co-

2148 3514 2272 3552 ram
2313 3500 2467 3555 omni
2495 3501 2656 3572 plebe
2687 3521 2697 3555 :
2733 3501 2778 3557 Ο
2809 3500 2982 3556 abbas
3001 3502 3241 3573 Moyses,
3274 3502 3596 3557 mandatum
3616 3499 3716 3570 qui-

2148 3586 2278 3642 dem
2334 3589 2628 3646 hominum
2661 3590 2894 3658 solvisti,
2928 3590 3028 3646 sed
3056 3591 3158 3646 Dei
3210 3591 3484 3646 mandata
3524 3589 3714 3645 fortiter

2149 3677 2412 3749 alligasti.

2220 3802 2272 3859 5.
2304 3803 2502 3858 Frater
2531 3803 2759 3876 quidam
2791 3804 2942 3860 venit
2968 3805 3043 3860 ad
3071 3804 3336 3861 abbatem
3378 3802 3706 3862 Pastoremin

2145 3893 2391 3947 secunda
2421 3892 2783 3949 hebdomada
2831 3895 3311 3967 Quadragesima—e,
3355 3902 3412 3950 et
3455 3895 3624 3950 dicens
3662 3892 3706 3946 ei

2143 3974 2885 4055 cogitationessuas,atque
2914 3985 3281 4057 responsione
3311 3986 3434 4056 ejus
3457 3983 3704 4039 inveniens

2141 4071 2414 4143 requiem,
2466 4072 2603 4127 dicit
2647 4072 2699 4128 ei
2745 4074 2919 4129 frater
2948 4073 3043 4129 ille
3075 4093 3088 4128 :
3123 4076 3188 4130 In
3221 4075 3444 4130 modico
3481 4068 3704 4144 impediri

2138 4159 2331 4228 habui,
2350 4178 2420 4217 ne
2440 4163 2688 4217 venirem
2705 4164 2774 4218 ad
2794 4170 2850 4218 te
2876 4164 3043 4218 hodie
3058 4166 3321 4233 (Append.
3341 4165 3506 4219 Mart.
3538 4178 3589 4216 η.
3613 4158 3702 4226 43)-

2141 4248 2212 4304 Et
2239 4250 2381 4306 dixit
2408 4251 2460 4306 ei
2498 4268 2666 4307 senex
2698 4270 2709 4305 :
2745 4253 2972 4316 Quare?
2993 4253 3062 4307 Et
3089 4253 3182 4307 ille
3204 4253 3350 4308 dixit
3373 4272 3384 4306 :
3426 4249 3703 4307 Metuebam

2143 4354 2214 4393 ne
2234 4345 2465 4411 propter
2493 4340 2994 4413 Quadragesimam
3017 4341 3153 4396 mihi
3172 4359 3285 4396 non
3317 4341 3628 4414 aperiretur.
3650 4335 3705 4390 Et

2147 4429 2438 4500 respondit
2478 4430 2530 4484 ei
2559 4429 2729 4485 abbas
2761 4430 2962 4486 Pastor
2993 4449 3006 4486 :
3041 4431 3156 4486 Nos
3193 4447 3310 4486 non
3339 4431 3619 4486 didicimus
3637 4427 3704 4497 ja-

2147 4533 2319 4573 nuam
2347 4518 2590 4589 ligneam
2612 4519 2890 4586 claudere,
2931 4520 3028 4575 sed
3058 4520 3242 4591 magis
3276 4521 3483 4592 lingua:
3510 4520 3702 4586 ianuam

2144 4607 2405 4678 cupimus
2424 4609 2672 4664 clausam
2694 4609 2922 4666 habere.

2212 4712 2266 4768 6.
2300 4713 2498 4770 Frater
2525 4715 2753 4787 quidam
2775 4714 2913 4770 dixit
2941 4713 3129 4771 abbati
3153 4716 3375 4772 Pastori
3403 4736 3414 4771 :
3445 4714 3502 4770 Si
3527 4711 3699 4770 dedero

2145 4800 2307 4858 fratri
2321 4820 2446 4859 meo
2463 4805 2741 4860 modicum
2753 4805 2913 4877 panis
2925 4810 3022 4860 aut
3031 4805 3245 4877 aliquid
3258 4803 3432 4872 aliud,
3456 4804 3697 4858 daemones

2146 4893 2409 4964 polluunt
2436 4893 2946 4960 illud,utvideatur
2972 4895 3042 4949 ad
3055 4895 3393 4966 placendum
3420 4890 3699 4947 hominibus

2140 4981 2282 5037 ﬁeri.
2317 4982 2384 5037 Et
2415 4981 2558 5038 dixit
2579 4983 2629 5038 ei
2649 5000 2818 5038 senex
2851 4998 2862 5033 :
2888 4983 2958 5039 Et
2985 4984 3031 5037 si
3053 4984 3122 5038 ad
3146 4983 3475 5056 placendum
3498 4982 3588 5036 fiat
3607 4977 3697 5033 tale

2140 5087 2300 5142 opus,
2334 5088 2436 5126 nos
2462 5078 2652 5128 tamen
2689 5071 2955 5128 fratribus
3008 5072 3278 5128 debemus
3321 5071 3560 5144 praebere
3598 5081 3696 5138 que

2139 5161 2482 5230 egent.Dixit
2491 5168 2681 5217 autem
2695 5162 2745 5217 ei
2761 5161 3089 5234 parabolam
3111 5163 3281 5219 talem
3306 5179 3318 5213 :
3345 5163 3466 5217 Duo
3478 5157 3694 5215 homines

2137 5255 2302 5304 erant
2327 5251 2604 5321 agricolae,
2627 5251 2944 5307 habitantes
2962 5252 3022 5306 in
3047 5269 3162 5307 una
3188 5251 3411 5306 civitate
3444 5270 3455 5317 ;
3496 5255 3548 5302 et
3574 5259 3694 5301 unus

2137 5355 2202 5394 ex
2215 5339 2296 5394 eis
2324 5340 2627 5405 seminans,
2662 5341 2887 5412 collegit
2911 5347 3159 5414 paucaet
3172 5340 3399 5396 sordida
3430 5358 3442 5407 ;
3472 5338 3600 5392 alius
3613 5349 3691 5388 au-

2135 5432 2253 5482 tem
2298 5429 2588 5500 negligens
2611 5431 2909 5498 seminare,
2951 5431 3093 5485 nihil
3139 5429 3367 5486 omnino
3396 5425 3616 5497 collegit.
3643 5420 3691 5476 Si

2135 5533 2270 5588 ergo
2300 5521 2399 5572 fiat
2416 5521 2611 5585 fames,
2636 5519 2761 5591 quis
2782 5519 3023 5574 duorum
3045 5518 3237 5592 'potest
3248 5517 3482 5573 evadere
3495 5515 3515 5568 ?
3526 5514 3587 5570 Et
3598 5526 3690 5565 res.

2131 5606 2329 5681 pondit
2360 5607 2534 5662 frater
2561 5608 2683 5663 ille:
2718 5608 2828 5674 Qui
2849 5608 2994 5677 fecit,
3029 5607 3278 5681 quamvis
3308 5622 3506 5680 parum
3541 5607 3689 5672 atque

2130 5696 2507 5755 immundum.
2547 5697 2617 5754 Et
2643 5694 2786 5757 dixit
2812 5697 2865 5754 ei
2893 5712 3065 5755 senex
3105 5719 3117 5755 :
3152 5699 3234 5755 Ita
3260 5700 3322 5752 et
3349 5711 3450 5752 nos
3467 5689 3689 5769 semine

3871 4391 3873 4441 |

3869 4467 3871 4531 1

3865 4541 3869 4619 1

3863 4621 3867 4720 ,1

3863 4721 3865 4799 1

3861 4833 3863 4887 |
