3964 6206
320 311 426 378 945

1625 321 1865 376 VERBA
1903 321 2296 376 SENIORUM.

3495 323 3600 382 946

319 457 450 497 mus
480 458 678 514 pauca,
703 441 810 498 etsi
839 441 1156 510 immunda,
1180 459 1251 498 ne
1274 442 1700 516 famistcmpore
1724 445 2248 516 moria-Aquodam
2277 446 2416 514 vico,
2447 451 2514 502 ut
2556 446 2764 501 faceret
2803 463 3040 519 agapem
3069 464 3083 516 ;
3117 453 3176 504 et
3226 465 3354 504 ecce
3396 448 3604 505 mulier

317 541 512 590 mur.—

394 619 446 677 7.
478 623 674 677 Frater
698 622 927 693 quidam
951 621 1102 676 venit
1129 622 1200 676 ad
1231 621 1532 692 quemdam
1563 623 1879 680 solitarium
1903 643 1914 679 :

317 716 379 766 et
405 728 534 767 cum
555 711 917 783 egrederetur
937 710 1005 765 ab
1027 727 1111 778 eo,
1127 711 1294 765 dixit:
1317 712 1548 782 Ignosce
1572 713 1730 780 mihi,
1750 713 1911 781 abba,

315 801 456 873 quia
479 800 744 874 impedivi
774 802 1025 872 regulam
1048 806 1224 855 tuam.
1247 800 1348 856 Ille
1376 803 1685 872 respondit,
1710 807 1763 857 et
1785 803 1926 858 dixit

222 929 232 937 .
314 890 371 946 ei
393 906 404 940 :
426 891 554 948 Mea
579 891 777 962 regula
796 895 883 945 est
908 895 975 946 ut
1001 890 1273 962 recipiam
1299 895 1356 945 te
1379 890 1436 944 in
1459 891 1925 964 hospitalitate,et

313 995 446 1036 cum
485 997 622 1052 pace
649 979 947 1035 dimittam.

387 1067 443 1126 8.
471 1070 767 1126 Solitarius
797 1069 1026 1142 quidam
1073 1068 1365 1124 habitabat
1392 1086 1504 1125 non
1536 1070 1700 1142 longe
1726 1088 1760 1126 a
1787 1088 1921 1128 con-

310 1159 644 1232 gregatione
695 1159 955 1226 fratrum,
989 1159 1343 1231 operationes
1370 1159 1581 1214 faciens
1609 1160 1914 1231 plurimas:

310 1250 554 1322 contigit
595 1255 788 1304 autem
838 1248 1112 1320 quosdam
1139 1247 1330 1303 venire
1371 1248 1430 1303 in
1460 1250 1802 1306 monasterio
1823 1251 1920 1306 illo

312 1338 413 1394 ubi
443 1339 801 1410 congregatio
833 1342 975 1404 erat,
1025 1343 1082 1391 et
1121 1337 1460 1392 divertentes
1486 1339 1557 1393 ad
1601 1339 1920 1396 solitarium

313 1427 494 1495 illum,
527 1428 781 1483 fecerunt
809 1444 939 1483 eum
969 1431 1129 1481 extra
1159 1427 1357 1482 horam
1386 1428 1746 1487 manducare.
1778 1431 1917 1485 Pos-

311 1520 410 1572 tea
451 1534 579 1572 vero
609 1516 872 1573 dixerunt
909 1516 959 1570 ei
1005 1515 1206 1571 fratres
1233 1516 1314 1570 illi
1345 1535 1356 1569 :
1390 1517 1515 1572 Non
1545 1519 1914 1588 contristaris,

313 1605 460 1662 abba
490 1607 514 1660 ?
545 1607 615 1662 Et
641 1607 736 1661 ille
775 1605 1065 1677 respondit
1092 1605 1206 1663 eis:
1259 1607 1385 1660 Mea
1431 1607 1662 1662 tristitia
1719 1612 1825 1676 est,
1870 1609 1919 1664 si

311 1696 601 1770 propriam
629 1696 811 1750 fecero
830 1695 1174 1749 voluntatem
1199 1696 1387 1763 (Rulli,
1418 1699 1456 1750 ι.
1481 1710 1566 1764 In,
1595 1712 1754 1751 num.
1788 1699 1913 1766 150;

311 1785 527 1850 Pasch,
551 1801 597 1837 ο.
635 1781 719 1850 18,
753 1800 812 1837 η.
842 1781 910 1850 1).

385 1871 439 1927 9.
467 1871 741 1927 Dicebant
767 1872 837 1926 de
866 1872 1110 1943 quodam
1140 1889 1276 1928 sene
1304 1873 1362 1927 in
1413 1874 1578 1945 Syria
1614 1874 1711 1946 qui
1755 1876 1919 1946 juxta

311 1959 461 2016 viam
490 1962 666 2016 eremi
694 1960 1004 2026 habitabat,
1036 1967 1093 2016 et
1112 1962 1216 2017 hoc
1244 1968 1366 2018 erat
1377 1979 1516 2035 Opus
1537 1965 1677 2035 ejus,
1701 1969 1767 2019 ut
1786 1981 1920 2036 qua-

311 2068 534 2123 cunque
558 2053 701 2106 hora
729 2051 942 2106 veniret
970 2052 1280 2107 monachus
1318 2053 1387 2107 de
1428 2069 1638 2120 eremo,
1685 2070 1814 2108 cum
1845 2055 1914 2108 ﬁ-

309 2139 480 2194 ducia
504 2139 745 2195 faciebat
771 2156 901 2194 eum
928 2140 1177 2195 reﬁcere.
1221 2140 1392 2195 Venit
1431 2157 1564 2212 ergo
1613 2141 1913 2213 aliquando

308 2245 459 2284 unus
483 2229 788 2296 solitarius,
811 2228 971 2284 etille
992 2228 1219 2300 petebat
1238 2229 1307 2284 ab
1329 2247 1393 2284 eo
1415 2235 1479 2284 ut
1497 2235 1771 2301 gustaret.
1805 2232 1913 2296 Qui

305 2335 438 2375 cum
453 2319 629 2373 nollet
638 2323 889 2390 gustare,
914 2319 1104 2372 dicens
1127 2335 1137 2365 :
1162 2319 1276 2390 Ego
1286 2321 1505 2391 jejuno.
1533 2320 1912 2376 Contristatus

308 2425 498 2475 senex,
524 2407 664 2463 dixit
687 2408 769 2464 ei:
793 2409 877 2463 Ne
899 2408 1296 2479 prmtermittas
1324 2425 1563 2480 puerum
1603 2414 1785 2477 tuum,
1820 2410 1916 2465 ob-

306 2513 465 2552 secro
494 2502 570 2562 te,
603 2513 673 2551 ne
716 2497 991 2568 despicias
1017 2513 1128 2563 me,
1180 2497 1276 2551 sed
1324 2497 1448 2552 veni
1479 2514 1738 2566 oremus;
1787 2515 1913 2554 ecce

305 2584 459 2640 enim
489 2582 657 2638 arbor
682 2583 774 2637 hic
801 2589 902 2648 est,
939 2599 1066 2637 cum
1093 2600 1202 2654 quo
1224 2589 1491 2638 curvante
1504 2600 1655 2655 genu
1677 2590 1735 2639 et
1751 2601 1912 2640 oran-

303 2678 363 2728 te
388 2672 658 2728 inclinata
679 2672 871 2740 fuerit,
902 2673 1084 2745 ipsum
1116 2689 1439 2744 sequamur.
1486 2674 1749 2730 Curvavit
1775 2691 1910 2746 ergo

303 2763 403 2818 ille
431 2762 714 2818 solitarius
732 2779 880 2834 genu
922 2763 981 2817 in
1012 2761 1285 2829 oratione,
1318 2767 1376 2817 et
1398 2762 1536 2817 nihil
1560 2763 1771 2819 factum
1800 2770 1906 2819 est.

2010 536 2267 607 quaedam
2311 535 2464 590 venit
2502 536 2574 590 ad
2614 552 2763 604 eum,
2816 543 2882 591 ut
2924 537 3218 610 acciperet,
3250 543 3308 594 et
3331 537 3451 595 haec
3479 543 3602 594 erat

2003 625 2207 680 vestita
2228 625 2635 680 vetustissimas
2663 642 2792 681 res:
2823 641 3132 698 quamcum
3161 626 3390 684 vidisset
3415 629 3498 684 ita
3511 645 3608 684 ve-

2002 710 2170 765 tustis
2198 709 2366 765 rebus
2398 711 2675 777 indutam,
2705 710 2958 782 implevit
2991 728 3222 769 manum
3265 719 3332 770 ut
3358 713 3520 771 daret
3547 715 3602 771 ei

2005 800 2266 866 multum,
2297 800 2490 854 clausa
2537 806 2622 855 est
2665 816 2867 855 manus
2903 802 3043 872 ejus,
3076 808 3134 857 et
3158 802 3359 859 levavit
3375 821 3597 877 parum.

2003 889 2130 943 Alia
2147 905 2277 943 vero
2307 889 2461 944 venit
2490 889 2561 944 ad
2583 905 2733 956 eum,
2755 890 2958 945 vestita
2977 890 3147 959 bene;
3181 897 3239 948 et
3256 893 3450 949 videns
3475 895 3600 966 ejus

2004 982 2204 1045 vestes,
2227 977 2384 1033 misit
2396 995 2627 1034 manum
2642 983 2708 1033 ut
2725 979 2886 1033 daret
2900 980 2952 1034 ei
2972 997 3172 1052 parum
3188 1001 3201 1049 ;
3225 987 3283 1038 et
3305 988 3503 1054 aperta
3513 987 3602 1038 est

2004 1081 2206 1120 manus
2247 1068 2388 1138 ejus,
2433 1072 2490 1122 et
2523 1067 2725 1121 levavit
2769 1068 3032 1124 multum.
3071 1071 3141 1125 Et
3184 1071 3477 1143 requisivit
3530 1071 3602 1127 de

2004 1154 2259 1226 utrisque
2285 1155 2614 1211 mulieribus
2643 1157 2772 1223 illis,
2807 1163 2865 1211 et
2899 1158 3157 1229 cognovit
3183 1160 3316 1232 quia
3338 1161 3438 1215 illa
3477 1177 3603 1233 qua

2002 1242 2164 1298 bonis
2202 1244 2449 1300 vestibus
2477 1245 2746 1301 utebatur
2774 1247 2844 1301 de
2871 1247 3126 1303 honestis
3161 1249 3491 1305 mulieribus
3527 1251 3600 1306 ad

2001 1339 2392 1405 paupertatem
2421 1336 2756 1406 pervenerit,
2778 1339 2836 1391 et
2863 1336 2995 1408 quia
3023 1354 3124 1410 pro
3155 1338 3418 1411 opinione
3446 1344 3603 1395 nata-

2003 1422 2142 1478 lium
2172 1441 2402 1478 suorum
2449 1424 2610 1478 bonis
2653 1425 2823 1480 fuerit
2870 1425 3040 1482 rebus
3066 1426 3304 1497 induta;
3344 1428 3443 1484 illa
3469 1445 3603 1485 vero

2001 1512 2115 1567 alia
2143 1513 2449 1585 accipiendi
2467 1530 2636 1570 causa
2664 1514 2917 1570 vestierit
2945 1532 3006 1570 se
3035 1533 3126 1571 res
3148 1522 3418 1574 vetustas.

2074 1602 2158 1657 13.
2176 1603 2482 1658 Monachus
2512 1603 2742 1675 quidam
2770 1609 2894 1660 erat
2922 1604 3135 1661 habens
3161 1606 3395 1663 fratrem
3425 1625 3602 1665 saecu-

1999 1689 2176 1745 larem
2200 1692 2624 1763 pauperculum,
2649 1698 2706 1747 et
2721 1692 2992 1764 quidquid
3008 1693 3299 1750 laborabat
3317 1696 3605 1769 praabebat

1936 1773 2051 1834 Bei
2080 1798 2093 1847 ;
2127 1780 2224 1834 sed
2256 1787 2530 1852 quantum
2553 1781 2647 1836 ille
2677 1781 2977 1853 praebebat,
3007 1788 3230 1840 tantum
3258 1785 3354 1840 ille
3395 1803 3604 1859 paupe-

1998 1867 2116 1923 rior
2144 1869 2332 1924 ﬁebat.
2366 1871 2614 1940 Pergens
2643 1875 2835 1926 autem
2875 1873 3184 1928 monachus
3207 1873 3303 1929 ille
3333 1874 3603 1932 indicavit

1999 1958 2118 2013 haec
2146 1959 2268 2014 seni
2308 1958 2550 2014 cuidam.
2601 1961 2781 2016 Senex
2810 1965 3000 2017 autem
3022 1961 3164 2017 dixit
3189 1963 3278 2018 ei:
3315 1963 3375 2020 Si
3397 1980 3490 2020 me
3519 1964 3601 2021 vis

2001 2047 2216 2115 audire,
2253 2049 2407 2104 ultra
2449 2048 2588 2103 nihil
2634 2049 2885 2121 praebeas
2910 2051 2982 2118 ei,
3029 2052 3128 2106 sed
3156 2052 3246 2107 dic
3273 2053 3326 2108 ei
3358 2070 3370 2106 :
3399 2055 3600 2112 Frater

1998 2139 2220 2208 quando
2248 2137 2420 2193 habui
2442 2137 2658 2210 praebui
2680 2136 2819 2193 tibi:
2847 2145 2911 2195 tu
2937 2157 3070 2212 ergo
3095 2142 3262 2196 modo
3291 2141 3502 2210 labora,
3532 2149 3592 2200 et

1997 2242 2062 2281 ex
2085 2243 2150 2281 eo
2170 2227 2319 2298 quod
2353 2227 2712 2296 laboraveris,
2732 2227 2920 2300 praebe
2940 2229 3098 2297 mihi,
3115 2235 3174 2285 et
3191 2231 3464 2303 quidquid
3491 2231 3599 2288 tibi

1994 2316 2268 2383 attulerit,
2302 2316 2487 2388 accipe
2527 2315 2598 2371 ab
2630 2333 2716 2384 eo,
2749 2322 2807 2372 et
2840 2317 2938 2372 ubi
2975 2317 3082 2373 scis
3110 2319 3472 2391 peregrinum
3498 2325 3600 2377 aut

1993 2420 2186 2459 senem
2220 2421 2546 2477 pauperem,
2569 2406 2643 2460 da
2662 2406 2822 2475 illud,
2847 2411 2905 2461 et
2927 2423 3066 2479 roga
3087 2425 3182 2463 eos
3208 2414 3273 2464 ut
3301 2415 3484 2466 orent
3493 2427 3598 2482 pro

1994 2495 2187 2549 eo.Ille
2205 2501 2397 2550 autem
2417 2495 2593 2550 frater
2615 2495 2733 2550 haec
2748 2496 3002 2565 audiens,
3023 2497 3151 2552 fecit
3168 2497 3278 2567 ita;
3293 2503 3352 2554 et
3372 2499 3599 2555 venien-

1993 2588 2051 2638 te
2081 2584 2152 2638 ad
2176 2601 2236 2639 se
2265 2584 2361 2639 illo
2407 2584 2660 2640 saeculari
2705 2585 2898 2653 fratre,
2950 2587 3171 2642 locutus
3199 2593 3283 2643 est
3310 2589 3362 2643 ei
3396 2605 3596 2660 quem-

1995 2673 2299 2729 admodum
2331 2673 2555 2730 dixerat
2599 2691 2785 2742 senex,
2808 2675 3129 2732 etdiscessit
3141 2677 3340 2732 tristis.
3364 2678 3436 2734 Et
3465 2694 3594 2735 ecce

1994 2763 2237 2835 quadam
2253 2763 2342 2818 die
2365 2764 2566 2821 tollens
2580 2765 2650 2819 de
2666 2764 2830 2820 horto
2850 2765 3072 2822 minuta
3091 2767 3264 2834 olera,
3281 2767 3474 2822 attulit
3500 2768 3552 2822 ei
3571 2783 3590 2825 :

299 2851 486 2908 Flexit
513 2851 679 2906 etiam
718 2852 836 2920 ille,
869 2851 964 2923 qui
986 2867 1115 2906 eum
1145 2857 1486 2924 susceperat,
1511 2869 1682 2924 genu,
1715 2857 1773 2908 et
1799 2859 1910 2909 sta-
1990 2852 2272 2924 accipiens
2294 2857 2484 2908 autem
2507 2853 2684 2908 frater
2705 2853 2819 2920 ille,
2843 2853 2998 2909 dedit
3024 2855 3270 2922 senibus,
3292 2860 3350 2910 et
3375 2856 3594 2928 rogavit

300 2942 410 2997 tim
427 2946 656 2998 curvata
674 2945 760 2996 est
778 2941 949 2996 etiam
980 2940 1148 2996 arbor
1168 2941 1267 2996 illa
1295 2958 1422 2996 cum
1442 2941 1564 3013 ipso
1588 2959 1599 2990 ε
1619 2943 1909 3014 quodcum
1989 2959 2086 2997 eos
2100 2948 2166 2997 ut
2179 2948 2406 2997 orarent
2423 2959 2526 3014 pro
2547 2943 2748 3008 eo.Qui
2761 2959 2886 2998 cum
2899 2944 3243 3016 accepissent
3254 2944 3595 3002 benedictio-

299 3031 590 3098 vidissent,
620 3031 799 3102 gavisi
823 3035 972 3098 sunt,
999 3035 1057 3085 et
1071 3031 1287 3102 gratias
1303 3036 1541 3102 egerunt
1552 3032 1668 3087 Deo
1685 3049 1908 3105 semper
1988 3048 2404 3099 nem,reversus
2425 3037 2511 3087 est
2541 3031 2600 3086 in
2620 3032 2853 3087 domum
2881 3049 3062 3089 suam.
3093 3033 3300 3089 Postea
3325 3047 3456 3090 vero
3478 3035 3586 3091 ite-

301 3120 586 3176 mirabilia
613 3120 860 3175 facienti.
1922 3132 1970 3195 ο
1989 3137 2116 3176 rum
2145 3121 2336 3176 attulit
2365 3121 2519 3176 olera
2547 3126 2602 3176 et
2638 3126 2754 3176 tres
2777 3137 2952 3193 panes
2978 3141 2990 3189 ;
3022 3127 3081 3176 et
3107 3122 3389 3194 accipiens
3413 3122 3590 3182 {mter

371 3211 460 3266 10.
484 3210 772 3265 Venerunt
801 3209 1101 3281 aliquando
1133 3209 1243 3264 duo
1275 3209 1476 3264 fratres
1502 3210 1572 3264 ad
1601 3211 1902 3282 quemdam
1987 3212 2131 3282 ejus,
2155 3209 2285 3265 fecit
2297 3210 2442 3265 sicut
2462 3209 2720 3282 prius.Et
2738 3215 3039 3266 consecuta
3059 3210 3451 3267 benedictione
3476 3212 3590 3269 ite-

298 3313 520 3355 senem:
544 3299 890 3355 consuetudo
907 3304 1096 3353 autem
1118 3305 1239 3354 erat
1254 3299 1392 3367 seni,
1430 3316 1543 3355 non
1563 3300 1903 3358 manducare
1984 3316 2113 3354 rum
2143 3299 2421 3354 discessit.
2448 3300 2638 3355 Tertio
2659 3299 2886 3354 veniens
2923 3299 3115 3356 attulit
3142 3301 3352 3356 multas
3379 3318 3586 3374 expen-

298 3389 570 3462 quotidie.
589 3389 696 3453 Qui
726 3405 854 3444 cum
882 3389 1109 3443 vidisset
1129 3389 1350 3456 fratres,
1383 3391 1636 3460 gaudens
1657 3391 1901 3463 suscepit
1983 3405 2094 3455 sas,
2129 3394 2187 3443 et
2213 3389 2425 3456 vinum,
2458 3395 2517 3443 et
2541 3388 2740 3461 pisces.
2790 3389 2950 3454 Quod
2982 3406 3111 3445 cum
3141 3389 3376 3446 vidisset
3403 3391 3582 3446 frater

298 3494 414 3545 eos,
444 3485 502 3533 et
527 3479 700 3533 dixit:
753 3478 1038 3549 Jejunium
1068 3495 1229 3532 suam
1259 3479 1577 3534 mercedem
1605 3479 1794 3535 habet.
1829 3481 1898 3536 Et
1980 3479 2122 3550 ejus,
2147 3477 2386 3532 miratus
2412 3482 2515 3544 est,
2538 3483 2597 3532 et
2625 3477 2842 3533 vocavit
2860 3494 3157 3551 pauperes.
3177 3483 3235 3533 et
3249 3478 3443 3534 refecit
3463 3495 3578 3534 eos.

296 3567 533 3624 iterum:
553 3567 660 3633 Qui
691 3568 994 3622 manducat
1008 3572 1237 3639 propter
1253 3567 1724 3636 charitatem,duo
1742 3586 1898 3624 man-
1977 3567 2132 3622 Dixit
2158 3573 2347 3622 autem
2378 3566 2460 3621 illi
2488 3566 2740 3622 saeculari
2768 3566 2930 3622 fratri
2952 3581 3088 3623 suo:
3122 3569 3206 3623 Ne
3237 3585 3378 3640 opus
3407 3567 3581 3625 habes

297 3655 687 3728 dataimplet;
721 3655 985 3728 quoniam
1009 3657 1351 3710 voluntatem
1377 3657 1662 3728 propriam
1692 3657 1897 3713 dereli-
1980 3656 2298 3728 aliquantos
2327 3672 2500 3728 panes
2520 3655 2545 3708 ?
2563 3656 2634 3710 Et
2660 3655 2753 3710 ille
2781 3655 2954 3711 dixit:
2974 3657 3121 3724 Non,
3165 3656 3422 3714 domine:
3444 3673 3578 3730 quo-

297 3746 438 3817 quit,
473 3750 530 3800 et
558 3744 1160 3816 mandatumimplevit
1185 3746 1440 3800 reﬁciens
1460 3745 1679 3802 fratres.
1978 3745 2131 3800 niam
2185 3745 2409 3817 quando
2455 3744 2668 3816 aliquid
2700 3744 3041 3817 accipiebam
3071 3761 3106 3799 a
3141 3750 3219 3814 te,
3252 3746 3404 3802 velut
3429 3746 3580 3818 ignis

371 3833 459 3891 ll.
508 3835 640 3890 Erat
670 3835 899 3906 quidam
937 3850 1135 3889 senum
1167 3834 1225 3888 in
1249 3835 1507 3906 Egypto,
1538 3835 1799 3892 habitans
1835 3836 1896 3891 in
1977 3834 2225 3890 intrabat
2245 3835 2302 3889 in
2323 3835 2552 3889 domum
2571 3839 2841 3902 meamet
2857 3833 3224 3890 consumebat
3238 3833 3399 3903 illud;
3424 3851 3578 3892 nunc

293 3924 516 3979 deserto
557 3925 714 3979 loco:
767 3928 890 3978 erat
936 3923 1107 3978 etiam
1155 3924 1298 3978 alter
1325 3924 1489 3994 longe
1519 3924 1589 3978 ab
1617 3942 1682 3980 eo
1711 3927 1893 3980 Mani-
1976 3930 2168 3979 autem
2219 3924 2443 3996 quando
2487 3928 2604 3978 ate
2635 3923 2776 3978 nihil
2800 3924 3034 3996 accipio,
3067 3925 3483 3997 superabundo,
3517 3930 3579 3982 et

292 4013 499 4082 chaeus,
518 4019 574 4068 et
591 4013 683 4068 hic
703 4019 824 4067 erat
841 4011 1133 4085 presbyter
1151 4029 1216 4066 ex
1237 4013 1325 4067 his
1342 4029 1480 4084 quos
1498 4013 1605 4085 ipsi
1623 4014 1896 4070 vocabant
1975 4014 2125 4068 Deus
2143 4012 2424 4068 benedicit
2437 4013 2596 4068 mihi.
2616 4012 2864 4084 Pergens
2875 4018 3065 4070 autem
3092 4013 3285 4081 frater,
3309 4013 3575 4071 indicavit

279 4102 670 4176 presbyteros.
703 4102 810 4167 Qui
843 4119 968 4156 cum
1005 4101 1171 4157 vellet
1207 4119 1442 4173 pergere
1489 4103 1558 4157 ad
1589 4104 1888 4174 quemdam
1982 4101 2171 4158 omnia
2209 4119 2332 4173 qua:
2366 4102 2515 4156 facta
2550 4101 2774 4157 fuerant
2803 4102 2946 4157 seni.
3003 4103 3068 4158 Et
3115 4103 3252 4158 dicit
3279 4103 3331 4158 ei
3363 4119 3568 4159 senex:

290 4193 546 4264 ejusdem
577 4191 782 4246 erroris
810 4191 1116 4256 hominem,
1152 4191 1578 4262 comprehendit
1605 4209 1734 4247 eum
1776 4210 1888 4248 nox
1971 4191 2164 4246 Nescis
2193 4192 2326 4262 quia
2347 4207 2486 4263 opus
2511 4189 2917 4244 monachorum
2943 4189 3091 4262 ignis
3105 4196 3210 4258 est,
3233 4196 3292 4246 et
3316 4191 3570 4248 ubicum-

288 4280 349 4337 in
374 4281 468 4336 illo
495 4282 750 4353 loco,quo
780 4286 903 4336 erat
933 4282 1016 4334 vir
1041 4280 1136 4335 ille
1165 4287 1392 4336 sanctus
1426 4286 1483 4335 et
1513 4282 1881 4349 orthodoxus,
1971 4297 2079 4352 que
2101 4280 2431 4351 ingreditur,
2455 4279 2778 4334 consumit?
2799 4279 2917 4334 Hoc
2935 4283 3126 4334 autem
3139 4279 3280 4334 utile
3298 4284 3387 4334 est
3406 4279 3568 4336 fratri

287 4376 347 4427 et
373 4369 707 4426 anxiabatur
723 4371 912 4425 volens
933 4370 1176 4442 pulsare,
1196 4375 1260 4424 ut
1278 4372 1690 4443 maneretapud
1707 4387 1836 4426 eum
1870 4390 1953 4443 ;ῃ
1969 4375 2089 4437 tuo,
2120 4375 2186 4424 ut
2207 4369 2278 4424 de
2303 4368 2494 4423 labore
2528 4384 2630 4423 suo
2671 4368 3026 4436 misereatur,
3080 4373 3138 4424 et
3170 4368 3481 4424 orationem
3528 4387 3564 4425 a

287 4460 503 4515 sciebat
545 4461 693 4515 enim
735 4460 870 4532 quia
917 4465 1275 4531 cognosceret
1321 4460 1469 4531 quod
1513 4465 1663 4515 esset
1707 4456 2178 4515 Mani-"sanctis
2207 4457 2340 4512 viris
2377 4457 2613 4528 accipiat
2647 4475 2659 4525 ;
2696 4461 2753 4512 et
2781 4456 2862 4512 ita
2889 4456 3333 4514 benedictionem
3372 4473 3564 4514 conse-

289 4549 497 4612 chaeus,
533 4554 591 4604 et
632 4548 998 4604 revocabatur
1037 4565 1070 4602 a
1119 4549 1461 4619 cogitatione
1491 4566 1612 4616 sua,
1648 4566 1718 4604 ne
1747 4550 1889 4606 forte
1972 4565 2167 4622 quens,
2206 4546 2671 4619 multiplicabitur
2697 4546 2856 4602 labor
2884 4547 3028 4619 ejus.

287 4654 404 4694 non
428 4639 804 4710 acquiesceret
844 4643 1041 4704 clo
1079 4637 1360 4709 suscipere
1391 4654 1540 4705 eum,
1569 4640 1890 4712 compulsus

287 4732 478 4782 autem
519 4727 851 4783 necessitate
897 4727 1160 4798 pulsavit.
1199 4727 1270 4781 Et
1305 4727 1562 4799 aperiens
1609 4745 1796 4793 senex,
1832 4735 1890 4786 et

285 4833 629 4888 cognoscens
659 4833 809 4882 eum,
844 4816 1091 4888 suscepit
1127 4833 1252 4871 cum
1284 4816 1586 4884 hilaritate,
1621 4824 1679 4873 et
1708 4819 1889 4890 coegit

287 4921 419 4963 eum
438 4919 619 4974 orare,
647 4912 705 4961 et
718 4905 973 4960 reficiens
992 4922 1121 4960 eum
1145 4905 1436 4960 collocavit
1453 4905 1548 4961 ubi
1572 4907 1843 4964 dormiret
1872 4928 1884 4964 :

285 4995 626 5051 Manichacus
655 5001 846 5051 autem
870 4994 1122 5066 cogitans
1151 4994 1209 5049 in
1253 5012 1312 5049 se
1340 5001 1520 5064 nocte,
1553 4996 1884 5066 mirabatur,

286 5084 506 5139 dicens:
551 5083 839 5150 Quomodo
849 5084 1061 5138 nullam
1078 5083 1452 5155 suspicionem
1466 5083 1666 5140 habuit
1681 5085 1739 5140 in
1761 5086 1888 5141 me?

282 5189 415 5229 vere
435 5173 542 5228 iste
562 5190 754 5228 servus
783 5172 884 5228 Dei
911 5178 1014 5228 est.
1056 5174 1126 5228 Et
1146 5189 1382 5244 surgens
1409 5190 1574 5228 mane
1591 5175 1790 5229 cecidit
1816 5174 1890 5230 ad

284 5263 458 5336 pedes
487 5265 626 5335 ejus,
659 5263 882 5318 dicens:
928 5262 1013 5318 Ab
1057 5263 1222 5318 hodie
1269 5263 1613 5319 orthodoxus
1653 5281 1800 5332 sum,
1835 5271 1892 5320 et

281 5367 399 5408 non
425 5353 680 5407 recedam
708 5369 742 5407 a
767 5357 850 5410 te.
891 5353 959 5407 Et
986 5351 1245 5423 deinceps
1292 5353 1601 5424 permansit
1644 5369 1772 5408 cum
1802 5370 1888 5410 eo.

255 5441 259 5444 ’
361 5440 445 5496 l2.
478 5442 782 5496 Monachus
812 5441 1041 5514 quidam
1083 5440 1355 5497 Thebaeus
1403 5441 1619 5513 accepit
1644 5442 1888 5513 gratiam

283 5531 583 5587 ministerii
604 5548 638 5585 a
657 5532 864 5599 Deo,ut
884 5531 1122 5603 singulis
1136 5529 1517 5601 indigentibus
1540 5531 1889 5588 ministraret

290 5621 441 5697 quod
463 5621 846 5679 necessarium
860 5620 1286 5693 esset.Contigit
1296 5625 1487 5676 autem
1503 5620 1805 5694 aliquando
1824 5622 1885 5679 in

2049 4638 2136 4696 14.
2165 4637 2398 4694 Dicebat
2433 4637 2662 4708 quidam
2696 4653 2920 4692 senum:
2953 4636 3098 4702 Quia
3126 4643 3214 4693 est
3235 4637 3463 4710 quidam
3488 4638 3569 4693 fa-

1969 4729 2120 4784 ciens
2151 4728 2327 4782 multa
2364 4726 2513 4782 bona
2547 4727 2891 4798 frequenter,
2939 4731 2997 4781 et
3022 4725 3277 4782 diabolus
3299 4727 3477 4783 mittit
3506 4734 3567 4784 et

1969 4818 2460 4890 scrupulositatem
2481 4817 2541 4872 in
2571 4817 2758 4872 animo
2787 4832 2886 4887 pro
2913 4815 3096 4888 parvis
3125 4815 3313 4884 rebus,
3347 4821 3412 4872 ut
3426 4817 3566 4874 alio-

1969 4925 2097 4963 rum
2115 4908 2387 4973 omnium,
2409 4923 2530 4978 quae
2545 4905 2694 4972 facit,
2720 4905 3035 4960 mercedem
3050 4905 3293 4964 amittat.
3321 4906 3565 4964 Sedente

1970 4997 2120 5053 enim
2141 5013 2232 5052 me
2252 4996 2552 5068 aliquando
2576 4995 2636 5049 in
2668 4993 2984 5067 Oxyrincho
3020 5010 3147 5050 cum
3165 4995 3407 5068 quodam
3431 5014 3562 5070 pre-

1970 5087 2193 5161 sbytero
2210 5089 2306 5160 qui
2327 5085 2566 5141 faciebat
2587 5086 2793 5140 multas
2813 5085 3223 5157 eleemosynas,
3247 5087 3400 5142 venit
3418 5104 3566 5160 qum-

1971 5179 2100 5233 dam
2133 5177 2339 5231 mulier
2366 5176 2533 5230 vidua
2561 5174 2851 5247 postulans
2882 5173 2952 5228 ab
2978 5191 3045 5230 eo
3073 5176 3353 5246 modicum
3369 5177 3563 5233 tritici.

1972 5269 2042 5324 Et
2055 5266 2196 5321 dixit
2213 5267 2264 5321 ei
2290 5285 2302 5320 :
2334 5265 2656 5332 Vade,afl‘er
2705 5263 2974 5331 modium,
2999 5270 3060 5320 et
3085 5281 3352 5322 mensuro
3366 5267 3568 5322 tibi.Et

1973 5356 2165 5412 attulit
2194 5356 2264 5410 ei.
2280 5356 2378 5411 Ille
2400 5361 2588 5409 autem
2607 5370 2941 5409 mensurans
2961 5355 3210 5410 modium
3224 5357 3292 5410 ad
3311 5371 3561 5419 manum,

1972 5445 2111 5500 dixit
2135 5444 2186 5499 ei
2212 5465 2224 5500 :
2268 5445 2448 5514 Major
2463 5448 2549 5496 est
2572 5461 2584 5509 ;
2607 5447 2665 5497 et
2693 5441 2824 5496 fecit
2840 5443 3229 5498 verecundiam
3263 5443 3440 5499 viduae
3458 5442 3561 5497 illi.

1969 5536 2114 5590 Cum
2145 5551 2272 5588 vero
2318 5531 2666 5588 discessisset
2712 5532 2894 5587 vidua
2934 5531 3050 5599 illa,
3095 5532 3208 5588 dixi
3227 5548 3357 5603 ego:
3387 5529 3566 5598 Abba;

1968 5623 2239 5681 mutuasti
2261 5621 2439 5680 vidua:
2468 5621 2562 5678 isti
2579 5621 2954 5692 triticum,aut
2981 5619 3158 5696 quid?
3180 5622 3255 5678 Et
3277 5620 3371 5676 ille
3388 5618 3564 5676 dixit:
