3964 6206
474 346 581 405 947
1593 350 1688 407 DE
1725 351 1916 409 VITIS
1954 349 2254 443 PATRUM
2290 348 2505 407 LIBER
2540 346 2610 403 v.
3596 352 3685 416 943

475 476 625 543 Non,
659 476 759 534 sed
780 476 982 533 donavi
994 476 1096 533 illi.
1123 474 1239 549 Ego
1267 480 1462 533 autem
1476 477 1620 533 dixi:
1650 479 1864 549 Ergosi
1887 479 2136 540 totumA
2159 493 2321 550 spere
2353 474 2635 531 manduca
2661 489 2867 547 panem
2895 478 2954 529 et
2982 473 3066 529 sal
3091 492 3105 542 ;
3138 479 3197 529 et
3238 473 3361 530 veni
3401 474 3598 545 iterum,
3640 486 3689 538 et

472 566 654 637 gratis
689 566 909 632 dedisti,
942 567 1221 639 quomodo
1247 566 1303 623 in
1337 566 1558 622 modico
1596 567 1676 622 sic
1710 569 2072 641 scrupulosus
2153 568 2355 639 loquor
2382 564 2505 620 tibi.
2531 563 2637 630 Qui
2668 580 2909 636 pergens
2932 563 3064 618 fecit
3090 563 3189 619 ita.
3235 564 3507 636 Completo
3533 563 3689 626 autem

474 670 600 713 esse
618 654 858 723 voluisti,
877 660 935 713 et
951 656 1132 711 fecisti
1146 656 1543 713 verecundiam
1574 657 1798 713 mulieri
1816 658 1841 712 ?
2154 673 2323 723 anno,
2355 655 2512 710 Venit
2523 654 2731 709 iterum
2743 653 2919 708 frater
2931 653 3004 707 ad
3024 652 3280 708 abbatem
3297 655 3691 729 Arem.Contigit

482 792 491 801 .
551 743 635 802 l5.
684 744 866 800 Senex
913 746 1145 817 quidam
1172 762 1301 802 cum
1337 746 1448 801 alio
1488 763 1601 803 uno
1635 746 1808 803 fratre
1831 747 2075 803 habebat
2157 751 2347 801 autem
2365 751 2432 799 ut
2457 760 2655 799 rursus
2683 742 3031 799 inveniretur
3059 743 3208 814 apud
3227 759 3355 798 eum
3370 742 3528 799 abbas
3547 745 3693 803 Abra-

472 849 831 889 communem
861 834 1051 903 vitam,
1083 841 1208 890 erat
1230 835 1383 890 enim
1414 852 1584 891 senex
1608 836 1701 891 ille
1731 836 2068 893 misericors.
2155 835 2309 889 ham.
2333 834 2402 888 Et
2428 833 2637 887 iterum
2663 848 2831 911 senex
2858 830 3021 886 fratri
3040 831 3123 886 illi
3151 851 3163 885 :
3188 831 3357 898 Vade,
3371 833 3552 904 jejuna
3574 850 3693 891 anno

474 922 726 993 Contigit
748 928 941 980 autem
970 929 1035 980 ut
1058 925 1222 980 ﬁeret
1235 924 1430 992 fames,
1450 930 1507 980 et
1528 931 1820 998 coeperunt
1844 927 2074 998 quidam
2154 924 2282 991 isto,
2316 928 2373 978 et
2398 927 2524 994 post
2545 921 2778 976 biduum
2790 921 3089 976 manduca.
3110 920 3216 985 Qui
3235 938 3359 976 cum
3378 921 3694 994 discessisset,

470 1012 745 1068 veniread
759 1014 1064 1086 hospitium
1078 1015 1291 1085 ejus,ut
1306 1014 1626 1086 acciperent
1643 1030 2073 1086 agapem;senex
2155 1013 2295 1069 dixit
2320 1011 2494 1067 abbas
2519 1010 2807 1066 Abraham
2832 1009 3022 1065 abbati
3044 1011 3213 1065 Arem
3233 1028 3247 1065 :
3267 1010 3447 1075 Quare
3474 1012 3696 1069 omnibus

470 1118 602 1158 vero
636 1102 900 1158 omnibus
938 1102 1290 1158 venientibus
1338 1104 1699 1159 ministrabat
1725 1121 1949 1176 panem.
1985 1103 2073 1158 Vi-
2152 1101 2422 1158 fratribus
2449 1101 2569 1156 leve
2587 1101 2791 1172 jugum
2836 1099 3099 1171 imponis,
3147 1099 3319 1154 istum
3359 1116 3481 1156 vero
3505 1100 3697 1160 fratrem

468 1191 608 1247 dens
634 1197 827 1248 autem
854 1191 1030 1248 frater
1060 1192 1209 1264 quod
1237 1191 1425 1259 fiebat,
1469 1194 1607 1249 dic1t
1634 1193 1755 1249 seni
1779 1211 1791 1247 :
1824 1194 1910 1248 Da
1932 1193 2071 1248 mihi
2150 1192 2308 1265 gravi
2336 1190 2557 1246 sarcina
2576 1188 2849 1244 onerasti?
2869 1188 2940 1242 Et
2962 1188 3102 1243 dixit
3121 1188 3173 1243 ei
3192 1205 3359 1244 senex
3380 1207 3392 1243 :
3415 1190 3699 1247 Aliitratres

466 1286 689 1353 partem
712 1298 896 1337 meam
925 1282 995 1337 de
1033 1281 1291 1354 panibus,
1326 1288 1383 1337 et
1412 1283 1561 1355 quod
1589 1283 1671 1337 vis
1703 1283 1788 1339 fac
1813 1282 1881 1337 de
1910 1287 2071 1353 parte
2154 1281 2434 1355 quomodo
2459 1279 2693 1335 veniunt
2713 1294 2963 1351 quaerere
2981 1278 3063 1333 ita
3083 1282 3140 1332 et
3158 1278 3482 1345 discedunt;
3504 1279 3584 1335 hic
3597 1297 3698 1337 vero

469 1374 589 1426 tua.
612 1372 793 1427 Senex
815 1388 946 1426 vero
975 1371 1164 1426 divisit
1188 1388 1382 1443 panes,
1402 1378 1459 1427 et
1472 1372 1712 1427 faciebat
1724 1389 1879 1428 more
1905 1372 2070 1427 solito
2154 1370 2286 1441 quia
2312 1374 2541 1442 prepter
2567 1369 2748 1423 Deum
2776 1367 2928 1422 venit
2955 1367 3152 1422 audire
3180 1366 3426 1434 verbum,
3455 1370 3699 1440 operarius

469 1460 887 1532 eleemosynam
914 1460 985 1516 de
1014 1465 1175 1532 parte
1203 1478 1331 1520 sua.
1375 1462 1536 1517 Multi
1562 1467 1751 1517 autem
1780 1477 2072 1517 concurre-
2153 1463 2345 1514 autem
2373 1464 2459 1514 est
2486 1474 2744 1529 magnus,
2777 1463 2835 1523 et
2862 1456 3136 1529 quidquid
3148 1456 3199 1511 ei
3220 1456 3428 1526 dixero,
3447 1474 3561 1512 cum
3576 1459 3701 1517 omni

468 1548 608 1604 bant
631 1549 717 1607 ad.
732 1565 944 1615 senem,
974 1549 1268 1606 audientes
1297 1551 1432 1621 quia
1472 1550 1732 1607 omnibus
1764 1551 1943 1605 daret.
1974 1549 2073 1603 Vi-
2154 1548 2527 1604 sollicitudine
2544 1547 2693 1615 facit,
2717 1551 3018 1620 propterea
3044 1552 3101 1602 et
3118 1563 3222 1618 ego
3236 1547 3491 1619 loquorei
3508 1547 3700 1604 verbum

468 1638 607 1693 dens
635 1642 829 1693 autem
855 1638 1005 1693 Deus
1035 1639 1383 1711 propositum
1404 1641 1708 1695 voluntatis
1736 1642 1877 1711 ejus,
1902 1639 2074 1694 bene-
2153 1638 2277 1694 Dei.

466 1726 609 1783 dixit
619 1744 813 1799 panes.
836 1728 1036 1784 Frater
1063 1734 1253 1783 autem
1273 1729 1387 1798 ille,
1416 1730 1512 1801 qui
1543 1734 1835 1801 acceperat
1853 1734 2074 1800 partem
2090 1795 2127 1801 _
2228 1726 2280 1785 3.
2312 1728 2699 1782 Narraverunt
2721 1726 2790 1781 de
2824 1725 3027 1781 abbate
3054 1726 3272 1781 Joanne
3312 1724 3487 1781 brevis
3512 1732 3700 1783 statura

468 1795 651 1884 suam,
674 1823 733 1872 et
746 1817 886 1873 nulli
914 1816 1105 1884 dabat,
1130 1795 1475 1890 consumpsit
1490 1835 1664 1890 panes
1673 1795 1831 1885 suos,
1854 1795 1913 1873 et
1929 1818 2075 1872 dixit
2090 1795 2135 1856 B
2155 1816 2289 1890 quia
2316 1816 2563 1889 perrexit
2590 1817 2663 1871 ad
2684 1816 2984 1889 quemdam
3002 1815 3497 1871 senemThebaeum
3512 1833 3700 1887 genere,

466 1905 622 1962 seni:
653 1906 933 1971 Quoniam
961 1906 1243 1961 modicum
1273 1912 1376 1975 est,
1414 1908 1564 1979 quod
1592 1908 1775 1963 adhuc
1794 1907 1972 1962 habeo
2001 1908 2072 1962 de
2154 1911 2597 1961 commorantem
2627 1906 2687 1960 in
2716 1904 2928 1977 Scythi,
2961 1905 3056 1978 qui
3083 1905 3319 1960 sedebat
3344 1905 3401 1960 in
3427 1923 3595 1961 eremo
3621 1906 3704 1974 (Si-

465 1994 706 2068 panibus
728 1994 886 2061 meis,
925 1994 1090 2063 abba,
1119 1996 1339 2068 suscipe
1380 2014 1471 2051 me
1502 1998 1573 2052 ad
1610 2014 1969 2052 communem
1996 1996 2073 2051 vi-
2154 2000 2286 2051 mile
2305 1997 2394 2050 hic
2423 1997 2519 2052 lib.
2552 2013 2621 2062 1v,
2673 2012 2721 2050 ο.
2772 1993 2858 2061 12,
2894 2012 2957 2049 ex
2982 1994 3272 2066 Sulpicio).
3302 1995 3515 2051 Tollens
3546 2001 3702 2050 autem

466 2083 683 2140 tam.Et
699 2083 842 2139 dixit
860 2084 913 2138 ei
949 2097 1150 2139 senex:
1176 2086 1469 2149 Quomodo
1490 2086 1590 2153 vis,
1605 2086 1767 2141 facio.
1792 2088 1863 2141 Et
1892 2102 2070 2157 crepe-
2154 2084 2456 2156 aliquando
2488 2082 2660 2139 abbas
2686 2085 2811 2155 ejus
2839 2083 3059 2155 lignum
3102 2083 3336 2151 siccum,
3368 2085 3631 2158 plantavit,
3658 2090 3702 2141 et

466 2178 604 2229 runt
618 2173 829 2229 iterum
856 2173 1027 2228 simul
1058 2190 1180 2230 esse
1207 2181 1265 2230 et
1291 2176 1671 2231 communiter
1690 2176 2074 2231 vivere.Facta
2155 2174 2297 2228 dixit
2325 2173 2377 2228 ei
2401 2191 2414 2231 :
2458 2174 2568 2228 Per
2596 2173 2715 2228 dies
2742 2173 2995 2245 singulos
3024 2173 3186 2229 mitte
3217 2174 3272 2229 ei
3298 2174 3366 2228 ad
3395 2173 3577 2247 pedem
3602 2176 3700 2245 ejus

467 2268 658 2320 autem
684 2262 891 2318 iterum
915 2268 1165 2334 egestate
1189 2263 1534 2333 victualium,
1553 2265 1853 2320 veniebant
1865 2265 2071 2320 iterum
2155 2263 2414 2334 lagenam
2432 2279 2610 2335 aquae,
2631 2263 2807 2318 donec
2820 2263 3065 2319 fructum
3083 2262 3276 2318 faciat.
3300 2264 3430 2319 Erat
3445 2279 3562 2319 vero
3572 2263 3701 2336 longe

466 2352 804 2423 indigentes,
836 2356 902 2407 ut
936 2352 1255 2424 acciperent
1296 2371 1558 2426 agapem.
1592 2354 1845 2425 Contigit
1872 2360 2066 2409 autem
2155 2351 2225 2407 ab
2251 2352 2331 2407 eis
2360 2369 2528 2424 aqua,
2560 2359 2625 2407 ut
2668 2369 2703 2406 a
2755 2369 2881 2407 sero
2911 2358 3189 2423 pergeret,
3219 2358 3284 2406 et
3311 2368 3471 2407 mane
3497 2352 3699 2419 rediret;

466 2458 586 2498 una
610 2442 703 2497 die
725 2446 791 2497 ut
816 2441 1058 2496 intraret
1079 2442 1256 2498 frater
1283 2444 1397 2510 ille,
1436 2449 1494 2498 et
1518 2443 1733 2498 videret
1758 2444 1892 2515 quia
1919 2443 2074 2498 defe-
2154 2447 2283 2514 post
2299 2447 2415 2497 tres
2431 2447 2620 2496 autem
2639 2457 2818 2496 annos
2838 2441 3009 2496 viruit
3023 2441 3242 2512 lignum
3264 2441 3419 2511 illud,
3436 2448 3489 2497 et
3504 2444 3701 2497 fructum

466 2536 864 2603 cerantpanes.
878 2530 1049 2585 Venit
1065 2537 1258 2586 autem
1286 2538 1345 2587 et
1362 2549 1578 2604 pauper
1591 2533 1998 2604 postulansol
2018 2538 2070 2599 II
2154 2530 2304 2586 fecit.
2333 2532 2572 2586 Sumens
2606 2536 2795 2585 autem
2827 2546 2893 2585 ex
2904 2530 3092 2585 fructu
3110 2531 3236 2602 ejus
3256 2548 3439 2597 senex,
3461 2530 3625 2586 attulit
3646 2530 3701 2586 ad

468 2635 729 2690 agapem.
764 2620 946 2675 Senex
971 2634 1107 2689 ergo
1131 2619 1273 2676 dixit
1298 2621 1460 2677 fratri
1489 2622 1571 2677 illi
1598 2639 1610 2674 :
1650 2623 1735 2677 Da
1763 2622 1815 2676 ei
1845 2639 2067 2693 panem.
2157 2621 2468 2685 ecclesiam,
2497 2625 2555 2675 et
2582 2620 2722 2674 dixit
2740 2619 3036 2676 fratribus:
3062 2621 3315 2693 Accipite
3349 2626 3404 2676 et
3422 2620 3700 2677 manducata

470 2708 544 2764 Et
573 2707 750 2764 dixit:
801 2711 929 2765 Jam
970 2727 1083 2765 non
1136 2709 1336 2777 habeo,
1371 2712 1559 2766 Pater.
1594 2711 1663 2767 Et
1690 2711 1832 2766 dixit
1859 2728 2067 2769 senex:
2156 2710 2400 2766 fructum
2428 2708 2778 2765 obedientiai.
3059 2696 3067 2707 ’

468 2797 645 2864 Intra,
661 2802 721 2852 et
747 2815 952 2869 quaere.
976 2801 1268 2871 Ingressus
1287 2806 1479 2856 autem
1509 2801 1702 2867 frater,
1743 2801 1985 2857 attendit
2016 2806 2073 2856 et
2229 2798 2280 2855 4.
2312 2798 2584 2855 Dicebant
2611 2799 2680 2854 de
2706 2800 2941 2865 Joanne,
2961 2800 3058 2872 qui
3078 2799 3183 2855 fuit
3210 2799 3507 2872 discipulus
3528 2796 3702 2853 abbatis

470 2885 613 2942 vidit
657 2888 1075 2958 repositionem,
1115 2889 1175 2944 in
1205 2906 1318 2961 qua
1362 2907 1537 2962 panes
1558 2889 1754 2945 haberi
1797 2889 2071 2957 solebant,
2156 2889 2339 2956 Pauli,
2399 2888 2533 2960 quia
2579 2905 2798 2959 magna:
2837 2888 3169 2944 obedientiae
3197 2890 3372 2945 fuerit
3392 2890 3543 2958 (Rufi.
3575 2892 3607 2944 ι.
3633 2902 3699 2952 ω,

474 2974 768 3047 repletam.
804 2978 1063 3048 panibus.
1111 2979 1272 3044 Quod
1328 2996 1457 3034 cum
1486 2980 1733 3048 vidisset,
1767 2979 1990 3047 timuit;
2018 2984 2077 3035 et
2159 2995 2317 3033 num.
2343 2976 2412 3034 67
2436 2997 2449 3045 ;
2474 2980 2685 3044 Paw/1.,
2713 2995 2759 3033 c.
2790 2976 2845 3045 2,
2870 2994 2929 3033 η.
2955 2978 3029 3049 1).
3052 2979 3186 3033 Erat
3215 2984 3405 3034 autem
3430 2977 3485 3032 in
3507 2976 3705 3049 quodam

474 3064 681 3121 tollens
705 3065 864 3122 dedit
882 3068 1142 3139 pauperi;
1167 3072 1337 3140 atque
1362 3068 1443 3124 ita
1472 3085 1810 3139 cognoscens
1829 3069 1997 3124 fidem
2017 3073 2076 3123 et
2094 3129 2131 3140 _
2158 3068 2277 3122 loco
2308 3066 2599 3134 memoria,
2650 3072 2709 3121 et
2758 3065 3049 3121 habitabat
3075 3067 3133 3121 in
3172 3084 3243 3122 ea
3274 3068 3444 3124 lemne
3486 3066 3703 3139 pessima,

469 3152 746 3210 .virtutem
775 3129 947 3223 senis,
976 3129 1313 3227 glorificavit
1339 3129 1570 3213 Deum.”
2089 3129 2132 3190 Ο
2155 3156 2363 3211 Videns
2411 3129 2603 3211 autem
2640 3172 2811 3211 senex
2857 3156 3007 3211 circa
3057 3156 3246 3228 ipsum
3290 3158 3467 3213 locum
3486 3129 3704 3210 stercora

716 3244 1063 3302 LIBELLUS
1110 3246 1427 3301 DECIMUS
1468 3246 1821 3313 QUARTUS,
2156 3244 2347 3301 lemne
2374 3245 2572 3317 ipsius,
2606 3245 2748 3300 dixit
2790 3246 3028 3301 Joanni:
3068 3246 3225 3300 Vade
3265 3252 3323 3301 et
3348 3247 3479 3300 aﬂ‘er
3501 3250 3705 3300 stercora

1042 3336 1117 3389 De
1165 3337 1490 3390 obedientia.
2156 3334 2272 3392 illa.
2308 3335 2378 3389 Et
2406 3335 2501 3390 ille
2529 3335 2671 3390 dixit
2719 3334 2808 3389 ei:
2851 3335 2922 3389 Et
2947 3335 3083 3407 quid
3123 3335 3289 3402 facio,
3325 3334 3477 3399 abba,
3517 3338 3704 3406 propter

547 3423 601 3478 1.
618 3423 804 3479 Beata
820 3423 1105 3479 memoriae
1127 3422 1300 3479 abbas
1319 3424 1590 3480 Arsenius
1604 3423 1745 3479 dixit
1771 3425 2074 3497 aliquando
2159 3423 2394 3478 leaenam
2423 3424 2621 3479 illam?
2651 3425 2833 3479 Senex
2855 3429 3047 3479 autem
3084 3423 3383 3480 subridens
3420 3423 3546 3479 dixit
3560 3421 3631 3477 ei:
3658 3419 3703 3476 Si

471 3512 669 3569 abbati
696 3514 1014 3569 Alexandro
1038 3532 1051 3569 :
1084 3514 1320 3580 Quando
1351 3514 1782 3586 perexpenderis
1797 3515 2075 3586 palmulas
2162 3514 2379 3569 venerit
2404 3519 2601 3569 contra
2628 3518 2704 3580 te,
2737 3513 2851 3584 liga
2890 3513 3068 3580 illam,
3104 3518 3161 3568 et
3187 3514 3330 3569 aﬂ‘er
3355 3514 3475 3569 huc.
3500 3509 3705 3567 Perrexit

479 3607 627 3669 tuas,
652 3608 787 3658 tunc
804 3604 930 3659 veni
957 3610 1015 3659 et
1048 3609 1376 3675 gustemus;
1408 3604 1455 3658 si
1490 3610 1680 3658 autem
1709 3604 1886 3675 aliqui
1913 3621 2078 3676 pere-
2159 3620 2293 3674 ergo
2342 3602 2517 3658 frater
2539 3603 2655 3657 illic
2685 3620 2934 3674 vespere,
2964 3608 3023 3657 et
3049 3620 3177 3658 ecce
3205 3603 3363 3659 venit
3386 3603 3547 3658 leazna
3571 3614 3704 3672 super

479 3692 630 3763 grini
657 3692 1104 3764 supervenerint,
1137 3693 1365 3747 comede
1402 3709 1529 3748 cum
1554 3694 1650 3748 eis.
1674 3693 1860 3747 Abbas
1884 3698 2074 3749 autem
2158 3692 2344 3764 ipsum
2364 3710 2377 3760 ;
2394 3692 2489 3745 ille
2515 3697 2706 3747 autem
2734 3692 3042 3747 secundum
3064 3691 3298 3748 verbum
3319 3692 3462 3748 senis
3479 3691 3703 3761 impetum

479 3781 797 3836 Alexander
835 3781 1019 3836 lenius
1061 3786 1119 3836 et
1163 3782 1412 3836 modeste
1456 3782 1814 3853 operabatur.
1852 3783 2077 3838 Etcum
2160 3781 2292 3838 feeit
2312 3798 2482 3853 super
2502 3798 2647 3849 eam,
2668 3786 2732 3836 ut
2751 3780 3700 3854 teneretillam.Fugitautemleaana,

482 3868 633 3923 facta
658 3868 854 3923 fuisset
882 3870 1021 3924 hora
1048 3870 1444 3931 manducandi.
1475 3876 1774 3941 supererat
1800 3870 1984 3925 adhuc
2010 3872 2079 3928 de
2162 3877 2220 3926 et
2245 3869 2588 3942 sequebatur
2615 3871 2865 3938 camille,
2889 3871 3111 3926 dicens:
3136 3872 3423 3944 Exspecta,
3441 3870 3558 3943 quia
3571 3866 3703 3922 abbas

483 3956 749 4028 palmulis
789 3956 907 4011 suis
931 3975 942 4010 :
998 3958 1192 4013 volens
1220 3963 1411 4013 autem
1440 3959 1723 4014 custodire
1747 3960 2080 4016 mandatum
2162 3977 2323 4015 meus
2355 3960 2514 4028 dixit,
2539 3966 2604 4016 ut
2624 3960 2890 4031 ligemte;
2921 3966 2979 4016 et
2995 3965 3195 4016 tenens
3214 3978 3341 4018 eam
3361 3959 3605 4032 alligavit.
3631 3957 3704 4012 Se-

481 4044 656 4112 senis,
687 4045 956 4101 sustinuit
982 4046 1157 4102 donec
1186 4047 1495 4119 explicaret
1511 4048 1758 4119 palmas;
1788 4048 1960 4105 abbas
1987 4067 2084 4104 au-
2165 4066 2273 4105 nex
2301 4055 2493 4104 autem
2522 4050 2894 4121 exspectando
2916 4066 3048 4105 eum
3074 4050 3289 4106 diutius
3306 4049 3538 4113 sedebat,
3564 4052 3613 4103 et
3631 4042 3705 4099 tri-

482 4138 600 4190 tem
632 4135 902 4190 Arsenius
928 4152 1057 4191 cum
1086 4136 1302 4191 videret
1342 4138 1475 4208 quia
1511 4138 1782 4205 tardaret,
1812 4138 2077 4210 gustavit,
2165 4137 2455 4193 bulatione
2482 4137 2842 4208 afﬂigebatur
2865 4158 2878 4206 ;
2905 4144 2964 4194 et
2988 4155 3113 4195 ecce
3144 4140 3307 4195 tarde
3334 4139 3549 4199 venit.et
3568 4132 3705 4189 habe-

483 4223 815 4279 existimans
843 4225 976 4296 quia
998 4225 1140 4282 forte
1169 4226 1222 4280 ei
1246 4226 1526 4298 peregrini
1550 4227 1998 4299 supervenerint,
2025 4233 2083 4283 et
2166 4227 2265 4283 bat
2307 4228 2542 4282 [ozenam
2585 4228 2742 4283 illam
2786 4228 3041 4299 ligatam.
3078 4229 3240 4293 Quod
3270 4246 3397 4285 cum
3425 4226 3625 4281 vidisset
3644 4236 3707 4276 se-

483 4330 613 4369 cum
630 4313 770 4385 ipsis
787 4315 1118 4385 gustaverit.
1130 4315 1320 4371 Abbas
1332 4323 1519 4372 autem
1538 4318 1854 4373 Alexander
1863 4322 2082 4389 postea-
2167 4334 2292 4384 nex,
2325 4317 2637 4373 admiratus
2667 4323 2779 4373 est:
2818 4319 3004 4373 volens
3032 4323 3225 4373 autem
3256 4317 3537 4374 humiliare
3560 4313 3703 4377 illum,

484 4419 657 4475 quam
685 4403 981 4475 explicavit
1022 4421 1272 4475 vespere,
1305 4406 1552 4476 perrexit
1575 4407 1645 4461 ad
1690 4406 1952 4461 abbatem
1980 4409 2083 4461 Ar-
2099 4449 2148 4509 Β
2167 4407 2367 4462 cecidit
2393 4424 2541 4470 eum,
2594 4400 2653 4462 et
2690 4406 2830 4461 dixit
2861 4425 2873 4461 :
2933 4408 3145 4463 Bavose
3164 4408 3292 4477 (41),
3322 4423 3507 4462 canem
3532 4404 3704 4459 fatuum

486 4492 728 4548 senium.
760 4493 831 4547 Et
859 4492 999 4547 dixit
1019 4493 1072 4547 ei
1100 4493 1273 4548 abbas
1292 4496 1561 4550 Arsenius
1588 4521 1599 4555 :
1632 4496 1965 4565 Peregrinos
1985 4492 2147 4551 ali-"
2167 4496 2447 4551 adduxisti
2474 4496 2611 4551 mihi
2636 4495 2665 4550 ?
2694 4496 2875 4552 Solvit
2892 4502 3085 4552 autem
3113 4514 3239 4553 eam
3259 4496 3447 4553 statim
3475 4509 3634 4557 senex,
3659 4494 3704 4544 et

489 4597 632 4653 quos
658 4580 948 4636 habuisti?
979 4580 1054 4636 Et
1083 4582 1247 4637 dixit:
1278 4584 1424 4638 Non.
1458 4585 1527 4639 Et
1548 4584 1640 4638 ille
1678 4584 1823 4639 dixit
1850 4602 1862 4639 :
1896 4585 2082 4649 Quare
2166 4585 2382 4641 dimisit
2408 4586 2591 4640 redire
2616 4586 2689 4640 ad
2721 4587 2907 4641 locum
2936 4603 3125 4643 suum.

485 4687 622 4742 ergo
648 4686 764 4726 non
791 4670 990 4726 venisti
1016 4671 1040 4724 ?
1069 4672 1139 4727 Et
1166 4672 1483 4743 respondit:
1530 4672 1673 4736 Quia
1701 4673 1888 4727 dixisti
1919 4674 2080 4741 mihi,
2240 4676 2290 4729 5.
2326 4674 2599 4730 Dicebant
2626 4675 2695 4730 de
2725 4674 2927 4730 abbate
2958 4676 3205 4743 Silvano,
3248 4676 3395 4749 quod
3414 4670 3639 4729 habuerit
3658 4667 3703 4722 in

492 4760 728 4824 Quando
758 4760 1066 4816 defecerint
1087 4762 1284 4833 palmae
1316 4767 1449 4832 tunc
1480 4762 1622 4817 veni.
1641 4762 1757 4832 Ego
1779 4769 1969 4818 autem
1991 4764 2087 4819 ha-
2170 4764 2361 4836 Scythi
2392 4764 2750 4836 discipulum,
2797 4764 3025 4821 nomine
3066 4767 3336 4830 Marcum,
3394 4770 3449 4819 ct
3472 4762 3552 4816 hic
3574 4756 3706 4815 fuerit

488 4847 629 4907 bans
652 4865 971 4906 sermonem
1001 4855 1162 4906 tuum
1188 4851 1245 4905 in
1265 4851 1474 4918 animo,
1509 4868 1622 4905 non
1647 4852 1791 4918 veni,
1816 4853 1952 4923 quia
1963 4870 2082 4908 mo-
2168 4871 2384 4924 magna:
2399 4853 2961 4927 obedientiae,quique
2972 4855 3143 4910 etiam
3156 4856 3395 4927 scriptor
3408 4847 3704 4922 antiquarius

491 4935 564 4991 do
592 4938 862 5009 complevi
893 4956 1052 5011 opus.
1086 4940 1157 4995 Et
1197 4940 1509 4995 admiratus
1541 4946 1627 4995 est
1654 4958 1822 4995 senex
1845 4958 2081 5013 scrupu-
2167 4948 2304 4996 erat:
2325 4942 2596 5013 diligebat
2610 4949 2799 4999 autem
2815 4961 2944 4999 eum
2960 4962 3129 5000 senex
3145 4950 3375 5016 propter
3387 4936 3705 4998 obedientiam

490 5023 773 5081 lositatem
799 5027 1127 5085 obedientiaa
1155 5031 1297 5101 ejus,
1315 5035 1373 5084 et
1390 5030 1535 5084 dixit
1553 5030 1824 5086 ei:Citius
1860 5031 2080 5101 disjun-
2163 5048 2325 5085 suam
2349 5034 2533 5099 (Ra/ﬁ,
2570 5036 2607 5086 ι.
2638 5048 2722 5099 In,
2757 5050 2814 5087 η.
2852 5032 2997 5102 143).
3027 5033 3282 5089 Habebat
3309 5032 3472 5088 etiam
3496 5028 3707 5083 aliosmr

486 5129 625 5185 gere
650 5112 723 5168 ab
749 5131 917 5187 opere
947 5123 1064 5178 tuo.
1113 5125 1178 5173 ut
1203 5123 1262 5175 et
1289 5118 1661 5175 ministerium
1689 5120 1962 5191 psallendi
1994 5121 2077 5174 fa-
2160 5120 2340 5175 decim
2367 5121 2686 5193 discipulos,
2716 5122 2812 5193 qui
2833 5122 3310 5178 contristabantur
3330 5120 3471 5194 quod
3489 5112 3707 5187 diligebat

468 5200 624 5267 das,
655 5205 715 5256 et
738 5219 944 5273 aquam
972 5205 1073 5260 tibi
1103 5206 1338 5278 implere
1372 5224 1631 5263 occurras
1666 5228 1678 5275 ;
1718 5208 1969 5280 alioquin
2007 5209 2080 5263 ci-
2162 5227 2293 5264 eum
2323 5211 2449 5282 plus
2478 5211 2577 5265 eis.
2613 5211 2773 5276 Quod
2802 5229 2931 5266 cum
2955 5212 3245 5267 audissent
3260 5211 3421 5267 vicini
3447 5222 3589 5265 senes
3604 5200 3706 5274 quia

470 5290 602 5356 tius
629 5289 1017 5349 debilitabitur
1042 5309 1244 5367 corpus
1273 5303 1456 5353 tuum.
2163 5316 2333 5355 senex
2357 5300 2481 5372 plus
2501 5317 2633 5356 eum
2662 5302 2883 5356 ceteris
2913 5300 3201 5373 diligebat,
3226 5301 3452 5356 moleste
3476 5292 3697 5351 tulerunt.

466 5436 472 5441 ,
558 5380 614 5436 2.
647 5380 817 5435 Venit
844 5380 1020 5437 abbas
1043 5383 1329 5442 Abraham
1372 5387 1444 5442 ad
1482 5387 1742 5442 abbatem
1774 5387 1944 5442 Arem
1978 5406 1991 5454 ;
2025 5391 2084 5442 et
2171 5389 2294 5444 Una
2321 5394 2513 5444 autem
2558 5390 2647 5444 die
2682 5396 2955 5446 venerunt
2982 5390 3054 5445 ad
3096 5407 3262 5446 eum:
3295 5405 3431 5461 quos
3466 5393 3703 5440 δεειιωειιε

484 5468 903 5534 cumsederent
933 5470 1121 5538 simul,
1154 5476 1477 5545 supervenit
1520 5476 1750 5547 quidam
1782 5476 1978 5543 frater,
2031 5482 2087 5532 et
2169 5495 2361 5532 secum
2391 5478 2564 5533 abbas
2594 5480 2872 5545 Silvanus,
2899 5496 3157 5551 egressus
3178 5485 3263 5534 est
3282 5479 3351 5533 de
3371 5476 3503 5532 cella
3537 5485 3635 5535 sua,
3659 5470 3704 5520 et

460 5557 629 5623 .(lixit
651 5557 840 5627 abbati
862 5561 1064 5643 Aram:
1094 5562 1195 5616 Dic
1215 5562 1371 5629 mihi,
1397 5565 1532 5636 quid
1559 5565 1760 5620 faciam
1792 5575 1857 5621 ut
1884 5566 2088 5622 salvari
2170 5568 2342 5639 coepit
2369 5568 2722 5640 singulorum
2750 5569 3154 5644 discipulorum
3182 5583 3406 5624 suorum
3434 5564 3584 5620 cellas
3604 5555 3704 5630 pul-

497 5648 727 5720 possim.
751 5650 821 5707 Et
854 5650 991 5711 dicit
1017 5651 1069 5709 ei
1097 5664 1290 5711 senex:
1315 5654 1489 5724 Vade,
1521 5659 1641 5711 toto
1675 5672 1823 5714 anno
1853 5656 1962 5715 isto
1992 5674 2088 5714 ve-
2172 5673 2317 5727 sare,
2350 5657 2566 5716 dicens:
2602 5659 2799 5718 Frater
2826 5659 2943 5729 ille,
2977 5658 3120 5729 veni,
3144 5659 3273 5734 quia
3300 5672 3435 5731 opus
3466 5658 3515 5711 te
3540 5646 3701 5707 habeb-
