3964 6206
342 300 453 364 949

1650 308 1887 364 VERBA
1927 308 2316 364 SENIORUM.

3511 309 3620 367 950

338 430 414 486 Et
441 444 590 484 unus
626 445 693 483 ex
710 427 799 482 his
818 443 933 483 non
948 431 1035 482 est
1053 443 1182 482 mox
1200 434 1424 485 secutus
1452 448 1603 486 eum.
1639 432 1807 486 Venit
1834 433 1994 492 au-A
2011 437 2302 486 manentes
2329 431 2559 486 cuilibet
2593 432 2951 488 continentiae
3000 431 3378 489 obedientiam

339 523 459 573 tem
478 518 550 572 ad
562 518 761 573 cellam
792 516 988 583 Marci,
1013 522 1071 571 et
1084 518 1344 588 pulsavit,
1369 519 1590 575 dicens:
1614 522 1817 576 Marce.
1837 522 1937 576 Ille

337 613 533 663 autem
564 624 691 662 cum
721 607 972 662 audisset
994 623 1184 661 vocem
1213 608 1364 663 senis
1385 610 1577 664 statim
1598 611 1764 664 exivit
1780 610 1933 677 foris,

336 702 401 753 et
413 697 571 752 misit
588 702 655 762 ο
672 702 705 761 Ι
722 702 781 762 8
805 713 933 751 eum
954 696 1022 750 ad
1036 697 1317 767 quoddam
1335 699 1732 755 ministerium.
1751 700 1937 754 Abbas

336 802 475 858 ergo
489 787 749 842 Silvanus
768 785 909 840 dixit
920 785 1148 840 senibus
1171 805 1183 840 :
1208 787 1317 842 Ubi
1346 794 1479 843 sunt
1506 790 1692 844 caeteri
1712 789 1937 844 fratres?

337 876 411 931 Et
436 876 724 947 ingressus
745 881 831 930 est
859 875 918 930 in
935 876 1133 929 cellam
1155 876 1339 943 Marci,
1366 884 1424 932 et
1459 878 1673 934 invenit
1709 884 1938 951 quater-

334 964 584 1031 nionem,
620 981 788 1036 quem
814 964 1010 1019 eadem
1037 965 1175 1018 hora
1205 966 1579 1034 inchoaverat,
1613 968 1671 1023 in
1703 985 1813 1039 quo
1844 969 1937 1023 lit-

334 1058 521 1108 teram
551 1053 597 1109 Ο
623 1052 877 1108 faciebat.
910 1050 983 1106 Et
995 1053 1189 1107 audita
1214 1070 1345 1108 voce
1364 1056 1531 1119 senis,
1555 1072 1668 1110 non
1685 1057 1819 1122 ﬁxit,
1834 1073 1937 1110 nec

332 1143 563 1214 gyravit
575 1143 852 1197 calamum
874 1142 1041 1207 ultra,
1066 1143 1401 1214 utimpleret
1412 1149 1468 1198 et
1486 1145 1773 1199 clauderet
1791 1145 1937 1199 litte-

334 1248 458 1287 ram
487 1249 657 1303 quam
686 1232 744 1285 in
770 1248 974 1286 manus
1002 1230 1262 1285 habebat.
1312 1233 1379 1286 Et
1423 1233 1686 1288 dixerunt
1731 1251 1892 1288 senes
1921 1254 1932 1288 :

335 1320 500 1387 Vere,
532 1321 693 1387 abba,
729 1337 896 1392 quem
926 1326 989 1375 tu
1017 1320 1247 1390 dilligis,
1281 1327 1338 1375 et
1362 1338 1463 1375 nos
1491 1322 1779 1393 diligimus
1805 1341 1939 1394 quo-

334 1409 489 1465 niam
516 1415 570 1464 et
603 1411 752 1465 Deus
780 1409 968 1480 diligit
997 1426 1148 1465 eum.

407 1498 461 1553 6.
493 1499 664 1555 Venit
691 1499 993 1570 aliquando
1013 1505 1193 1553 mater
1217 1500 1521 1572 supradicti
1541 1501 1731 1568 Marci,
1766 1508 1831 1556 ut
1854 1502 1933 1557 vi-

335 1589 498 1644 deret
516 1605 666 1655 eum,
681 1594 740 1643 et
759 1587 1003 1643 habebat
1024 1606 1214 1643 secum
1234 1589 1537 1660 plurimum
1561 1590 1893 1662 obsequium
1916 1611 1929 1646 :

332 1677 407 1732 ad
437 1693 608 1749 quam
632 1693 760 1731 cum
784 1677 989 1732 exisset
1011 1694 1197 1744 senex,
1230 1678 1365 1733 dicit
1392 1679 1445 1733 ei
1468 1679 1595 1733 illa:
1628 1678 1810 1747 Abba,
1843 1681 1932 1736 dic

2017 521 2396 590 praeponimus
2420 539 2432 588 ;
2461 521 2727 592 quoniam
2757 522 3103 577 continentia
3119 524 3504 594 arrogantiam
3520 525 3618 580 ha-

2019 609 2130 676 bet,
2162 609 2481 665 obedie‘itia
2508 616 2701 666 autem
2725 611 3103 667 humilitatem
3132 629 3439 684 congruam
3459 613 3619 686 polli-

2019 704 2193 753 cetur.

2101 804 2178 861 10.
2210 805 2363 861 Dixit
2383 807 2587 860 iterum
2633 822 2756 878 quae
2794 822 2998 878 supra:
3058 807 3293 880 Oportet
3339 824 3441 865 nos
3486 827 3613 867 cum

2019 893 2354 949 discretione
2385 895 2632 950 animam
2656 894 2994 984 gubernare,
3031 897 3159 951 etin
3187 900 3617 971 congregatione

2018 989 2328 1051 manentes,
2352 1002 2465 1039 non
2488 1002 2610 1056 quae
2640 990 2830 1039 nostra
2853 990 2986 1039 sunt
3014 1001 3282 1056 quaerere,
3306 1004 3488 1060 neque
3508 1006 3619 1043 ser-

2018 1072 2132 1125 vire
2155 1074 2396 1144 propriae
2421 1074 2695 1128 voluntati
2720 1093 2731 1141 ;
2763 1073 3029 1145 quoniam
3061 1074 3216 1128 velut
3243 1077 3435 1132 exsilio
3470 1079 3616 1133 rele-

2015 1166 2215 1232 gantes
2237 1180 2342 1216 nos
2369 1163 2707 1218 tradidimus
2736 1162 2834 1217 uni
2865 1163 3174 1218 secundum
3203 1163 3370 1219 ﬁdem
3401 1166 3556 1222 Patri
3583 1184 3619 1222 a

2020 1250 2188 1306 rebus
2204 1252 2560 1307 saecularibus
2596 1252 2846 1306 alienati.
2860 1252 3019 1307 Unde
3036 1269 3169 1323 ergo
3180 1254 3387 1322 egressi
3400 1271 3615 1323 sumus,

2018 1340 2158 1393 nihil
2183 1341 2418 1395 ulterius
2448 1342 2801 1412 requiramus
2825 1360 2837 1406 ;
2867 1340 2981 1395 illic
2994 1341 3143 1395 enim
3166 1342 3404 1411 gloriam
3418 1342 3615 1399 habui-

2019 1446 2161 1492 mus,
2195 1430 2310 1483 illic
2336 1430 2739 1485 abundantiam
2769 1429 3042 1496 ciborum,
3091 1430 3179 1485 hic
3210 1436 3402 1487 autem
3439 1433 3612 1488 etiam

2018 1518 2180 1588 panis
2202 1518 2380 1589 ipsius
2409 1518 2676 1589 inopiam.

2083 1624 2110 1678 1
2132 1623 2174 1680 l.
2207 1623 2359 1678 Dixit
2387 1624 2561 1679 abbas
2590 1625 2998 1697 Hyperichius:
3045 1626 3189 1690 Quia
3232 1627 3615 1683 ministerium

2014 1714 2273 1768 monachi
2292 1719 2379 1768 est
2406 1714 2742 1780 obedientia,
2793 1731 2962 1786 quam
3001 1715 3097 1786 qui
3140 1716 3405 1786 possidet,
3461 1717 3611 1788 quod

399 1766 411 1777 .
1227 1767 1236 1777 .
1815 1770 1826 1780 .
2302 1766 2375 1768 ην
2416 1766 2429 1767 κ
2460 1766 2742 1780 ~
2802 1766 2961 1786 ιη-ηη
3009 1766 3097 1786 r—
3141 1766 3405 1786 ιη---ηηι
3466 1766 3611 1788 γτ-

331 1767 608 1875 -Ῥθᾼίξ
620 1767 1095 1875 ξιξθχῗῗηῗά-ξηθτζ
1109 1768 1410 1875 υθῖιάθθω
1423 1785 1579 1875 ‘eufrf‘
1606 1770 1931 1875 I‘n‘greme‘m
1951 1789 2200 1874 Bposcit
2229 1803 2578 1869 exaudietur,
2603 1809 2661 1858 et
2683 1820 2811 1858 cum
2843 1804 3046 1858 fiducia
3073 1804 3349 1859 Crucifixo
3374 1804 3617 1875 astabit;

331 1861 526 1910 autem
554 1872 742 1922 senex,
777 1856 917 1910 dixit
943 1856 991 1910 ei
1018 1855 1349 1926 :Egredere,
1381 1863 1446 1911 ut
1464 1858 1650 1912 videat
1676 1865 1732 1912 te
1754 1865 1935 1914 mater

332 1948 454 1999 tua.
487 1944 588 2000 Ille
617 1950 809 1999 autem
834 1945 1067 1999 vestitus
1082 1952 1205 1999 erat
1222 1963 1443 2001 saccum
1459 1947 1692 2001 scissum
1712 1953 1769 2002 et
1780 1965 1934 2004 recu-

330 2039 523 2089 sutum
552 2034 773 2105 pannis,
792 2039 849 2089 et
865 2039 1034 2105 caput
1052 2039 1221 2106 atque
1237 2036 1404 2089 iacies
1425 2037 1473 2106 ej
1484 2053 1546 2090 us
1575 2036 1752 2091 tincta
1774 2038 1928 2092 fumo

332 2128 394 2178 et
414 2122 649 2192 fuligine
678 2123 930 2195 coquinae
956 2143 967 2177 :
994 2125 1090 2195 qui
1117 2129 1345 2195 propter
1364 2124 1737 2180 obedientiam
1769 2126 1934 2182 abba-

332 2210 406 2266 tis
435 2228 694 2281 egressus
725 2219 812 2267 est
840 2212 1088 2284 quidem,
1120 2214 1219 2267 sed
1243 2214 1447 2268 clausit
1477 2215 1667 2269 oculos
1693 2232 1842 2283 suos,
1878 2222 1935 2271 et

331 2300 413 2355 ita
436 2300 705 2355 salutavit
721 2306 961 2355 matrem
983 2319 1143 2356 suam
1174 2303 1254 2355 vel
1274 2319 1369 2356 eos
1389 2303 1485 2373 qui
1517 2310 1785 2357 venerant
1803 2321 1931 2359 cum

329 2389 473 2460 ipsa,
500 2390 691 2444 dicens
714 2409 725 2444 :
761 2391 894 2445 Sani
923 2396 1120 2448 estote.
1146 2390 1220 2446 Et
1234 2408 1398 2446 nemo
1420 2408 1487 2445 ex
1509 2392 1608 2458 eis,
1629 2408 1732 2446 nec
1749 2399 1930 2448 mater

330 2494 435 2533 sua
461 2479 721 2549 cognovit
746 2479 879 2551 quia
903 2480 1025 2551 ipse
1058 2486 1205 2534 esset
1231 2500 1244 2544 ;
1279 2498 1401 2551 quae
1429 2481 1634 2535 iterum
1675 2483 1829 2536 misit
1857 2483 1928 2538 ad

329 2584 544 2633 senem,
578 2568 801 2622 dicens:
832 2568 1374 2634 Abba,mitteﬁlium
1405 2587 1613 2637 meum,
1635 2572 1927 2626 utvideam

328 2673 481 2711 eum.
514 2655 588 2711 Et
616 2657 759 2712 dixit
784 2659 971 2713 Marco
998 2677 1009 2712 :
1048 2660 1173 2713 Non
1203 2658 1315 2712 dixi
1344 2659 1466 2724 tibi,
1514 2659 1816 2729 Egredere,
1864 2667 1929 2716 ut

326 2745 515 2800 videat
537 2750 594 2800 te
623 2751 805 2801 mater
832 2752 930 2802 tua
954 2748 978 2800 ἲ
1006 2748 1076 2802 Et
1108 2748 1250 2802 dixit
1278 2748 1329 2802 ei
1360 2747 1580 2804 Marcus
1610 2768 1622 2802 :
1656 2750 1926 2821 Egressus

325 2849 454 2888 sum
476 2835 640 2903 juxta
662 2835 892 2890 verbum
926 2841 1107 2900 tuum,
1142 2837 1308 2890 Pater
1332 2855 1346 2903 ;
1376 2843 1763 2891 verumtamen
1789 2854 1925 2907 rogo

325 2928 403 2989 te,
436 2940 508 2977 ne
536 2924 677 2978 mihi
702 2925 843 2979 illud
862 2925 1035 2991 dicas,
1068 2931 1133 2980 ut
1160 2942 1374 2990 exeam,
1399 2925 1927 2980 neinobedienstibi

324 3012 521 3067 videar
548 3030 685 3068 esse.
720 3013 994 3084 Egressus
1023 3031 1213 3080 senex,
1244 3014 1386 3068 dixit
1414 3015 1583 3069 matri
1622 3016 1772 3085 ejus:
1800 3016 1925 3087 Ipse

2016 1893 2225 1947 etenim
2251 1892 2524 1947 Dominus
2544 1892 2624 1947 sic
2652 1892 2806 1947 venit
2830 1893 2901 1948 ad
2928 1908 3171 1961 crucem,
3200 1892 3379 1949 factus
3409 1894 3621 1950 scilicet

2017 1980 2284 2036 obediens
2312 1997 2489 2052 usque
2514 1982 2585 2035 ad
2615 1987 2874 2036 mortem.

2093 2087 2175 2146 12.
2204 2087 2477 2143 Dicebant
2504 2105 2665 2143 senes
2690 2106 2701 2142 :
2737 2089 2882 2153 Quia
2909 2089 2956 2143 si
2979 2088 3149 2143 habet
3178 2090 3304 2160 quis
3332 2089 3393 2145 in
3428 2090 3616 2163 aliquo

2015 2178 2203 2242 fidem,
2239 2183 2296 2231 et
2322 2177 2496 2231 tradit
2523 2194 2583 2231 se
2608 2177 2660 2231 ei
2708 2177 2780 2232 ad
2821 2178 3242 2248 subjectionem,
3293 2195 3406 2233 non
3451 2179 3621 2236 debet

2014 2266 2304 2321 attendere
2332 2267 2389 2320 in
2421 2266 2704 2321 mandatis
2732 2267 2854 2333 Dei,
2894 2267 2991 2321 sed
3028 2267 3183 2322 Patri
3209 2284 3312 2342 suo
3338 2268 3618 2340 spirituali

2013 2372 2237 2409 omnem
2264 2356 2609 2410 voluntatem
2637 2372 2798 2410 suam
2820 2356 3205 2424 committere;
3236 2357 3372 2428 quia
3399 2357 3481 2411 illi
3510 2375 3614 2431 per

2012 2444 2204 2498 omnia
2225 2444 2509 2511 obediens,
2538 2461 2651 2499 non
2672 2444 2923 2500 incurret
2939 2450 3230 2517 peccatum
3247 2446 3396 2517 apud
3409 2447 3609 2503 Deum.

2090 2549 2167 2608 l3.
2192 2551 2424 2606 Dicebat
2447 2569 2615 2607 senex
2641 2571 2653 2606 :
2688 2552 2831 2616 Quia
2867 2552 2979 2607 ista
3005 2553 3206 2624 quaerit
3225 2554 3375 2609 Deus
3404 2553 3612 2609 aChri-

2009 2642 2227 2701 stianis,
2261 2646 2325 2696 ut
2349 2641 2574 2696 obediat
2602 2641 2728 2712 quis
2754 2641 3056 2713 Scripturis
3082 2642 3302 2709 divinis,
3337 2643 3605 2714 quoniam

2008 2731 2139 2785 inde
2164 2731 2402 2801 accipiet
2417 2731 2827 2801 loquendorum
2844 2735 2902 2784 et
2914 2730 3258 2801 agendorum
3279 2731 3540 2800 formam,
3555 2737 3615 2788 et

2008 2825 2073 2874 ut
2099 2819 2413 2875 consentiat
2440 2820 2754 2891 praepositis
2784 2824 2840 2874 et
2869 2816 3130 2874 Patribus
3155 2820 3501 2876 orthodoxis.

2086 2922 2167 2983 14.
2198 2926 2396 2981 Frater
2421 2926 2649 2997 quidam
2678 2926 2748 2980 de
2771 2926 2966 2997 Scythi
2994 2926 3202 2981 vadens
3230 2927 3301 2981 ad
3345 2944 3607 2995 messem,

2007 3015 2278 3088 applicuit
2305 3015 2376 3068 ad
2399 3014 2699 3086 quemdam
2727 3030 2919 3069 senem
2962 3031 3252 3085 magnum,
3284 3020 3343 3069 et
3360 3016 3496 3071 dicit
3522 3017 3606 3072 ei:

322 3106 413 3156 est
440 3102 538 3174 qui
567 3103 739 3157 exivit
765 3103 836 3157 ad
856 3120 970 3169 vos,
997 3108 1056 3157 ct
1086 3103 1350 3157 salutavit
1375 3120 1488 3166 vos,
1523 3104 1714 3158 dicens
1739 3104 1916 3159 :Salvi
1938 3111 1980 3169 ι]
1997 3106 2098 3161 Dic
2126 3104 2282 3171 mihi,
2307 3103 2467 3170 abba,
2492 3103 2625 3174 quid
2654 3103 2856 3158 faciam
2887 3119 3126 3174 pergens
3150 3104 3560 3159 admetendum
3578 3105 3604 3157 ?

321 3196 520 3245 estote.
550 3190 624 3245 Et
647 3193 967 3247 consolatus
996 3199 1082 3246 est
1110 3210 1254 3257 eam,
1285 3193 1436 3246 etita
1456 3193 1739 3247 discedere
1768 3194 1912 3248 fecit.

396 3275 449 3333 7.
482 3279 772 3334 Venerunt
799 3280 1101 3351 aliquando
1129 3288 1371 3352 quatuor
1395 3283 1596 3335 fratres
1633 3282 1702 3335 de
1728 3282 1920 3353 Scythi

320 3368 394 3423 ad
422 3367 684 3423 abbatem
714 3370 926 3424 Pambo
954 3371 1140 3425 vestiti
1158 3371 1420 3441 pelliccas
1447 3371 1686 3437 tunicas,
1710 3372 1919 3425 etindi—

319 3458 861 3537 cavitunusquisque
878 3459 1141 3514 virtutem
1164 3460 1414 3525 alterius,
1439 3477 1551 3514 non
1564 3466 1834 3531 praesente
1854 3477 1920 3515 eo

319 3547 391 3602 de
420 3563 530 3618 quo
558 3547 913 3618 loquebatur.
947 3549 1104 3603 Unus
1125 3565 1370 3618 namque
1405 3565 1470 3602 ex
1500 3550 1581 3603 eis
1624 3548 1922 3620 jejunabat

317 3636 585 3701 multum,
608 3638 753 3691 alter
781 3653 909 3691 vero
947 3637 1088 3691 nihil
1120 3637 1460 3708 possidebat,
1489 3638 1690 3692 tertius
1729 3644 1919 3692 autem

317 3724 565 3780 habebat
589 3727 921 3781 charitatem
942 3726 1244 3798 plurimam
1272 3746 1283 3795 ;
1313 3727 1383 3781 de
1402 3732 1602 3798 quarto
1623 3744 1752 3781 vero
1772 3728 1922 3782 dixe-

316 3820 456 3868 runt
484 3815 617 3885 quia
646 3815 842 3886 viginti
869 3815 1010 3870 duos
1040 3832 1217 3870 annos
1254 3815 1485 3869 haberet
1513 3816 1568 3870 in
1602 3815 1921 3871 obedientia

316 3919 656 3974 permanens
702 3905 1009 3959 seniorum.
1062 3903 1373 3976 Respondit
1418 3911 1610 3958 autem
1645 3911 1700 3958 et
1746 3905 1919 3960 abbas

315 3992 530 4046 Pambo
554 4011 565 4045 :
591 3993 726 4047 Dico
744 3994 897 4048 vobis
918 3993 1222 4064 quiaistius
1244 3995 1419 4048 virtus
1438 3995 1621 4064 major
1641 3999 1726 4048 est
1748 4011 1915 4065 quam

313 4089 645 4139 cancrorum
667 4103 679 4137 :
712 4084 977 4155 quoniam
990 4084 1375 4155 unusquisque
1390 4093 1639 4137 vestrum
1655 4083 1918 4137 virtutem

315 4189 490 4245 quam
519 4173 785 4244 possidet,
818 4174 1103 4228 voluntate
1130 4173 1362 4244 propria
1400 4189 1524 4227 eam
1554 4172 1804 4238 retinuit;
1830 4173 1920 4226 hic

314 4268 510 4317 autem
525 4279 686 4317 suam
706 4263 1050 4317 voluntatem
1072 4262 1426 4328 abscindens,
1453 4261 1648 4315 alienae
1669 4261 1919 4315 volunta-

315 4351 391 4406 tis
436 4368 497 4406 se
540 4368 763 4406 servum
807 4351 953 4406 fecit.
1007 4352 1171 4406 Tales
1224 4350 1373 4405 enim
1415 4351 1518 4403 viri
1573 4350 1917 4405 eonfessores

315 4447 469 4506 sunt,
498 4441 549 4495 si
576 4457 753 4513 usque
783 4442 855 4495 ad
885 4444 1055 4495 finem
1082 4441 1164 4495 ita
1186 4439 1618 4511 permanserint.

388 4530 441 4585 8.
476 4530 645 4585 Venit
667 4530 896 4601 quidam
922 4530 993 4584 ad
1018 4529 1276 4583 abbatem
1307 4528 1448 4584 Sisoi
1475 4528 1795 4594 Thebaeum,
1829 4545 1919 4583 vo-

314 4620 439 4674 lens
463 4619 585 4674 fieri
608 4619 936 4674 monachus.
968 4617 1043 4672 Et
1071 4618 1438 4688 interrogavit
1466 4636 1595 4672 eum
1634 4635 1819 4683 senex,
1868 4619 1917 4673 si

315 4709 452 4781 quid
479 4708 713 4763 haberet
741 4708 1048 4763 inszeculo.
1084 4707 1156 4761 Et
1184 4708 1279 4761 ille
1308 4707 1448 4760 dixit
1472 4727 1483 4761 :
1522 4707 1708 4761 llabeo
1739 4723 1918 4761 unum

313 4798 511 4853 filium.
541 4799 611 4853 Et
629 4798 763 4852 dicit
780 4796 829 4851 ei
847 4814 1042 4850 senex:
1072 4797 1243 4859 Vade,
1262 4798 1416 4866 jacta
1436 4813 1565 4850 cum
1582 4796 1639 4849 in
1662 4796 1911 4862 flumine,

314 4892 376 4941 et
401 4893 537 4942 tunc
572 4888 672 4941 ﬁes
703 4887 1031 4940 monachus.
1067 4884 1173 4949 Qui
1203 4902 1330 4939 cum
1375 4884 1608 4938 abiisset
1642 4883 1915 4955 projicere

313 4976 630 5043 eum,misit
658 4992 825 5030 senex
849 4991 1024 5029 unum
1056 4975 1124 5028 de
1152 4974 1441 5038 fratribus,
1466 4973 1562 5044 qui
1594 4972 1916 5043 prohiberet

313 5082 467 5121 eum.
500 5065 608 5130 Qui
636 5081 767 5120 cum
790 5064 1067 5120 tenuisset
1104 5065 1322 5133 jactare
1369 5079 1628 5133 puerum,
1679 5061 1817 5115 dicit
1862 5061 1913 5114 ei

309 5152 491 5208 frater
512 5173 524 5207 :
559 5154 811 5219 Quiesce,
831 5153 965 5223 quid
992 5152 1127 5206 facis
1148 5150 1257 5205 'IEt
1280 5152 1374 5205 ille
1394 5150 1715 5221 respondit:
1730 5147 1916 5203 Abbas

311 5242 457 5297 mihi
482 5242 622 5297 dixit
647 5247 712 5297 ut
733 5242 1025 5313 projiciam
1042 5258 1190 5296 eum.
1226 5239 1300 5294 Et
1329 5240 1470 5293 dixit
1497 5240 1548 5293 ei
1578 5239 1777 5292 frater:
1806 5238 1916 5291 Sed

310 5332 521 5386 iterum
550 5330 722 5385 abbas
747 5331 919 5385 dicit:
954 5331 1035 5385 Ne
1066 5329 1330 5400 projieias
1375 5346 1525 5382 cum.
1569 5328 1667 5382 Ille
1725 5332 1916 5380 autem

311 5420 640 5491 relinquens
668 5420 847 5475 ﬁlium
868 5436 1033 5474 suum
1063 5419 1216 5473 venit
1241 5418 1311 5472 ad
1332 5434 1544 5481 senem,
1569 5422 1626 5470 et
1645 5415 1918 5470 factusest

311 5509 745 5583 probatissimus
776 5508 1084 5563 monachus
1110 5525 1211 5579 per
1238 5506 1637 5561 obedientiam.

385 5598 446 5661 9.
481 5598 635 5659 Dixit
654 5604 848 5661 sancta
866 5598 1177 5676 Syncletica
1201 5616 1212 5653 :
1240 5597 1384 5669 Quia
1403 5596 1462 5652 in
1486 5593 1917 5668 congregatione

2002 3195 2151 3249 Dicit
2178 3193 2229 3247 ei
2259 3209 2463 3247 senex:
2496 3193 2563 3246 Et
2596 3192 2643 3246 si
2668 3192 2770 3246 tibi
2793 3191 3003 3254 dixero,
3053 3191 3374 3263 acquiesces
3424 3193 3606 3248 mihi?

2002 3282 2312 3353 Respondit
2335 3282 2387 3335 ei
2433 3281 2649 3335 frater:
2692 3281 2897 3342 Etiam,
2949 3280 3150 3335 obedio
3184 3280 3307 3335 tibi.
3359 3281 3513 3337 Dixit
3551 3281 3603 3337 ei

2003 3389 2170 3427 senex
2197 3390 2208 3424 :
2244 3371 2302 3425 Si
2322 3369 2460 3425 mihi
2481 3369 2807 3440 acquiescis,
2832 3386 3071 3441 surgens
3086 3370 3244 3436 vade,
3265 3375 3324 3424 et
3342 3371 3609 3426 renuntia

2002 3460 2271 3515 messioni
2303 3459 2465 3527 huic;
2496 3464 2553 3513 et
2577 3459 2722 3524 veni,
2763 3465 2820 3513 et
2847 3458 2971 3513 dico
2998 3458 3102 3512 tibi
3132 3459 3266 3530 quid
3294 3458 3603 3515 facias.Ille

2003 3556 2195 3609 autem
2217 3549 2392 3603 frater
2406 3548 2751 3602 renuntiavit
2762 3564 3046 3613 messurae,
3064 3552 3121 3602 et
3132 3547 3283 3602 venit
3296 3548 3367 3602 ad
3388 3564 3601 3603 senem.

2003 3639 2155 3694 Dixit
2184 3644 2372 3692 autem
2404 3637 2454 3691 ei
2477 3652 2643 3692 senex
2671 3656 2683 3691 :
2718 3638 2874 3691 Intra
2901 3635 2959 3690 in
2989 3637 3188 3691 cellam
3217 3642 3394 3703 tuam,
3428 3643 3489 3692 et
3513 3637 3607 3690 fac

2004 3726 2414 3799 quinquaginta
2432 3726 2551 3779 dies
2570 3725 2865 3780 continuos
2887 3744 2898 3793 ;
2922 3725 3096 3780 semel
3114 3726 3411 3780 comedens
3431 3725 3489 3779 in
3511 3726 3605 3780 die

2002 3834 2207 3888 panem
2237 3834 2363 3871 cum
2387 3816 2522 3881 sale,
2555 3821 2610 3869 et
2639 3815 2843 3869 iterum
2864 3813 3120 3868 indicabo
3140 3813 3242 3869 tibi
3263 3814 3433 3868 aliam
3457 3830 3601 3869 rem.

2002 3907 2072 3960 Et
2096 3906 2225 3959 fecit
2245 3905 2344 3968 sic,
2370 3910 2427 3959 et
2447 3905 2653 3982 iterum
2674 3903 2827 3957 venit
2844 3903 2912 3957 ad
2949 3919 3157 3957 senem.
3192 3903 3371 3957 Senex
3412 3907 3605 3958 autem

2001 3996 2181 4049 sciens
2200 4000 2263 4058 6
2280 4001 2312 4058 Ι
2330 3999 2394 4057 9
2413 3993 2545 4064 quia
2574 3994 2659 4046 vir
2687 3992 2976 4064 operarius
3006 3989 3173 4059 esset,
3204 3991 3344 4046 dixit
3371 3991 3424 4046 ei
3470 4008 3606 4063 quo-

2002 4083 2168 4136 modo
2199 4087 2485 4153 oporteret
2524 4098 2646 4135 esse
2688 4081 2747 4134 in
2786 4081 2925 4135 cella
2979 4097 3101 4136 sua.
3130 4081 3200 4135 Et
3254 4081 3600 4137 descendens

1998 4172 2174 4225 frater
2201 4171 2257 4224 in
2297 4170 2434 4224 cella
2460 4186 2581 4234 sua,
2626 4168 2929 4240 prostravit
2963 4185 3023 4223 se
3058 4186 3270 4240 pronus
3298 4170 3358 4224 in
3388 4174 3600 4224 terram

2000 4265 2116 4313 tres
2146 4258 2266 4312 dies
2297 4263 2353 4311 et
2383 4263 2499 4311 tres
2527 4263 2737 4321 noctes,
2767 4257 2992 4327 plorans
3026 4257 3086 4311 in
3129 4262 3430 4328 conspectu
3474 4258 3597 4313 Dei.

2000 4349 2134 4401 Post
2162 4348 2279 4401 hac
2310 4363 2438 4400 vero
2470 4363 2598 4401 cum
2646 4345 2898 4400 dicerent
2945 4346 2995 4399 ei
3028 4345 3397 4416 cogitationes
3442 4362 3557 4401 sum
3583 4365 3595 4399 :

1936 4430 1981 4487 Ι)
1999 4435 2289 4491 Exaltatus
2319 4454 2398 4500 es,
2424 4451 2662 4505 magnus
2673 4434 2853 4489 factus
2873 4452 2952 4502 es,
2976 4434 3096 4507 ipse
3120 4439 3440 4507 temperans
3465 4434 3604 4488 vitia

2000 4525 2403 4596 cogitationum
2432 4541 2682 4591 suarum,
2741 4524 3029 4579 humiliter
3075 4523 3371 4578 revocabat
3407 4522 3601 4595 culpas

2000 4632 2129 4670 suas
2160 4615 2220 4668 in
2255 4619 2553 4686 conspectu
2584 4630 2705 4680 suo,
2732 4614 2922 4669 dicens
2954 4633 2965 4668 :
2998 4611 3073 4668 Et
3098 4612 3194 4667 ubi
3243 4618 3375 4667 sunt
3410 4612 3604 4667 omnia

2001 4705 2098 4757 illa
2122 4710 2349 4775 peccata
2374 4720 2499 4757 mea
2521 4718 2646 4774 qua:
2676 4703 2827 4756 feci?
2863 4702 2921 4757 Si
2950 4707 3140 4757 autem
3172 4701 3231 4754 in
3260 4700 3601 4771 cogitatione

1999 4795 2120 4863 ejus
2138 4792 2492 4854 ascendebat,
2518 4791 2651 4863 quia
2662 4793 2899 4846 multum
2924 4790 3308 4860 neglexeritde
3329 4789 3598 4843 mandato

1997 4882 2118 4947 Dei,
2149 4882 2369 4936 dicebat
2390 4887 2446 4935 et
2474 4882 2592 4952 ipse
2614 4881 2763 4934 intra
2790 4897 2850 4933 se
2876 4899 2887 4934 :
2922 4880 3031 4934 Sed
3059 4877 3330 4933 exhibebo
3361 4893 3594 4950 parvum

1997 4971 2283 5025 servitium
2316 4972 2429 5024 Deo
2462 4986 2604 5035 meo,
2634 4975 2690 5023 et
2710 4969 2875 5022 credo
2905 4969 3037 5039 quia
3056 4967 3226 5021 faciet
3245 4984 3465 5022 mecum
3486 4967 3597 5022 mi-

1998 5058 2379 5112 sericordiam.
2411 5058 2527 5111 Hoc
2558 5056 2735 5128 igitur
2763 5056 2929 5110 modo
2955 5055 3455 5126 evincensspiritus
3473 5072 3597 5111 ma-

2000 5149 2180 5202 larum
2212 5146 2636 5217 cogitationum,
2657 5150 2786 5216 post
2805 5162 2872 5198 ea
2885 5152 3271 5216 apparuerunt
3297 5144 3349 5199 ei
3368 5145 3598 5200 visibili-

1999 5243 2103 5302 ter,
2140 5236 2425 5290 dicentes:
2459 5234 2691 5288 Turbati
2736 5250 2932 5288 sumus
2978 5251 3014 5287 a
3062 5238 3136 5287 te.
3188 5232 3261 5288 Et
3300 5234 3437 5289 dicit
3474 5234 3591 5288 eis:

2000 5327 2185 5391 Quare
2202 5326 2227 5377 'I
2252 5326 2319 5378 Et
2348 5324 2644 5377 dixerunt:
2678 5322 2819 5388 Quia
2845 5322 2892 5376 si
2918 5329 2973 5377 te
3003 5323 3331 5389 exaltamus,
3351 5321 3595 5377 recurris

1999 5415 2068 5469 ad
2100 5414 2510 5479 humilitatem;
2554 5412 2601 5466 si
2632 5429 2762 5466 vero
2791 5429 2893 5466 nos
2917 5419 2975 5466 te
3012 5412 3393 5476 humiliamus,
3437 5416 3497 5464 tu
3536 5415 3594 5464 te

2000 5505 2169 5574 erigis
2196 5503 2253 5556 in
2281 5502 2477 5555 altum.

2068 5592 2157 5652 15.
2192 5589 2464 5650 Dicebant
2490 5607 2651 5649 senes
2676 5610 2687 5646 :
2723 5590 2867 5662 Quia
2885 5590 3025 5651 nihil
3050 5590 3130 5651 sic
3143 5588 3342 5666 quaerit
3357 5587 3505 5647 Deus
3524 5583 3595 5645 ab
