3964 6206
464 301 565 361 951
1595 311 1690 367 DE
1727 311 1916 368 VITIS
1952 309 2099 367 PAT.

2182 309 2252 366 ΓΜ
2289 307 2504 365 LIBER
2541 305 2610 360 V.
3579 300 3670 359 952

463 427 554 486 his
580 430 676 504 qui
703 431 982 504 primitias
1020 432 1230 490 habent
1272 435 1728 504 conversationis,
1773 437 2052 509 quomodo
2072 437 2126 498 A
2143 435 2247 493 via.
2276 437 2346 490 Et
2374 433 2514 489 dixit
2527 429 2814 486 abstinens
2831 427 2927 482 ille
2945 425 3017 480 ad
3037 424 3269 482 fratrem
3287 439 3475 479 suum:
3503 425 3554 480 Si
3587 427 3672 481 ha-

465 519 793 576 obedientiaa
816 520 1084 578 laborem.
2145 523 2457 580 buissemus
2487 519 2700 592 aliquid
2725 520 3030 582 vetustum,
3058 516 3393 584 jactaremus
3411 529 3559 586 super
3577 532 3678 572 cor-

544 609 628 667 16.
658 612 838 666 Senex
857 612 1088 682 quidam
1113 613 1400 670 solitarius
1419 614 1618 671 habuit
1647 617 1947 688 quemdam
1960 617 2063 671 mi-
2143 630 2248 686 pus
2277 612 2435 667 illud.
2462 611 2531 665 Et
2549 606 2895 679 respondens
2922 604 3017 658 ille
3038 602 3299 657 obediens
3332 603 3508 669 frater,
3538 604 3677 659 dixit:

467 700 711 756 nistrum
743 707 1066 757 manentem
1098 702 1156 758 in
1186 705 1556 776 possessione.
1589 707 1838 777 Contigit
1873 712 2064 761 autem
2145 703 2324 773 Magis
2355 716 2598 764 oremus,
2629 702 2686 752 et
2711 695 2949 750 forsitan
2982 697 3254 762 resurget.
3289 692 3357 746 Et
3402 696 3590 747 stantes
3627 695 3684 750 ad

465 789 640 845 semel
659 795 741 856 ut,
772 791 1035 846 tardante
1083 793 1362 859 ministro,
1408 795 1713 849 deﬁcerent
1748 797 2065 851 necessaria
2147 793 2482 855 orationem,
2517 793 2686 859 atque
2710 789 2936 840 orantes
2964 783 3198 847 intente,
3221 781 3453 836 surrexit
3476 789 3685 838 mortuus

430 899 437 906 ·
466 881 590 934 seni
616 879 818 949 (Ra/72,
853 883 892 935 ι.
931 894 1011 948 m,
1035 898 1095 936 η.
1127 880 1275 947 144).
1309 883 1381 937 Et
1395 899 1521 938 cum
1554 890 1777 956 tempus
1800 886 2066 940 interces-
2145 881 2260 935 ille.
2293 881 2414 945 Quo
2457 879 2602 933 facto
2631 874 2980 947 gloriabatur
3006 872 3100 926 ille
3133 870 3414 926 abstinens
3455 871 3623 938 frater,
3643 879 3688 928 et

467 969 652 1036 sisset,
691 975 750 1024 et
779 986 894 1025 non
924 971 1140 1026 veniret
1165 972 1423 1028 minister
1450 974 1561 1039 ille,
1595 974 1918 1029 defecerunt
1934 991 2057 1046 quae
2147 971 2318 1025 dixit:
2350 971 2459 1024 Pro
2489 964 2838 1022 continentia
2869 978 2995 1016 mea
3031 961 3332 1015 suscitatus
3370 966 3450 1014 est
3477 968 3686 1018 mortuus

467 1059 786 1114 necessaria
815 1058 1058 1114 habebat
1081 1077 1250 1116 senex
1268 1062 1339 1116 ad
1359 1062 1587 1130 victum,
1615 1068 1672 1118 et
1696 1064 1840 1135 quod
1873 1080 2066 1135 opera-
2146 1061 2256 1115 hic.
2287 1059 2490 1116 Omnia
2511 1061 2701 1112 autem
2738 1055 2854 1108 haec
2883 1051 3148 1106 revelavit
3173 1050 3322 1106 Deus
3336 1047 3510 1104 abbati
3533 1066 3686 1105 mona-

469 1152 628 1202 retur
646 1146 906 1202 manibus
919 1147 1055 1203 suis.
1075 1148 1327 1214 Quicum
1346 1150 1694 1222 aﬁligeretur
1716 1169 1827 1207 non
1857 1151 2066 1207 haben-
2147 1149 2304 1204 sterii
2325 1164 2542 1219 eorum,
2567 1150 2624 1200 et
2641 1143 2885 1216 qualiter
2902 1139 3202 1196 tentaverit
3221 1140 3444 1193 fratrem
3459 1156 3604 1194 suum
3633 1140 3688 1195 de

471 1237 542 1292 do
573 1236 723 1308 quod
751 1235 1051 1305 laboraret,
1067 1254 1250 1310 neque
1275 1240 1425 1294 unde
1454 1240 1679 1301 viveret.
1721 1241 1862 1296 dixit
1901 1241 2070 1297 disci-
2152 1237 2464 1302 crocodilis,
2501 1241 2557 1290 et
2583 1231 2862 1306 quomodo
2900 1230 3201 1285 suscitatus
3229 1232 3315 1283 est
3356 1233 3604 1284 mortuus.
3637 1229 3691 1284 Et

471 1326 606 1398 pulo
636 1343 738 1381 suo
765 1345 778 1381 :
806 1327 906 1381 Vis
929 1332 995 1382 ut
1019 1327 1187 1382 vadas
1233 1329 1302 1382 ad
1349 1330 1762 1400 possessionem
1805 1331 1978 1398 illam,
2015 1338 2070 1386 et
2153 1327 2573 1382 cumvenissent
2587 1324 2643 1378 in
2659 1318 3244 1386 monasterium,dixit
3257 1315 3690 1373 abbasabstinenti

471 1431 633 1470 voces
663 1415 823 1470 nobis
853 1416 1194 1484 ministrum,
1227 1418 1323 1489 qui
1354 1419 1497 1474 solet
1525 1421 1726 1474 ail'erre
1757 1437 1879 1491 quae
1928 1438 2070 1492 opus
2151 1421 2233 1474 illi
2259 1440 2270 1474 :
2297 1421 2480 1485 Quare
2506 1419 2584 1472 ita
2609 1415 2788 1471 fecisti
2815 1413 2976 1469 fratri
3001 1419 3097 1468 tuo
3123 1412 3149 1465 ?
3177 1413 3247 1467 Et
3275 1427 3397 1465 ecce
3423 1416 3591 1466 tamen
3614 1427 3692 1483 pro

474 1510 610 1559 sunt
635 1503 839 1559 nobis?
869 1504 941 1559 Et
966 1506 1060 1560 ille
1080 1508 1397 1578 respondit:
1419 1508 1709 1573 Quomodo
1727 1509 1894 1580 jubes
1905 1509 2065 1565 facio.
2153 1508 2472 1564 obedientia
2510 1509 2631 1578 ejus
2669 1510 2925 1560 mortuus
2951 1503 3046 1557 ille
3071 1501 3333 1557 surrexit.

475 1592 779 1649 Diﬂ‘erebat
804 1595 988 1650 adhuc
1005 1613 1173 1651 senex
1192 1615 1205 1663 ;
1236 1613 1347 1651 non
1365 1615 1708 1668 praesumens
1733 1599 1956 1654 mittere
1966 1600 2073 1653 fra-
2230 1598 2314 1655 18.
2348 1599 2507 1653 Alter
2521 1596 2748 1668 quidam
2764 1593 3046 1649 saecularis
3055 1591 3200 1656 vitae,
3221 1589 3430 1644 habens
3447 1596 3550 1644 tres
3563 1589 3695 1657 ﬁlios,

474 1688 640 1738 trem.
673 1682 749 1739 Et
784 1700 912 1739 cum
936 1685 1032 1739 diu
1058 1687 1402 1742 sustinerent
1447 1693 1500 1742 et
1528 1689 1934 1744 tribularentur
1955 1674 2068 1744 non
2154 1687 2500 1742 renuntiavit
2529 1685 2749 1751 saeculo,
2784 1688 2841 1738 et
2866 1682 3018 1737 venit
3045 1681 3116 1735 ad
3138 1679 3545 1743 monasterium,
3572 1679 3701 1735 relin-

476 1772 732 1828 veniente
761 1773 1039 1841 ministro,
1063 1775 1206 1830 dixit
1226 1777 1432 1831 iterum
1450 1794 1618 1832 senex
1637 1779 1708 1833 ad
1736 1778 2072 1850 discipulum
2087 1761 2133 1821 Β
2159 1793 2338 1850 quens
2365 1776 2510 1832 ﬁlios
2535 1791 2666 1830 suos
2683 1775 2739 1829 in
2762 1772 3002 1830 civitate.
3029 1771 3098 1826 Et
3123 1786 3253 1826 cum
3285 1769 3496 1824 fecisset
3512 1773 3610 1823 tres
3625 1785 3701 1824 an-

479 1877 646 1916 suum
671 1881 682 1915 :
714 1861 810 1916 Vis
847 1862 929 1916 ire
960 1879 1137 1934 usque
1155 1863 1227 1918 ad
1253 1865 1685 1936 possessionem,
1719 1872 1776 1921 et
1799 1867 2076 1921 adducere
2159 1883 2260 1922 nos
2290 1867 2349 1921 in
2371 1865 2732 1928 monasterio,
2765 1865 3056 1934 coeperunt
3081 1861 3134 1915 ei
3156 1859 3514 1930 cogitationes
3538 1875 3634 1914 sua:
3649 1859 3702 1914 ἢ·
3763 1871 3770 1876 ‘

363 1999 373 2010 .
481 1950 650 2005 eum?
680 1951 749 2005 Et
785 1951 878 2005 ille
908 1953 1232 2024 respondit:
1281 1953 1428 2018 Quid
1475 1954 1556 2009 vis
1603 1956 1761 2010 facio.
1821 1955 2079 2010 Timebat
2158 1955 2264 2011 lios
2284 1955 2695 2010 admemoriam
2712 1949 3704 2024 frequenteradducere,etconstrista-

482 2039 655 2094 etiam
685 2045 741 2094 et
759 2040 1066 2111 discipulus
1085 2041 1179 2097 ille
1194 2042 1531 2100 descendere
1551 2045 1623 2099 ad
1643 2045 2074 2116 possessionem,
2159 2045 2327 2100 batur
2350 2061 2452 2116 pro
2479 2045 2559 2099 eis
2587 2043 2765 2109 valde,
2797 2056 2981 2112 neque
3011 2039 3161 2094 enim
3178 2039 3397 2093 dixerat
3413 2037 3703 2093 abbatiﬁlios

483 2144 554 2183 ne
585 2127 1057 2184 scandalizaretur
1074 2129 1334 2199 aliunde;
1365 2133 1461 2186 sed
1493 2149 1562 2186 ne
1589 2133 1916 2188 inobediens
1933 2140 2082 2190 esset
2160 2151 2220 2190 se
2248 2134 2474 2190 habere.
2505 2133 2715 2187 Videns
2744 2136 2932 2186 autem
2962 2146 3091 2184 eum
3133 2127 3309 2182 abbas
3344 2127 3565 2192 tristem,
3598 2127 3705 2180 dicit

484 2217 640 2272 Patri
667 2234 788 2284 suo,
819 2218 1098 2290 acquievit
1125 2219 1299 2278 abire.
1327 2221 1480 2275 Dixit
1515 2222 1565 2276 ei
1599 2239 1768 2277 senex
1798 2241 1810 2276 :
1844 2224 1998 2278 Vade
2023 2229 2082 2278 et
2163 2224 2213 2278 ei
2238 2246 2248 2279 :
2283 2223 2428 2288 Quid
2453 2221 2622 2276 habes
2647 2220 2795 2292 quod
2816 2219 2995 2274 tristis
3022 2218 3121 2272 es?
3149 2217 3222 2272 Et
3249 2216 3491 2271 narravit
3517 2215 3562 2270 ei
3601 2215 3704 2287 quia

485 2306 650 2361 crede
674 2306 733 2361 in
760 2308 938 2362 Deum
967 2313 1194 2380 patrum
1222 2315 1468 2377 tuorum,
1497 2311 1629 2382 quia
1649 2318 1906 2383 proteget
1934 2319 1990 2368 te
2010 2313 2080 2367 ab
2162 2318 2278 2368 tres
2297 2317 2491 2378 620
2509 2311 2653 2365 ﬁlios
2672 2309 2905 2364 haberet
2923 2307 3236 2373 incivitate,
3257 2313 3316 2361 et
3335 2306 3461 2377 quia
3474 2305 3616 2360 vellet
3631 2321 3704 2358 eos

486 2395 638 2450 omni
671 2397 983 2451 tentatione
1007 2416 1020 2465 ;
1057 2404 1114 2453 et
1140 2398 1288 2453 facta
1312 2400 1564 2454 oratione
1586 2401 1789 2455 direxit
1809 2419 1958 2456 eum.
1981 2403 2085 2456 Ve-
2165 2402 2235 2456 ad
2262 2401 2665 2456 monasterium
2682 2401 2802 2470 ejus
2831 2398 3108 2452 adducere
3131 2416 3147 2450 :
3178 2395 3443 2467 praecepit
3461 2392 3706 2448 autemab-

485 2488 647 2540 niens
671 2491 862 2540 autem
890 2486 1064 2540 frater
1094 2487 1152 2540 in
1183 2489 1613 2558 possessionem,
1648 2490 1940 2560 requisivit
1987 2490 2083 2545 ubi
2165 2490 2341 2545 basut
2359 2489 2664 2544 adduceret
2689 2505 2803 2542 eos.
2828 2487 2933 2552 Qui
2967 2503 3092 2541 cum
3111 2485 3447 2557 perrexisset
3473 2484 3536 2538 ad
3561 2483 3708 2538 civita-

487 2579 745 2628 maneret
765 2574 1022 2629 minister
1048 2575 1142 2630 ille
1167 2595 1179 2641 ;
1231 2582 1289 2630 et
1327 2576 1538 2631 invenit
1589 2579 1892 2650 hospitium
1940 2580 2080 2650 ejus.
2166 2585 2302 2646 tem,
2329 2577 2543 2633 invenit
2569 2578 2710 2632 duos
2741 2594 2806 2630 ex
2835 2576 2916 2630 eis
2941 2577 3062 2646 jam
3090 2592 3211 2630 esse
3235 2574 3531 2640 defunctos,
3569 2589 3708 2627 unum

464 2663 818 2734 Contigerat
858 2668 1049 2718 autem
1098 2681 1227 2719 eum
1271 2682 1398 2720 cum
1446 2667 1563 2721 suis
1619 2667 1879 2723 omnibus
1930 2673 2083 2724 extra
2167 2685 2296 2723 vero
2326 2667 2676 2724 solummodo
2705 2665 3067 2723 remansisse.
3097 2667 3281 2730 Quem
3311 2663 3711 2718 assumensvenit

497 2751 902 2823 possessionem
933 2753 1191 2820 inveniri,
1222 2759 1453 2826 excepta
1477 2772 1588 2810 una
1617 2757 1733 2810 ﬁlia
1763 2759 1904 2828 ejus.
1947 2758 2083 2823 Quae
2167 2758 2238 2812 ad
2267 2757 2674 2812 monasterium
2701 2775 2712 2824 ;
2745 2763 2804 2810 et
2831 2755 3124 2827 requirens
3153 2753 3435 2820 abbatem,
3480 2769 3580 2807 non
3610 2767 3712 2805 eum

491 2841 1064 2913 pulsantem-fratrem
1084 2848 1149 2898 ut
1163 2844 1394 2910 audivit,
1419 2845 1569 2900 venit
1581 2846 1650 2900 ad
1669 2847 1874 2901 ostium
1889 2852 1945 2902 et
1962 2865 2091 2919 ape-
2172 2846 2384 2901 invenit
2404 2846 2536 2900 illic.
2570 2843 2944 2916 Interrogavit
2967 2850 3157 2898 autem
3174 2843 3380 2898 fratres
3398 2841 3488 2897 ubi
3507 2847 3633 2896 esset
3644 2840 3716 2894 sb-

492 2930 609 2985 ruit
635 2930 704 2984 ei.
740 2929 816 2985 Et
842 2948 968 2986 cum
999 2932 1376 3004 interrogaret
1396 2951 1520 2988 eam
1549 2935 1618 2989 de
1647 2941 1806 3007 patre
1839 2953 1955 3000 suo,
1996 2937 2092 2992 illa
2172 2935 2292 2990 bas.
2316 2937 2385 2990 Et
2403 2936 2485 2990 illi
2515 2935 2807 2990 dixerunt:
2834 2935 3020 3005 Usque
3049 2933 3121 2988 ad
3154 2933 3456 3004 pistrinum
3497 2929 3713 3002 perrexit.

489 3019 714 3075 hortata
741 3018 984 3092 est!eum
1011 3026 1076 3076 ut
1103 3021 1341 3078 intraret
1366 3023 1690 3096 hospitium,
1725 3025 1892 3080 simul
1921 3025 2091 3080 etiam
2112 3083 2148 3096 η
2174 3026 2273 3081 Ille
2297 3042 2426 3080 vero
2447 3026 2650 3080 tollens
2680 3025 2860 3080 ﬁlium
2887 3039 3055 3078 suum
3083 3039 3255 3094 quem
3277 3021 3582 3086 adduxerat,
3608 3018 3717 3075 ablit

493 3114 551 3164 et
575 3083 1006 3165 trahebat—eum.
1036 3111 1136 3166 Ille
1163 3129 1290 3166 vero
1309 3129 1422 3168 non
1447 3083 1834 3185 acquiescebat
1853 3115 2085 3170 intrare.
2107 3083 2150 3142 Ο
2172 3116 2231 3170 in
2261 3115 2582 3187 pistrinum.
2609 3115 2678 3169 Et
2705 3114 2898 3168 videns
2918 3129 3047 3168 eum
3058 3083 3233 3167 abbas
3263 3083 3580 3175 venientem,
3599 3109 3716 3162 salu-

493 3198 605 3254 Sed
629 3216 756 3254 cum
804 3199 900 3254 diu
945 3217 1073 3255 eum
1121 3206 1364 3272 cogeret,
1403 3203 1696 3274 praevaluit
1737 3204 2091 3260 introducere
2173 3205 2330 3260 tavit.
2364 3205 2433 3259 Et
2455 3209 2654 3258 tenens
2682 3203 2953 3258 infantem
2981 3219 3145 3274 quem
3169 3201 3493 3265 adduxerat,
3539 3197 3715 3270 ample-

493 3304 624 3343 eum
653 3288 725 3343 ad
754 3305 833 3344 se.
868 3289 934 3344 Et
962 3291 1251 3362 complexa
1279 3308 1408 3346 eum
1439 3291 1609 3363 cmpit
1642 3309 1772 3347 eum
1790 3293 2002 3348 illicere
2017 3295 2088 3348 ad
2170 3299 2333 3348 xatus
2355 3298 2440 3348 est
2468 3309 2615 3348 eum.
2637 3293 2706 3347 Et
2737 3292 2873 3346 dicit
2895 3291 3039 3363 patri
3078 3291 3237 3361 ejus:
3290 3292 3456 3344 Amas
3483 3287 3630 3342 eum?
3661 3286 3716 3340 Et

494 3377 943 3432 commistionem
978 3379 1225 3451 corporis
1253 3381 1341 3434 sui
1365 3399 1377 3447 ;
1411 3381 1504 3435 ille
1521 3386 1714 3436 autem
1734 3381 1926 3436 videns
1941 3383 2090 3437 trahi

495 3485 555 3522 se
576 3467 646 3522 ad
675 3467 974 3534 luxuriam,
1009 3474 1066 3523 et
1096 3469 1526 3539 cogitationibus
1549 3470 2090 3543 confundi,ingemi-

496 3573 657 3610 sccns
685 3556 962 3612 clamabat
993 3557 1064 3611 ad
1092 3558 1294 3625 Deum,
1315 3559 1540 3614 dicens:
1573 3559 1829 3627 Domine,
1862 3566 2093 3632 propter

497 3646 779 3700 orationes
800 3645 983 3701 Patris
1000 3647 1110 3701 mei
1141 3647 1318 3701 libera
1345 3665 1435 3702 me
1465 3648 1522 3702 in
1546 3648 1688 3703 hora
1713 3649 1841 3703 ista.
1876 3651 2091 3706 Etcum

495 3734 602 3789 hoc
628 3735 880 3801 dixisset,
914 3735 1100 3790 subito
1121 3735 1380 3790 inventus
1407 3742 1494 3791 est
1519 3738 1588 3791 ad
1619 3740 1828 3792 ﬂumen
1855 3755 2094 3810 pergens

499 3825 570 3878 ad
618 3824 1044 3892 monasterium,
1089 3830 1147 3880 et
1191 3825 1420 3880 restitns
1466 3825 1672 3881 illzesus
1714 3827 1786 3881 ad
1832 3826 2092 3885 abbatem

500 3929 684 3968 suum.

575 4000 659 4060 17.
683 4003 806 4057 Duo
828 4001 1029 4058 fratres
1048 4004 1298 4059 carnales
1318 4010 1588 4060 venerunt
1610 4005 1864 4062 habitare
1885 4007 1943 4062 in
1979 4024 2094 4062 mo-

502 4092 748 4147 nasterio
766 4093 1008 4163 quodam
1032 4112 1043 4148 :
1066 4110 1131 4148 ex
1152 4093 1353 4165 quibus
1374 4111 1518 4149 unus
1534 4101 1655 4150 erat
1670 4096 1949 4167 praeclara:
1969 4113 2096 4151 con-

502 4181 772 4247 tinentiae,
805 4182 948 4237 alter
967 4181 1296 4238 obedientia:
1321 4200 1538 4254 magna:
1564 4185 1754 4256 (lin/7.,
1809 4189 1850 4240 ι.
1902 4199 1986 4252 III,
2034 4202 2091 4239 η.

501 4270 652 4342 145).
687 4271 789 4327 Cui
823 4271 1041 4326 dicebat
1068 4273 1271 4327 Pater:
1303 4273 1411 4327 Fac
1439 4273 1563 4340 hoc,
1591 4280 1649 4328 et
1687 4272 1959 4340 faciebat;
1996 4279 2054 4328 et
2080 4293 2091 4328 :

2173 3383 2266 3438 ille
2291 3382 2467 3437 dixit:
2491 3381 2961 3437 Etiam.Rursum
2989 3379 3128 3434 dixit
3169 3379 3258 3434 ei:
3293 3377 3523 3434 Omnino
3565 3373 3717 3445 diligis

2173 3488 2303 3527 eum
2323 3472 2348 3525 ?
2375 3471 2449 3526 Et
2476 3471 2800 3542 respondit:
2824 3470 3026 3525 Etiam.
3051 3470 3181 3524 llaec
3201 3469 3438 3524 audiens
3457 3465 3622 3530 abbas,
3642 3479 3718 3536 po-

2174 3566 2296 3614 stea
2323 3559 2467 3614 dixit
2493 3559 2542 3614 ei
2565 3576 2580 3608 :
2607 3558 2762 3613 Tolle
2791 3574 2948 3628 ergo,
2981 3557 3029 3612 si
3058 3573 3216 3612 amas
3250 3573 3400 3623 eum,
3431 3561 3485 3610 et
3511 3552 3647 3607 mitte
3668 3550 3716 3604 in

2174 3648 2421 3715 furnum,
2441 3648 2521 3702 sic
2539 3648 2704 3702 modo
2724 3662 2851 3702 cum
2871 3647 3034 3701 ardet
3060 3647 3281 3701 furnus.
3301 3646 3371 3700 Et
3392 3650 3572 3700 tenens
3589 3645 3718 3714 pater

2176 3737 2353 3792 ﬁlium
2383 3754 2568 3800 suum,
2582 3737 2816 3807 jactavit
2834 3735 3033 3790 eumin
3062 3735 3294 3790 furnum
3317 3734 3602 3789 ardentem.
3623 3731 3716 3785 Sta-

2174 3827 2278 3881 tim
2308 3833 2497 3881 autem
2526 3826 2706 3882 factus
2736 3832 2820 3880 est
2843 3825 3044 3880 furnus
3083 3825 3236 3880 velut.
3267 3841 3395 3891 ros;
3437 3840 3498 3878 ex
3540 3836 3634 3892 qua
3670 3833 3717 3872 re

2175 3916 2468 3988 acquisivit
2492 3917 2731 3987 gloriam
2761 3916 2820 3970 in
2858 3919 3111 3986 tempore
3145 3913 3263 3982 illo,
3299 3908 3715 3986 quemadmodum

2176 4005 2461 4060 Abraham
2492 4006 2828 4078 patriarcha.

2249 4095 2339 4152 19.
2362 4095 2513 4150 Dixit
2542 4095 2768 4166 quidam
2795 4111 2967 4148 senex
2993 4112 3006 4148 :
3043 4093 3187 4159 Quia
3215 4093 3394 4148 frater
3421 4091 3509 4163 qui
3534 4089 3596 4144 ad
3621 4085 3719 4142 obe-

2180 4182 2451 4236 dientiam
2467 4183 2648 4238 Patris
2678 4182 2947 4254 spiritalis
2965 4182 3216 4236 animum
3239 4181 3473 4246 dederit,
3495 4178 3721 4248 majorem

2179 4273 2493 4327 mercedem
2511 4271 2681 4327 habet
2701 4288 2868 4344 quam
2891 4271 2986 4325 ille
3004 4271 3099 4342 qui
3129 4271 3284 4326 solus
3312 4271 3369 4325 in
3401 4283 3570 4324 eremo
3582 4279 3723 4320 reces-

503 4361 612 4416 Fac
640 4361 804 4430 illud,
835 4367 892 4416 et
906 4360 1174 4429 faciebat;
1209 4363 1486 4417 Manduca
1513 4379 1695 4428 mane,
1721 4369 1778 4416 et
1798 4363 2099 4417 manduca—
2181 4362 2318 4416 serit
2349 4364 2588 4430 (Ruf/2,1.
2613 4376 2696 4426 Ill,
2728 4378 2785 4415 η.
2822 4359 2962 4430 Ml).
2993 4359 3226 4415 Dicebat
3246 4366 3461 4414 autem:
3484 4356 3609 4422 Quia
3624 4367 3723 4408 nar-

500 4449 617 4504 bat.
651 4451 731 4504 De
770 4467 881 4520 qua
910 4467 969 4504 re
1000 4467 1263 4521 magnam
1303 4451 1624 4522 opinionem
1652 4452 1711 4506 in
1757 4452 2098 4507 monasterio
2122 4443 2329 4504 Dravit
2359 4450 2561 4522 aliquis
2599 4451 2831 4504 Patrum
2853 4449 3054 4505 vidisse
3078 4466 3138 4503 se
3179 4454 3422 4521 quatuor
3463 4446 3657 4502 ordines
3677 4442 3723 4494 in

501 4538 764 4607 habebat,
789 4540 921 4611 quia
945 4539 1024 4594 ita
1042 4539 1307 4594 obediens
1328 4539 1617 4594 existebat.
1647 4541 1895 4595 Punctus
1911 4548 2097 4596 autem
2181 4541 2350 4594 ccelo:
2385 4555 2622 4610 quorum
2652 4539 2868 4610 primus
2895 4539 3031 4592 ordo
3061 4544 3185 4593 erat
3211 4538 3497 4593 hominum
3523 4534 3724 4588 inﬁmo-

505 4629 727 4683 invidiaz
758 4645 1020 4684 mucrone
1049 4629 1223 4683 frater
1251 4631 1373 4700 ejus
1401 4629 1492 4683 ille
1510 4629 1802 4684 continens
1831 4631 2101 4686 adversus

507 4735 656 4785 eum,
689 4718 829 4773 dixit
857 4717 912 4773 in
943 4718 1244 4790 semetipso
1270 4738 1280 4772 :
1315 4720 1429 4789 Ego
1460 4718 1634 4790 probo
1661 4719 1831 4773 istum
1862 4721 1909 4772 si
1936 4720 2104 4774 habet

509 4807 903 4864 obedientiam.
931 4809 1000 4864 Et
1047 4809 1314 4863 accedens
1365 4808 1434 4862 ad
1484 4809 1712 4862 Patrem
1755 4808 2100 4875 monasterii,

509 4896 650 4952 dixit
677 4898 727 4952 ei
752 4916 763 4951 :
800 4898 964 4952 Mitte
982 4914 1200 4952 mecum
1229 4897 1462 4952 fratrem
1485 4913 1693 4964 meum,
1717 4901 1782 4951 ut
1797 4913 1992 4952 eamus
2009 4897 2101 4952 ali-

512 4985 656 5040 cubi.
689 4986 764 5042 Et
784 4987 995 5042 dimisit
1021 5005 1115 5043 eos
1144 4987 1316 5042 abbas
1344 4987 1521 5042 abire.
1553 4986 1626 5040 Et
1654 5003 1945 5042 assumens
1976 5004 2104 5042 eum

514 5073 608 5128 ille
637 5073 808 5129 frater
827 5075 1131 5143 abstinens,
1163 5077 1340 5132 voluit
1363 5093 1492 5132 eum
1513 5082 1753 5133 tentare.
1785 5075 1858 5130 Et
1878 5093 2004 5130 cum
2019 5093 2106 5131 ve-

513 5162 730 5217 nissent
758 5163 827 5218 ad
857 5166 1084 5232 flumen,
1117 5165 1212 5220 ubi
1232 5165 1665 5221 eratmultitudo
1678 5166 2100 5233 crocodilorum,

513 5251 652 5306 dicit
678 5252 761 5305 ei:
795 5252 1079 5308 Descende
1104 5255 1159 5308 in
1192 5256 1402 5310 flumen
1432 5260 1489 5309 ct
1516 5254 1712 5308 transi.
1745 5253 1820 5308 Et
1860 5254 1952 5308 ille
1977 5271 2106 5309 mox

514 5341 804 5398 descendit
835 5361 850 5397 :
882 5347 1151 5396 venerunt
1183 5349 1369 5398 autem
1402 5342 1684 5408 crocodili,
1715 5348 1771 5397 et
1819 5343 2109 5414 lingebant

514 5448 716 5504 corpus
746 5432 886 5503 ejus,
923 5431 979 5485 in
1009 5431 1162 5486 nullo
1182 5432 1445 5487 laedentes
1471 5433 1934 5496 eum.Quodcum
1948 5433 2111 5488 vidis-

518 5529 604 5578 set
622 5522 797 5577 frater
825 5523 966 5594 ejus,
988 5519 1128 5574 dixit
1151 5521 1200 5574 ei
1224 5539 1236 5574 :
1270 5523 1520 5576 Ascende
1546 5523 1615 5576 de
1637 5523 1964 5576 ﬁumine.Et
1981 5539 2110 5577 cum

520 5614 629 5668 iter
655 5617 905 5684 agerent,
938 5611 1273 5666 invenerunt
1290 5627 1491 5683 corpus
1517 5611 1826 5666 humanum
1837 5613 2029 5683 jacens
2049 5611 2107 5667 in

2183 4645 2309 4683 rum
2335 4635 2392 4683 et
2411 4628 2621 4699 gratias
2646 4628 2932 4698 agentium
2953 4628 3068 4682 Deo
3093 4646 3106 4696 ;
3135 4628 3414 4682 secundus
3434 4625 3560 4680 ordo
3577 4618 3726 4690 hospi-

2187 4717 2461 4772 talitatem
2483 4717 2818 4772 sectantium
2832 4722 2888 4772 et
2915 4717 3193 4771 instanter
3219 4713 3634 4770 ministrantium
3645 4708 3722 4773 eis;

2187 4807 2388 4862 tertius
2406 4807 2541 4861 ordo
2555 4805 2608 4860 in
2625 4806 2926 4861 solitudine
2943 4807 3392 4861 conversantium
3404 4812 3458 4859 et
3468 4819 3568 4858 non
3581 4799 3728 4852 viden-

2186 4897 2330 4951 tium
2352 4897 2606 4951 homines
2635 4915 2647 4964 ;
2681 4901 2913 4967 quartus
2941 4895 3076 4950 ordo
3099 4912 3293 4951 eorum
3311 4895 3405 4967 qui
3434 4893 3500 4948 ad
3516 4888 3726 4946 obedien-

2187 4985 2321 5040 dum
2351 4984 2736 5056 spiritualibus
2787 4984 3049 5039 Patribus
3089 5002 3149 5038 se
3200 4984 3500 5055 subjiciunt
3542 4982 3731 5052 propter

2187 5075 2388 5129 Deum.
2422 5073 2895 5129 Utebaturautem
2915 5074 3050 5129 ordo
3067 5073 3445 5128 obedientium
3465 5077 3639 5140 torque
3655 5078 3730 5118 au-

2188 5180 2286 5218 rea
2314 5170 2370 5218 et
2397 5180 2622 5230 corona,
2657 5168 2714 5218 et
2744 5165 3015 5234 majorem
3039 5179 3208 5233 quam
3230 5162 3325 5216 alii
3350 5159 3575 5232 gloriam
3598 5152 3730 5209 habe-

2187 5254 2302 5309 bat.
2332 5254 2404 5309 Et
2431 5272 2533 5326 ego
2562 5255 2672 5309 dixi
2699 5255 2749 5309 ei
2779 5254 2875 5325 qui
2898 5251 3379 5308 mihiostendebat
3410 5249 3584 5305 omnia
3607 5247 3724 5299 haec:

2191 5345 2480 5409 Quomodo
2501 5345 2608 5398 iste
2631 5344 2786 5411 ordo,
2821 5343 2917 5414 qui
2943 5359 3147 5414 parvus
3176 5347 3278 5408 est,
3310 5341 3569 5411 majorem
3595 5347 3728 5406 quam

2192 5433 2287 5487 alii
2314 5433 2552 5504 gloriam
2573 5433 2785 5487 habet?
2817 5433 2885 5487 Et
2913 5432 3003 5486 ille
3045 5431 3388 5504 respondens
3433 5428 3563 5484 dixit
3587 5420 3726 5478 mihi:

2193 5522 2335 5587 Quia
2357 5523 2452 5594 qui
2477 5523 2918 5595 hospitalitatem
2959 5526 3266 5589 sectantur,
3315 5517 3602 5574 secundum
3631 5525 3730 5583 pro-

2191 5612 2371 5684 priam
2398 5613 2745 5671 voluntatem
2773 5612 3019 5686 idipsum
3045 5611 3273 5667 faciunt.
3306 5607 3562 5666 Similiter
3584 5606 3633 5658 et
3653 5596 3730 5671 qui
