3964 6206
324 314 436 373 953

1630 320 1871 376 VERBA
1908 318 2301 375 SENIORUM.

3507 317 3613 376 954

328 439 392 498 in
419 456 610 497 eremo
629 458 691 498 se
717 443 994 514 relegant,
1019 444 1252 500 arbitrio
1282 462 1383 501 suo
1419 448 1489 501 de
1520 447 1722 503 saeculo
1746 464 1931 502 reces—
1949 448 1999 509 A
2014 445 2241 500 edoctus
2273 461 2351 512 es,
2376 442 2649 500 rusticum
2675 443 2848 498 istum
2868 444 2938 499 de
2957 444 3390 516 cogitationibus
3402 444 3518 500 tuis
3535 444 3619 500 in-

329 535 547 586 serunt.
563 531 670 587 Hic
690 537 883 587 autem
900 534 1055 602 ordo,
1078 535 1173 606 qui
1195 552 1253 590 se
1268 536 1337 590 ad
1360 536 1731 592 obediendum
1753 537 1927 604 dedit,

330 636 527 676 omnes
547 622 865 677 voluntates
895 639 1026 677 suas
1051 625 1341 695 adjiciens,
1364 626 1572 697 pendet
1590 626 1661 681 ad
1672 626 1851 681 Deum
1874 632 1931 681 et

329 710 402 766 ad
428 711 742 782 jussionem
766 712 952 767 Patris
979 713 1305 785 spiritualis,
1338 721 1634 787 propterea
1670 722 1727 771 et
1750 718 1931 788 majo-

326 814 452 855 rem
474 800 715 870 gloriam
743 801 867 855 aliis
894 801 1080 857 habet.
1111 804 1482 876 Quapropter,
1514 822 1547 859 o
1577 805 1830 871 ﬁli,bona
1848 812 1932 862 est

337 888 680 957 obedientia,
714 907 836 961 quae
863 897 1094 963 propter
1121 894 1300 948 Deum
1338 896 1419 949 tit.
1456 896 1737 950 Intendite
1775 914 1927 968 ergo,

332 976 457 1042 ﬁlii,
488 978 715 1033 virtutis
734 979 908 1051 hujus
928 982 1156 1052 aliquod
1178 999 1243 1037 ex
1263 988 1422 1055 parte
1448 985 1765 1055 vestigium.
1790 986 1932 1041 Obe-

329 1064 546 1121 dientia
574 1069 727 1122 salus
754 1073 841 1123 est
861 1070 1115 1125 omnium
1142 1072 1413 1127 ﬁdelium.
1457 1074 1790 1130 Obedientia
1826 1093 1929 1146 ge-

331 1154 504 1211 nitrix
522 1161 611 1211 est
638 1158 890 1213 omnium
909 1160 1202 1215 virtutum.
1223 1161 1555 1218 Obedientia
1582 1165 1743 1236 regni
1762 1166 1931 1221 caelo-

329 1260 457 1300 rum
488 1245 769 1301 inventrix
815 1252 920 1302 est.
972 1249 1306 1306 Obedientia
1342 1253 1511 1307 caelos
1546 1254 1824 1324 aperiens,
1874 1261 1933 1310 et

332 1332 589 1389 homines
621 1335 693 1390 de
711 1340 867 1391 terra
882 1338 1106 1393 elevans
1134 1345 1239 1395 est.
1272 1341 1608 1397 Obedientia
1641 1344 1930 1400 cohabita-

328 1422 443 1479 trix
465 1425 801 1495 angelorum
831 1432 936 1482 est.
970 1427 1305 1484 Obedientia
1319 1436 1645 1487 sanctorum
1675 1433 1929 1490 omnium

331 1511 491 1567 cibus
520 1518 624 1568 est.
657 1515 735 1569 Ex
771 1514 878 1570 hac
906 1516 1053 1571 enim
1095 1519 1358 1574 ablactati
1385 1525 1536 1587 sunt,
1578 1527 1635 1576 et
1661 1539 1762 1595 per
1787 1523 1931 1580 hanc

332 1601 405 1657 ad
423 1602 826 1675 perfectionem
852 1615 1149 1664 venerunt.

600 1694 945 1753 LIBELLUS
983 1699 1298 1756 DECIMUS
1336 1700 1669 1764 QUINTUS.

913 1789 988 1842 De
1014 1788 1350 1844 humilitate.

402 1871 459 1926 1.
496 1870 683 1928 Abbas
719 1875 1018 1943 Antonius,
1066 1877 1329 1933 deﬁciens
1381 1880 1439 1934 in
1485 1880 1932 1937 consideratione

330 1958 729 2032 profunditatis
743 1965 1087 2034 judiciorum
1102 1967 1221 2034 Dei,
1243 1969 1760 2039 postulavit,dicens
1784 1990 1796 2025 :
1817 1971 1930 2025 Do-

332 2048 792 2122 mine,quomodo
815 2055 990 2126 aliqui
1011 2055 1069 2109 in
1086 2073 1258 2127 parvo
1277 2062 1528 2129 tempore
1546 2059 1668 2113 vitae
1684 2076 1797 2114 suae
1818 2077 1933 2115 mo-

329 2138 575 2207 riuntur,
608 2147 666 2196 et
694 2142 868 2214 aliqui
896 2144 1047 2199 ultra
1074 2146 1417 2218 decrepitam
1437 2149 1668 2203 veniunt
1682 2154 1934 2205 senectu-

331 2232 482 2296 tem;
515 2234 572 2284 et
599 2247 773 2302 quare
798 2233 1028 2304 quidam
1058 2237 1338 2305 egestuosi
1361 2243 1511 2304 sunt,
1528 2238 1624 2292 alii
1641 2244 1832 2293 autem
1848 2238 1932 2293 fa-

330 2318 637 2374 cultatibus
656 2321 927 2391 ditantur;
942 2328 995 2378 et
1009 2326 1289 2395 quomodo
1308 2326 1362 2380 in
1363 2328 1384 2397 j
1393 2327 1502 2381 usti
1518 2328 1929 2398 opulentisunt,

327 2408 469 2480 justi
489 2425 618 2464 vero
647 2417 978 2482 paupertate
1007 2417 1387 2485 premuntur?
1434 2418 1504 2470 Et
1532 2416 1683 2471 venit
1717 2417 1769 2471 ei
1808 2434 1929 2485 vox,

333 2497 526 2553 dicens
559 2516 571 2551 :
598 2500 826 2565 Antoni,
850 2502 922 2556 ad
945 2503 1192 2574 teipsum
1220 2504 1451 2560 intende
1474 2525 1486 2573 ;
1522 2506 1642 2561 haee
1669 2506 1820 2561 enim
1844 2508 1934 2578 ju-

342 2586 493 2642 dicia
516 2588 617 2643 Dei
648 2594 800 2658 sunt,
829 2595 887 2646 et
904 2597 962 2646 te
990 2593 1132 2647 scire
1153 2610 1221 2648 ea
1247 2611 1361 2649 non
1390 2596 1666 2651 convenit.

408 2674 461 2732 2.
495 2676 655 2732 Dixit
681 2678 853 2734 abbas
880 2682 1159 2737 Antonius
1186 2682 1375 2739 abbati
1403 2684 1622 2739 Pastori
1655 2703 1666 2738 :
1698 2686 1817 2740 Hoc
1852 2691 1940 2741 est

336 2781 610 2837 magnum
638 2784 780 2839 Opus
806 2769 1071 2838 hominis,
1109 2776 1174 2826 ut
1205 2773 1430 2844 culpam
1468 2791 1629 2829 suam
1658 2792 1828 2847 super
1854 2792 1939 2831 se-

335 2853 527 2926 ipsum
549 2858 935 2930 unusquisque
964 2865 1138 2931 ponat
1156 2878 1346 2917 coram
1376 2862 1633 2930 Domino,
1658 2869 1715 2919 et
1741 2881 1937 2936 exspe-

337 2946 456 2998 ctet
474 2946 844 3001 tentationem
862 2964 1040 3020 usque
1054 2950 1124 3004 ad
1145 2951 1409 3006 ultimum
1419 2951 1546 3007 vita:
1564 2969 1678 3007 suae
1689 2958 1934 3024 tempus.

412 3030 464 3090 3.
496 3033 650 3089 Dixit
678 3035 887 3091 iterum
916 3037 1089 3093 abbas
1118 3040 1396 3096 Antonius
1427 3060 1439 3096 :
1474 3042 1603 3096 Vidi
1631 3059 1824 3097 omnes
1862 3043 1940 3097 la-

2012 533 2311 606 terrogas‘?
2358 535 2428 589 Et
2467 533 2562 587 illc
2612 533 2942 604 respondit:
2988 535 3247 589 Latinam
3291 535 3519 607 quidem
3560 539 3618 591 et

2015 630 2264 687 Graecam
2295 628 2688 691 eruditionem,
2708 633 2981 698 quantum
3001 629 3072 683 ad
3101 630 3373 698 seculum,
3411 645 3615 701 appre-

2014 719 2205 787 hendi;
2225 719 2323 773 sed
2353 715 2715 789 alphabetum
2730 717 2924 772 rustici
2953 717 3117 773 istius
3139 719 3379 774 necdum
3402 719 3617 777 discere

2012 808 2191 880 potui.

2082 896 2136 955 8.
2169 897 2441 952 Dicebant
2458 912 2619 950 senes
2638 895 2771 967 quia
2787 896 3045 950 dederint
3064 897 3295 969 quidam
3314 897 3617 969 aliquando

2011 987 2073 1042 in
2101 987 2293 1059 Scythi
2322 986 2590 1040 fratribus
2618 1001 2824 1057 paucas
2855 985 3082 1053 caricas,
3115 992 3173 1041 et
3194 1003 3294 1057 pro
3324 987 3430 1041 hoc
3460 986 3614 1059 quod

2012 1093 2205 1148 paucae
2226 1081 2527 1144 erant,non
2558 1074 3002 1129 transmiserunt
3028 1091 3094 1128 ex
3124 1075 3207 1129 eis
3235 1067 3425 1130 abbati
3441 1077 3614 1131 Arse-

2012 1167 2126 1232 nio,
2151 1182 2222 1220 ne
2244 1166 2398 1221 velut
2423 1164 2693 1236 injuriam
2704 1168 3011 1235 pateretur.
3027 1164 3127 1219 Ille
3147 1170 3338 1219 autem
3357 1182 3485 1220 cum
3506 1166 3613 1220 hoc

2012 1255 2279 1321 audisset,
2308 1271 2421 1309 non
2443 1259 2529 1310 est
2562 1270 2820 1324 egressus
2839 1254 3003 1325 juxta
3022 1270 3239 1308 morem
3264 1254 3335 1307 ad
3355 1269 3495 1325 Opus
3514 1253 3611 1310 Dei

2011 1361 2141 1400 cum
2161 1343 2430 1399 fratribus
2451 1342 2868 1409 celebrandum,
2899 1342 3126 1397 dicens:
3160 1343 3612 1398 Excommunica-

2011 1435 2113 1489 stis
2141 1451 2252 1500 me,
2282 1440 2346 1488 ut
2375 1449 2486 1487 non
2516 1432 2655 1487 mihi
2680 1432 2891 1487 daretis
2923 1432 3222 1503 eulogiam,
3243 1449 3412 1503 quam
3431 1438 3614 1487 trans-

2011 1521 2168 1577 misit
2185 1522 2457 1577 Dominus
2486 1519 2774 1587 fratribus,
2799 1538 2864 1575 ex
2886 1537 2999 1592 qua
3027 1537 3134 1592 ego
3164 1537 3278 1575 non
3297 1520 3379 1575 fui
3406 1520 3612 1592 dignus

2012 1612 2282 1682 accipere.
2307 1610 2468 1675 Quod
2497 1626 2624 1664 cum
2652 1609 2944 1664 audissent
2969 1626 3182 1676 omnes,
3202 1609 3462 1665 aediﬁcati
3478 1613 3615 1665 sunt

2013 1701 2073 1755 in
2099 1700 2419 1755 humilitate
2447 1699 2630 1767 senis;
2662 1704 2721 1753 et
2737 1698 2946 1754 vadens
2975 1699 3268 1771 presbyter
3291 1699 3534 1770 portavit
3561 1699 3614 1755 ei

1945 1770 1992 1830 Β
2013 1791 2082 1845 de
2110 1790 2307 1844 caricis
2337 1789 2468 1857 illis,
2513 1792 2571 1844 et
2605 1788 2838 1843 adduxit
2884 1770 3013 1844 eum
3061 1770 3151 1844 in
3178 1788 3614 1860 congregatione

2010 1880 2371 1951 gaudentem.

2085 1971 2137 2025 9.
2158 1968 2422 2024 Dicebant
2439 1972 2632 2023 autem
2656 1968 2725 2023 de
2753 1984 2819 2023 eo
2842 1968 2976 2039 quia
3002 1984 3167 2023 nemo
3198 1967 3447 2040 potuerit
3466 1984 3616 2023 com-

2015 2059 2361 2131 prehendere
2406 2058 2637 2113 modum
2685 2058 3125 2113 conversationis
3180 2059 3322 2129 ejus.
3374 2057 3615 2113 Sedente

2014 2149 2211 2203 eodem
2236 2147 2436 2203 abbate
2462 2146 2698 2202 Arsenio
2725 2146 3476 2218 aliquandoininferioribus
3487 2162 3614 2218 par-

2014 2238 2165 2293 tibus
2177 2238 2422 2309 zEgypti,
2442 2252 2572 2291 cum
2591 2236 2704 2290 illic
2724 2236 3182 2309 importunitates
3201 2240 3514 2308 pateretur,
3535 2235 3612 2289 vi-

2015 2343 2141 2382 sum
2157 2332 2242 2381 est
2268 2326 2320 2380 ei
2348 2326 2737 2397 derelinquere
2774 2327 2973 2380 cellam
2999 2343 3179 2395 suam;
3204 2331 3262 2381 et
3288 2325 3434 2380 nihil
3455 2342 3522 2379 ex
3549 2341 3619 2380 ea

2014 2416 2218 2471 tollens
2245 2414 2606 2482 secum,dixit
2623 2415 2911 2487 discnpulis
2931 2415 3051 2477 suis
3071 2415 3389 2470 Alexandro
3408 2418 3467 2469 et
3492 2413 3617 2469 Zoi-

2015 2505 2069 2560 lo
2091 2522 2104 2558 :
2130 2507 2233 2572 Tu,
2260 2506 2594 2570 Alexander,
2610 2505 2846 2560 ascende
2866 2505 3073 2572 navim,
3091 2509 3149 2560 et
3175 2511 3258 2572 tu,
3293 2503 3464 2570 Zoile,
3489 2501 3618 2557 veni

2017 2611 2240 2650 mecum
2269 2612 2446 2667 usque
2463 2596 2534 2649 ad
2554 2598 2785 2662 ﬂumen,
2806 2600 2864 2649 et
2876 2610 3063 2665 quaere
3074 2593 3214 2648 mihi
3225 2592 3540 2647 naviculam
3558 2591 3620 2647 in

2018 2685 2414 2741 Alexandriam
2444 2686 2823 2755 navigantem,
2857 2688 2915 2738 et
2944 2684 3023 2738 ita
3046 2682 3335 2754 navigabis
3362 2681 3536 2737 etiam
3554 2684 3621 2737 tu

2019 2776 2091 2830 ad
2127 2774 2359 2829 fratrem
2378 2777 2574 2829 'tuum.
2606 2773 2888 2828 Turbatus
2915 2777 3109 2828 autem
3137 2772 3322 2827 Zoilus
3358 2770 3417 2826 in
3452 2769 3619 2826 verbo

2020 2865 2147 2931 isto,
2181 2863 2374 2930 tacuit,
2393 2868 2562 2935 atque
2582 2863 2663 2918 ita
2680 2862 2845 2917 divisi
2867 2867 2999 2917 sunt
3018 2861 3088 2916 ab
3101 2861 3358 2917 invicem.
3377 2860 3619 2916 Descen-

2019 2953 2103 3007 dit
2116 2959 2307 3008 autem
2329 2968 2497 3007 senex
2519 2952 2668 3007 circa
2683 2956 2873 3023 partes
2901 2950 3275 3017 Alexandriae,
3301 2954 3359 3005 et
3385 2953 3622 3021 aegrota-

2020 3042 2100 3097 vit
2110 3041 2441 3112 aegritudine
2466 3057 2689 3111 magna.
2708 3038 2979 3111 Discipuli
2998 3044 3190 3094 autem
3210 3040 3334 3109 ejus
3362 3036 3625 3094 dicebant

342 3137 518 3193 queos
545 3122 658 3194 (42)
691 3124 904 3181 inimici
932 3132 1124 3183 tensos
1162 3130 1223 3184 in
1260 3135 1431 3194 terra,
1482 3137 1539 3185 et
1566 3129 2089 3202 ingemiscensCad
2116 3131 2355 3186 invicem
2401 3149 2412 3184 :
2450 3131 2700 3185 Putasne
2729 3128 2933 3200 aliquis
2962 3132 3221 3183 nostrum
3270 3125 3623 3182 contristavit

337 3209 497 3267 dixi:
525 3213 662 3277 Quis
703 3220 870 3285 putas
916 3218 1156 3273 transiet
1195 3219 1375 3274 istos?
1416 3221 1485 3275 Et
1528 3221 1717 3276 audivi
1747 3238 1936 3277 vocem

338 3298 616 3356 dicentem
653 3320 665 3356 :
698 3304 1020 3361 Humilitas.

408 3387 466 3443 4.
509 3390 800 3447 Venerunt
825 3395 1127 3466 aliquando
1155 3414 1315 3453 senes
1344 3399 1416 3453 ad
1463 3398 1724 3454 abbatem
1762 3402 1941 3457 Anto-

339 3477 520 3545 nium,
554 3486 611 3535 et
632 3487 755 3537 erat
780 3500 908 3538 cum
936 3485 1017 3539 eis
1047 3487 1219 3541 etiam
1267 3486 1438 3543 abbas
1466 3490 1694 3561 Joseph.
1734 3490 1941 3547 Volens

334 3573 534 3624 autem
555 3569 730 3626 abbas
744 3573 1023 3629 Antonius
1034 3576 1273 3646 probare
1294 3594 1406 3644 eos,
1431 3579 1606 3633 movit
1623 3595 1942 3635 sermonem

342 3657 416 3711 de
428 3658 732 3730 Scripturis
754 3663 980 3717 sanctis.
1006 3665 1074 3719 Et
1092 3682 1167 3719 car
1178 3666 1261 3737 pit
1278 3666 1628 3738 interrogare
1649 3686 1683 3722 a
1696 3669 1941 3739 juniori-

345 3744 613 3819 bus,quid
634 3755 781 3805 esset
802 3752 906 3807 hoc
916 3754 1002 3807 Vel
1021 3754 1161 3808 illud
1182 3755 1430 3811 verbum.
1452 3758 1520 3811 Et
1554 3758 1761 3829 singuli
1788 3759 1940 3814 dice-

346 3833 488 3891 bant
503 3844 671 3908 prout
682 3844 961 3911 poterant.
986 3844 1086 3897 Ille
1115 3856 1307 3899 autem
1328 3846 1548 3902 dicebat
1565 3848 1671 3902 eis:
1693 3848 1947 3903 Necdum

344 3922 657 3981 invenistis.
690 3929 826 3983 Post
868 3947 963 3986 eos
1007 3949 1137 3987 vero
1162 3934 1303 3988 dixit
1343 3935 1532 3989 abbati
1578 3937 1785 4008 Ioseph
1817 3956 1829 3991 :
1860 3939 1945 3992 Tu

349 4016 630 4085 quomodo
649 4017 789 4072 dicis
810 4036 929 4075 esse
947 4021 1177 4077 verbum
1198 4024 1335 4079 hoc?
1356 4024 1455 4079 Ille
1478 4026 1768 4096 respondit
1791 4044 1801 4080 :
1830 4028 1943 4082 Ne-

346 4103 486 4159 scio.
517 4105 586 4160 Et
616 4106 759 4162 dixit
792 4108 964 4165 abbas
991 4112 1268 4167 Antonius
1305 4131 1316 4166 :
1350 4114 1494 4169 Vere
1523 4114 1697 4170 abbas
1737 4116 1943 4188 Joseph

348 4192 504 4248 solus
522 4194 735 4251 invenit
760 4197 928 4265 viam,
960 4201 1057 4271 qui
1081 4218 1142 4256 se
1170 4202 1387 4258 nescire
1406 4204 1713 4274 respondit.
1900 4200 1901 4203 “

424 4280 476 4338 5.
500 4283 818 4342 Astiterunt
854 4288 1157 4360 aliquando
1186 4291 1377 4347 abbati
1403 4293 1639 4347 Arsenio
1666 4293 1948 4350 dmmones

348 4372 411 4429 in
439 4376 580 4430 cella
608 4377 916 4446 sedenti,et
929 4380 1275 4437 tribulabant
1295 4400 1423 4437 eum
1454 4401 1466 4436 :
1501 4391 1945 4456 supervenerunt

2019 3238 2169 3288 eum,
2188 3226 2245 3275 et
2274 3226 2570 3292 prepterea
2594 3218 2804 3274 divisus
2833 3224 2919 3273 est
2938 3235 2974 3272 a
2998 3216 3204 3272 nobis?
3233 3218 3303 3272 Et
3328 3233 3438 3271 non
3471 3215 3625 3270 inve-

2021 3311 2253 3366 niebant
2280 3311 2339 3364 in
2358 3326 2416 3364 se
2437 3308 2859 3379 ingratitudinis
2881 3324 3130 3375 causam,
3145 3321 3328 3378 neque
3352 3305 3488 3377 quia
3504 3304 3625 3361 ino-

2022 3401 2310 3455 bedientes
2338 3399 2389 3455 ei
2417 3397 2721 3469 aliquando
2740 3398 2996 3452 fuissent.
3028 3396 3172 3451 Cum
3192 3412 3323 3450 vero
3337 3410 3513 3456 sanus
3536 3393 3624 3449 fa-
3701 3467 3710 3475 ν

2023 3495 2147 3545 ctus
2175 3490 2374 3544 fuisset
2400 3504 2589 3555 senex,
2604 3487 2744 3542 dixit
2771 3487 2843 3541 ad
2869 3486 3119 3559 seipsum
3151 3503 3163 3539 :
3193 3485 3413 3539 Vadam
3430 3484 3503 3549 ad
3522 3484 3626 3539 Pa-

2024 3585 2139 3635 tres
2160 3579 2410 3634 meos.Et
2421 3578 2502 3632 ita
2515 3577 2738 3632 venitin
2759 3577 2946 3631 locum
2965 3575 3061 3647 qui
3078 3575 3285 3629 dicitur
3312 3574 3501 3641 Petra,
3525 3571 3623 3629 ubi

2025 3674 2190 3725 erant
2205 3668 2511 3740 supradicti
2532 3666 2777 3721 ministri
2792 3666 3084 3737 ejus.Cum
3096 3680 3227 3719 vero
3235 3665 3400 3735 juxta
3412 3664 3626 3718 ﬂumen

2022 3767 2171 3816 esset
2196 3760 2386 3832 puella
2412 3757 2667 3829 quaedam
2687 3755 3279 3828 lEthiopissa,veniens
3301 3753 3493 3824 tetigit
3510 3769 3628 3808 me-

2028 3851 2199 3905 lotem
2228 3851 2394 3920 ejus:
2428 3864 2598 3902 senex
2627 3852 2819 3902 autem
2864 3845 3173 3917 increpavit
3203 3843 3469 3898 eam.Illa
3496 3857 3628 3897 vero

2028 3939 2202 3995 dixit:
2230 3939 2290 3994 Si
2304 3938 2612 3992 monachus
2624 3953 2702 4003 es,
2715 3936 2855 3991 vade
2876 3936 2936 3991 in
2964 3926 3624 4005 montem.Compunctus

2027 4034 2220 4084 autem
2249 4028 2306 4081 in
2336 4028 2440 4082 hoc
2462 4025 2630 4081 verbo
2659 4042 2848 4090 senex,
2868 4024 3091 4080 dicebat
3117 4024 3190 4079 ad
3220 4023 3502 4095 seipsum:
3525 4023 3627 4076 Ar-

2029 4117 2168 4185 seni,
2200 4116 2248 4171 si
2277 4116 2586 4171 monachus
2615 4132 2694 4181 es,
2722 4114 2862 4168 vade
2880 4114 2940 4167 in
2968 4118 3238 4167 montem.
3266 4113 3337 4167 Et
3350 4111 3500 4166 inter
3512 4110 3631 4164 haec

2029 4211 2395 4263 occurrerunt
2422 4204 2474 4259 ei
2503 4203 2816 4259 Alexander
2839 4207 2897 4257 et
2923 4202 3108 4257 Zoilus
3133 4200 3391 4271 discipuli
3422 4198 3530 4255 sui.
3560 4198 3632 4252 Et

2030 4313 2158 4353 cum
2185 4294 2517 4349 cecidissent
2543 4293 2614 4347 ad
2644 4291 2813 4363 pedes
2842 4291 2983 4361 ejus,
3016 4288 3255 4361 projecit
3282 4304 3342 4341 se
3372 4302 3541 4341 senex
3568 4284 3629 4340 in

2024 4392 2196 4451 terra,
2229 4389 2286 4438 et
2315 4382 2525 4437 ﬂebant
2544 4380 2732 4436 simul.
2757 4379 2909 4434 Dixit
2928 4384 3119 4433 autem
3134 4394 3306 4432 senex
3335 4394 3345 4429 :
3371 4376 3499 4431 Non
3523 4389 3628 4429 au-

349 4468 543 4519 autem
571 4465 792 4535 fratres,
817 4469 913 4540 qui
933 4470 1254 4527 ministrare
1283 4472 1539 4527 solebant
1564 4474 1635 4541 ei;
1657 4479 1715 4528 et
1732 4480 1945 4530 stantes
1962 4491 2010 4550 ι)
2033 4475 2194 4531 distis
2215 4473 2348 4544 quia
2371 4470 2669 4542 aegrotavi?
2700 4470 2770 4525 Et
2796 4469 3061 4523 dixerunt
3090 4468 3141 4522 ei
3179 4486 3191 4520 :
3225 4465 3429 4532 Etiam,
3466 4462 3631 4519 audi-

350 4558 511 4609 extra
527 4556 722 4610 cellam
733 4558 1037 4615 audiebant
1047 4578 1173 4616 eum
1190 4562 1526 4616 clamantem
1539 4564 1610 4617 ad
1623 4563 1943 4631 Dominum,

351 4646 412 4697 et
440 4642 716 4699 dicentem
740 4664 751 4699 :
784 4647 1038 4715 Domine,
1071 4665 1185 4704 non
1211 4667 1304 4704 me
1329 4651 1843 4723 derelinquas,quia
1861 4654 1948 4707 ni-

353 4731 436 4787 hil
472 4732 605 4789 boni
644 4735 748 4791 feci
784 4754 973 4793 coram
1000 4744 1076 4793 te.
1109 4739 1219 4795 Sed
1250 4746 1453 4811 praesta
1481 4741 1641 4808 mihi,
1686 4743 1944 4810 Domine,

350 4824 665 4880 secundum
695 4824 1098 4899 benignitatem
1126 4834 1305 4899 tuam,
1328 4831 1529 4886 saltem
1554 4832 1722 4887 modo
1746 4832 1953 4888 habere

352 4910 502 4969 bene
530 4916 748 4971 vivendi
776 4919 1071 4991 principia.

428 5003 480 5059 6.
514 5005 784 5060 Dicebant
822 5013 1011 5062 autem
1053 5010 1121 5064 de
1162 5026 1227 5065 eo
1271 5011 1367 5082 qui
1410 5027 1599 5083 supra,
1634 5012 1767 5083 quia
1810 5011 1955 5067 sicut

357 5091 494 5147 dum
518 5093 578 5148 in
606 5094 814 5165 palatio
834 5102 1001 5164 esset,
1043 5114 1208 5153 nemo
1248 5099 1576 5155 melioribus
1602 5099 1850 5155 vestibus
1888 5117 1954 5156 eo

357 5180 655 5250 utebatur;
686 5183 769 5238 ita
810 5190 867 5239 et
901 5186 1034 5240 dum
1064 5186 1124 5240 in
1162 5188 1583 5243 conversatione
1611 5193 1951 5257 moraretur,

359 5286 526 5326 nemo
555 5288 622 5327 eo
642 5273 804 5328 vilius
830 5275 1128 5345 tegebatur
1147 5278 1329 5343 (Ra/f2,
1357 5280 1393 5331 ι.
1427 5292 1511 5345 ιιι,
1546 5295 1604 5335 n.
1628 5276 1735 5346 37).

432 5360 486 5415 7.
531 5362 674 5417 Cum
709 5363 1087 5435 interrogaret
1133 5364 1434 5437 aliquando
1482 5366 1656 5421 abbas
1685 5367 1955 5422 Arsenius

2028 4566 2230 4620 vimus.
2265 4564 2336 4617 Et
2359 4562 2451 4615 ille
2474 4560 2646 4615 dixit:
2672 4560 2858 4624 Quare
2885 4575 2999 4613 non
3027 4556 3258 4612 venistis
3286 4554 3474 4609 videre
3493 4550 3631 4607 me?

2032 4656 2102 4710 Et
2140 4653 2285 4707 dixit
2321 4650 2674 4706 Alexander:
2711 4648 2856 4714 Quia
2894 4646 3090 4702 divisio
3116 4652 3218 4701 tua
3261 4661 3297 4699 a
3323 4641 3483 4698 nobis
3513 4656 3629 4697 non

2030 4744 2140 4798 fuit
2161 4742 2322 4796 nobis
2343 4738 2668 4803 tolerabilis,
2685 4738 2951 4810 quoniam
2973 4742 3029 4791 et
3052 4735 3217 4790 multi
3246 4750 3312 4789 ex
3331 4749 3400 4787 ea
3425 4730 3632 4787 contri-

2035 4832 2169 4888 stati
2197 4836 2348 4898 sunt,
2369 4830 2647 4884 dicentes:
2674 4827 2797 4883 Nisi
2825 4824 3211 4881 inobedientes
3237 4820 3627 4890 fuissentseni,

2032 4937 2325 4993 nunquam
2354 4937 2412 4973 se
2436 4922 2751 4990 separasset
2770 4915 2843 4970 ab
2872 4914 2973 4972 eis.
3017 4915 3086 4969 Et
3126 4913 3269 4968 dixit
3295 4912 3377 4967 eis
3409 4927 3580 4967 senex
3612 4930 3626 4967 :

2036 5013 2108 5067 Et
2150 5026 2252 5081 ego
2288 5008 2521 5079 cognovi
2552 5006 2686 5078 quia
2721 5006 2828 5060 hoc
2857 5004 3175 5071 diceretur;
3198 5001 3297 5056 sed
3324 5007 3517 5056 tamen
3531 5000 3636 5056 ite-

2036 5112 2165 5152 rum
2193 5093 2400 5148 dicturi
2432 5096 2566 5146 snnt
2594 5089 2850 5144 homines
2881 5106 2892 5142 :
2919 5088 3064 5154 Quia
3087 5103 3200 5142 non
3229 5085 3518 5142 inveniens
3546 5101 3634 5141 co-

2035 5183 2228 5240 lumba
2254 5182 2507 5253 requiem
2536 5178 2771 5253 pedibus
2799 5178 2933 5246 suis,
2966 5194 3191 5233 reversa
3220 5182 3306 5233 est
3331 5176 3403 5232 ad
3429 5176 3549 5231 Noe
3575 5174 3637 5230 in

2037 5290 2227 5330 arcam
2267 5273 2419 5342 (Gen.
2454 5274 2595 5338 V'lll).
2636 5270 2702 5325 In
2732 5269 2839 5324 hoc
2867 5267 3041 5340 igitur
3083 5266 3251 5323 verbo
3294 5266 3474 5323 curati
3502 5266 3636 5321 sunt

2043 5363 2219 5419 animi
2258 5360 2659 5433 discipulorum
2696 5360 2837 5430 ejus,
2877 5362 2934 5413 et
2959 5359 3392 5430 permanserunt
3412 5369 3541 5410 cum
3568 5366 3635 5408 eo

362 5452 664 5521 quemdam
694 5468 886 5509 senem
900 5454 1226 5527 Egyptium
1240 5455 1308 5509 de
1326 5460 1454 5520 (γε
1474 5461 1508 5521 ι
1523 5456 1959 5526 cogitationibus
2044 5470 2224 5524 usque
2252 5452 2323 5505 ad
2352 5450 2620 5505 ultimum
2638 5449 2764 5504 vitae
2795 5448 2971 5520 ipsius
2999 5453 3243 5521 tempus.

361 5539 499 5609 suis,
524 5542 670 5597 alius
696 5543 889 5599 videns
911 5560 1040 5599 eum
1060 5545 1201 5600 dixit
1223 5563 1234 5600 :
1256 5544 1414 5600 Abba
1433 5545 1658 5615 Arseni,
1680 5546 1956 5617 quomodo

2115 5542 2222 5608 Qui
2238 5558 2366 5597 cum
2377 5538 2931 5609 moreretur,turbati
2949 5543 3087 5594 sunt
3108 5536 3267 5592 valde
3290 5535 3473 5607 (Ra/II,
3492 5534 3531 5588 ι.
3546 5542 3629 5596 In,

317 5659 333 5685 ‹
356 5634 449 5701 ω,
482 5631 580 5703 qui
607 5636 779 5690 tantae
815 5634 1146 5692 eruditionis
1165 5635 1226 5692 in
1249 5635 1449 5693 Latina
1470 5640 1526 5693 et
1549 5636 1744 5693 Graeca
1765 5635 1961 5707 lingua
2046 5651 2103 5694 η.
2130 5631 2277 5705 163).
2308 5631 2375 5688 Et
2405 5630 2547 5687 dixit
2571 5631 2681 5688 eis:
2709 5629 2979 5688 Nondum
3000 5627 3154 5686 venit
3176 5627 3348 5694 hora;
3380 5638 3513 5681 cum
3539 5634 3637 5682 au-
