3964 6206
377 327 488 388 955
1400 375 1406 382 -
1514 341 1608 397 DE
1645 340 1835 397 vms
1874 339 2173 396 PATRUM
2210 340 2425 396 LIBER
2460 341 2528 394 v.
2787 360 2795 367 κ
3545 333 3662 398 956

357 461 492 516 tem
521 465 753 534 venerit,
786 466 966 522 dicam
995 466 1170 522 Vobis.
1197 464 1444 522 Judicari
1463 469 1654 520 autem
1674 464 1852 519 habeo
1873 480 1964 520 vo-
1979 464 2205 533 Aabba,
2238 465 2591 520 hebdomade
2612 464 2724 520 ista
2741 465 3089 537 lapidantem
3111 464 3309 520 faciem
3323 469 3523 521 statuae
3538 466 3656 520 hu-

372 545 590 606 biscum
609 559 738 609 ante
754 554 1004 612 tribunal
1025 554 1692 627 Christi,sipermiseritis
1711 554 1976 625 cuiquam
2052 556 2168 627 jus,
2183 561 2241 610 et
2263 555 2471 610 iterum
2483 555 2871 627 paenitentiam
2896 559 3157 625 agentem
3178 555 3328 626 apud
3348 571 3494 620 eam;
3520 555 3667 610 ﬁde-

363 637 445 692 ‘de
494 656 725 712 corpore
767 661 893 700 meo
933 645 1147 718 aliquid
1192 645 1392 700 facere.
1435 645 1504 699 Et
1539 643 1620 698 illi
1668 643 1975 708 dixerunt;

371 726 516 791 Quid
546 746 678 800 ergo
710 732 1142 806 faciemus,quia
1161 734 1444 790 nescimus
1465 739 1751 788 mortuum
1771 733 1975 788 vestire

368 815 456 870 vel
483 819 720 891 sepelire
737 823 766 878 ?
781 822 850 878 Et
877 824 1020 879 dixit
1046 840 1214 879 senex
1243 842 1255 877 :
1279 821 1520 878 Nescitis
1539 822 1764 876 mittere
1781 822 1974 877 funem

369 904 430 961 in
447 907 589 978 pede
608 915 820 980 meo,et
841 913 1070 968 trahere
1095 930 1186 968 me
1205 913 1265 968 in
1294 911 1582 966 montem?
1614 912 1756 966 Cum
1784 917 1973 967 autem

373 996 688 1055 traditurus
717 1007 867 1056 esset
892 1003 1174 1074 spiritum,
1207 1003 1473 1057 viderunt
1500 1018 1626 1057 eum
1649 1002 1898 1068 ﬂentem,
1916 1007 1975 1056 et

367 1084 564 1142 dicunt
591 1089 669 1144 ei:
699 1090 766 1146 In
789 1091 1024 1147 veritate
1057 1097 1114 1146 et
1134 1097 1196 1147 tu
1213 1093 1382 1147 times
1407 1092 1878 1158 mortem,Pater?
1903 1091 1974 1146 Et

368 1173 514 1230 dixit
533 1177 648 1232 eis:
683 1179 750 1234 In
773 1181 1027 1237 veritate.
1061 1181 1256 1236 Timor
1285 1181 1432 1236 enim
1461 1181 1557 1252 qui
1599 1181 1656 1234 in
1687 1181 1790 1235 hac
1827 1181 1968 1235 hora

367 1267 456 1318 est
484 1265 625 1320 mihi
657 1283 882 1340 semper
907 1270 1014 1325 fuit
1037 1270 1096 1324 in
1109 1287 1293 1336 me,ex
1306 1287 1415 1342 quo
1431 1269 1609 1324 factus
1624 1287 1748 1324 sum
1769 1286 1956 1325 mona-

367 1353 526 1420 chus,
545 1358 604 1408 et
629 1356 805 1413 timeo
825 1359 1014 1428 valde;
1038 1365 1208 1430 atque
1235 1361 1317 1414 ita
1335 1359 1392 1413 in
1420 1375 1555 1432 pace
1574 1359 1964 1414 dormivit.llle

367 1448 562 1498 autem
595 1461 779 1502 sermo
821 1464 1046 1520 semper
1070 1453 1194 1503 erat
1219 1449 1280 1503 in
1305 1465 1401 1504 ore
1447 1449 1689 1516 Arsenii,
1731 1448 1968 1520 Propter

365 1531 504 1603 quid
531 1533 732 1589 existi?
759 1535 915 1607 loqui
946 1552 1036 1591 me
1065 1553 1289 1608 semper
1307 1536 1585 1608 paenituit,
1614 1542 1799 1592 tacere
1818 1554 1966 1592 nun-

365 1636 558 1692 quam.
586 1623 838 1678 Audiens
867 1629 1058 1680 autem
1085 1625 1258 1680 abbas
1275 1627 1495 1692 Pastor,
1505 1627 1636 1697 quia
1650 1643 1715 1681 ex
1734 1627 1840 1681 hac
1851 1627 1968 1682 vita

2058 645 2130 700 lis
2167 649 2359 700 autem
2383 645 2551 700 homo
2571 645 2690 699 haec
2725 660 2839 698 non
2869 643 3018 698 facit.
3045 644 3116 698 Et
3143 644 3436 716 respondit
3452 660 3658 699 senex:

2061 735 2220 789 Hanc
2246 751 2366 790 rem
2401 751 2504 805 ego
2533 739 2763 806 propter
2787 750 2884 788 vos
2923 731 3050 788 feci.
3089 733 3324 798 Quando
3353 750 3444 788 me
3468 733 3665 788 vidisti

2054 825 2398 896 lapidantem
2418 823 2614 878 faciem
2631 827 2831 877 statuae
2851 822 3187 894 ipsius,num
3206 823 3390 877 locuta
3405 828 3662 889 est,num

2055 913 2269 968 furuit?
2290 914 2360 968 Et
2388 913 2529 967 dixit
2548 912 2720 968 abbas
2740 913 2940 967 Pastor
2965 931 2976 967 :
3002 913 3152 967 Non.
3183 913 3395 967 Iterum
3428 913 3664 984 quando

2054 1003 2204 1075 apud
2247 1018 2371 1057 eam
2394 1001 2785 1073 paenitentiam
2805 1001 2915 1072 egi,
2946 1017 3083 1056 num
3109 1000 3336 1056 turbata
3355 1002 3485 1056 est?
3513 1018 3662 1056 num

2053 1092 2195 1146 dixit
2213 1109 2224 1144 :
2248 1091 2374 1146 Non
2394 1090 2622 1162 ignosco
2634 1090 2738 1144 ?Et
2755 1089 3045 1162 respondit
3072 1088 3244 1144 abbas
3256 1090 3481 1145 Pastor:
3500 1091 3632 1145 Non
3641 1131 3660 1144 .

2052 1181 2120 1235 Et
2143 1181 2236 1234 ille
2267 1179 2444 1234 dixit:
2476 1180 2626 1250 Ergo
2647 1183 2706 1234 et
2722 1195 2824 1234 nos
2837 1179 2934 1250 qui
2963 1195 3160 1233 sumus
3185 1184 3398 1250 septem
3425 1179 3658 1246 fratres,

2047 1269 2094 1324 si
2124 1269 2291 1325 vultis
2318 1272 2384 1324 ut
2409 1283 2739 1323 maneamus
2761 1267 2950 1334 simul,
2973 1268 3285 1323 efﬁciamur
3301 1268 3446 1324 sicut
3462 1273 3666 1324 statua

2046 1359 2182 1424 haec,
2209 1375 2332 1430 quae
2353 1357 2710 1413 contumeliis
2739 1357 2938 1412 affecta
2957 1373 3070 1410 non
3090 1357 3366 1412 turbatur:
3391 1358 3665 1413 siautem

2047 1465 2163 1504 non
2181 1447 2350 1502 vultis
2379 1448 2490 1502 ista
2521 1445 2662 1514 ﬁeri,
2695 1463 2820 1501 ecce
2851 1452 3096 1517 quatuor
3115 1445 3397 1518 ingressus
3419 1452 3555 1502 sunt
3582 1447 3661 1501 ad

2049 1537 2264 1592 aditum
2292 1537 2489 1608 templi
2517 1536 2704 1607 hujus,
2730 1535 3116 1607 unusquisque
3137 1552 3245 1607 quo
3257 1536 3373 1590 vult
3395 1542 3578 1601 exeat,
3597 1541 3665 1590 et

2049 1643 2160 1698 quo
2180 1626 2300 1681 vult
2326 1625 2513 1680 vadat.
2546 1625 2632 1681 Illi
2663 1630 2856 1680 autem
2874 1625 2990 1679 haec
3019 1625 3664 1696 audientes,prostrave-

363 1709 682 1768 discesserit
701 1713 992 1782 Arsenius,
1007 1715 1351 1788 lacrymatus
1371 1720 1474 1782 est,
1496 1721 1550 1770 et
1562 1715 1730 1770 dixit:
1759 1717 1965 1772 Beatus
2046 1721 2183 1770 runt
2193 1732 2254 1770 se
2282 1716 2341 1770 in
2364 1721 2577 1770 terram
2599 1713 2788 1768 abbati
2815 1713 3000 1781 Anub,
3025 1719 3083 1768 et
3101 1713 3364 1769 dixerunt
3384 1714 3436 1769 ei
3462 1715 3662 1778 :Quo-

364 1814 444 1866 es,
477 1799 624 1856 abba
647 1803 870 1871 Arseni,
903 1804 1002 1874 qui
1049 1803 1250 1858 ﬂevisti
1280 1805 1643 1877 temetipsum
1673 1805 1731 1860 in
1762 1807 1964 1862 saeculo
1985 1806 2216 1886 Bmodo
2248 1803 2433 1876 jubes,
2485 1805 2671 1870 Pater,
2705 1803 2786 1858 ita
2812 1805 2912 1866 fit;
2949 1803 3218 1857 faciemus
3249 1803 3397 1874 quod
3433 1803 3660 1859 dixeris

367 1887 506 1957 isto;
543 1890 638 1962 qui
667 1891 820 1946 enim
848 1909 909 1948 se
938 1893 998 1948 in
1019 1893 1126 1949 hoc
1153 1895 1354 1950 saeculo
1383 1911 1496 1950 non
1523 1895 1966 1968 ﬂeverit,sempi-
2048 1893 2229 1950 nobis.
2259 1895 2464 1948 Postea
2489 1897 2679 1948 autem
2711 1891 2906 1946 retulit
2944 1891 3118 1946 abbas
3155 1892 3371 1957 Pastor,
3403 1892 3606 1949 dicens
3639 1911 3656 1945 :

363 1981 528 2032 teme
555 1979 800 2050 plorabit
840 1981 983 2048 illic;
1017 1983 1134 2038 sive
1177 1983 1353 2055 igitur
1379 1985 1470 2038 hic
1487 1983 1820 2062 voluntarie,
1852 1985 1967 2040 sive
2049 1983 2194 2049 Quia
2213 1983 2525 2038 mansimus
2545 1982 2714 2036 simul
2741 1997 2844 2052 per
2869 1997 3038 2035 omne
3049 1987 3272 2052 tempus
3290 1981 3417 2036 vitae
3435 1987 3656 2038 nostra:

368 2065 486 2122 illic
510 2069 806 2124 tormentis
834 2071 1532 2145 cogentibus.impossibile
1553 2081 1640 2128 est
1661 2090 1775 2128 non
1805 2075 1959 2129 ﬂere.
2049 2088 2174 2144 oper
2186 2078 2346 2127 antes
2372 2077 2430 2126 et
2459 2071 2730 2126 facientes
2751 2069 2944 2124 omnia
2969 2071 3280 2124 secundum
3307 2069 3544 2125 verbum
3573 2087 3664 2126 se-

429 2156 530 2212 1οΐ
551 2158 816 2226 Narravin
842 2159 1015 2214 abbas
1034 2161 1231 2216 Daniel
1261 2162 1331 2216 de
1357 2161 1559 2217 abbate
1571 2163 1968 2234 Arsenio,quia

359 2259 654 2318 nunquam
665 2247 906 2303 voluerit
924 2249 1080 2320 loqui
1099 2250 1168 2304 de
1191 2251 1496 2322 quastione
1516 2251 1707 2323 aliqua
1721 2251 1968 2323 Scriptu-

359 2349 710 2402 rarum,cum
727 2342 920 2408 posset
939 2339 1236 2408 magniﬁce
1257 2339 1303 2393 si
1316 2341 1500 2406 vellet,
1518 2341 1614 2394 sed
1637 2357 1818 2411 neque
1853 2341 1968 2411 epi-

359 2423 564 2478 stolam
591 2425 702 2480 cito
729 2425 954 2498 scripsit
982 2428 1052 2482 ad
1073 2427 1316 2499 aliquem
1338 2431 1524 2498 (Ruf/2,
1553 2433 1592 2483 ι.
1621 2443 1704 2496 In,
1725 2445 1782 2482 η.
1822 2427 1962 2498 198).

362 2512 600 2576 Quando
620 2519 808 2569 autem
841 2515 913 2570 ad
927 2522 1265 2572 conventum
1293 2523 1422 2589 post
1449 2519 1803 2589 aliquantum
1825 2523 1966 2572 tem-

365 2601 519 2674 poris
545 2601 819 2670 veniebat,
837 2609 966 2676 post
983 2605 1304 2660 columnam
1323 2607 1650 2673 sedebat,ne
1665 2607 1792 2678 quis
1810 2608 1966 2662 vide-

359 2695 450 2746 ret
476 2691 677 2746 faciem
705 2693 894 2764 hujus,
927 2699 985 2748 et
1011 2710 1082 2748 ne
1121 2694 1241 2766 ipse
1264 2695 1583 2750 attenderet
1610 2696 1803 2750 alium.
1829 2697 1967 2751 Erat

360 2779 511 2834 enim
541 2780 680 2836 visio
709 2783 831 2852 ejus
851 2782 1278 2853 angelica,sicut
1305 2785 1492 2852 Jacob,
1528 2785 1682 2840 canis
1709 2791 1961 2852 ornatus,

363 2867 595 2940 elegans
626 2887 876 2942 corpore,
893 2871 1074 2926 siccus
1092 2877 1303 2928 tamen.
1330 2872 1584 2928 Habebat
1611 2879 1802 2930 autem
1831 2874 1965 2928 bar-

360 2955 490 3012 bam
502 2958 1033 3030 prolixam,omnino
1053 2962 1420 3033 attingentem
1438 2981 1616 3035 usque
1632 2965 1702 3018 ad
1715 2969 1966 3018 ventrem

359 3047 482 3117 ejus
515 3065 526 3102 :
561 3047 662 3119 pili
691 3054 878 3104 autem
907 3050 1194 3105 oculorum
1228 3053 1350 3123 ejus
1381 3053 1556 3107 nimio
1587 3053 1722 3107 ﬂetu
1750 3053 1964 3108 cecide-

2045 2161 2136 2216 nis
2155 2161 2304 2232 quod
2321 2160 2462 2214 dixit
2493 2159 2674 2214 nobis.
2707 2159 3018 2214 Constituit
3045 2164 3234 2214 autem
3253 2174 3432 2213 unum
3453 2175 3522 2212 ex
3551 2175 3662 2214 no-

2046 2249 2132 2304 bis
2160 2249 2623 2322 dispensatorem,
2650 2248 2745 2320 qui
2776 2248 3150 2320 quodcunque
3175 2247 3337 2303 nobis
3355 2248 3662 2320 apposuis-

2047 2345 2150 2407 set,
2183 2338 2640 2406 comedebamus,
2675 2342 2733 2391 et
2781 2337 3126 2409 impossibile
3171 2342 3295 2392 erat
3330 2341 3398 2392 ut
3436 2337 3657 2392 diceret

2048 2428 2252 2499 aliquis
2282 2443 2348 2481 ex
2377 2427 2537 2482 nobis
2568 2445 2580 2480 :
2612 2427 2766 2481 Affer
2793 2426 2946 2480 aliud
2975 2427 3217 2497 aliquid,
3251 2431 3352 2481 aut
3375 2425 3596 2481 diceret
3627 2445 3640 2480 :

2047 2518 2191 2572 Nolo
2238 2517 2390 2572 istud
2438 2516 2796 2571 manducare.
2840 2516 2910 2570 Et
2943 2517 3021 2570 sic
3065 2515 3430 2570 transivimus
3483 2532 3656 2571 omne

2047 2612 2272 2678 tempus
2299 2605 2425 2660 vitae
2454 2611 2662 2660 nostrae
2684 2622 2811 2660 cum
2844 2605 3033 2676 quiete
3061 2610 3120 2659 et
3144 2621 3298 2676 pace.

2121 2694 2204 2752 1‘2.
2238 2693 2510 2749 Dicebant
2537 2693 2818 2748 deabbate
2845 2695 3122 2748 Ammone
3143 2693 3275 2764 quia
3287 2693 3655 2749 veneruntad

2047 2801 2173 2840 eum
2197 2784 2423 2856 quidam
2453 2787 2710 2855 petentes
2742 2787 2810 2838 ut
2829 2782 3112 2854 judicaret
3135 2782 3284 2837 inter
3309 2798 3406 2838 eos
3432 2801 3447 2850 ;
3480 2798 3654 2838 senex

2046 2879 2236 2929 autem
2249 2871 2738 2930 dissimulabat.Et
2756 2888 2882 2926 ecce
2905 2871 3159 2943 quaedam
3179 2871 3468 2926 mulierad
3478 2872 3651 2928 aliam

2045 2962 2340 3018 mulierem
2357 2963 2521 3032 juxta
2557 2977 2617 3015 se
2639 2966 2882 3015 stantem
2929 2960 3152 3015 dicebat
3181 2978 3194 3013 :
3219 2961 3402 3016 Senex
3425 2959 3535 3014 iste
3565 2961 3655 3014 fa-

2047 3057 2180 3106 tuus
2201 3057 2304 3106 est.
2338 3049 2567 3105 Audivit
2592 3055 2781 3104 autem
2805 3066 2928 3104 eam
2955 3066 3123 3104 senex
3147 3069 3159 3117 ;
3191 3054 3248 3103 et
3265 3065 3475 3104 vocans
3493 3047 3652 3104 illam

358 3140 508 3204 rant;
529 3136 732 3208 longus
752 3143 943 3193 autem
955 3140 1200 3205 erat,sed
1225 3141 1380 3196 senio
1402 3142 1648 3212 longaevo
1668 3148 1950 3208 curvatus,
1972 3145 2016 3205 C
2033 3142 2107 3196 ad
2135 3159 2195 3195 se
2219 3140 2358 3195 dixit
2387 3141 2439 3194 ei
2475 3159 2486 3194 :
2520 3140 2773 3204 Quantos
2786 3138 3008 3194 labores
3027 3145 3190 3210 putas
3223 3137 3472 3192 sustinui
3491 3138 3651 3192 inso-

318 3302 323 3308 4
355 3225 602 3281 moritur
629 3232 818 3281 autem
847 3244 1126 3284 annorum
1155 3231 1467 3300 nonaginta
1485 3231 1862 3302 quinque.Hic
1881 3231 1956 3286 fe-

356 3314 436 3370 cit
463 3315 522 3370 in
554 3315 764 3388 palatio
793 3317 932 3372 divae
962 3319 1247 3374 memoriae
1275 3320 1572 3374 Theodosii
1601 3321 1955 3392 imperatoris

353 3403 710 3477 majoris,qui
737 3406 845 3461 fuit
858 3417 1024 3479 pater
1048 3408 1273 3464 Arcadii
1299 3414 1356 3464 et
1375 3409 1813 3474 Honorii,annos
1823 3427 1958 3482 qua-

354 3492 636 3564 draginta,
669 3501 727 3550 et
748 3495 808 3550 in
838 3496 1032 3568 Scythi
1074 3497 1204 3553 fecit
1249 3515 1427 3553 annos
1456 3499 1850 3570 quadraginta,
1901 3504 1958 3554 et

309 3651 312 3654 ῃ
350 3585 547 3650 ους
577 3583 769 3640 decem
802 3601 979 3640 annos
1007 3586 1067 3640 in
1097 3587 1216 3642 loco
1247 3588 1343 3658 qui
1371 3587 1578 3642 dicitur
1603 3589 1846 3655 Trohen,
1869 3605 1958 3643 su-

352 3687 456 3743 pra
486 3671 876 3744 Babyloniam,
907 3679 1104 3730 contra
1129 3676 1410 3730 civitatem
1437 3677 1734 3748 Memphis,
1760 3683 1818 3732 et
1844 3683 1960 3732 tres

351 3774 531 3814 annos
562 3759 620 3814 in
651 3759 880 3834 Conopo
909 3763 1286 3832 Alexandriae;
1322 3765 1463 3819 alios
1492 3766 1633 3820 duos
1658 3782 1838 3820 annos
1866 3783 1958 3820 re-

350 3853 576 3902 vertens
599 3849 806 3904 iterum
827 3851 886 3904 in
905 3851 1128 3906 Trohen
1147 3853 1296 3918 fecit,
1319 3870 1714 3909 consummans
1738 3855 1794 3908 in
1823 3871 1960 3926 pace

352 3939 410 3990 et
436 3935 644 3992 timore
665 3937 767 3992 Dei
792 3955 1021 3994 cursum
1051 3956 1235 4008 suum,
1274 3941 1405 4014 quia
1430 3948 1554 3998 erat
1574 3942 1660 3996 vir
1693 3942 1874 3998 bonus
1901 3950 1960 3999 et

351 4024 553 4096 plenus
583 4025 797 4098 Spiritu
825 4033 1017 4082 sancto
1039 4033 1096 4084 et
1116 4031 1226 4085 fide
1257 4033 1392 4101 (Act.
1429 4035 1536 4098 x1).

421 4112 512 4170 11.
544 4115 808 4172 Narravit
837 4117 1008 4173 abbas
1037 4119 1282 4175 Joannes
1316 4137 1329 4175 :
1353 4121 1496 4186 Quia
1521 4121 1696 4177 abbas
1716 4122 1882 4178 Anub
1899 4127 1959 4178 et

349 4202 524 4260 abbas
552 4206 754 4285 Pastor
775 4212 834 4262 et
859 4207 1080 4264 residui
1103 4209 1305 4265 fratres
1330 4226 1524 4266 eorum
1547 4228 1612 4266 ex
1639 4228 1753 4266 uno
1790 4217 1954 4266 utero

348 4293 490 4362 nati,
525 4295 786 4350 monachi
819 4297 1050 4353 fuerunt
1079 4298 1136 4353 in
1168 4299 1361 4372 Scythi
1387 4301 1570 4368 (Rulli,
1597 4304 1635 4355 ι.
1661 4300 1952 4368 111,η.199;

351 4384 562 4450 Pasch..,
596 4400 642 4438 ο.
673 4382 766 4452 42,
817 4403 877 4440 η.
927 4387 1002 4457 4);
1037 4393 1094 4442 et
1115 4389 1341 4458 quando
1362 4389 1474 4444 illic
1497 4390 1650 4444 venit
1675 4405 1814 4460 gens
1836 4391 1956 4444 Ma-

2034 3229 2368 3285 litudinibus
2396 3229 2648 3294 diversis,
2665 3233 2731 3283 ut
2741 3229 3090 3298 acquirerem
3104 3227 3426 3282 fatuitatem
3444 3227 3639 3292 istam,

2037 3325 2096 3374 et
2128 3324 2359 3390 propter
2377 3323 2433 3373 te
2453 3317 2618 3372 hodie
2647 3334 2771 3372 eam
2801 3317 3123 3388 perditurus
3152 3316 3318 3370 sum?

2108 3407 2199 3464 13.
2233 3409 2620 3464 Narraverunt
2647 3406 2716 3461 de
2744 3407 3004 3478 episcopo
3029 3405 3287 3471 civitatis,
3322 3421 3449 3476 quae
3481 3419 3642 3460 voca-

2037 3502 2136 3552 tur
2165 3495 2768 3569 Oxyriuchus,nomine
2787 3494 3076 3566 All‘y,quia
3097 3511 3227 3548 cum
3255 3499 3405 3548 esset
3437 3509 3647 3548 mona-

2039 3588 2196 3652 chus,
2215 3585 2383 3640 nimis
2411 3584 2550 3644 dure
2577 3583 2902 3638 tractaverit
2929 3583 3100 3638 vitam
3126 3599 3307 3641 suam:
3327 3587 3386 3636 et
3406 3598 3540 3636 cum
3557 3580 3645 3636 fa-

2043 3680 2166 3730 ctus
2195 3674 2396 3729 fuisset
2424 3673 2738 3744 episcopus,
2766 3671 2944 3726 voluit
2979 3671 3103 3743 ipsa
3130 3670 3340 3725 duritia
3365 3669 3455 3724 uti
3484 3669 3546 3724 in
3565 3669 3648 3724 ci-

2041 3765 2211 3819 vitate
2237 3779 2404 3834 quam
2434 3763 2493 3838 in
2521 3778 2710 3817 eremo
2739 3760 3032 3824 habuerat,
3077 3765 3136 3814 et
3177 3775 3289 3814 non
3327 3758 3642 3830 praevaluit.

2041 3853 2254 3910 Idcirco
2282 3851 2586 3924 prostravit
2611 3867 2672 3905 se
2700 3851 2762 3904 in
2786 3855 3087 3920 conspectu
3115 3848 3364 3914 Domini,
3395 3848 3592 3902 dicens
3623 3865 3637 3900 :

2039 3943 2304 4007 Putasne,
2325 3940 2573 4006 Domine,
2626 3944 2856 4012 prOpter
2885 3938 3269 4010 episcopatum
3311 3937 3576 3992 discessit
3610 3953 3647 3991 a

2037 4049 2130 4086 me
2158 4031 2344 4102 gratia
2371 4030 2509 4084 tua?
2535 4031 2604 4084 Et
2631 4029 2940 4084 revelatum
2969 4032 3058 4082 est
3075 4027 3127 4081 ei
3153 4045 3166 4080 :
3197 4025 3344 4090 Quia
3367 4042 3515 4093 non;
3547 4025 3646 4081 sed

2039 4119 2171 4192 quia
2222 4125 2358 4174 tunc
2409 4117 2652 4173 solitudo
2681 4122 2822 4183 erat,
2857 4122 2916 4171 et
2947 4133 3076 4170 cum
3117 4132 3231 4170 non
3269 4121 3420 4170 esset
3453 4115 3643 4178 homo,

2041 4209 2194 4265 Deus
2215 4214 2349 4264 tuus
2377 4212 2670 4279 susceptor
2697 4211 2820 4261 erat
2847 4211 2980 4261 tuus
3011 4223 3024 4257 :
3058 4221 3206 4259 nunc
3236 4209 3429 4258 autem
3459 4203 3554 4257 hic
3590 4203 3649 4258 in

2038 4298 2244 4354 saeculo
2274 4315 2353 4364 es,
2378 4297 2477 4352 ubi
2503 4295 2762 4350 homines
2791 4294 3133 4349 auxiliantur
3159 4293 3283 4348 tibi.

2114 4385 2175 4443 14
2187 4387 2358 4442 .Dixit
2375 4385 2548 4440 abbas
2580 4383 2938 4456 Daniel,quia
2953 4390 3076 4438 erat
3103 4383 3162 4436 in
3191 4381 3506 4453 Babylonia
3527 4380 3645 4435 ﬁlia

345 4469 674 4538 zicarum,et
686 4473 1079 4530 desolaverunt
1104 4477 1288 4532 locum
1306 4477 1491 4550 ipsum
1513 4477 1715 4550 ,primo
1739 4478 1948 4534 disces-
1970 4470 2018 4528 D
2035 4475 2327 4546 cujusdam
2363 4471 2993 4546 primarii,daamonium
3010 4469 3244 4536 habens;
3268 4474 3433 4540 pater
3449 4473 3642 4523 autem

345 4565 545 4616 serunt
571 4561 742 4628 illinc,
779 4569 836 4618 et
855 4567 1134 4620 venerunt
1151 4565 1206 4620 in
1238 4567 1422 4620 locum
1445 4567 1542 4638 qui
1565 4572 1796 4622 vocatur
1809 4568 1949 4622 The-

337 4649 594 4717 renuthi,
627 4651 805 4708 donec
831 4652 1215 4710 deliberarent
1243 4654 1340 4710 ubi
1362 4655 1618 4710 habitare
1643 4655 1944 4723 deberent;

345 4743 404 4794 et
425 4745 758 4796 manserunt
786 4741 900 4797 illic
917 4742 978 4797 in
997 4744 1208 4815 templo
1229 4745 1472 4816 quodam
1500 4745 1735 4816 antiquo
1757 4745 1950 4816 paucis

347 4826 566 4884 diebus.
599 4829 751 4885 Dixit
795 4836 988 4886 autem
1015 4831 1186 4887 abbas
1229 4833 1395 4888 Anub
1443 4832 1632 4888 abbati
1679 4834 1900 4888 Pastori
1933 4851 1944 4888 :

345 4913 592 4970 Ostende
623 4918 957 4974 charitatem
985 4926 1042 4976 et
1069 4926 1132 4976 tu
1178 4927 1235 4976 et
1262 4921 1464 4976 fratres
1507 4923 1612 4989 tui,
1647 4929 1704 4978 et
1744 4922 1952 4994 singuli

345 5003 584 5058 seorsim
611 5005 948 5076 habitamus,
973 5015 1030 5064 et
1048 5026 1162 5065 non
1183 5010 1474 5066 veniamus
1503 5012 1575 5066 ad
1595 5029 1698 5067 nos
1714 5011 1951 5066 invicem

327 5089 694 5148 hebdomade
714 5095 837 5151 hac.
876 5099 947 5152 Et
973 5099 1263 5172 respondit
1289 5099 1462 5156 abbas
1490 5101 1688 5158 Pastor
1721 5123 1732 5158 :
1762 5101 1952 5156 Facia-

341 5195 470 5235 mus
495 5179 740 5251 qualiter
765 5185 882 5253 vis;
915 5191 973 5240 et
999 5187 1252 5243 fecerunt
1279 5189 1378 5244 sic.
1415 5189 1550 5244 Erat
1569 5195 1758 5244 autem
1789 5189 1866 5243 ibi
1891 5189 1950 5244 in

343 5269 557 5341 templo
576 5273 764 5326 statua
790 5273 1106 5344 lapidea.Et
1127 5277 1394 5349 surgebat
1413 5278 1660 5351 quotidie
1677 5295 1842 5333 mane
1858 5279 1952 5333 ab-

339 5357 442 5414 bas
469 5357 657 5423 Anub.
691 5365 748 5414 et
795 5361 996 5419 faciem
1025 5371 1226 5421 statuae.
1273 5367 1424 5422 illius
1479 5368 1803 5439 lapidabat;
1855 5385 1950 5422 ve-

341 5464 506 5520 spere
543 5452 734 5504 autem
763 5449 984 5508 dicebat
1015 5471 1028 5506 :
1063 5455 1292 5525 Ignosce
1322 5457 1480 5512 mihi.
1505 5458 1574 5512 Et
1600 5461 1721 5532 tota
1747 5456 1954 5512 hebdo-

329 5538 512 5594 mada
537 5537 621 5594 ita
641 5536 802 5608 fecit;
851 5540 941 5596 die
969 5549 1160 5598 autem
1189 5544 1419 5600 Sabbati
1445 5552 1811 5602 occurrerunt
1847 5545 1954 5601 sibi

322 5625 677 5690 :invicemEt
694 5628 834 5688 dixit
853 5629 1028 5690 abbas
1046 5632 1250 5692 Pastor
1269 5633 1462 5692 abbati
1480 5635 1648 5693 Anub
1670 5654 1682 5692 :
1717 5635 1846 5694 Vidi
1872 5640 1950 5706 te,

2031 4565 2080 4634 ej
2088 4580 2154 4618 us
2173 4562 2440 4634 diligebat
2461 4561 2799 4617 monachum
2813 4558 3292 4632 quemdam.Dixit
3307 4563 3504 4613 autem
3525 4573 3646 4612 mo-

2031 4653 2246 4708 nachus
2269 4652 2388 4724 ipse
2409 4651 2490 4706 ei:
2521 4652 2699 4706 Nemo
2717 4655 2903 4722 potest
2919 4665 3118 4704 curare
3139 4647 3317 4702 tiliam
3327 4652 3510 4714 tuam,
3533 4647 3644 4701 nisi

2033 4758 2173 4814 quos
2202 4741 2315 4796 scio
2335 4739 2634 4800 solitarios:
2667 4743 2725 4793 et
2753 4737 2800 4792 si
2817 4737 3129 4809 perrexeris
3156 4736 3227 4790 ad
3257 4752 3372 4802 eos,
3405 4751 3522 4791 non
3547 4751 3637 4790 ac-

2033 4831 2334 4902 quiescent
2351 4830 2456 4884 hoc
2479 4828 2663 4884 facere
2701 4832 2934 4900 prOpter
2962 4825 3366 4881 humilitatem.
3401 4825 3515 4879 Sed
3537 4825 3643 4880 hoc

2033 4921 2322 4986 faciamus,
2339 4924 2397 4973 et
2425 4919 2649 4990 quando
2677 4917 2912 4971 veniunt
2929 4915 3231 4969 afferentes
3259 4913 3490 4968 venalia
3518 4927 3644 4985 qua:

2034 5015 2360 5082 operantur,
2385 5007 2554 5063 dicite
2583 5023 2678 5062 vos
2694 5022 2881 5061 emere
2909 5005 3050 5059 velle
3072 5003 3222 5076 quod
3250 5003 3534 5060 vendunt.
3575 5003 3644 5057 Et

2033 5099 2168 5154 dum
2198 5097 2530 5154 venerintin
2561 5097 2728 5151 domo
2757 5093 3004 5166 pretium
3037 5092 3342 5164 accepturi,
3375 5092 3636 5146 dicemus

2033 5188 2116 5244 eis
2140 5193 2206 5243 ut
2229 5187 2439 5242 faciant
2467 5185 2864 5250 orationem,et
2874 5183 3041 5238 credo
3053 5183 3186 5253 quia
3201 5179 3646 5278 salvabiturlili‘a

2031 5281 2150 5332 tua.
2173 5278 2449 5332 Exeuntes
2469 5273 2674 5344 ergoin
2697 5271 3248 5344 platea,invenerunt
3267 5285 3448 5324 unum
3475 5268 3642 5324 disci-

2033 5367 2229 5438 pulum
2239 5381 2439 5420 senum
2466 5363 2756 5418 sedentem
2777 5367 2842 5416 ut
2860 5360 3134 5416 venderet
3152 5358 3456 5430 sportellas
3488 5373 3639 5424 suas;

2035 5461 2094 5510 et
2126 5455 2382 5510 tulerunt
2407 5469 2538 5508 eum
2569 5467 2760 5506 secum
2792 5451 2852 5506 in
2881 5450 3048 5504 domo
3095 5453 3161 5504 ut
3190 5447 3354 5519 quasi
3391 5447 3643 5518 pretium

2035 5551 2354 5616 sportarum
2365 5542 2739 5613 acciperet.Et
2765 5556 2896 5595 cum
2925 5539 3194 5594 intrasset
3206 5537 3524 5592 monachus
3549 5535 3644 5590 ille

2033 5633 2095 5690 in
2121 5633 2309 5701 domo,
2330 5631 2485 5690 venit
2511 5631 2699 5704 puella
2720 5629 2819 5687 illa
2834 5645 2957 5702 quae
2970 5646 3005 5686 a
3022 5627 3299 5686 daemonio
3310 5629 3642 5696 vexabatur,
