3976 6186
331 359 436 420 957

1594 356 1837 413 VERBA
1878 354 2268 412 SENIORUM.

3503 306 3614 407 958

331 490 391 542 et
417 483 576 540 dedit
591 462 813 556 alapam
843 482 1117 539 monacho
1145 478 1355 536 illi.Ille
1373 485 1562 537 autem
1583 481 1857 536 convertit
1876 481 1927 535 ei
1942 482 1995 543 A
2008 481 2067 537 Si
2097 497 2187 535 me
2208 497 2321 537 non
2348 480 2649 548 dimittitis,
2671 481 2894 537 discedo
2912 481 2982 536 de
3006 480 3130 534 loco
3158 476 3363 533 isto.Et
3394 475 3475 530 ita
3501 471 3613 528 dis-

330 579 391 632 et
414 575 589 630 aliam
616 573 926 639 maxillam,
950 572 1257 627 secundum
1283 571 1535 625 divinum
1565 576 1925 642 praeceptum.

330 664 565 721 Daemon
593 669 787 717 autem
817 666 1043 716 coactus
1073 662 1316 715 clamare
1337 659 1539 732 coepit:
1574 660 1619 715 O
1640 660 1925 714 violentia!

331 753 603 809 mndata
629 753 762 807 Jesu
789 750 999 806 Christi
1030 750 1315 821 expellunt
1341 766 1431 803 me
1460 749 1593 804 hinc
1617 768 1629 815 ;
1654 754 1711 803 et
1737 748 1930 803 statim

332 842 607 901 mundata
630 846 717 895 est
740 840 929 912 puella
949 839 1217 894 illa.Cum
1246 844 1439 893 autem
1454 838 1739 893 venissent
1754 838 1826 892 ad
1849 854 1933 892 se-

332 949 454 997 nes,
478 931 872 986 indicaverunt
893 928 974 984 eis
994 928 1143 1000 quod
1171 927 1356 983 fuerat
1381 927 1609 995 factum,
1633 932 1689 982 et
1715 927 1933 998 glorifi-

336 1026 613 1078 caverunt
663 1020 866 1085 Deum,
900 1023 958 1072 et
984 1018 1249 1071 dixerunt
1280 1035 1291 1071 :
1345 1017 1703 1072 Consuetudo
1732 1021 1818 1070 est
1845 1032 1935 1070 su-

330 1109 540 1184 perbia:
579 1107 887 1174 diabolicae,
924 1106 1247 1162 humilitate
1297 1107 1692 1161 mandatorum
1723 1105 1934 1160 Christi

328 1200 468 1256 Jesu
495 1214 779 1254 corruere.

412 1288 497 1346 15.
524 1288 677 1343 Dixit
704 1286 877 1342 abbas
907 1287 1203 1358 Evagrius:
1240 1285 1586 1358 Principium
1605 1286 1802 1342 salutis
1824 1291 1926 1354 est,

333 1378 386 1436 si
411 1378 655 1451 teipsum
679 1377 1007 1447 redarguas.

412 1466 498 1524 16.
527 1466 682 1522 Dixit
709 1465 881 1521 abbas
911 1465 1183 1537 Serapion
1221 1484 1233 1519 :
1277 1465 1421 1530 Quia
1464 1464 1670 1520 multos
1712 1463 1933 1520 labores

334 1555 655 1627 corporales
682 1555 809 1626 plus
837 1570 1006 1626 quam
1034 1553 1183 1608 ﬁlius
1212 1570 1369 1607 meus
1397 1553 1693 1607 Zacharias
1723 1553 1850 1621 feci,
1878 1559 1936 1609 et

333 1636 452 1702 non
478 1644 707 1717 perveni
735 1643 807 1698 ad
836 1659 1161 1698 mensuram
1189 1642 1527 1697 humilitatis
1558 1647 1616 1697 et
1636 1642 1937 1699 taciturni-

334 1734 473 1790 tatis
493 1735 637 1806 ejus.

2011 577 2301 627 cesserunt
2327 571 2398 626 ab
2428 588 2513 626 eo.

2080 660 2169 718 22.
2192 661 2344 716 Dixit
2371 661 2542 716 abbas
2571 663 2814 716 Joannes
2842 659 3032 715 Brevis
3065 677 3075 712 :
3110 657 3256 722 Quia
3278 657 3458 727 janua
3504 650 3608 709 Dei

2013 755 2100 805 est
2124 751 2443 818 humilitas;
2499 756 2555 805 et
2582 755 2770 823 patres
2801 750 2977 805 nostri
3009 765 3110 821 per
3156 746 3366 801 multas
3412 748 3613 798 contu-

2013 840 2210 895 melias
2232 841 2361 906 acti,
2380 840 2690 911 gaudentes
2717 840 3067 895 intraverunt
3086 837 3146 891 in
3175 835 3456 890 civitatem
3483 830 3611 887 Dei.

2014 930 2167 985 Dixit
2185 930 2393 985 iterum
2423 930 2542 1001 ipse
2564 930 2715 984 idem
2736 947 2748 983 :
2779 926 3224 994 Quiahumilitas
3244 931 3301 981 et
3319 923 3490 979 timor
3508 919 3614 976 Dei

2018 1024 2289 1091 superant
2314 1019 2604 1074 universas
2632 1019 2888 1073 virtutes.

2087 1107 2176 1165 23.
2218 1109 2371 1163 Dixit
2398 1108 2569 1163 abbas
2599 1110 2848 1163 Joannes
2874 1105 3147 1162 Thebaeus
3179 1122 3191 1157 :
3260 1103 3405 1168 Quia
3448 1099 3618 1156 debet

2016 1199 2329 1254 monachus
2382 1204 2513 1253 ante
2566 1198 2758 1252 omnia
2800 1195 3177 1251 humilitatem
3225 1192 3471 1247 habere:
3507 1190 3613 1244 hoc

2019 1287 2168 1342 enim
2207 1294 2292 1343 est
2334 1288 2584 1360 primum
2615 1286 2918 1343 Salvatoris
2946 1284 3299 1348 mandatum,
3331 1278 3564 1334 dicentis
3597 1295 3612 1333 :

2015 1376 2175 1431 Beati
2200 1394 2474 1450 pauperes
2490 1375 2984 1449 spiritu,quoniam
2999 1373 3251 1446 ipsorum
3272 1374 3358 1426 est
3379 1383 3616 1441 regnum

2016 1467 2284 1521 caelorum
2312 1468 2522 1536 (Matth.
2556 1470 2631 1529 v).

2088 1554 2413 1613 24.Colleeti
2438 1560 2568 1609 sunt
2602 1554 2904 1626 aliquando
2933 1553 3136 1607 fratres
3167 1550 3263 1623 qui
3286 1546 3621 1604 habitabant

2016 1644 2076 1699 in
2108 1645 2321 1717 Scythi,
2354 1650 2411 1699 et
2430 1649 2724 1717 ceperunt
2743 1644 2895 1698 intra
2922 1659 2982 1698 se
3013 1656 3262 1713 quaerere
3288 1638 3358 1692 de
3378 1635 3615 1692 Melchi-

2018 1735 2222 1789 sedech
2240 1734 2529 1789 sacerdote
2554 1733 2742 1790 :obliti
2754 1738 2888 1788 sunt
2916 1736 3109 1787 autem
3133 1744 3331 1784 vocare
3353 1724 3615 1780 abbatem

407 1798 602 1890 θέε
634 1820 718 1879 17.
765 1820 954 1876 Abbas
986 1821 1211 1893 Moyses
1238 1822 1379 1877 dixit
1408 1822 1571 1877 fratri
1603 1823 1882 1879 Zachariae
1918 1798 1998 1876 :B
2019 1825 2278 1895 Coprem.
2309 1824 2514 1878 Postea
2533 1828 2722 1878 autem
2741 1827 3002 1877 vocantes
3032 1813 3617 1886 eum,interrogabant

333 1912 437 1970 Dic
462 1911 605 1967 mihi
626 1910 759 1983 quid
789 1911 1026 1966 faciam?
1050 1912 1150 1966 Ille
1178 1917 1372 1967 autem
1418 1911 1535 1967 haec
1567 1913 1823 1979 audiens,
1851 1914 1937 1983 ja-

339 2001 517 2057 ctavit
555 2017 615 2055 se
643 2016 854 2072 pronus
883 1999 943 2054 in
981 2005 1195 2054 terram
1222 2000 1293 2055 ad
1323 2001 1494 2073 pedes
1523 2003 1665 2072 ejus,
1700 2002 1890 2056 dicens
1919 2020 1930 2055 :

336 2091 426 2147 Tu
460 2107 553 2145 me
582 2090 920 2161 interrogas,
948 2090 1354 2158 Pater(Ru/f.,l.
1393 2105 1474 2157 III,
1508 2107 1667 2145 num.
1700 2088 1769 2147 86
1795 2110 1807 2158 ;
1831 2090 1939 2160 Ap-

336 2181 704 2250 pend.J{art.,
742 2195 800 2233 η.
831 2178 962 2248 49)?
990 2178 1141 2233 Dixit
1172 2185 1364 2234 autem
1398 2180 1450 2234 ei
1491 2197 1661 2234 senex
1694 2199 1705 2234 :
1759 2180 1934 2235 Crede

336 2268 501 2337 mihi,
526 2268 605 2323 ﬁli
623 2267 910 2334 Zacharia,
944 2267 1077 2340 quia
1104 2268 1217 2322 vidi
1249 2268 1523 2340 Spiritum
1553 2273 1812 2324 sanctum
1844 2269 1937 2324 de-

333 2357 701 2412 scendentem
730 2357 789 2411 in
818 2362 895 2424 te,
931 2362 989 2411 et
1016 2363 1315 2429 propterea
1361 2358 1665 2429 compellor
1693 2357 1934 2412 interro-

332 2463 473 2520 gare
500 2451 578 2502 te.
609 2448 765 2502 Tunc
791 2446 994 2501 tollens
1019 2447 1313 2502 Zacharias
1342 2447 1623 2501 cucullum
1654 2464 1814 2502 suum
1866 2448 1935 2501 de

335 2536 523 2608 capite
552 2552 673 2603 suo,
706 2535 862 2590 misit
887 2535 1027 2590 illud
1055 2535 1159 2590 sub
1189 2536 1425 2608 pedibus
1466 2536 1601 2603 suis,
1633 2541 1689 2590 et
1717 2536 1936 2591 concul-

336 2641 474 2681 cans
497 2641 649 2691 eum,
683 2624 830 2678 dixit
862 2642 874 2677 :
907 2625 1029 2679 Nisi
1054 2625 1135 2679 ita
1163 2625 1519 2680 conculcatus
1547 2624 1717 2680 fuerit
1744 2626 1931 2694 homo,

337 2731 454 2770 non
477 2720 669 2786 potest
696 2714 1003 2769 monachus
1032 2731 1173 2768 esse.

416 2803 498 2861 18.
534 2802 684 2858 Dixit
712 2802 884 2857 abbas
913 2804 1113 2858 Pastor
1149 2821 1160 2857 :
1186 2802 1331 2869 Quia
1360 2803 1731 2875 interrogavit
1762 2803 1936 2859 abbas

338 2893 565 2965 Moyses
577 2892 808 2948 fratrem
827 2892 1432 2964 Zachariam,tempore
1448 2910 1557 2965 quo
1571 2892 1933 2959 moriebatur,

345 2982 539 3039 dicens
580 3000 594 3038 :
640 2982 785 3046 Quid
815 2982 1007 3036 vides?
1037 2983 1106 3036 Et
1133 2982 1227 3036 ille
1254 2982 1394 3036 dixit
1421 2982 1472 3036 ei
1506 3000 1517 3034 :
1551 2982 1704 3036 Nihil
1734 2982 1937 3037 melius

345 3087 518 3144 quam
536 3071 1013 3138 tacere,Pater.Et
1040 3070 1179 3125 dixit
1204 3070 1256 3124 ei
1281 3089 1293 3123 :
1329 3071 1539 3125 Verum
1561 3071 1770 3137 est,fili,
1792 3077 1935 3125 tace.

2020 1931 2148 1968 eum
2178 1914 2247 1968 de
2275 1914 2472 1968 eadem
2491 1913 2816 1985 quaestione.
2852 1912 2954 1967 Ille
2973 1915 3163 1966 autem
3182 1906 3426 1963 tundens
3447 1902 3616 1957 tertio

2020 2020 2081 2058 os
2102 2020 2287 2069 suum,
2311 2002 2451 2057 dixit
2476 2021 2487 2056 :
2518 2003 2615 2058 Vae
2644 2002 2764 2068 tibi,
2785 2002 3016 2073 Copres,
3035 1998 3169 2071 quia
3180 2012 3306 2069 quae
3327 1991 3616 2081 mandavit

2020 2092 2122 2148 tibi
2152 2093 2301 2147 Deus
2324 2098 2387 2147 ut
2406 2093 2641 2156 faceres,
2671 2090 3022 2163 dereliquisti
3041 2092 3146 2157 ;‘et
3194 2102 3317 2158 quae
3344 2101 3380 2139 a
3413 2087 3470 2138 te
3499 2097 3615 2137 non

2021 2182 2279 2253 requirit,
2306 2182 2403 2236 illa
2431 2180 2670 2236 scrutari
2697 2179 3146 2253 praesumisHaac
3174 2179 3365 2230 autem
3378 2171 3615 2227 audien-

2020 2277 2105 2327 tes
2134 2271 2356 2339 fratres,
2390 2271 2658 2342 fugerunt
2681 2269 2888 2341 singuli
2914 2269 2974 2323 in
3003 2266 3157 2322 cellis
3187 2264 3325 2320 suis.

2088 2362 2177 2417 25.
2197 2361 2461 2416 Narravit
2481 2360 2787 2430 aliquando
2813 2359 2881 2412 de
2912 2357 3095 2429 seipse
3115 2354 3287 2409 abbas
3298 2349 3609 2415 Macarius,

2020 2449 2212 2505 dicens
2245 2469 2257 2504 :
2285 2450 2519 2515 Quando
2545 2465 2700 2503 eram
2725 2448 2970 2519 juvenis,
3006 2451 3065 2500 et
3093 2443 3356 2499 sedebam
3386 2440 3446 2495 in
3477 2438 3618 2494 cella

2017 2557 2145 2593 mea
2159 2540 2216 2593 in
2238 2540 2500 2612 Egypto,
2517 2542 2821 2593 tenuerunt
2830 2542 2888 2591 et
2898 2537 3153 2591 fecerunt
3171 2549 3261 2587 me
3271 2530 3534 2586 clericum
3553 2527 3614 2582 in

2018 2628 2137 2683 vico
2171 2631 2356 2697 (Ruf/1,
2392 2633 2431 2683 ι.
2464 2643 2548 2694 III,
2583 2627 2769 2695 11.99).
2801 2627 2870 2681 Et
2892 2642 3019 2680 cum
3033 2623 3240 2678 nollem
3262 2619 3617 2691 acquiescere

2019 2718 2090 2772 ad
2113 2716 2694 2788 ministrandumJugi
2709 2716 2779 2770 ad
2790 2715 2964 2769 alium
2978 2712 3260 2768 locum.Et
3275 2708 3427 2763 venit
3444 2706 3517 2762 ad
3526 2722 3617 2760 me

2020 2808 2250 2879 quidam
2275 2807 2559 2862 saecularis
2572 2807 2762 2872 homo,
2779 2805 2880 2859 sed
2908 2803 3021 2858 vita
3037 2801 3352 2873 religiosus,
3369 2802 3428 2853 et
3453 2796 3618 2852 tolle-

2019 2900 2115 2956 bat
2143 2919 2178 2955 a
2208 2918 2297 2955 me
2322 2917 2461 2972 opus
2478 2899 2626 2970 quod
2657 2897 2933 2953 faciebam
2956 2894 3214 2949 manibus
3244 2892 3404 2956 meis,
3429 2894 3487 2944 et
3516 2887 3619 2943 mi-

2021 2990 2299 3045 nistrabat
2319 2989 2457 3044 mihi
2480 3005 2602 3060 quae
2614 2986 2931 3042 necessaria
2945 2980 3385 3051 erant.Contigit
3402 2983 3615 3041 autem,

2022 3082 2273 3134 tentante
2296 3078 2608 3145 diabolo,ut
2619 3076 2874 3148 quaedam
2894 3074 3049 3144 virgo
3070 3073 3129 3127 in
3152 3071 3272 3125 vico
3297 3070 3393 3123 illo
3423 3067 3620 3121 vitiata

341 3160 501 3216 Hora
525 3164 715 3215 autem
744 3160 943 3215 mortis
972 3161 1094 3231 ejus
1126 3160 1326 3214 sedens
1354 3159 1524 3214 abbas
1554 3160 1821 3227 IsidorUS,
1855 3156 2003 3220 νεὶ-Ο
2024 3170 2245 3240 lapsum
2273 3168 2499 3223 faceret.
2534 3168 2603 3221 Et
2648 3183 2776 3221 cum
2807 3165 2865 3219 in
2893 3168 3055 3218 utero
3100 3159 3306 3215 habere
3333 3155 3611 3228 coepisset,

337 3248 525 3322 spexit
560 3249 617 3303 in
646 3250 942 3317 cmlum,et
968 3250 1109 3305 dixit
1133 3269 1144 3303 :
1177 3251 1412 3316 Laetare,
1436 3250 1516 3304 ﬁli
1545 3250 1627 3304 mi
1649 3250 1935 3318 Zacharia,

340 3339 612 3413 quoniam
640 3344 846 3411 apertae
881 3345 1015 3394 sunt
1040 3340 1146 3394 tibi
1170 3341 1358 3411 januae
1379 3340 1537 3411 regni
1572 3340 1865 3395 ccelorum.

423 3424 510 3483 19.
534 3426 753 3482 Sanctae
778 3428 1062 3482 memoriae
1104 3429 1446 3500 Theophilus
1480 3428 1771 3500 episc0pus
1806 3430 1941 3483 Ale-

344 3516 656 3572 xandrinus
674 3516 827 3570 venit
863 3517 1165 3588 aliquando
1187 3517 1259 3570 ad
1288 3522 1537 3571 montem
1559 3516 1835 3584 Nitriae,et
1855 3534 1938 3571 ve-

342 3603 437 3661 nit
463 3604 535 3659 ad
564 3621 691 3659 eum
718 3604 888 3659 abbas
918 3604 1125 3659 montis
1156 3589 1326 3671 illius,
1343 3610 1400 3659 et
1425 3605 1564 3659 dixit
1579 3606 1649 3659 ad
1670 3622 1801 3660 eum
1822 3605 1941 3676 epi-

344 3710 548 3765 scopus
580 3712 591 3747 :
629 3694 772 3759 Quid
794 3694 1035 3766 amplius
1061 3694 1323 3749 invenisti
1363 3694 1423 3748 in
1452 3694 1541 3747 via
1576 3694 1703 3761 ista,
1733 3695 1943 3749 Pater?

343 3782 421 3839 Et
437 3783 726 3854 respondit
749 3783 800 3838 ei
824 3800 1016 3839 senex:
1045 3784 1285 3855 Culpare
1313 3789 1370 3837 et
1398 3784 1809 3855 reprehendere
1829 3801 1942 3839 me-

343 3871 536 3944 ipsum
573 3873 694 3927 sine
725 3874 1054 3928 cessatione.
1086 3874 1156 3928 Et
1185 3873 1325 3927 dixit
1367 3872 1418 3926 ei
1443 3873 1733 3945 episcopus
1770 3892 1781 3927 :
1814 3874 1940 3928 Non

344 3968 438 4017 est
461 3962 572 4016 alia
599 3962 689 4017 via
708 3962 997 4034 sequenda
1024 3963 1133 4018 nisi
1162 3963 1298 4016 haec.

420 4050 512 4107 20.
546 4050 781 4115 Quando
796 4051 967 4107 abbas
984 4052 1311 4107 Theodorus
1336 4068 1466 4105 cum
1493 4050 1760 4106 fratribus
1789 4069 1946 4107 man-

344 4139 610 4207 ducabat,
630 4140 979 4212 accipiebant
1004 4141 1203 4195 calices
1234 4157 1362 4195 cum
1392 4140 1707 4195 reverentia
1736 4146 1792 4195 et
1814 4141 1948 4196 taci-

343 4229 642 4296 turnitate,
676 4247 778 4284 nec
799 4230 1075 4298 dicebant,
1100 4230 1245 4285 sicut
1273 4246 1393 4284 mos
1421 4236 1524 4297 est,
1552 4230 1801 4301 Ignosce.

421 4317 514 4376 21.
558 4318 832 4374 Dicebant
853 4319 922 4374 de
950 4336 1015 4374 eo
1056 4320 1179 4391 ipso
1210 4319 1411 4374 abbate
1449 4320 1760 4387 Theodoro,
1816 4320 1949 4392 quia

348 4424 483 4463 cum
506 4408 685 4466 tactus
713 4413 859 4462 esset
880 4409 1148 4463 diaconus
1178 4409 1237 4462 in
1269 4408 1481 4480 Scythi,
1504 4426 1617 4463 non
1639 4409 1950 4480 acquiesce-

2021 3259 2405 3329 interrogatur
2433 3255 2558 3328 quis
2588 3262 2733 3310 esset
2754 3255 2823 3309 de
2840 3270 2950 3325 quo
2978 3252 3039 3306 in
3061 3256 3224 3306 utero
3249 3246 3501 3311 haberet;
3522 3243 3620 3298 illa

2024 3354 2215 3403 autem
2244 3347 2414 3401 dixit:
2437 3346 2582 3410 Quia
2595 3345 2686 3399 hic
2697 3343 2983 3411 solitarius
3004 3346 3108 3408 est,
3133 3338 3228 3411 qui
3253 3351 3473 3392 mecum
3484 3334 3619 3389 dor-

2024 3437 2488 3495 mivit.Exeuntes
2505 3440 2695 3490 autem
2709 3434 2778 3487 de
2795 3433 2913 3486 vico
2929 3431 3045 3496 illo,
3070 3424 3621 3500 comprehenderunt

2025 3543 2135 3593 me,
2170 3531 2225 3580 et
2254 3526 2613 3579 adduxerunt
2631 3523 2703 3577 ad
2721 3523 2923 3588 vicum,
2943 3525 3000 3574 et
3016 3517 3408 3591 appenderunt
3433 3514 3494 3568 in
3513 3512 3621 3568 col-

2022 3616 2142 3669 lum
2172 3630 2361 3668 meum
2392 3613 2685 3668 cacabatas
2713 3612 2851 3666 ollas
2882 3615 2938 3664 et
2965 3624 3132 3663 ansas
3159 3606 3507 3670 vasorum,et
3518 3600 3621 3655 mi-

2025 3698 2222 3759 serunt
2240 3720 2329 3757 me
2354 3702 2674 3757 circituram
2703 3701 2762 3754 in
2790 3699 2909 3753 vico
2925 3699 3041 3761 illo,
3056 3714 3157 3770 per
3179 3696 3325 3749 viam
3344 3692 3621 3748 caedentes

2023 3798 2192 3865 atque
2217 3793 2466 3848 dicentes
2498 3810 2509 3845 :
2544 3791 2648 3846 Hic
2675 3789 2983 3844 monachus
3026 3784 3277 3857 corrupit
3318 3782 3492 3837 ﬁliam
3515 3795 3621 3834 no-

2028 3890 2204 3939 stram
2235 3901 2246 3936 :
2283 3884 2482 3950 tollite,
2510 3881 2691 3936 tollite
2717 3897 2865 3935 eum.
2897 3879 2969 3935 Et
3007 3876 3331 3932 ceciderunt
3358 3888 3448 3927 me
3478 3884 3622 3941 pene

2027 3990 2206 4044 usque
2236 3974 2307 4027 ad
2336 3977 2594 4027 mortem.
2632 3968 3043 4041 Superveniens
3072 3969 3262 4021 autem
3279 3961 3511 4034 quidam
3540 3974 3625 4012 se-

2029 4078 2169 4116 num
2192 4061 2356 4115 dixit:
2380 4060 2643 4125 Quandiu
2664 4058 2875 4113 caeditis
2900 4056 3241 4111 monachum
3266 4053 3439 4107 istum
3467 4063 3625 4121 pere-
3684 4117 3689 4121 _

2027 4151 2296 4222 grinum?
2325 4150 2425 4205 Ille
2446 4154 2657 4214 autem,
2672 4148 2768 4219 qui
2796 4146 2935 4201 mihi
2951 4144 3168 4200 solebat
3193 4141 3519 4196 ministrare
3532 4153 3625 4191 ne-

2029 4240 2288 4307 cessaria,
2323 4238 2665 4310 sequebatur
2689 4241 2839 4290 retro
2866 4251 2993 4290 cum
3012 4230 3381 4288 verecundia:
3414 4226 3625 4281 etenim

2032 4328 2204 4383 etiam
2224 4328 2408 4399 ipsum
2439 4324 2791 4381 contumeliis
2813 4323 3006 4378 multis
3021 4316 3617 4384 alfecerant,dicentes:

2032 4418 2171 4472 Ecce
2198 4416 2482 4471 solitarius
2513 4412 2937 4480 monachus,cui
2965 4417 3030 4467 tu
3065 4404 3460 4465 testiﬁcabaris
3490 4402 3621 4475 quid

345 4495 451 4551 bat
477 4497 815 4565 ministrare,
848 4503 905 4552 et
925 4498 1033 4553 huc
1054 4498 1366 4570 atqueilluc
1388 4497 1951 4569 fugiebat.Etiterum
1972 4506 2199 4579 chcit?
2226 4507 2296 4561 Et
2324 4506 2587 4560 dixerunt
2607 4509 2869 4575 parentes
2889 4501 3088 4574 puellae
3113 4498 3267 4554 illius
3296 4522 3307 4555 :
3342 4494 3487 4560 Quia
3510 4508 3627 4579 non

349 4602 519 4641 senes
546 4586 898 4641 adducebant
926 4604 1075 4654 eum,
1108 4588 1358 4642 dicentes
1391 4606 1402 4640 :
1435 4589 1563 4641 Non
1594 4588 1952 4659 derelinquas

354 4674 734 4730 ministerium
764 4682 943 4731 tuum.
978 4676 1128 4731 Dixit
1157 4682 1348 4732 autem
1377 4676 1458 4731 eis
1497 4676 1668 4731 abbas
1696 4677 1951 4732 Theodo-

348 4780 454 4820 rus
496 4782 507 4817 :
540 4765 820 4820 Dimittite
852 4782 960 4832 me,
988 4771 1045 4820 et
1065 4767 1337 4839 deprecor
1362 4767 1561 4821 Deum.
1586 4767 1656 4821 Et
1685 4767 1732 4821 si
1761 4771 1952 4820 osten-

349 4853 505 4909 derit
524 4853 684 4923 mihi,
716 4855 847 4925 quia
868 4854 1042 4910 debeo
1065 4861 1217 4909 stare
1242 4855 1302 4909 in
1324 4855 1509 4909 locum
1530 4854 1829 4909 ministerii
1856 4856 1953 4909 hu-

342 4943 465 5015 jus,
499 4942 660 4997 facio.
688 4942 907 4997 Etcum
937 4944 1339 5015 deprecaretur
1361 4945 1563 5011 Deum,
1599 4943 1858 5000 dicebat:
1893 4943 1952 4998 Si

351 5032 612 5086 voluntas
638 5036 737 5086 tua
778 5037 881 5099 est,
896 5033 1152 5101 Domine,
1170 5038 1234 5087 ut
1253 5039 1397 5089 stem
1418 5034 1477 5088 in
1498 5034 1603 5088 hoc
1615 5033 1950 5100 ministerio,

350 5119 685 5176 demonstra
713 5121 875 5176 mihi.
929 5121 999 5176 Et
1026 5128 1252 5176 ostensa
1282 5128 1368 5177 est
1404 5123 1667 5177 columna
1693 5122 1838 5193 ignis
1885 5122 1955 5176 de

349 5215 511 5264 terra
536 5226 715 5281 usque
763 5210 835 5265 ad
880 5212 1100 5278 coelum,
1152 5216 1209 5266 et
1238 5229 1339 5267 vox
1384 5213 1592 5279 sonuit,
1624 5211 1815 5267 dicens
1850 5230 1861 5265 :
1899 5213 1959 5268 Si

354 5304 521 5373 potes
548 5301 672 5354 fieri
695 5301 842 5355 sicut
867 5302 1129 5356 columna
1164 5302 1301 5368 hinc,
1338 5302 1496 5370 vade,
1532 5301 1812 5356 ministra.
1857 5302 1958 5356 Ille

355 5393 556 5444 autem
594 5389 712 5444 haec
731 5390 985 5457 audiens,
1000 5391 1201 5445 statuit
1232 5392 1381 5463 apud
1413 5408 1474 5445 se
1503 5392 1827 5446 nullatenus
1848 5392 1956 5446 mi-

356 5477 620 5535 nistrare.
657 5480 764 5544 Qui
805 5496 933 5535 cum
957 5481 1200 5535 venisset
1237 5481 1308 5535 ad
1337 5481 1647 5547 ecclesiam,
1680 5481 1960 5552 poeniten-

357 5567 504 5623 tiam
533 5575 772 5640 egerunt
800 5570 949 5642 apud
979 5586 1129 5636 eum,
1161 5569 1411 5625 dicentes
1438 5587 1449 5623 :
1478 5570 1536 5626 Si
1565 5587 1667 5624 nos
1687 5570 1769 5625 vis
1788 5570 1960 5625 mini-

360 5658 570 5728 strare,
602 5658 690 5715 vel
715 5660 946 5716 calicem
974 5664 1124 5717 tene.
1157 5661 1227 5717 Et
1255 5676 1371 5716 non
1397 5658 1694 5734 acquievit,
1725 5659 1913 5717 dicens
1943 5676 1957 5717 :

2034 4592 2370 4646 dimittimus
2390 4607 2539 4657 eum,
2570 4590 2745 4644 donec
2776 4588 3167 4659 ﬁdejussorem
3193 4581 3459 4655 praebeat,
3494 4577 3629 4650 quia
3658 4577 3663 4583 “

2032 4685 2224 4753 pascet
2252 4698 2396 4735 eam.
2430 4680 2497 4734 Et
2528 4679 2641 4733 dixi
2670 4678 2754 4732 illi
2775 4676 2871 4749 qui
2891 4675 3030 4729 mihi
3043 4673 3259 4729 solebat
3280 4669 3623 4734 ministrare,

2034 4771 2237 4841 utﬁdej
2245 4786 2406 4824 ussor
2422 4768 2561 4823 mihi
2575 4769 2753 4836 ﬁeret,
2779 4773 2836 4822 et
2854 4764 3112 4820 fidedixit
3129 4761 3363 4817 mihi.Et
3372 4773 3630 4814 reversus

2034 4876 2159 4914 sum
2186 4860 2256 4913 ad
2286 4859 2483 4913 cellam
2505 4874 2708 4922 meam,
2724 4861 2783 4911 et
2808 4855 2936 4910 dedi
2962 4854 3014 4908 ei
3029 4858 3268 4925 quantas
3287 4848 3461 4905 habui
3476 4863 3633 4920 spor-

2034 4949 2217 5014 tellas,
2271 4948 2460 5001 dicens
2492 4962 2504 4996 :
2563 4947 2754 5001 Vende
2793 4961 2878 5012 ea,
2910 4949 2969 4998 et
2996 4944 3067 4997 da
3106 4941 3190 4996 illi
3236 4957 3376 4995 meae
3407 4937 3633 4994 mulieri

2038 5038 2398 5091 manducare.
2427 5034 2691 5091 Dicebam
2714 5039 2903 5089 autem
2924 5033 2984 5087 in
3007 5032 3197 5087 animo
3221 5047 3376 5085 meo:
3400 5028 3630 5095 Macari,

2039 5143 2162 5180 ecce
2172 5125 2435 5180 invenisti
2445 5125 2547 5179 tibi
2562 5124 3019 5194 mulierem,opus
3028 5120 3201 5176 habes
3216 5119 3383 5175 modo
3394 5117 3635 5191 amplius

2037 5221 2229 5280 624
2248 5214 2525 5277 laborare,
2553 5219 2617 5267 ut
2631 5229 2827 5285 pascas
2847 5228 2992 5265 eam.
3017 5212 3087 5265 Et
3113 5208 3390 5282 operabar
3414 5225 3530 5262 non
3551 5223 3637 5261 so-

2041 5303 2159 5357 lum
2186 5302 2246 5356 in
2271 5302 2379 5368 die,
2414 5301 2511 5356 sed
2542 5301 2713 5355 etiam
2732 5300 2791 5354 in
2809 5305 2990 5365 nocte,
3013 5304 3071 5353 et
3086 5296 3539 5353 transmittebam
3559 5291 3632 5349 ei.

2044 5393 2187 5447 Cum
2218 5395 2411 5445 autem
2440 5390 2685 5444 venisset
2701 5394 2926 5461 tempus
2947 5388 3155 5443 infelici
3180 5387 3281 5454 illi,
3305 5392 3371 5441 ut
3389 5384 3633 5457 pareret,

2042 5480 2214 5535 traxit
2241 5479 2498 5551 plurimis
2520 5478 2717 5534 diebus
2736 5479 2795 5533 in
2817 5478 3028 5545 dolore,
3047 5482 3105 5532 et
3115 5494 3227 5531 non
3253 5472 3523 5547 pariebat.
3539 5469 3641 5525 Di-

2042 5582 2177 5624 cunt
2208 5585 2342 5639 ergo
2373 5568 2423 5622 ei
2449 5586 2460 5621 :
2486 5568 2631 5633 Quid
2667 5574 2753 5623 est
2780 5568 2923 5623 hoc?
2960 5568 3029 5622 Et
3046 5566 3144 5621 illa
3164 5563 3336 5619 dixit:
3364 5562 3481 5632 Ego
3500 5557 3635 5626 scio,

2045 5675 2223 5732 quare
2272 5664 2541 5731 torqueor
2590 5658 2710 5715 diu.
2755 5658 2826 5715 Et
2864 5657 3211 5729 interrogata
3247 5668 3282 5709 a
3316 5647 3645 5725 parentibus
