3964 6206
357 287 460 348 959

1499 293 1592 349 DE
1629 295 1818 352 VlTIS
1855 295 2153 353 PATRUM
2187 294 2402 350 LIBER
2437 293 2505 347 V.

3519 285 3636 348 960

357 415 498 485 suis,
532 417 752 482 Quare?
778 417 1067 488 respondit
1095 431 1110 472 :
1144 417 1288 482 Quia
1315 418 1397 473 illi
1434 421 1709 476 monacho
1737 421 2014 484 crimenA
2033 439 2184 491 eum,
2213 401 2354 476 dixit
2381 419 2628 475 clericis:
2663 415 2902 482 Quando
2919 415 3100 470 intrat
3125 413 3298 471 abbas
3319 415 3637 488 Moysesad

353 494 624 578 imposui,
655 511 712 561 et
738 506 937 560 fallens
964 505 1244 578 implicavi
1269 524 1417 575 eum,
1441 510 1690 565 cumiste
1720 527 1834 566 non
1852 513 1950 566 ha-

360 592 492 650 beat
519 611 773 662 causam;
805 595 902 650 sed
914 595 1138 666 juvenis
1158 596 1254 650 ille
1275 597 1404 652 talis
1424 599 1528 653 hoc
1546 599 1952 656 fecit.Audiens

359 687 550 738 autem
599 683 766 738 verba
815 685 932 740 haec
979 685 1074 739 ille
1147 685 1407 742 minister
1459 705 1639 758 meus,
1667 691 1950 762 gaudens

359 771 516 828 venit
543 773 615 828 ad
636 789 743 837 me,
777 778 832 829 et
863 774 1003 829 dixit
1032 793 1044 830 :
1081 775 1227 840 Quia
1250 792 1364 830 non
1391 778 1579 849 potuit
1615 796 1814 850 parere
1853 781 1952 836 illa

357 861 566 933 puella,
601 861 778 918 donec
803 865 1166 920 conﬁteretur
1193 865 1327 937 quia
1371 870 1433 920 tu
1461 867 1676 936 nullam
1723 885 1952 924 causam

361 949 425 1006 in
455 957 756 1024 conspectu
786 954 910 1024 ejus
941 952 1251 1023 habuisses,
1297 955 1396 1010 sed
1426 956 1560 1027 quia
1596 957 1836 1014 mentita
1879 959 1955 1015 sit

361 1039 661 1098 adversum
689 1047 766 1098 te.
801 1043 872 1098 Et
898 1060 1024 1098 ecce
1050 1061 1244 1100 omnes
1274 1045 1620 1101 habitatores
1654 1047 1760 1102 vici
1801 1049 1951 1104 illius

357 1128 554 1185 volunt
565 1131 755 1186 venire
777 1133 870 1186 hic
893 1133 964 1188 ad
985 1134 1183 1189 cellam
1201 1139 1356 1190 tuam
1367 1136 1924 1208 gloriﬁcaturiDeum
1937 1183 1952 1209 ,

358 1222 418 1274 et
443 1219 835 1294 paenitentiam
865 1224 1011 1296 apud
1039 1228 1097 1278 te
1129 1225 1328 1281 acturi.
1361 1226 1477 1298 Ego
1505 1231 1698 1282 autem
1720 1228 1954 1283 audiens

361 1307 474 1363 ista
519 1327 555 1364 a
593 1311 852 1368 ministro
906 1329 1054 1378 meo,
1083 1330 1154 1368 ne
1199 1315 1520 1386 afﬂigerent
1556 1333 1648 1372 me
1675 1317 1952 1383 homines,

363 1399 602 1467 surrexi,
628 1406 687 1456 et
733 1401 850 1473 fugi
895 1401 987 1458 hic
1027 1403 1086 1458 in
1117 1403 1347 1476 Scythi;
1401 1410 1456 1460 et
1485 1405 1589 1460 hoc
1616 1405 1955 1480 principium

363 1502 545 1544 causae
569 1495 800 1562 propter
829 1509 998 1564 quam
1029 1492 1119 1548 hic
1141 1493 1397 1548 habitare
1426 1495 1588 1567 ccepi.

433 1574 862 1636 26.Praeteriens
884 1579 1188 1654 aliquando
1203 1583 1376 1638 abbas
1396 1584 1733 1653 Macarius,a
1751 1585 1956 1656 palude

361 1666 434 1722 ad
463 1666 662 1723 cellam
709 1687 872 1725 suam
916 1677 1224 1740 revertens,
1251 1673 1516 1745 portabat
1552 1674 1856 1746 palmulas;
1900 1679 1958 1730 et

2031 513 2230 579 altare,
2254 509 2513 583 expellite
2541 510 2761 574 eum,et
2783 503 3103 576 sequimini,
3135 509 3201 560 ut
3218 504 3463 560 audiatis
3492 504 3640 578 quid

2032 601 2204 662 dicat.
2228 601 2376 656 Dum
2405 603 2596 654 autem
2627 595 2925 668 coepissent
2951 611 3082 650 eum
3101 594 3328 650 mittere
3352 594 3526 662 foras,
3549 594 3642 650 di-

2035 692 2238 748 cebant
2264 691 2316 746 ei
2347 703 2362 740 :
2394 689 2493 744 Exi
2520 688 2688 756 foras,
2719 685 2996 757 {EthiOps
3027 685 3128 740 Ille
3155 700 3285 739 vero
3308 683 3634 756 egrediens,

2033 782 2430 838 dicebat:Bene
2444 777 2547 834 tibi
2563 777 2816 834 fecerunt
2825 775 3113 830 cinerente
3128 779 3186 828 et
3194 772 3607 844 caccabateua)
3619 813 3638 828 .

2035 872 2143 938 Qui
2163 888 2293 927 cum
2318 871 2488 925 homo
2516 884 2630 923 non
2655 865 2753 934 sis,
2775 881 2949 937 quare
2966 869 3025 919 te
3051 863 3109 920 in
3130 863 3317 920 medio
3334 863 3644 918 hominum

2037 963 2172 1018 dare
2203 957 2614 1033 praesumpsisti
2629 955 2656 1010 ἶ)

2110 1047 2198 1108 30.
2248 1051 2396 1106 Dum
2444 1047 2616 1102 abbas
2643 1047 2846 1101 Pastor
2879 1045 2940 1100 in
2985 1041 3420 1116 congregatione
3459 1045 3640 1108 esset,

2036 1141 2272 1198 audiens
2301 1141 2371 1194 de
2392 1137 2594 1193 abbate
2624 1135 2958 1201 Nesterone,
3009 1131 3350 1189 desideravit
3376 1148 3512 1188 eum
3551 1132 3646 1187 vi-

2037 1233 2190 1299 dere,
2229 1235 2288 1285 et
2334 1225 2625 1284 mandavit
2650 1223 2840 1280 abbati
2867 1225 2992 1295 ejus
3023 1227 3091 1278 ut
3117 1222 3369 1278 mitteret
3401 1237 3535 1278 eum
3562 1219 3646 1276 ad

2037 1323 2243 1394 ipsum.
2269 1317 2378 1384 Qui
2406 1333 2535 1374 cum
2562 1314 2741 1370 nollet
2784 1329 2914 1369 eum
2944 1312 3128 1368 solum
3157 1311 3465 1378 dimittere,
3519 1326 3646 1366 non

2037 1409 2242 1466 direxit
2269 1425 2420 1464 eum.
2471 1407 2607 1461 Post
2643 1419 2853 1476 paucos
2888 1405 3079 1457 autem
3117 1399 3237 1456 dies
3279 1400 3649 1472 dispensator

2037 1497 2367 1556 monasterii
2389 1494 2607 1568 rogavit
2626 1493 2888 1548 abbatem
2915 1497 2980 1546 ut
3011 1491 3367 1563 permitteret
3392 1505 3528 1545 eum
3553 1489 3649 1544 ire

2039 1589 2112 1644 ad
2141 1586 2400 1643 abbatem
2415 1585 2798 1652 Pastorem,ut
2809 1581 3021 1636 diceret
3031 1579 3086 1635 ei
3095 1578 3465 1662 cogitationes
3477 1595 3644 1634 suas.

2037 1677 2228 1734 Abbas
2259 1680 2450 1732 autem
2478 1674 2622 1746 ejus,
2657 1688 2786 1728 cum
2813 1686 2947 1726 eum
2986 1669 3322 1739 dimitteret,
3349 1667 3492 1723 dixit
3533 1667 3588 1722 ei
3621 1685 3642 1722 :

365 1771 493 1812 ecce
521 1759 766 1815 occurrit
782 1760 834 1814 ei
865 1759 1123 1816 diabolus
1149 1761 1210 1816 in
1241 1743 1333 1816 via
1359 1779 1488 1818 cum
1518 1743 1658 1818 falce
1685 1763 1959 1818 messoria
1978 1743 2194 1824 BTolle
2217 1770 2406 1822 tecum
2443 1767 2502 1820 et
2526 1763 2762 1819 fratrem
2793 1760 2986 1827 istum,
3019 1758 3154 1831 quia
3175 1757 3466 1814 mandavit
3495 1756 3650 1812 mihi

365 1845 553 1916 (Ra/)2,
577 1851 616 1903 ι.
642 1861 730 1915 III,
754 1865 812 1904 η.
839 1848 940 1906 124
968 1869 981 1918 ;
1012 1851 1224 1918 Pasch.,
1259 1867 1303 1909 ο.
1342 1850 1424 1919 13,
1460 1869 1516 1908 η.
1544 1852 1612 1922 6).
1645 1853 1838 1908 Voluit
1861 1869 1959 1909 au-

361 1939 480 1990 tem
499 1952 629 1991 eum
657 1942 949 2009 percutere
978 1939 1048 1994 de
1066 1939 1208 1994 falce
1235 1940 1350 2008 illa,
1368 1945 1426 1996 et
1444 1958 1558 1997 non
1576 1942 1778 2014 potuit,
1797 1948 1854 1998 et
1869 1943 1957 1999 di-

364 2023 447 2080 xit
468 2025 520 2080 ei
553 2043 564 2079 :
599 2027 836 2081 Multam
865 2027 1186 2084 violentiam
1213 2030 1400 2102 patior
1431 2047 1466 2084 a
1512 2035 1588 2100 te,
1644 2048 1676 2086 o
1723 2032 1954 2100 Macari,

362 2113 498 2185 quia
524 2131 640 2170 non
665 2116 969 2187 praevalere
995 2118 1264 2174 adversus
1291 2131 1348 2174 te
1375 2135 1625 2192 possum.
1650 2121 1788 2176 Ecce
1805 2121 1957 2177 enim

365 2203 639 2276 quidquid
668 2209 732 2260 tu
769 2206 924 2275 facis,
956 2212 1012 2262 et
1040 2225 1143 2279 ego
1171 2208 1342 2278 iacio;
1380 2210 1608 2281 jejunas
1636 2214 1718 2278 tu,
1752 2216 1810 2266 et
1853 2227 1956 2282 ego

361 2292 586 2365 penitus
612 2310 726 2350 non
746 2296 996 2364 comedo,
1019 2297 1216 2368 vigilas
1245 2302 1327 2367 tu,
1357 2303 1414 2354 et
1443 2315 1546 2371 ego
1585 2299 1814 2355 omnino
1842 2316 1957 2355 non

361 2381 602 2438 dormio.
627 2383 816 2440 Unum
849 2392 935 2440 est
957 2390 1147 2442 autem
1175 2387 1359 2442 solum
1385 2387 1446 2442 in
1467 2405 1577 2460 quo
1595 2405 1686 2443 me
1701 2405 1952 2462 superas.

362 2470 434 2526 Et
461 2471 600 2528 dicit
644 2473 696 2528 ei
741 2473 914 2529 abbas
949 2475 1226 2530 Macarius
1255 2493 1266 2530 :
1299 2476 1460 2542 Quod
1491 2481 1577 2532 est
1619 2477 1806 2533 illud?
1853 2479 1958 2533 Re-

362 2561 592 2632 spondit
612 2561 866 2618 diabolus
888 2581 900 2618 :
927 2564 1230 2620 Humilitas
1239 2569 1357 2634 tua,
1378 2582 1481 2638 per
1499 2583 1669 2639 quam
1690 2583 1804 2622 non
1822 2583 1959 2640 prac-

363 2648 521 2704 valeo
553 2649 851 2707 adversum
879 2657 955 2708 te.

437 2735 530 2794 27.
559 2739 816 2794 Perrexit
843 2741 1148 2814 aliquando
1168 2742 1340 2798 abbas
1369 2745 1611 2801 Mathois
1634 2745 1705 2801 de
1731 2746 1958 2820 Raythu

363 2824 424 2880 in
451 2826 708 2898 partibus
739 2829 990 2886 Gebalon
1010 2849 1022 2886 :
1041 2835 1164 2888 erat
1187 2837 1377 2889 autem
1397 2849 1525 2890 cum
1545 2852 1611 2890 eo
1639 2835 1816 2890 frater
1831 2837 1960 2908 ejus

365 2913 564 2986 (Ruf/.,
595 2920 634 2972 Ζ.
666 2932 748 2985 IIl,
777 2935 838 2976 η.
885 2918 1012 2989 188;
1057 2923 1268 2990 Pasch,
1303 2939 1348 2978 ο.
1373 2921 1462 2992 33,
1499 2940 1556 2979 η.
1589 2923 1670 2994 3).
1700 2925 1770 2980 Et
1799 2925 1954 2980 venit

363 3003 658 3078 episcopus
685 3007 793 3063 loci
811 3008 964 3065 illius
988 3011 1060 3066 ad
1088 3017 1464 3068 memoratum
1483 3029 1698 3080 senem,
1734 3020 1792 3070 et
1827 3013 1959 3070 fecit

2039 1858 2110 1914 de
2136 1857 2259 1930 ipso
2285 1871 2474 1923 senex;
2497 1859 2556 1909 et
2575 1868 2690 1908 non
2715 1865 3060 1924 praesumens
3075 1865 3206 1906 eum
3231 1848 3417 1904 solum
3440 1846 3652 1902 dimit-

2037 1952 2181 2013 tere,
2207 1945 2402 2001 distuli
2421 1959 2600 2016 usque
2629 1941 2816 1998 modo.
2835 1940 2978 1996 Cum
2997 1954 3132 2011 ergo
3151 1937 3394 1994 venisset
3413 1936 3654 2010 dispen—

2040 2041 2197 2093 sator
2222 2035 2294 2091 ad
2309 2051 2522 2102 senem,
2538 2033 2758 2088 locutus
2773 2035 2860 2086 est
2879 2029 2930 2084 ei
2949 2027 3019 2084 de
3040 2026 3476 2100 cogitationibus
3489 2026 3642 2094 suis,

2038 2131 2097 2182 et
2123 2125 2217 2180 ille
2237 2124 2459 2180 sanavit
2487 2139 2618 2178 eum
2641 2119 3002 2193 responsione
3025 2117 3291 2174 sua.Post
3304 2117 3426 2172 haec
3445 2122 3650 2172 autem

2037 2213 2426 2286 interrogabat
2453 2228 2622 2268 senex
2649 2211 2882 2266 fratrem
2911 2207 3322 2274 illum,dicens:
3345 2204 3514 2263 Abba
3533 2206 3650 2262 Ne-

2039 2311 2210 2374 stero,
2233 2302 2512 2374 quomodo
2533 2299 2823 2372 acquisisti
2836 2297 3099 2353 virtutem
3119 2297 3288 2363 hanc,
3302 2301 3370 2350 ut
3400 2295 3638 2368 quando

2041 2393 2334 2450 emerserit
2351 2390 2642 2447 tribulatio
2669 2388 2862 2460 aliqua
2907 2387 2969 2442 in
2996 2385 3358 2458 monasterio,
3405 2400 3523 2440 non
3555 2384 3648 2440 lo-

2041 2483 2254 2556 quaris,
2275 2497 2457 2554 neque
2481 2479 2712 2536 taedium
2740 2476 2952 2532 facias?
2981 2477 3052 2532 Et
3068 2492 3195 2532 cum
3215 2475 3460 2530 multum
3478 2490 3650 2546 coge-

2039 2578 2200 2629 retur
2243 2573 2419 2628 frater
2445 2587 2480 2625 a
2509 2585 2662 2636 sene,
2694 2567 2832 2623 dicit
2859 2567 2910 2624 ei
2944 2583 2957 2621 :
3002 2567 3238 2637 Ignosce
3269 2564 3434 2632 mihi,
3467 2562 3638 2631 abba,

2041 2661 2264 2736 quando
2293 2659 2498 2716 intravi
2523 2658 2582 2714 in
2609 2657 2771 2712 initio
2800 2657 2860 2712 in
2887 2655 3339 2728 congregatione,
3369 2653 3488 2710 dixi
3519 2653 3646 2709 ani-

2039 2769 2133 2809 mo
2159 2767 2285 2807 meo
2315 2769 2328 2804 :
2378 2751 2464 2805 Tu
2509 2752 2568 2804 et
2615 2747 2808 2802 asinus
2851 2763 3032 2802 unum
3060 2749 3262 2800 estote.
3294 2743 3454 2801 Sicut
3482 2742 3645 2799 enim

2039 2841 2236 2898 asinus
2261 2839 2490 2912 vapulat
2511 2843 2568 2894 et
2591 2853 2706 2892 non
2733 2835 3002 2909 loquitur,
3036 2834 3306 2907 injuriam
3334 2833 3558 2906 patitur
3585 2837 3649 2888 et

2040 2949 2154 2988 non
2202 2929 2524 3004 respondet,
2555 2927 2635 2983 sic
2687 2931 2744 2982 et
2799 2931 2892 2996 tu;
2947 2923 3424 2998 quemadmodum
3473 2925 3538 2978 et
3581 2920 3646 2977 in

2041 3022 2264 3079 Psalmo
2293 3019 2503 3091 legitur
2529 3036 2540 3072 :
2566 3017 2977 3089 Utjumentum
3005 3015 3186 3071 factus
3216 3029 3342 3070 sum
3365 3013 3523 3087 apud
3553 3020 3639 3084 te,

367 3109 498 3184 eum
521 3095 918 3170 PPeSbYtemm
933 3145 945 3157 -
979 3101 1049 3156 Et
1071 3101 1208 3156 dum
1236 3107 1532 3174 gustarem
1575 3103 1762 3171 Similia
1816 3103 1959 3159 diXit
1977 3108 2023 3170 Ο
2041 3117 2098 3169 et
2121 3128 2226 3184 ego
2251 3125 2474 3180 semper
2497 3113 2684 3162 tecum
2716 3108 2882 3172 lPsal.
2903 3107 3098 3176 Lxxn).

365 3183 687 3258 episcopus:
711 3188 944 3259 Ignosce
973 3190 1134 3258 mihi,
1166 3189 1327 3258 abba,
1366 3193 1502 3264 quia
1539 3193 1652 3248 scio
1681 3193 1830 3264 quod
1859 3209 1956 3248 no-

360 3272 536 3329 lueris
561 3292 682 3330 rem
710 3277 856 3333 hanc
877 3298 891 3346 ;
917 3279 1016 3334 sed
1039 3284 1103 3335 ut
1122 3279 1574 3336 benedictionem
1609 3287 1769 3337 tuam
1809 3282 1956 3338 acci-

357 3379 572 3436 perem,
586 3368 918 3440 praesumpsi
945 3369 1052 3424 hoc
1069 3369 1274 3426 facere.
1307 3370 1461 3426 Dixit
1485 3378 1676 3427 autem
1706 3371 1759 3426 ei
1785 3388 1954 3426 senex

357 3467 488 3508 cum
508 3454 828 3512 humilitate
852 3475 864 3510 :
889 3458 960 3513 Et
985 3459 1210 3515 animus
1236 3477 1396 3516 meus
1424 3461 1704 3516 modicum
1733 3460 1955 3516 volebat

355 3540 481 3610 hoc,
511 3550 900 3602 verumtamen
928 3547 987 3602 in
1015 3548 1121 3603 hoc
1137 3550 1386 3620 graviter
1406 3549 1684 3622 feroquia
1706 3551 1956 3622 compel-

357 3629 445 3685 lor
469 3633 721 3704 separari
758 3653 793 3690 a
829 3635 1004 3692 fratre
1029 3655 1176 3706 meo,
1203 3639 1299 3710 qui
1349 3655 1570 3694 mecum
1613 3645 1735 3707 est;
1769 3656 1952 3712 neque

359 3719 508 3775 enim
533 3721 750 3780 sufﬁcio
796 3741 990 3781 omnes
1021 3727 1304 3782 orationes
1344 3744 1485 3800 quas
1517 3729 1686 3783 simul
1715 3728 1954 3784 facieba-

357 3825 504 3876 mus,
527 3811 781 3883 implere.
805 3814 1026 3870 Etdixit
1044 3816 1339 3888 episc0pus
1363 3835 1374 3870 :
1402 3817 1459 3872 Si
1474 3817 1580 3872 scis
1601 3817 1734 3888 quia
1749 3817 1954 3889 dignus

355 3901 460 3965 est,
489 3914 593 3970 ego
621 3906 678 3955 et
696 3901 882 3973 ipsum
908 3904 1124 3960 ordino.
1149 3905 1218 3959 Et
1237 3905 1376 3960 dixit
1403 3905 1455 3960 ei
1483 3905 1654 3960 abbas
1669 3907 1911 3962 Mathois
1935 3927 1948 3964 :

357 3985 632 4058 Equidem
679 3990 726 4044 si
771 3990 974 4062 dignus
1015 3996 1100 4047 est
1145 3993 1354 4062 nescio,
1387 4009 1566 4050 unum
1593 4001 1785 4050 autem
1810 3996 1944 4066 scio,

357 4073 492 4148 quia
519 4077 718 4134 melior
742 4097 834 4135 me
863 4086 974 4140 est.
1010 4081 1302 4138 Ordinavit
1327 4087 1518 4140 autem
1548 4090 1606 4140 et
1622 4085 1808 4156 ipsum
1837 4086 1955 4158 epi-

360 4181 596 4238 scopus:
630 4174 688 4224 et
716 4169 798 4225 ita
823 4175 1061 4244 uterque
1089 4178 1447 4229 recesserunt
1475 4174 1543 4229 de
1573 4175 1678 4230 hac
1720 4175 1855 4244 vita,
1891 4179 1955 4231 ut

358 4271 650 4328 nunquam
679 4275 739 4314 se
768 4260 840 4315 ad
867 4261 1293 4318 sacriﬁcandam
1317 4263 1660 4319 oblationem
1678 4264 1844 4320 altari
1860 4282 1955 4338 ap-

359 4346 761 4419 proximarent.
782 4350 1212 4407 Dicebatautem
1229 4369 1398 4408 senex
1427 4371 1438 4407 :
1463 4353 1643 4409 Credo
1665 4353 1724 4408 in
1747 4355 1948 4424 Deum,

2108 3200 2168 3260 3i
2183 3241 2196 3254 .
2219 3198 2492 3256 Dicebant
2521 3195 2592 3252 de
2612 3193 2816 3250 abbate
2841 3193 3102 3267 Olympio
3131 3192 3191 3248 in
3215 3191 3410 3266 Scythi
3443 3193 3636 3264 (Rulli,

2041 3295 2080 3348 ι.
2113 3305 2193 3358 1n,
2227 3306 2286 3344 η.
2322 3287 2428 3358 17),
2462 3286 2597 3360 quia
2625 3301 2819 3340 servus
2844 3289 3012 3352 esset,
3045 3287 3104 3339 et
3127 3281 3506 3338 descendebat
3531 3299 3642 3356 per

2039 3379 2292 3451 singulos
2319 3393 2498 3432 annos
2527 3376 2588 3430 in
2620 3373 3021 3430 Alexandriam
3062 3377 3290 3446 portans
3340 3372 3636 3429 mercedes

2035 3475 2230 3537 aea
2257 3485 2389 3524 suas
2417 3465 2659 3522 dominis
2680 3463 2892 3520 suis.Et
2910 3461 3279 3518 occurrebant
3305 3461 3376 3528 ei,
3395 3466 3456 3518 et
3479 3462 3638 3519 salu-

2034 3559 2236 3615 tabant
2245 3573 2372 3612 eum
2395 3575 2406 3612 :
2437 3571 2605 3611 senex
2616 3558 2809 3609 autem
2827 3551 3088 3608 mittebat
3101 3567 3308 3623 aquam
3321 3550 3380 3606 in
3398 3551 3630 3624 pelvim,

2039 3653 2098 3704 et
2129 3645 2420 3713 afferebat,
2451 3649 2518 3700 ut
2544 3645 2758 3699 lavaret
2785 3641 2956 3714 pedes
2975 3640 3219 3696 dominis
3241 3641 3379 3696 suis.
3420 3640 3511 3695 Illi
3540 3641 3640 3697 au-

2033 3742 2150 3794 tem
2177 3737 2250 3791 ad
2277 3751 2408 3791 eum
2437 3733 2732 3788 dicebant:
2765 3730 2918 3800 Noli,
2936 3731 3123 3800 Pater,
3153 3746 3268 3785 non
3285 3746 3489 3801 graves
3507 3747 3635 3787 nos.

2035 3827 2138 3884 Ille
2161 3841 2288 3882 vero
2319 3821 2695 3896 respondebat
2704 3820 2785 3876 eis
2808 3838 2820 3874 :
2839 3820 2954 3892 Ego
2976 3819 3265 3886 conﬁteor,
3283 3818 3420 3890 quia
3439 3835 3637 3876 servus

2033 3932 2161 3971 sum
2189 3918 2402 3982 vester;
2434 3915 2493 3967 et
2513 3910 2729 3982 gratias
2761 3925 2888 3980 ago,
2903 3909 3036 3982 quia
3063 3907 3356 3964 dimisistis
3376 3924 3473 3964 me
3499 3908 3638 3965 libe—

2033 4021 2164 4060 rum
2191 4002 2402 4058 servire
2430 4002 2569 4057 Deo.
2601 3999 2710 4056 Sed
2740 4003 2934 4054 tamen
2965 3999 3088 4053 lavo
3115 3996 3274 4053 vobis
3298 3997 3638 4070 pedes,ecce

2036 4099 2094 4150 et
2119 4091 2384 4164 suscipite
2411 4089 2698 4146 mercedes
2722 4087 3000 4144 meas.Illi
3017 4103 3148 4142 vero
3178 4086 3635 4144 contemnebant.

2035 4183 2105 4238 Et
2134 4199 2248 4238 non
2273 4177 2757 4254 acquiescentibus
2783 4175 3038 4232 dicebat:
3063 4176 3289 4232 Credite
3318 4175 3482 4245 mihi,
3501 4177 3640 4250 quia

2034 4271 2084 4328 si
2104 4288 2218 4326 non
2251 4269 2416 4326 vultis
2447 4268 2732 4340 suscipere
2759 4265 3046 4322 mercedes
3073 4280 3526 4332 meas,remaneo
3543 4265 3638 4321 hic

2035 4365 2094 4416 et
2121 4359 2300 4416 servio
2329 4356 2504 4413 vobis.
2535 4355 2624 4412 Illi
2657 4359 2848 4411 autem
2865 4353 3242 4409 reverentiam
3263 4353 3318 4408 ei
3339 4351 3634 4420 habentes,

362 4436 496 4510 quia
522 4437 756 4494 forsitan
771 4456 884 4496 non
913 4441 1224 4497 sustineam
1248 4458 1418 4514 grave
1425 4443 1705 4514 judicium
1719 4451 1954 4518 propter
1973 4425 2245 4507 Ddabant
2274 4448 2333 4503 in
2358 4451 2636 4520 potestate
2666 4446 2807 4517 ejus,
2841 4448 2906 4499 ut
2933 4443 3144 4499 faceret
3166 4441 3316 4515 quod
3345 4442 3534 4498 vellet.
3567 4441 3639 4499 Et

361 4527 796 4597 ordinationem,
829 4547 999 4602 quam
1027 4530 1264 4602 suscepi,
1305 4531 1442 4586 dum
1473 4532 1813 4588 oblationem
1841 4552 1955 4591 non

361 4616 544 4673 audeo
581 4634 943 4688 consecrare;
988 4620 1094 4675 hoc
1125 4619 1276 4675 enim
1305 4619 1551 4676 ofﬁcium
1577 4621 1805 4695 illorum
1847 4629 1952 4693 est,

366 4706 462 4779 qui
489 4707 610 4763 sine
631 4709 863 4780 querela
889 4709 1096 4766 vivunt.

432 4795 523 4854 28.
553 4797 704 4854 Dixit
731 4803 920 4854 autem
946 4799 1118 4856 abbas
1138 4799 1411 4855 Mathois:
1443 4799 1728 4864 Quantum
1759 4817 1822 4858 se
1854 4819 1955 4876 ap-

364 4885 644 4958 proximat
669 4889 838 4944 homo
864 4889 1001 4958 Deo,
1049 4893 1273 4946 tantum
1303 4907 1363 4944 se
1408 4895 1758 4962 peccatorem
1803 4893 1960 4950 videt

369 4976 552 5046 (Ra/71,
584 4979 622 5032 ι.
663 4992 747 5046 III,
782 4995 840 5032 η.
867 4977 1028 5051 123);
1059 4979 1237 5036 Isaias
1265 4979 1416 5034 enim
1458 4981 1733 5052 propheta
1761 4980 1954 5037 videns

361 5062 960 5135 Dominum,miserum
998 5086 1057 5124 se
1077 5074 1134 5124 et
1152 5069 1509 5124 immundum
1531 5067 1955 5141 dicebat(Isaz‘w,

365 5153 462 5220 γι).

437 5242 526 5299 29.
559 5243 830 5300 Dicebant
873 5246 944 5302 de
983 5246 1184 5304 abbate
1209 5249 1402 5322 Moyse
1429 5247 1563 5321 quia
1602 5248 1782 5304 factus
1811 5255 1960 5305 esset

364 5333 619 5403 clericus,
645 5338 702 5390 et
727 5342 1038 5406 posuerunt
1065 5337 1118 5392 ei
1135 5339 1613 5412 superhumerale.
1645 5339 1713 5394 Et
1739 5339 1879 5394 dixit
1905 5339 1958 5395 ei

367 5424 817 5498 archiepiscopus
849 5437 861 5472 ε
911 5428 1050 5483 Ecce
1090 5428 1268 5484 factus
1323 5446 1383 5484 es
1429 5428 1782 5496 candidatus,
1814 5427 1959 5484 abba

365 5519 607 5592 Moyses.
636 5519 706 5576 Et
724 5519 818 5574 ille
836 5521 1154 5593 respondit:
1191 5522 1363 5577 Putas
1393 5539 1428 5576 a
1449 5521 1602 5590 foris,
1629 5522 1834 5578 domne
1861 5538 1958 5594 pa-

370 5626 464 5684 pa,
512 5615 611 5670 aut
647 5610 918 5671 deintus?
946 5611 1152 5670 Volens
1181 5615 1372 5670 autem
1403 5613 1695 5687 episcopus
1721 5613 1959 5686 probare

2035 4542 2411 4596 revertentem
2439 4533 2792 4591 deducebant
2825 4549 2956 4589 eum
2984 4547 3116 4588 cum
3141 4531 3639 4605 honore,praaben-

2035 4634 2122 4686 tes
2151 4633 2207 4683 et
2227 4644 2350 4700 qum
2374 4623 2693 4681 necessaria
2728 4627 2908 4690 erant,
2939 4625 3004 4676 ut
3031 4620 3240 4676 faceret
3263 4635 3367 4692 pro
3395 4619 3480 4676 eis
3507 4636 3638 4692 aga-

2035 4736 2186 4793 pem,
2209 4723 2268 4773 et
2295 4733 2363 4771 ex
2393 4716 2499 4770 hoc
2522 4714 2702 4770 factus
2731 4718 2818 4768 est
2843 4711 3168 4768 nominatus
3203 4709 3267 4765 in
3293 4709 3511 4782 Scythi.

2111 4807 2198 4866 32.
2227 4805 2381 4862 Dixit
2407 4803 2580 4860 abbas
2607 4803 2810 4858 Pastor
2839 4819 2851 4855 :
2885 4799 3032 4867 Quia
3065 4815 3293 4872 semper
3331 4799 3504 4854 homo
3530 4798 3635 4856 bu-

2038 4897 2337 4954 militatem
2365 4899 2422 4950 et
2457 4893 2720 4948 timorem
2751 4891 2853 4946 Dei
2881 4889 2963 4946 ita
2999 4886 3414 4945 incessabiliter
3456 4888 3639 4962 reSpi-

2035 5003 2163 5044 rare
2193 4985 2378 5052 debet,
2414 4983 2561 5040 sicut
2590 4982 2790 5037 ﬂatum
2811 4996 2982 5054 quem
3021 4977 3257 5035 naribus
3286 4976 3532 5034 attrahit
3552 4976 3639 5034 vel

2039 5076 2250 5134 emittit
2279 5073 2542 5144 (Append.
2569 5072 2738 5127 Mart.
2770 5087 2828 5126 η.
2868 5068 3012 5137 101).

2113 5163 2200 5222 33.
2232 5165 2620 5234 Interrogatus
2647 5165 2734 5216 est
2758 5158 2930 5216 abbas
2960 5159 3162 5214 Pastor
3189 5173 3224 5212 a
3247 5155 3501 5229 quodam
3529 5154 3640 5211 fra-

2037 5259 2126 5310 tre
2161 5273 2172 5309 :
2205 5251 2498 5320 Quomodo
2526 5249 2706 5306 debeo
2745 5266 2869 5306 esse
2891 5249 2950 5304 in
2979 5248 3122 5312 loco,
3153 5247 3214 5302 in
3243 5261 3356 5318 quo
3384 5243 3585 5302 habito
3613 5244 3638 5298 *ἲ

2039 5345 2110 5400 Et
2133 5342 2425 5416 respondit
2471 5341 2522 5396 ei
2565 5357 2734 5396 senex
2773 5357 2785 5393 :
2818 5337 3034 5394 Habeto
3079 5334 3442 5410 prudentiam
3487 5335 3642 5390 velut

2039 5433 2281 5502 advena;
2313 5437 2372 5488 et
2411 5429 2749 5502 ubicumque
2794 5427 2986 5496 fueris,
3020 5444 3091 5485 ne
3131 5441 3354 5500 quaeras
3401 5423 3639 5509 verbum

2038 5527 2203 5580 tuum
2229 5538 2418 5579 coram
2446 5526 2504 5576 te
2531 5518 2738 5576 habere
2767 5517 3096 5592 potentiam,
3130 5521 3188 5572 et
3213 5513 3556 5588 requiesces.

2115 5611 2202 5674 34.
2235 5613 2390 5672 Dixit
2409 5611 2654 5670 iterum:
2691 5608 2836 5676 Quia
2861 5607 3136 5683 projicere
3165 5622 3224 5666 se
3242 5605 3304 5663 in
3331 5607 3641 5679 conspectu
