3964 6206
332 308 433 404 961

1645 337 1883 393 VERBA
1924 336 2320 395 SENIORUM.

3503 351 3605 411 962

330 472 454 539 Dei,
470 473 529 525 et
540 485 654 526 non
677 468 925 542 seipsum
941 466 1223 534 extollere,
1242 469 1300 521 et
1316 466 1541 521 mittere
1563 470 1688 538 post
1706 469 1929 536 tergum
1944 463 1997 525 A
2013 466 2137 521 Dixi
2155 483 2288 538 ergo
2326 466 2515 523 abbati
2543 467 2719 524 Athre
2754 488 2766 523 :
2797 468 2903 526 Ubi
2934 471 3195 529 invenisti
3224 475 3604 536 obedientiam

331 578 498 618 suum
515 559 804 633 propriam
822 559 1185 624 voluntatem,
1209 555 1551 612 ferramenta
1573 560 1706 610 sunt
1725 553 1928 627 quibus

329 652 525 708 anima
551 654 843 723 operatur.

336 734 341 735 γ
400 739 490 798 35.
512 742 657 797 Item
671 737 812 794 dixit
834 756 845 793 :
870 739 998 795 Non
1026 737 1281 793 metiaris
1310 736 1691 808 temetipsum,
1714 734 1813 790 sed
1833 733 1928 788 ad-

325 830 477 887 haere
508 830 561 886 ei
590 830 687 903 qui
704 828 848 884 bene
868 831 1249 885 conversatur.

400 918 490 979 36.
505 920 658 976 Dixit
667 920 876 975 iterum
892 934 906 974 :
930 917 1075 984 Quia
1088 916 1454 988 interrogavit
1471 916 1647 971 frater
1662 913 1924 970 abbatem

324 1010 616 1078 Alonium,
645 1008 793 1074 Quid
820 1012 907 1063 est
926 1007 1321 1079 contemptus?
1351 1007 1421 1063 Et
1448 1006 1590 1061 dixit
1617 1021 1817 1061 senex:
1851 1005 1928 1062 Ut

327 1099 407 1155 sis
421 1098 569 1155 infra
587 1097 857 1155 animalia
870 1096 1296 1163 irrationabilia,
1313 1100 1369 1150 et
1386 1093 1528 1151 scies
1549 1093 1683 1167 quia
1695 1093 1793 1148 illa
1811 1105 1926 1147 non

326 1188 796 1246 condemnantur.

400 1277 490 1337 37.
520 1278 674 1334 Dixit
700 1277 908 1333 iterum
926 1274 1023 1349 qui
1050 1291 1254 1348 supra:
1283 1274 1427 1341 Quia
1452 1272 1743 1329 humilitas
1771 1276 1927 1327 terra

327 1372 434 1437 est,
456 1367 515 1424 in
536 1384 647 1440 qua
663 1367 937 1423 Dominus
956 1364 1294 1421 sacriﬁcium
1321 1364 1446 1419 ﬁeri
1464 1362 1841 1419 demandavit.

344 1464 348 1468 ‘
397 1455 486 1514 38.
514 1458 734 1514 Rursus
761 1456 903 1512 dixit
933 1472 946 1509 :
987 1455 1131 1520 Quia
1158 1454 1207 1510 si
1249 1454 1417 1509 homo
1469 1453 1725 1508 ordinem
1755 1467 1922 1506 suum

325 1547 622 1613 custodiat,
663 1563 777 1603 non
808 1544 1145 1602 turbabitur.

392 1633 481 1696 39.
503 1638 720 1694 Iterum
740 1635 908 1692 dixit:
939 1635 1084 1701 Quia
1104 1633 1430 1691 sedentibus
1454 1632 1757 1705 aliquando
1778 1630 1922 1687 seni-

322 1725 428 1783 bus
446 1727 520 1783 ad
548 1725 1025 1793 manducandum,
1057 1723 1245 1781 stabat
1268 1724 1505 1779 Alonius
1534 1722 1705 1778 abbas
1725 1727 1783 1776 et
1811 1720 1920 1776 mi-

2010 556 2191 611 hanc?
2221 557 2290 611 Et
2317 556 2412 612 ille
2432 558 2571 612 mihi
2608 560 2897 631 respondit
2925 580 2937 616 :
2970 564 3095 619 Non
3125 570 3211 620 est
3228 583 3374 635 mea,
3408 569 3506 624 sed
3526 569 3601 624 is-

2009 646 2123 701 tius
2147 647 2296 702 senis
2326 652 2429 704 est.
2452 648 2521 702 Et
2548 648 2681 703 tulit
2705 666 2814 717 me,
2845 650 3033 707 dicens
3068 671 3079 706 :
3110 654 3272 723 Veni,
3313 657 3437 713 vide
3467 658 3603 715 obe-

2010 736 2281 793 dientiam
2302 739 2442 809 ejus.
2462 738 2622 793 Coxit
2641 756 2773 810 ergo
2794 741 3076 797 modicum
3096 743 3305 814 piscem
3330 747 3495 817 male,
3520 748 3602 804 ita

2009 831 2074 882 ut
2100 828 2361 899 perderet
2379 845 2510 883 eum
2528 829 2858 897 voluntarie,
2884 835 2940 885 et
2963 834 3224 904 apposuit
3238 836 3360 891 seni
3384 855 3398 906 ;
3425 842 3482 892 et
3506 837 3601 895 ille

2008 917 2381 984 manducavit,
2405 917 2546 973 nihil
2565 918 2818 990 loquens.
2844 920 2913 974 Et
2943 921 3084 977 dixit
3112 923 3162 977 ei
3189 942 3200 978 :
3236 925 3452 981 Bonum
3494 932 3597 998 est,

2008 1007 2224 1062 senex?
2247 1008 2316 1062 Et
2331 1008 2425 1062 ille
2454 1008 2778 1080 respondit:
2802 1010 3021 1065 Bonum
3043 1012 3216 1068 valde.
3238 1015 3492 1071 Posthaec
3512 1022 3600 1074 at-

2007 1096 2139 1151 tulit
2165 1096 2215 1151 ei
2236 1096 2374 1152 illud
2394 1097 2694 1165 modicum,
2720 1098 2890 1153 nimis
2911 1098 3051 1155 bene
3080 1107 3318 1171 coctum,
3343 1110 3399 1160 et
3423 1106 3598 1162 dixit:

2009 1187 2146 1241 Ecce
2175 1185 2328 1240 istud
2369 1186 2608 1257 perdidi,
2641 1202 2828 1254 senex,
2863 1189 3010 1243 male
3050 1188 3190 1245 illud
3236 1193 3371 1247 coxi.
3414 1194 3484 1250 Et
3507 1195 3603 1251 ille

2005 1275 2320 1348 respondit:
2346 1275 2530 1330 Etiam
2554 1276 2770 1331 modice
2783 1276 2887 1332 tibi
2907 1279 3054 1333 male
3078 1278 3260 1336 exivit.
3292 1281 3361 1336 Et
3375 1298 3602 1340 conver-

2006 1382 2101 1421 sus
2126 1366 2198 1420 ad
2226 1382 2318 1421 me
2346 1364 2518 1421 abbas
2545 1366 2720 1420 Athre
2750 1365 2889 1422 dixit
2914 1381 2928 1420 :
2960 1367 3130 1423 Vides
3159 1369 3291 1440 quia
3322 1370 3437 1426 haec
3466 1373 3600 1428 obe-

2002 1455 2216 1510 dientia
2231 1455 2394 1510 istius
2405 1459 2598 1521 626
2612 1454 2762 1509 senis
2784 1461 2869 1510 est
2888 1456 2913 1509 ?
2936 1457 3006 1510 Et
3025 1456 3131 1511 exii
3155 1458 3227 1514 ab
3246 1459 3345 1529 eis;
3370 1465 3427 1516 et
3445 1461 3605 1534 quid-

2005 1545 2138 1616 quid
2164 1544 2296 1611 vidi,
2325 1545 2431 1599 hoc
2454 1543 2559 1598 feci
2589 1544 2898 1600 secundum
2924 1546 3189 1602 virtutem
3219 1565 3423 1605 meam.
3468 1552 3601 1608 Haec

2003 1633 2142 1688 dixit
2166 1633 2435 1688 fratribus
2461 1631 2632 1689 abbas
2654 1633 2798 1689 Sisoi
2822 1653 2834 1703 ;
2855 1651 3002 1690 unus
3030 1640 3221 1691 autem
3248 1655 3315 1693 ex
3333 1638 3495 1696 nobis
3511 1657 3601 1696 ro-

2000 1723 2155 1794 gavit
2174 1739 2305 1778 eum
2333 1723 2521 1777 dicens
2546 1741 2557 1776 :
2592 1723 2837 1779 Ostende
2864 1724 3025 1779 nobis
3047 1726 3399 1796 charitatem,
3424 1727 3481 1784 et
3508 1730 3598 1786 dic

320 1816 599 1873 nistrabat
620 1817 700 1873 eis
723 1835 737 1885 ;
786 1822 843 1871 et
870 1815 1121 1871 videntes
1150 1814 1544 1870 laudaverunt.
1585 1813 1686 1868 Ille
1726 1816 1917 1868 autem
1936 1826 1984 1887 Β
2002 1811 2161 1866 nobis
2176 1816 2239 1867 tu
2266 1828 2445 1867 unum
2470 1828 2804 1868 sermonem.
2823 1814 2893 1868 Et
2916 1814 3057 1869 dixit
3082 1831 3093 1867 :
3124 1815 3230 1879 Qui
3258 1816 3429 1872 habet
3449 1819 3599 1890 quod

317 1906 461 1963 nihil
481 1906 711 1962 omnino
738 1905 1045 1979 respondit.
1062 1904 1218 1961 Dixit
1234 1920 1368 1976 ergo
1398 1903 1629 1976 quidam
1653 1905 1868 1957 secreto
1902 1918 1914 1954 :

313 1996 500 2063 Quare
536 2013 651 2053 non
680 1993 1017 2068 respondisti
1054 1993 1282 2050 senibus
1327 1991 1688 2049 laudantibus
1724 1996 1781 2046 te
1805 1991 1829 2045 ’I
1850 1990 1920 2045 Et

313 2086 454 2142 dixit
480 2084 653 2141 abbas
679 2085 915 2141 Alonius
947 2103 959 2139 :
995 2083 1135 2150 Quia
1152 2084 1201 2139 si
1223 2082 1622 2155 responderem
1645 2081 1744 2149 eis,
1768 2080 1918 2135 inve-

313 2175 514 2231 niebar
535 2175 844 2231 delectatus
863 2173 1126 2229 laudibus
1162 2172 1325 2229 meis.

382 2265 474 2323 40.
496 2265 761 2321 Narravit
777 2263 950 2320 abbas
970 2263 1177 2336 Joseph
1204 2281 1217 2317 :
1241 2261 1386 2328 Quia
1410 2259 1735 2317 sedentibus
1754 2258 1916 2315 nobis

314 2354 617 2428 aliquando
629 2370 757 2410 cum
775 2353 977 2409 abbate
989 2353 1243 2420 Pastore,
1264 2350 1640 2407 nominaverit
1655 2348 1915 2404 abbatem

311 2444 685 2516 Agathonem,
710 2448 768 2499 et
794 2443 1037 2499 diximus
1056 2442 1108 2498 ei
1143 2461 1155 2496 :
1188 2440 1415 2497 Juvenis
1446 2444 1551 2508 est,
1580 2455 1755 2513 quare
1785 2454 1917 2494 eum

311 2532 564 2606 appellas
588 2527 894 2588 abbatem?
924 2532 995 2587 Et
1021 2530 1164 2587 dixit
1199 2530 1371 2585 abbas
1391 2530 1594 2586 Pastor
1630 2546 1642 2583 :
1679 2527 1825 2594 Quia
1853 2544 1915 2582 os

312 2637 485 2678 suum
512 2621 643 2677 fecit
670 2638 800 2677 eum
836 2619 1107 2694 appellari
1144 2618 1424 2675 abbatem.

389 2708 480 2768 41.
502 2710 774 2767 Dicebant
790 2710 860 2767 de
879 2709 1084 2766 abbate
1100 2710 1351 2777 Pastore,
1370 2707 1504 2779 quia
1517 2722 1807 2780 nunquam
1827 2722 1916 2760 vo-

314 2797 521 2855 luisset
536 2816 853 2855 sermonem
871 2796 1157 2853 dimittere
1180 2814 1350 2870 supra
1369 2795 1603 2851 alterius
1622 2795 1774 2850 senis
1787 2809 1916 2850 ver-

314 2887 477 2957 bum,
499 2889 598 2945 sed
616 2888 797 2960 magis
823 2887 1137 2944 laudaverit
1154 2903 1377 2960 semper
1398 2903 1521 2958 quae
1541 2885 1637 2941 ille
1659 2884 1912 2939 dixisset.

390 2976 483 3035 42.
507 2978 677 3034 Venit
698 2977 1000 3051 aliquando
1029 2982 1235 3033 sanctae
1263 2975 1549 3032 memoriae
1575 2973 1918 3046 Theophilus

317 3067 612 3141 episcopus
632 3067 1042 3124 Alexandrinus
1056 3067 1116 3122 in
1138 3065 1357 3139 Scythi:
1385 3063 1710 3136 congregati
1725 3068 1916 3118 autem

1999 1901 2410 1957 innumerabile
2426 1902 2578 1956 estin
2595 1903 2845 1971 scientia,
2866 1904 3084 1976 perﬁcit
3099 1922 3325 1961 omnem
3350 1907 3599 1980 Scriptu-

1999 2008 2144 2049 ram.
2174 1992 2388 2047 Iterum
2413 1991 2556 2046 alter
2581 2008 2647 2046 ex
2666 1991 2826 2047 nobis
2855 1993 2995 2048 dixit
3026 1994 3109 2048 ei:
3146 1994 3292 2060 Quid
3321 2000 3407 2051 est
3433 2014 3599 2071 pere-

1998 2081 2266 2153 grinatio,
2290 2080 2496 2136 Pater?
2516 2081 2585 2135 Et
2600 2081 2694 2136 ille
2723 2082 3012 2154 respondit
3035 2100 3050 2135 :
3076 2084 3238 2153 Tace,
3273 2089 3329 2140 et
3356 2085 3415 2141 in
3442 2087 3599 2144 omni

1995 2169 2117 2225 loco
2144 2187 2479 2243 quocunque
2504 2170 2745 2238 veneris,
2778 2171 2867 2227 dic
2896 2193 2909 2229 :
2949 2173 3077 2228 Non
3114 2173 3293 2230 habeo
3340 2193 3590 2247 causam,

1999 2263 2058 2314 et
2092 2259 2210 2316 haec
2238 2265 2324 2315 est
2359 2260 2757 2332 peregrinatio.

2069 2348 2158 2405 44.
2181 2349 2350 2404 Venit
2366 2350 2597 2422 quidam
2615 2349 2789 2405 frater
2809 2351 2879 2406 ad
2900 2350 3166 2408 abbatem
3188 2353 3334 2410 Sisoi
3354 2355 3414 2411 in
3440 2372 3596 2413 mon-

1998 2444 2115 2495 tem
2140 2438 2357 2494 abbatis
2384 2439 2646 2508 Antonii;
2671 2445 2729 2494 et
2749 2440 3107 2512 loquentibus
3136 2443 3235 2511 eis,
3255 2444 3475 2501 dicebat
3501 2444 3597 2501 ab-

1997 2528 2117 2584 bati
2146 2529 2290 2584 Sisoi
2315 2546 2325 2583 :
2347 2529 2512 2584 Modo
2532 2528 2714 2584 adhuc
2734 2546 2847 2584 non
2875 2532 3179 2603 pervenisti
3209 2534 3280 2588 ad
3299 2551 3595 2592 mensuras

1998 2617 2216 2673 abbatis
2239 2617 2489 2686 Antonii,
2505 2618 2725 2674 Pater?
2754 2619 2823 2674 Et
2849 2620 3139 2692 respondit
3156 2621 3208 2676 ei
3238 2638 3405 2679 senex
3429 2644 3441 2679 :
3478 2625 3595 2697 Ego

1996 2708 2045 2763 si
2073 2707 2344 2763 haberem
2358 2724 2530 2763 unam
2548 2707 2947 2779 cogitationem
2966 2708 3186 2767 abbatis
3204 2712 3452 2781 Antonii,
3471 2713 3596 2769 efﬁ-

1998 2814 2156 2853 cerer
2180 2802 2331 2853 totus
2354 2797 2507 2852 velut
2523 2796 2699 2867 ignis:
2752 2802 3141 2855 verumtamen
3164 2800 3278 2856 scio
3304 2802 3593 2859 hominem

2000 2888 2098 2960 qui
2124 2903 2253 2942 cum
2279 2885 2471 2941 labore
2498 2891 2685 2958 potest
2711 2885 2859 2942 ferre
2888 2888 3256 2959 cogitationes
3286 2908 3436 2947 suas.

2069 2975 2158 3034 45.
2181 2977 2393 3032 Iterum
2422 2980 2614 3030 autem
2645 2975 3011 3047 interrogavit
3030 2994 3161 3033 eum
3180 2978 3355 3034 frater
3384 2980 3595 3049 ille,di-

2000 3082 2131 3122 cens
2156 3086 2168 3120 :
2190 3067 2363 3129 Putas
2381 3065 2461 3121 sic
2487 3065 2929 3137 persequebatur
2949 3067 3186 3122 Satanas
3206 3069 3468 3141 antiquos
3481 3069 3510 3124 ?
3526 3070 3595 3125 Et

319 3154 522 3213 fratres
546 3157 812 3213 dixerunt
830 3155 901 3212 ab
919 3156 1185 3212 abbatem
1214 3154 1458 3211 Pambo:
1486 3155 1587 3210 Dic
1605 3169 1783 3209 unum
1802 3169 1919 3207 ser-
1940 3144 1984 3206 C
2003 3156 2137 3212 dicit
2162 3156 2214 3211 ei
2252 3154 2424 3212 abbas
2454 3154 2599 3210 Sisoi
2638 3172 2649 3208 :
2682 3154 2845 3210 Modo
2882 3155 3029 3227 plus,
3063 3157 3196 3227 quia
3223 3162 3446 3231 tempus
3473 3160 3595 3230 ejus

319 3260 546 3302 monem
559 3263 736 3320 papae,
753 3250 820 3302 ut
838 3246 1146 3302 aediﬁcetur
1165 3245 1387 3300 animus
1409 3245 1531 3316 ejus
1560 3243 1619 3297 in
1648 3242 1755 3298 hoc
1775 3243 1918 3298 loco.

318 3336 391 3391 Et
408 3337 697 3409 respondit
718 3353 887 3392 senex
909 3353 922 3389 :
944 3336 1002 3391 Si
1020 3335 1080 3391 in
1098 3334 1487 3390 taciturnitate
1507 3350 1635 3389 mea
1654 3349 1766 3388 non
1792 3331 1924 3387 aedi-

318 3425 541 3493 ﬁcatur,
569 3443 751 3498 neque
776 3425 837 3483 in
860 3442 1119 3481 sermone
1139 3441 1263 3480 meo
1293 3422 1680 3480 aediﬁcabitur.

391 3512 482 3573 43.
514 3515 781 3573 Narravit
808 3514 984 3571 frater
1010 3515 1236 3587 Pystus,
1261 3513 1451 3569 dicens
1477 3531 1489 3567 :
1522 3512 1665 3578 Quia
1697 3510 1918 3566 ibamus

317 3608 538 3677 septem
557 3604 758 3661 fratres
773 3604 1011 3661 solitarii
1034 3605 1106 3660 ad
1128 3602 1390 3660 abbatem
1405 3603 1550 3659 Sisoi
1568 3600 1919 3657 habitantem

317 3693 381 3749 in
400 3694 588 3750 insula
605 3695 949 3767 Clysmatus:
976 3699 1033 3750 et
1048 3710 1179 3749 cum
1203 3709 1532 3765 rogaremus
1553 3708 1685 3747 eum
1700 3696 1766 3747 ut
1777 3690 1921 3746 dice-

318 3788 412 3838 ret
428 3782 589 3838 nobis
604 3783 837 3855 aliquid,
859 3784 953 3839 ille
972 3782 1261 3862 respondit
1282 3800 1293 3835 :
1310 3781 1586 3853 Ignoscite
1608 3780 1768 3849 mihi,
1786 3779 1922 3852 quia

319 3871 500 3928 idiota
514 3890 640 3928 sum
654 3873 850 3928 homo:
870 3872 969 3928 sed
986 3872 1113 3928 veni
1122 3871 1426 3944 aliquando
1442 3871 1514 3926 ad
1529 3869 1921 3926 abbatem‘Hor

321 3967 382 4043 et
406 3961 666 4018 abbatem
694 3963 897 4031 Athre;
931 3967 989 4017 et
1016 3966 1140 4016 erat
1163 3961 1225 4017 in
1252 3954 1584 4015 inﬁrmitate
1604 3959 1776 4015 abbas
1803 3959 1921 4015 Hor

322 4050 519 4107 decem
546 4057 604 4107 et
625 4056 749 4107 octo
769 4051 948 4120 annis,
973 4055 1030 4106 et
1057 4049 1200 4123 ccepi
1220 4049 1535 4121 supplicare
1561 4049 1662 4116 eis,
1685 4052 1752 4104 ut
1776 4047 1922 4103 dice-

319 4147 454 4211 rent
475 4141 614 4197 mihi
629 4140 856 4214 aliquod
874 4139 1105 4196 verbum
1130 4159 1143 4209 ;
1167 4145 1225 4194 et
1243 4139 1384 4194 dixit
1402 4138 1573 4193 abbas
1601 4138 1752 4194 Hor:
1775 4137 1921 4203 Quid

262 4286 267 4287 ,
319 4229 429 4285 tibi
457 4230 635 4286 habeo
663 4229 888 4286 dicere?
915 4228 1195 4301 Quidquid
1226 4229 1402 4293 vides,
1430 4227 1545 4295 fac;
1583 4227 1734 4282 Deus
1770 4226 1922 4282 enim

322 4319 478 4376 illius
509 4324 613 4388 est,
642 4318 738 4391 qui
766 4318 872 4374 sibi
916 4319 1070 4374 ultra
1100 4335 1269 4390 quam
1298 4321 1484 4389 potest
1513 4320 1832 4388 extorquet,
1866 4321 1924 4370 et

322 4408 646 4465 violentiam
665 4408 798 4464 facit
816 4407 888 4463 ad
909 4407 1125 4463 omnia:
1142 4407 1204 4462 hi
1226 4412 1417 4462 autem
1437 4405 1602 4461 ambo
1623 4423 1737 4461 non
1760 4410 1924 4460 erant

2003 3244 2491 3319 appropinquavit,
2520 3249 2578 3299 et
2602 3243 2865 3300 turbatur
2886 3247 3080 3316 (Ra/7.,
3107 3251 3145 3301 t.
3169 3260 3253 3315 III,
3280 3264 3437 3302 num.
3459 3247 3592 3319 474;

2002 3336 2215 3401 Pasch.,
2243 3352 2288 3389 ο.
2320 3332 2410 3401 25,
2442 3350 2499 3388 η.
2532 3332 2610 3398 2).

2071 3423 2161 3479 46.
2179 3423 2471 3478 Venerunt
2498 3421 2593 3477 alii
2621 3422 2852 3494 quidam
2870 3422 2942 3477 ad
2964 3440 3113 3491 eum,
3145 3428 3211 3479 ut
3238 3425 3502 3481 audirent
3525 3424 3595 3481 ab

2001 3529 2066 3569 eo
2096 3529 2443 3581 sermonem;
2477 3518 2536 3567 et
2558 3511 2699 3566 nihil
2728 3512 2809 3566 eis
2847 3512 3199 3584 loquebatur,
3246 3514 3345 3569 sed
3372 3531 3596 3588 semper

2000 3602 2221 3658 dicebat
2244 3622 2257 3656 :
2288 3601 2564 3674 Ignoscite
2591 3600 2751 3655 mihi.
2782 3600 3051 3657 Videntes
3079 3607 3269 3658 autem
3298 3605 3595 3676 sportellas

2003 3694 2142 3764 ejus,
2155 3693 2418 3747 dixerunt
2441 3691 2713 3762 discipulo
2743 3691 2867 3761 ejus
2898 3690 3183 3748 Abraham
3208 3712 3220 3746 :
3249 3693 3396 3758 Quid
3416 3693 3596 3749 facitis

2001 3783 2071 3838 de
2110 3782 2389 3854 sportellis
2425 3780 2547 3835 istis
2577 3780 2601 3834 ’ἶ
2634 3780 2706 3835 Et
2740 3781 3031 3852 respondit
3061 3782 3143 3837 eis
3177 3800 3188 3835 :
3224 3783 3346 3838 Huc
3378 3787 3437 3838 et
3463 3783 3596 3839 illuc

2003 3872 2367 3944 expendimus
2396 3887 2512 3926 eas.
2550 3870 2668 3925 Hoc
2696 3876 2888 3926 autem
2915 3870 3149 3927 audiens
3180 3888 3367 3941 senex,
3401 3872 3542 3929 dixit
3580 3891 3594 3929 :

2003 3962 2073 4017 Et
2100 3961 2272 4016 Sisois
2289 3960 2422 4015 hinc
2449 3964 2507 4015 et
2527 3958 2661 4014 inde
2690 3961 3010 4016 manducat.
3037 3960 3125 4017 Illi
3150 3978 3279 4017 vero
3303 3962 3598 4018 audientes

2001 4050 2257 4107 aediﬁcati
2285 4055 2416 4105 sunt
2442 4049 2603 4104 valde
2630 4049 2690 4104 in
2732 4050 3051 4106 humilitate
3077 4052 3218 4122 ejus,
3252 4056 3423 4124 atque
3469 4069 3598 4109 cum

2003 4139 2210 4210 gaudio
2238 4143 2610 4193 recesserunt.

2073 4227 2162 4285 47.
2187 4229 2383 4283 Frater
2398 4226 2767 4298 interrogavit
2783 4226 3045 4282 abbatem
3076 4227 3239 4295 Sisoi,
3261 4228 3481 4285 dicens:
3506 4227 3598 4284 Vi-

2006 4319 2110 4374 deo
2131 4317 2429 4390 meipsum,
2465 4317 2600 4387 quia
2628 4316 2903 4370 memoria
2926 4333 3052 4372 mea
3080 4318 3151 4371 ad
3179 4318 3360 4373 Deum
3380 4318 3599 4375 intenta

2005 4409 2096 4464 sit.
2116 4409 2185 4463 Et
2211 4407 2347 4462 dicit
2368 4405 2419 4461 ei
2438 4422 2634 4461 senex:
2662 4406 2787 4460 Non
2808 4410 2894 4460 est
2913 4422 3180 4477 magnum
3201 4406 3327 4474 hoc,
3354 4412 3419 4462 ut
3439 4424 3599 4463 mens

320 4497 393 4554 de
419 4515 534 4554 una
559 4498 863 4569 provincia,
878 4499 985 4554 hoc
998 4502 1087 4554 est
1104 4496 1278 4553 abbas
1308 4496 1425 4552 Hor
1441 4500 1498 4551 et
1525 4495 1697 4550 abbas
1715 4494 1912 4550 Athre.
1935 4504 2095 4560 Dtua
2121 4515 2249 4554 cum
2277 4495 2399 4551 Deo
2428 4495 2503 4549 sit
2526 4513 2540 4563 ;
2571 4512 2840 4565 magnum
2860 4500 2945 4550 est
2964 4495 3227 4563 autem,si
3251 4497 3497 4569 teipsum
3516 4497 3601 4553 in-

324 4585 458 4643 Fuit
483 4597 673 4642 autem
695 4587 844 4642 inter
891 4604 987 4643 eos
1013 4602 1221 4658 magna
1254 4583 1459 4657 gratia,
1503 4584 1678 4639 donec
1706 4584 1922 4639 exirent

327 4676 494 4733 ambo
521 4677 590 4732 de
614 4692 865 4749 corpore.
887 4675 1074 4732 Abbas
1103 4681 1296 4731 autem
1327 4674 1502 4730 Athre
1529 4690 1763 4729 summae
1792 4672 1921 4730 obe-

326 4765 552 4823 dientiaa
571 4772 711 4832 erat,
720 4765 891 4821 abbas
909 4783 1040 4821 vero
1062 4766 1179 4821 Hor
1198 4764 1388 4819 multae
1414 4763 1771 4819 humilitatis.
1791 4764 1918 4819 Feci

327 4872 462 4928 ergo
486 4872 693 4929 paucos
719 4855 839 4911 dies
867 4854 1018 4928 apud
1047 4871 1166 4923 eos,
1195 4854 1537 4925 investigans
1564 4854 1801 4909 virtutes
1824 4870 1921 4909 eo-

324 4961 475 5012 rum,
500 4950 558 5001 et
582 4944 696 5000 vidi
725 4943 981 4999 mirabile
1007 4943 1142 5016 quid
1186 4943 1335 5015 quod
1364 4942 1497 4998 fecit
1524 4942 1694 4998 abbas
1721 4944 1918 4999 Athre.

323 5035 611 5091 Attulerat
636 5034 788 5090 enim
808 5034 888 5089 eis
918 5033 1149 5106 quidam
1175 5049 1352 5087 unum
1375 5032 1587 5104 piscem
1616 5033 1917 5102 modicum,

325 5129 385 5179 et
402 5123 582 5180 voluit
595 5123 755 5180 illum
769 5123 953 5179 facere
970 5121 1144 5178 abbas
1157 5121 1339 5177 Athre
1353 5121 1560 5177 seniori
1579 5120 1768 5179 abbati
1782 5123 1921 5192 Hor;

325 5217 596 5286 posuerat
632 5230 765 5286 ergo
794 5212 967 5268 abbas
993 5212 1170 5267 Athre
1199 5211 1510 5279 cultellum,
1553 5216 1611 5266 et
1639 5210 1924 5267 incidebat

325 5302 538 5375 piscem
565 5303 745 5371 illum,
791 5306 848 5358 et
873 5301 1088 5357 vocavit
1130 5317 1260 5355 eum
1299 5300 1471 5355 abbas
1512 5300 1649 5367 Hor,
1683 5300 1872 5358 dicens
1908 5321 1919 5357 :

324 5392 523 5460 Athre,
552 5392 748 5448 Athre.
775 5392 874 5448 Ille
907 5408 1036 5447 vero
1076 5390 1267 5445 statim
1296 5389 1511 5444 dimisit
1548 5390 1836 5446 cultellum
1866 5393 1924 5449 in

325 5481 513 5537 medio
532 5482 681 5554 pisce
708 5481 904 5549 inciso,
922 5486 978 5537 et
996 5497 1107 5536 non
1136 5478 1434 5552 perincidit
1461 5495 1609 5546 eum,
1647 5485 1705 5534 et
1735 5497 1927 5538 cucur-

327 5563 408 5628 rit
424 5571 497 5627 ad
513 5587 641 5628 eum
657 5591 670 5642 ;
684 5576 742 5628 et
755 5572 992 5628 miratus
1006 5588 1135 5626 sum
1144 5573 1361 5626 tantam
1381 5567 1760 5625 obedientiam
1780 5573 1920 5644 ejus,

331 5658 467 5737 quia
492 5677 608 5720 non
635 5661 776 5720 dixit
805 5682 818 5720 :
866 5661 1137 5736 Exspecta
1191 5660 1368 5716 donec
1412 5657 1657 5715 incidam
1690 5661 1921 5733 piscem.

2001 4593 2091 4648 fra
2117 4604 2341 4645 omnem
2370 4584 2559 4640 videas
2606 4589 2957 4653 creaturam;
2990 4585 3096 4640 hoc
3136 4590 3327 4640 autem
3355 4591 3411 4641 et
3439 4585 3600 4641 labor

2005 4678 2314 4753 corporalis
2341 4675 2588 4746 corrigit,
2616 4679 2673 4730 et
2698 4674 2851 4730 ducit
2869 4675 2940 4729 ad
2957 4674 3293 4730 humilitatis
3321 4676 3489 4730 viam.

2071 4768 2162 4828 48.
2186 4766 2524 4824 Dixitbeatae
2540 4765 2823 4820 memoriae
2841 4765 3151 4836 Syncletica
3177 4781 3190 4819 :
3222 4764 3379 4822 Sicut
3396 4765 3603 4838 impos-

2003 4860 2163 4916 sibile
2194 4864 2280 4914 est
2314 4855 2502 4911 navim
2538 4853 2799 4909 fabricari
2830 4854 2951 4909 sine
2996 4855 3193 4922 acutis,
3226 4854 3308 4909 ita
3337 4855 3599 4929 impossi-

2003 4949 2115 5005 bile
2143 4954 2230 5005 est
2258 4947 2546 5003 hominem
2570 4944 2691 4999 sine
2719 4944 3038 4998 humilitate
3069 4944 3288 4998 salvari.
3320 4960 3327 4965 ’

2073 5039 2163 5095 49.
2195 5037 2344 5093 Dixit
2372 5034 2543 5090 abbas
2572 5032 2944 5105 Hyperichius
2980 5052 2991 5086 :
3022 5032 3207 5088 Arbor
3234 5034 3359 5089 vitae
3405 5039 3499 5090 est
3540 5033 3601 5092 in

2006 5128 2310 5192 excelsum,
2345 5130 2403 5180 et
2429 5123 2681 5179 ascendit
2708 5121 2781 5176 ad
2825 5139 2951 5177 eam
2985 5123 3277 5178 humilitas
3314 5124 3597 5180 monachi.

2077 5215 2164 5275 50.
2198 5215 2350 5271 Dixit
2377 5215 2582 5268 iterum
2613 5213 2709 5283 qui
2738 5229 2909 5283 supra
2941 5231 2951 5265 :
2980 5213 3211 5268 Imitare
3236 5213 3603 5270 Publicanum

2007 5307 2186 5373 illum,
2208 5321 2278 5360 ne
2298 5320 2425 5358 cum
2445 5302 2729 5357 Pharisaeo
2753 5301 3037 5357 damneris
3061 5321 3075 5370 ;
3106 5308 3163 5357 et
3187 5320 3421 5375 sequere
3446 5320 3603 5358 man-

2008 5394 2365 5452 suetudinem
2400 5393 2614 5464 Moysis,
2648 5398 2711 5446 ut
2733 5392 3092 5447 summitates
3125 5393 3308 5448 cordis
3333 5392 3417 5448 tui
3446 5408 3600 5447 rese-

2008 5502 2162 5552 cans,
2192 5487 2482 5539 convertas
2511 5482 2570 5536 in
2600 5481 2781 5537 fontes
2809 5498 3104 5553 aquarum.

2078 5575 2141 5631 51
2156 5616 2168 5631 .
2190 5573 2340 5630 Dixit
2362 5571 2532 5627 abbas
2550 5571 2794 5628 Orsisius
2812 5590 2825 5626 :
2848 5572 2907 5628 Si
2926 5572 3183 5642 fragmen
3198 5570 3381 5627 crudae
3398 5567 3604 5641 tegula‘.

2007 5664 2070 5721 in
2096 5662 2463 5721 fundamento
2492 5660 2769 5733 mittatur,
2802 5661 2902 5718 ubi
2943 5663 3106 5735 juxta
3136 5662 3210 5717 sit
3234 5659 3453 5731 ﬂuvius,
3488 5674 3605 5719 non
