3964 6206
313 272 420 333 963

1450 262 1545 318 DE
1581 261 1772 319 VITIS
1810 260 2107 318 PATRUM
2144 260 2358 319 LIBER
2393 261 2462 315 V.

3482 258 3597 319 964

314 399 560 456 sustinet
583 409 759 452 unum
788 392 971 457 diem;
1004 390 1172 444 coctae
1201 392 1408 455 autem,
1432 394 1727 460 permanet
1754 389 1910 444 velut
1926 388 2241 450 Alaborem
2262 393 2456 455 tuum;
2489 386 2587 443 sed
2617 389 2737 443 esto
2784 386 3028 460 spiritali
3069 385 3187 443 sale
3222 384 3487 444 conditus
3533 388 3601 443 in

314 490 477 563 lapis.
494 490 580 544 Ita
600 491 685 541 est
697 484 863 538 homo
884 480 981 552 qui
995 474 1276 533 carnalem
1294 478 1631 550 sapientiam
1651 478 1839 546 habet,
1852 483 1911 534 et

313 597 430 636 non
457 582 543 633 est
565 572 943 630 tentationum
971 569 1100 640 igne
1128 568 1406 635 decoctus,
1422 568 1566 622 sicut
1594 572 1651 623 et
1670 569 1905 640 Ioseph;

314 664 638 741 hujusmodi
665 661 817 717 enim
830 658 999 714 verbo
1027 658 1129 713 Dei
1152 658 1482 712 resolvitur:
1513 658 1609 729 qui
1638 675 1766 713 cum
1796 658 1909 711 ini-

311 759 458 814 tium
476 753 686 819 fecerit,
708 750 900 806 multis
913 747 1317 803 tentationibus
1334 748 1391 801 in
1410 747 1595 802 medio
1616 748 1909 801 hominum

313 846 579 918 agitatur.
604 844 824 897 Bonum
853 844 939 894 est
966 838 1118 893 enim
1137 842 1201 891 ut
1228 837 1353 908 quis
1378 837 1596 891 noverit
1615 853 1908 892 mensuras

313 953 464 1003 suas,
506 938 563 991 et
590 932 833 987 declinet
860 930 919 983 in
946 928 1109 982 initio
1146 927 1396 999 pondus;
1428 927 1601 981 fortes
1628 931 1820 980 autem
1849 923 1909 977 in

313 1027 426 1082 ﬁde
452 1022 769 1079 immobiles
798 1023 961 1085 sunt;
994 1033 1127 1071 nam
1166 1017 1236 1070 de
1266 1016 1387 1087 ipso
1409 1020 1601 1069 sancto
1625 1014 1833 1085 Joseph
1865 1011 1913 1067 si

313 1116 449 1172 velit
475 1112 678 1185 aliquis
728 1109 902 1181 loqui,
952 1107 1101 1161 dicet
1150 1105 1286 1177 quia
1330 1122 1433 1159 nec
1457 1110 1717 1159 terrenus
1746 1108 1909 1169 erat;

316 1208 590 1280 quantum
620 1204 870 1255 tentatus
892 1201 995 1264 est,
1028 1201 1084 1250 et
1106 1195 1164 1249 in
1182 1194 1332 1266 quali
1355 1194 1655 1266 provincia,
1686 1192 1784 1247 ubi
1814 1208 1917 1246 nec

314 1293 614 1366 vestigium
632 1295 754 1346 erat
780 1286 954 1343 divini
981 1284 1205 1340 cultus?
1228 1284 1337 1339 Sed
1356 1285 1506 1339 Deus
1532 1288 1760 1355 patrum
1792 1282 1841 1352 ej
1852 1298 1915 1335 us

318 1389 445 1439 erat
470 1398 598 1437 cum
624 1396 709 1447 eo,
755 1377 850 1449 qui
877 1374 1086 1447 eripuit
1105 1390 1233 1429 eum
1257 1388 1324 1427 ex
1346 1373 1499 1427 omni
1528 1370 1910 1435 tribulatione,

318 1478 377 1529 et
399 1488 548 1528 nunc
574 1474 660 1524 est
682 1484 810 1523 cum
832 1464 1085 1538 patribus
1114 1463 1231 1518 suis
1252 1464 1310 1517 in
1340 1478 1513 1533 regno
1533 1461 1821 1515 ccelorum.
1846 1459 1917 1512 Et

318 1579 422 1619 nos
455 1577 587 1631 ergo
620 1559 986 1629 agnoscentes
1015 1569 1310 1607 mensuras
1338 1556 1561 1606 nostras
1584 1553 1868 1603 certemus
1896 1565 1911 1614 ;

318 1649 408 1705 vix
435 1648 585 1704 enim
618 1663 719 1701 nos
750 1659 1050 1717 possumus
1078 1641 1323 1710 effugere
1343 1639 1623 1710 judicium
1660 1636 1782 1691 Dei.

1991 478 2234 534 Christo.

2063 565 2148 622 56.
2182 568 2332 623 Dixit
2372 584 2540 623 senex
2570 580 2582 615 :
2614 566 2762 632 Quia
2804 567 2899 638 qui
2939 567 3239 640 plusquam
3268 568 3478 639 dignus
3512 573 3607 625 est

1991 658 2302 712 honoratur
2320 663 2420 712 aut
2458 657 2741 721 laudatur,
2776 657 3018 729 amplius
3046 658 3261 729 patitur
3284 657 3608 714 detrimen-

1989 753 2111 801 tum
2142 767 2154 815 ;
2196 748 2293 818 qui
2330 752 2520 801 autem
2544 763 2657 801 non
2697 746 2867 801 fuerit
2893 747 3124 802 omnino
3156 746 3227 801 ab
3266 747 3607 804 hominibus

1989 836 2315 901 honoratus,
2357 836 2448 890 hic
2480 836 2722 907 desuper
2741 834 3378 908 gloriﬁcabitur;(Ru/]'.,
3422 840 3463 892 ι.
3504 850 3599 905 In,

1994 924 2218 991 72.112;
2253 926 2463 992 Ρα.ςσΙι.,
2493 942 2546 982 c.
2587 923 2673 991 13,
2708 942 2767 979 n.
2792 926 2864 993 1).

2068 1012 2155 1071 57.
2187 1015 2386 1069 Frater
2410 1014 2613 1085 aliquis
2634 1014 3002 1085 interrogavit
3020 1030 3232 1079 senem,
3257 1014 3482 1069 dicens:
3500 1014 3616 1071 Bo-

1999 1119 2138 1157 num
2166 1109 2253 1158 est
2275 1104 2500 1158 assidue
2529 1102 2846 1175 poenitere?
2876 1104 2945 1158 Et
2973 1103 3263 1181 respondit
3292 1103 3343 1158 ei
3387 1120 3560 1158 senex
3589 1122 3608 1159 :

1998 1192 2255 1247 Vidimus
2284 1194 2476 1248 Jesum
2500 1192 2681 1247 ﬁlium
2710 1193 2882 1259 Nave,
2915 1192 3048 1264 quia
3075 1210 3203 1249 cum
3226 1210 3441 1265 pronus
3452 1194 3616 1265 jace-

1998 1287 2086 1337 ret
2110 1282 2170 1336 in
2200 1282 2359 1347 facie,
2394 1282 2657 1353 apparuit
2686 1282 2770 1336 illi
2795 1282 2963 1337 Deus.

2069 1368 2158 1428 58.
2193 1373 2580 1441 Interrogatus
2610 1388 2798 1436 senex,
2828 1388 3002 1443 quare
3043 1371 3125 1426 ita
3152 1372 3618 1443 inquietaremur

1998 1477 2033 1515 a
2050 1461 2416 1528 daemonibus,
2443 1460 2737 1533 respondit
2763 1477 2774 1510 :
2814 1461 2958 1525 Quia
2992 1477 3154 1515 arma
3181 1466 3377 1517 nostra
3405 1462 3617 1533 abjici-

2000 1567 2150 1617 mus,
2198 1551 2347 1621 quod
2404 1556 2491 1604 est
2541 1550 2960 1615 contumeliam,
2992 1557 3051 1605 et
3089 1551 3494 1618 humilitatem,
3547 1556 3619 1607 et

1999 1643 2415 1710 paupertatem,
2468 1644 2525 1693 et
2552 1639 2884 1711 patientiam
2932 1641 3121 1707 (Ruﬁl,
3164 1643 3203 1697 ι.
3240 1654 3323 1708 in,
3365 1657 3428 1697 η.
3459 1639 3615 1709 173;

390 1737 479 1796 52.
503 1739 685 1793 Senex
703 1712 932 1807 quidem
958 1735 1082 1786 erat
1100 1728 1385 1785 solitarius
1400 1744 1606 1782 vacans
1627 1726 1687 1780 in
1708 1741 1914 1791 eremo,
1939 1712 1986 1772 B
2004 1729 2185 1782 Pasch.
2203 1768 2216 1793 ,
2248 1744 2295 1782 ο.
2326 1728 2415 1795 25,
2448 1744 2507 1782 η.
2533 1728 2645 1799 11).

319 1832 378 1884 et
394 1826 616 1883 dicebat
632 1826 691 1880 in
712 1822 1012 1892 semetipso
1036 1820 1168 1891 quia
1178 1819 1457 1891 perfectus
1483 1821 1632 1871 esset
1660 1816 1720 1869 in
1748 1814 1922 1868 virtu-

318 1917 489 1974 tibus.
517 1915 621 1971 Hic
638 1912 819 1969 oravit
846 1912 1047 1977 Deum,
1082 1909 1271 1963 dicens
1306 1926 1316 1960 :
1347 1906 1594 1963 Ostende
1624 1904 1762 1959 mihi
1786 1902 1921 1975 quid

319 2011 407 2063 est
436 2003 705 2077 perfectio
736 2000 955 2065 animae,
1006 2003 1064 2053 et
1092 1998 1252 2052 iacio.
1284 1996 1489 2051 Volens
1541 1999 1731 2049 autem
1770 1993 1921 2047 Deus

319 2095 619 2153 humiliare
645 2090 1011 2163 cogitationes
1040 2089 1182 2158 ejus,
1213 2086 1355 2141 dixit
1372 2085 1456 2139 ei:
1480 2085 1633 2139 Vade
1660 2082 1729 2137 ad
1759 2082 1920 2136 illum

319 2182 838 2247 archimandritam,
862 2184 920 2234 et
940 2176 1212 2250 quidquid
1236 2176 1336 2230 tibi
1359 2174 1578 2241 dixerit,
1607 2172 1794 2227 facito.
1814 2171 1917 2225 Re-

318 2274 525 2331 velavit
550 2278 741 2327 autem
790 2270 941 2325 Deus
986 2265 1438 2322 archimandritee
1468 2263 1568 2330 illi,
1614 2266 1920 2331 antequam

320 2365 414 2422 ille
461 2363 532 2419 ad
581 2362 766 2433 ipsum
794 2357 1031 2424 veniret,
1064 2356 1253 2410 dicens
1282 2372 1293 2407 :
1326 2353 1471 2408 Ecce
1499 2352 1592 2405 ille
1633 2349 1920 2405 solitarius

320 2453 473 2510 venit
500 2452 571 2507 ad
598 2456 657 2505 te
680 2468 694 2518 ;
727 2448 817 2502 dic
844 2462 977 2517 ergo
999 2444 1049 2499 ei
1076 2450 1138 2499 ut
1160 2444 1322 2498 tollat
1340 2442 1644 2512 flagellum,
1668 2444 1725 2492 et
1752 2438 1921 2491 vadat

319 2549 385 2599 ut
411 2544 605 2615 pascat
641 2553 838 2610 porcos
878 2534 1001 2590 tibi.
1032 2533 1276 2587 Veniens
1307 2547 1440 2601 ergo
1472 2545 1644 2583 senex
1671 2526 1920 2598 pulsavit

320 2632 549 2698 ostium,
581 2633 638 2683 et
661 2627 950 2697 ingressus
970 2629 1055 2678 est
1084 2622 1155 2676 ad
1184 2618 1682 2675 archimandritam
1722 2616 1913 2683 illum;

322 2728 381 2776 et
407 2736 535 2775 cum
560 2735 621 2772 se
648 2717 1009 2780 salutassent,
1043 2712 1329 2767 sederunt.
1378 2710 1447 2764 Et
1474 2707 1615 2762 dixit
1641 2706 1693 2760 ei
1721 2704 1918 2759 solita-

236 2824 251 2843 ‘
324 2809 444 2865 rius
463 2808 558 2864 ille
584 2806 682 2877 qui
711 2808 943 2859 venerat
976 2820 987 2855 :
1020 2802 1122 2857 Dic
1149 2800 1288 2854 mihi
1319 2798 1453 2870 quid
1482 2796 1704 2861 faciam,
1725 2800 1791 2849 ut
1810 2793 1918 2848 sim

322 2899 528 2955 salvus.
548 2897 617 2951 Et
635 2894 729 2949 ille
750 2893 915 2947 dixit:
941 2891 1133 2946 Facies
1155 2889 1544 2961 quodcumque
1565 2886 1755 2940 dixero
1775 2882 1921 2937 tibi?

324 2987 394 3044 Et
415 2984 706 3058 respondit
733 2983 821 3037 ei:
848 2982 1050 3036 Etiam.
1084 2981 1155 3034 Et
1176 2978 1316 3033 dixit
1346 2977 1397 3031 ei
1430 2996 1442 3029 :
1478 2975 1615 3029 Ecce
1647 2974 1781 3027 tolle
1814 2973 1917 3026 ila-

2072 1816 2162 1872 59.
2186 1817 2384 1871 Frater
2412 1817 2643 1889 quidam
2669 1817 3040 1889 interrogavit
3059 1835 3253 1873 senem
3281 1819 3473 1874 dicens
3499 1837 3513 1873 :
3546 1818 3621 1875 Si

2005 1905 2102 1976 qui
2129 1904 2369 1961 fratrum
2410 1908 2666 1961 attulerit
2715 1908 2787 1962 ad
2834 1925 2924 1963 me
2954 1908 3160 1963 deforis
3189 1908 3567 1979 cogitationes
3596 1928 3616 1977 ;

2003 1995 2111 2061 vis,
2149 1995 2312 2062 abba,
2344 1996 2527 2051 dicam
2557 1996 2609 2051 ei
2657 2002 2722 2051 ut
2764 2013 2876 2052 non
2904 2014 3001 2052 eas
3031 1998 3231 2052 afferat
3259 1998 3331 2052 ad
3361 1998 3496 2053 me?
3541 1999 3623 2055 Et

2003 2085 2293 2155 respondit
2322 2086 2373 2139 ei
2406 2102 2574 2141 senex
2600 2105 2612 2140 :
2662 2086 2808 2141 Noli.
2842 2087 2912 2142 Et
2938 2087 3080 2141 dixit
3110 2087 3321 2142 frater:
3371 2087 3565 2152 Quare
3586 2087 3622 2141 ?

2004 2174 2316 2245 Respondit
2343 2174 2395 2229 ei
2441 2191 2609 2230 senex
2642 2196 2653 2229 :
2686 2176 2831 2240 Quia
2857 2192 2962 2231 nec
3013 2193 3116 2231 nos
3160 2177 3264 2231 hoc
3309 2193 3621 2248 possumus

2003 2263 2315 2330 custodire;
2348 2268 2406 2318 et
2457 2281 2528 2318 ne
2577 2264 2721 2319 forte
2754 2282 2883 2320 cum
2931 2266 3170 2320 dicimus
3220 2266 3498 2337 proximo,
3526 2266 3620 2322 Ne

2002 2352 2173 2407 facias
2196 2352 2355 2419 illud,
2390 2353 2739 2409 inveniamus
2778 2371 2879 2409 nos
2914 2360 3111 2427 postea
3136 2355 3383 2426 idipsum
3403 2354 3621 2411 facien-

2003 2447 2108 2496 tes.
2143 2443 2212 2496 Et
2237 2442 2380 2497 dixit
2406 2442 2615 2498 frater:
2649 2444 2796 2509 Quid
2828 2461 2961 2515 ergo
2991 2444 3159 2499 debet
3202 2445 3325 2499 ﬁeri
3346 2445 3372 2498 ’ἶ
3401 2445 3472 2499 Et
3518 2461 3617 2500 re-

2002 2532 2229 2603 spondit
2256 2531 2307 2586 ei
2327 2549 2497 2587 senex
2530 2545 2541 2580 :
2574 2533 2634 2588 Si
2648 2534 2990 2588 voluerimus
3008 2533 3452 2589 taciturnitatem
3484 2551 3615 2590 ser-

2001 2636 2151 2687 vare,
2186 2621 2393 2676 sufﬁcit
2416 2622 2668 2693 proximo
2690 2623 2893 2678 modus
2932 2623 3069 2694 ipse.

2074 2708 2160 2765 60.
2184 2710 2571 2781 Interrogatus
2597 2716 2685 2765 est
2713 2728 2900 2777 senex,
2934 2712 3069 2783 quid
3101 2717 3251 2767 esset
3277 2712 3615 2767 humilitas?

2003 2799 2073 2853 Et
2090 2799 2185 2853 ille
2214 2800 2539 2870 respondit:
2565 2799 2624 2855 Si
2658 2800 2911 2871 peccanti
2948 2800 3110 2854 fratri
3129 2800 3189 2855 in
3216 2806 3274 2855 te
3302 2801 3610 2872 ignoveris,

2001 2892 2306 2959 antequam
2336 2888 2486 2960 apud
2512 2895 2570 2943 te
2598 2889 2989 2961 paenitentiam
3023 2895 3174 2961 agat.

2074 2962 2354 3032 6l.'l)ixit
2380 2994 2551 3032 senex
2581 3000 2593 3035 :
2627 2980 2692 3034 In
2734 2979 2887 3034 omni
2928 2980 3240 3035 tentatione
3272 2996 3385 3034 non
3414 2980 3623 3052 culpes

319 3077 552 3151 gellum,
584 3079 642 3128 et
666 3071 825 3138 vade,
857 3085 1021 3142 pasce
1057 3083 1275 3140 porcos.
1309 3065 1381 3120 Hi
1411 3069 1621 3125 autem,
1665 3061 1760 3132 qui
1790 3076 1919 3151 eum
1941 3066 2311 3135 Chominem,
2365 3068 2463 3122 sed
2501 3069 2744 3140 teipsum
2783 3074 3027 3137 tantum,
3058 3070 3247 3124 dicens
3280 3081 3294 3117 ε
3327 3069 3471 3135 Quia
3501 3086 3609 3141 pro

320 3149 594 3224 noverant
635 3168 691 3218 et
740 3160 1038 3216 audierant
1080 3157 1151 3212 de
1191 3172 1276 3220 eo,
1309 3171 1437 3209 cum
1476 3152 1745 3207 vidissent
1788 3149 1922 3221 quia

319 3272 520 3330 porcos
549 3255 820 3325 pasceret,
844 3248 1131 3305 dicebant:
1156 3244 1388 3300 Vidistis
1418 3243 1578 3297 illum
1606 3239 1922 3330 solitarium

321 3329 698 3416 inagnum,de
713 3336 824 3411 quo
853 3334 1247 3392 audiebamus?
1271 3349 1397 3388 ecce
1423 3330 1640 3403 stupuit
1659 3346 1754 3384 cor
1774 3329 1917 3399 ejus,

322 3441 381 3491 et
405 3430 678 3489 daemonio
700 3433 949 3494 vexatur,
975 3430 1033 3481 et
1060 3424 1240 3496 pascit
1257 3438 1475 3495 porcos.
1496 3420 1705 3474 Videns
1730 3421 1922 3472 autem

318 3526 472 3583 Deus
490 3520 865 3577 humilitatem
882 3518 1022 3587 ejus,
1042 3515 1175 3586 quia
1198 3513 1280 3567 ita
1299 3512 1577 3583 patienter
1609 3505 1923 3563 sustinebat

320 3610 621 3687 opprobria
638 3608 950 3674 hominum,
981 3602 1247 3677 praecepit
1266 3617 1398 3657 eum
1418 3601 1622 3655 iterum
1644 3596 1828 3653 redire
1848 3595 1919 3650 ad

318 3703 508 3759 locum
537 3716 723 3755 suum.

390 3787 799 3855 53.Quemdam
815 3797 1007 3839 senem
1022 3781 1359 3837 monachum
1388 3777 1701 3834 solitarium
1726 3776 1913 3840 homo,

321 3879 474 3955 quia
490 3873 766 3932 daemonio
792 3872 1099 3927 vexabatur
1126 3875 1184 3925 et
1201 3869 1423 3923 fortiter
1447 3865 1764 3939 spumabat,
1786 3880 1918 3955 per—

319 3954 496 4026 cussit
530 3966 590 4021 in
640 3961 961 4028 maxillam;
994 3974 1164 4013 senex
1185 3974 1315 4011 vero
1345 3956 1626 4011 convertit
1655 3955 1707 4009 ei
1750 3954 1920 4008 aliam

320 4056 613 4116 maxillam
640 4052 851 4109 statim.
884 4051 1115 4105 Dzemon
1145 4052 1354 4114 autem,
1378 4063 1490 4101 non
1519 4045 1704 4100 ferens
1732 4043 1921 4099 incen-

320 4149 480 4205 dium
508 4141 847 4201 humilitatis
867 4141 1008 4212 ejus,
1038 4155 1166 4194 mox
1188 4137 1356 4193 exivit
1370 4136 1439 4191 ab
1457 4153 1523 4191 eo
1548 4137 1732 4203 (Ra/)1,
1758 4137 1776 4189 ι
1785 4174 1799 4189 .
1831 4146 1914 4200 m,

210 4303 221 4321 ἱ
321 4255 483 4296 num.
514 4234 661 4302 425).

2003 3156 2243 3227 peccatis
2273 3156 2413 3211 meis
2443 3158 2558 3213 haec
2587 3157 2727 3213 mihi
2757 3165 3085 3213 evenerunt.

2079 3244 2167 3300 6'2.
2217 3245 2370 3300 Dixit
2413 3263 2581 3302 senex
2614 3266 2626 3301 :
2656 3248 2962 3319 Nunquam
3017 3247 3294 3319 praeterivi
3346 3248 3611 3303 ordinem

2004 3350 2214 3401 meum,
2246 3340 2311 3389 ut
2338 3335 2505 3391 altius
2531 3336 2882 3392 ambularem
2913 3359 2926 3395 :
2972 3354 3154 3409 neque
3186 3336 3445 3392 turbatus
3472 3354 3613 3392 sum

2004 3423 2305 3495 aliquando
2326 3424 2385 3479 in
2410 3426 2729 3481 humilitate
2750 3427 2965 3499 positus
2988 3446 3001 3496 ;
3026 3427 3207 3481 omnis
3227 3426 3379 3481 enim
3397 3426 3614 3497 cogita-

2003 3511 2083 3565 tio
2106 3529 2233 3567 mea
2264 3513 2323 3568 in
2358 3514 2463 3569 hoc
2498 3521 2639 3582 erat,
2672 3522 2738 3570 ut
2772 3516 3106 3588 deprecarer
3134 3515 3457 3583 Dominum,
3489 3531 3611 3587 quo

2003 3601 2273 3672 spoliaret
2300 3619 2389 3657 me
2417 3609 2665 3659 veterem
2695 3605 3004 3660 hominem.

2079 3688 2167 3747 63.
2200 3691 2398 3747 Frater
2428 3693 2657 3764 quidam
2678 3694 3047 3766 interrogavit
3071 3711 3267 3750 senem
3291 3718 3307 3753 :
3332 3695 3481 3761 Quid
3513 3700 3608 3750 est

2002 3778 2329 3835 humilitas?
2350 3782 2419 3836 Et
2446 3783 2736 3854 respondit
2761 3783 2813 3838 ei
2840 3800 3009 3839 senex
3040 3802 3052 3838 :
3086 3785 3161 3840 Ut
3178 3784 3500 3839 benefacias
3519 3783 3611 3839 his

2003 3870 2100 3940 qui
2124 3869 2227 3923 tibi
2256 3871 2636 3926 malefaciunt.
2672 3873 2741 3927 Et
2770 3872 2910 3927 dixit
2932 3875 3110 3929 frater
3139 3893 3152 3929 :
3184 3874 3243 3929 Si
3271 3890 3385 3928 non
3416 3890 3613 3946 perve-

2003 3958 2125 4013 niat
2152 3960 2318 4014 homo
2344 3960 2404 4015 in
2426 3962 2624 4015 eadem
2650 3978 2934 4030 mensura,
2966 3964 3101 4035 quid
3127 3962 3329 4018 faciet?
3358 3963 3613 4036 Respon-

2002 4047 2087 4103 dit
2105 4065 2274 4104 senex
2307 4068 2319 4103 :
2357 4050 2576 4121 Fugiat,
2610 4051 2824 4123 eligens
2852 4052 3318 4107 taciturnitatem.

2074 4135 2162 4193 64.
2197 4139 2395 4194 Frater
2439 4140 2646 4211 aliquis
2693 4141 3063 4212 interrogavit
3111 4159 3325 4209 senem,
3363 4142 3560 4197 dicens
3594 4159 3610 4197 :

2005 4225 2165 4291 Quod
2206 4233 2294 4282 est
2345 4245 2486 4300 opus
2541 4230 3059 4301 peregrinationis?
3089 4231 3160 4286 Et
3202 4231 3296 4285 ille
3328 4231 3473 4285 dixit
3507 4232 3563 4286 ei
3595 4249 3611 4285 :

393 4326 482 4383 54.
512 4324 666 4381 Dixit
693 4337 864 4379 senex
904 4317 1126 4375 cuidam
1155 4318 1340 4387 (Ruf/2,
1375 4318 1412 4370 ι.
1454 4328 1539 4379 III,
1589 4330 1747 4369 num.
1785 4311 1915 4380 H5;
1939 4357 1988 4416 D
2007 4316 2132 4371 Scio
2162 4316 2395 4372 fratrem
2416 4319 2892 4390 peregrinantem,
2918 4320 3160 4391 quicum
3179 4325 3373 4375 tentus
3386 4321 3614 4377 essetin

319 4417 596 4481 Pasch.,c.
630 4412 716 4480 ‘13,
750 4430 808 4467 η.
845 4409 894 4479 3)
927 4428 939 4462 :
974 4407 1208 4474 Quando
1237 4405 1501 4477 cogitatio
1524 4403 1798 4475 superbiae
1824 4403 1986 4456 aut"
2007 4406 2257 4473 ecclesia,
2288 4412 2345 4461 et
2388 4407 2718 4479 contigisset
2768 4408 2846 4462 ibi
2899 4409 3022 4463 fieri
3066 4426 3324 4481 agapem,
3357 4410 3507 4464 sedit
3538 4408 3614 4464 ad

320 4504 581 4564 elationis
594 4499 885 4558 intraverit
895 4499 954 4553 in
970 4502 1302 4564 te,scrutare
1317 4493 1721 4549 conscientiam
1740 4498 1917 4558 tuam,

320 4594 369 4653 si
397 4595 586 4651 divina
615 4590 880 4647 mandata
912 4588 1103 4643 omnia
1128 4584 1393 4651 custodis,
1427 4583 1475 4638 si
1506 4582 1763 4637 inimicos
1790 4586 1918 4636 tuos

2006 4512 2262 4551 mensam
2284 4502 2350 4551 ut
2368 4498 2737 4552 manducaret
2750 4514 2879 4552 cum
2899 4497 3185 4553 fratribus.
3213 4499 3494 4554 Dixerunt
3514 4515 3613 4554 auo

2005 4590 2121 4639 tem
2152 4585 2414 4657 quidam:
2440 4587 2617 4641 Istum
2645 4587 2735 4641 hic
2763 4587 2887 4659 quis
2907 4588 3109 4642 tenuit.
3132 4588 3200 4643 Et
3226 4588 3493 4644 dixerunt
3520 4587 3613 4643 ei:

320 4684 526 4758 diligis,
547 4682 595 4739 si
622 4680 835 4754 gaudes
865 4677 927 4732 in
956 4674 1260 4731 adversarii
1290 4673 1374 4729 tui
1402 4671 1828 4743 gloriﬁcatione,
1863 4673 1921 4724 et
2002 4675 2181 4746 Surge
2210 4680 2267 4729 et
2294 4675 2435 4730 vade
2459 4676 2589 4731 hinc
2626 4677 2775 4731 foras
2806 4700 2818 4735 :
2845 4677 2941 4749 qui
2965 4678 3207 4732 surrexit
3235 4683 3291 4732 et
3320 4676 3482 4732 abiit.
3502 4676 3615 4734 Alii

319 4773 370 4832 si
388 4771 739 4831 contristaris
758 4770 817 4824 in
835 4765 1207 4823 minoratione
1237 4763 1381 4834 ejus,
1404 4766 1594 4828 ινιτ
1619 4766 1677 4815 et
1694 4760 1741 4815 si
1759 4774 1929 4831 agno-
2008 4780 2140 4818 vero
2168 4764 2487 4820 contristati
2515 4766 2585 4820 de
2606 4766 2927 4837 expulsione
2956 4767 3099 4838 ejus,
3131 4766 3342 4838 egressi
3369 4772 3524 4833 sunt,
3557 4772 3617 4822 et

322 4864 432 4920 scis
459 4863 704 4934 teipsum
735 4874 857 4915 esse
906 4855 1163 4911 inutilem
1212 4868 1459 4919 servum,
1492 4856 1549 4905 et
1576 4850 1623 4904 si
1672 4849 1925 4904 omnium
2009 4859 2412 4909 revocaverunt
2436 4872 2582 4910 eum.
2617 4856 2753 4910 Post
2782 4856 2899 4911 haec
2929 4856 3298 4927 interrogavit
3324 4872 3459 4911 eum
3494 4855 3619 4928 qui-

322 4956 682 5027 peccatorum
715 4965 833 5004 esse
864 4945 1203 5002 deteriorem
1235 4961 1247 4996 :
1283 4941 1381 4997 sed
1412 4957 1560 4995 nunc
1588 4939 1636 4994 si
1666 4939 1747 4993 ita
1768 4938 1837 4993 de
1867 4944 1925 4993 te
2006 4942 2158 5009 dam,
2189 4943 2381 4998 dicens
2413 4964 2425 4999 :
2462 4944 2626 5011 Quid,
2669 4950 2853 5015 putas,
2900 4950 2989 5000 est
3021 4945 3083 5000 in
3118 4946 3284 5000 corde
3321 4951 3444 5012 tuo,
3482 4944 3621 5017 quia

324 5041 556 5106 sentias,
589 5038 750 5110 quasi
775 5036 967 5093 omnia
994 5032 1322 5099 correxeris,
1355 5030 1534 5085 sciens
1560 5029 1693 5101 quia
1722 5028 1819 5099 huj
1831 5044 1923 5084 ns-
2007 5032 2275 5104 expulsus
2299 5050 2379 5098 es,
2412 5040 2471 5087 et
2500 5034 2707 5088 iterum
2750 5034 3085 5089 revocatus?
3113 5035 3182 5089 Et
3215 5035 3308 5089 ille
3336 5034 3483 5090 dixit
3511 5035 3567 5089 ei
3602 5054 3618 5090 :

323 5128 479 5189 modi
500 5125 762 5198 cogitatio
788 5130 888 5180 tua
923 5123 1186 5178 universa
1205 5120 1463 5176 resolvet.
2010 5121 2293 5186 Quoniam
2315 5122 2475 5193 posui
2513 5122 2572 5176 in
2609 5123 2775 5178 corde
2804 5141 2951 5192 meo,
2981 5124 3116 5195 quia
3154 5124 3385 5195 aequalis
3433 5140 3619 5179 essem

399 5220 486 5274 55.
522 5215 675 5271 Dixit
701 5229 869 5268 senex
897 5212 1116 5267 cuidam
1145 5228 1157 5263 :
1208 5212 1333 5266 Non
1366 5226 1615 5282 apponas
1644 5224 1738 5263 cor
1764 5212 1923 5263 tuum

324 5309 594 5367 adversus
614 5304 866 5364 fratrem,
891 5301 1101 5368 dicens,
1126 5299 1259 5372 quia
1280 5306 1343 5355 tu
1374 5299 1553 5369 magis
1581 5298 1676 5352 illo
1705 5297 1925 5352 sobrius

326 5404 385 5456 et
410 5392 808 5458 continentior,
843 5394 901 5444 et
928 5389 1329 5459 intelligentior
1355 5389 1431 5443 sis
1465 5407 1477 5456 ;
1522 5387 1619 5442 sed
1667 5385 1924 5441 subditus

326 5495 446 5547 esto
472 5485 672 5559 gratiae
687 5480 790 5537 Dei
805 5480 864 5535 in
880 5478 1082 5550 spiritu
1095 5477 1461 5550 paupertatis,
1476 5483 1533 5532 et
1560 5494 1661 5549 per
1688 5476 1926 5531 charita-

326 5583 444 5643 tem
465 5591 580 5635 non
595 5574 785 5633 fictam
804 5590 817 5640 ;
837 5586 908 5627 ne
918 5566 1122 5642 spiritu
1138 5567 1494 5630 exaltationis
1518 5567 1716 5635 elatus,
1724 5567 1925 5642 perdas

2009 5212 2171 5281 cani,
2232 5214 2330 5285 qui
2395 5215 2617 5285 quando
2673 5214 3016 5282 insectatur,
3071 5216 3220 5271 foras
3281 5214 3618 5286 egreditur;

2010 5302 2234 5374 quando
2263 5320 2394 5358 vero
2423 5310 2671 5372 vocatur,
2704 5304 3040 5375 ingreditur.

2077 5389 2164 5447 65.
2193 5393 2485 5448 Venerunt
2505 5394 2733 5465 quidam
2755 5393 3057 5465 aliquando
3078 5392 3137 5450 in
3164 5391 3515 5449 Thebaidam
3541 5391 3612 5449 ad

2007 5480 2309 5551 quemdam
2336 5500 2548 5550 senem,
2582 5482 2854 5539 habentes
2883 5500 3073 5539 secum
3101 5500 3281 5539 unum
3312 5483 3409 5555 qui
3439 5499 3477 5538 a
3504 5483 3614 5538 de-

2006 5571 2196 5629 monio
2224 5571 2546 5645 vexabatur,
2579 5578 2644 5632 ut
2677 5579 2973 5632 curaretur
3024 5573 3094 5629 ab
3123 5572 3220 5632 illo
3251 5589 3387 5631 sene
3427 5574 3615 5651 (Hum,
