3976 6186
347 269 452 331 965

1632 270 1874 327 VERBA
1914 269 2304 327 SENIORUM.

3523 276 3630 347 966

292 388 295 391 ’
346 403 384 455 ι.
416 412 497 466 ω,
539 397 732 462 71.25).
778 398 958 454 Senex
986 412 1119 469 ergo
1149 413 1275 453 cum
1305 397 1402 454 diu
1434 401 1748 468 regeretur.
1800 396 2006 459 dixitA
2095 396 2182 451 71.
2216 398 2469 457 Alterum
2499 419 2690 464 senem
2715 408 2969 465 volentes
3010 407 3275 464 seducere
3316 406 3621 473 daemones,

345 488 588 543 (ἰείηοηί
614 506 626 540 :
658 487 757 542 Exi
786 488 856 542 de
884 488 1103 542 factura
1129 488 1256 541 Dei.
1282 487 1352 541 Et
1380 487 1670 557 respondit
1690 487 1936 541 daemon:

345 578 513 642 Exeo,
538 577 635 631 sed
652 578 939 647 interrogo
962 582 1018 631 te
1041 593 1219 631 unum
1246 575 1498 642 verbum,
1520 582 1585 630 ut
1604 575 1758 629 dicas
1778 574 1936 641 mihi,

345 665 444 736 qui
471 671 607 720 sunt
642 666 807 733 haedi,
853 671 911 720 et
950 666 1047 738 qui
1082 671 1215 721 sunt
1242 664 1393 735 agni.
1432 666 1501 720 Et
1539 665 1681 719 dixit
1722 681 1891 719 senex
1924 683 1937 718 :

350 755 509 810 Haedi
540 755 767 826 quidem
786 755 948 821 tales,
973 755 1153 826 qualis
1182 771 1317 825 ego;
1350 754 1482 825 agni
1510 771 1640 809 vero
1671 754 1767 825 qui
1805 754 1938 820 sint,

342 843 496 898 Deus
522 843 629 897 scit
648 844 738 898 .Et
758 844 995 899 audiens
1010 844 1248 910 daemon,
1277 843 1541 898 clamavit
1564 859 1694 898 voce
1714 859 1938 914 magna,

342 931 565 987 dicens:
591 933 730 987 Ecce
747 939 979 1005 propter
996 933 1166 988 istam
1188 932 1568 987 humilitatem
1596 938 1756 988 tuam
1784 948 1937 987 exeo.

344 1021 416 1076 Et
443 1022 581 1077 exiit
602 1023 802 1077 eadem
826 1024 989 1078 hora.

415 1108 504 1166 66.
519 1110 782 1165 Manebat
799 1111 1028 1182 quidam
1045 1113 1351 1168 monachus
1362 1111 1656 1183 [Egyptius
1671 1112 1729 1165 in
1745 1110 1943 1164 subur-

345 1198 492 1255 bano
521 1200 1154 1272 Constantinopolitanae
1173 1202 1412 1257 civitatis
1450 1202 1702 1274 (Rufﬂn.,
1723 1204 1761 1255 ι.
1785 1214 1933 1267 111,12.

347 1287 717 1354 i9,narrante
744 1292 1006 1361 szene)
1038 1309 1051 1358 ;
1085 1298 1142 1344 et
1168 1292 1300 1345 dum
1314 1292 1581 1346 transiret
1597 1289 1945 1344 Theodosius

340 1378 543 1433 Iunior
566 1378 877 1450 imperator
894 1395 994 1450 per
1017 1380 1164 1434 viam
1188 1381 1360 1448 illam,
1380 1379 1611 1451 reliquit
1631 1395 1826 1433 omnes
1844 1377 1941 1449 qui

342 1465 405 1521 in
444 1466 712 1538 obsequio
760 1469 883 1538 ejus
924 1474 1104 1534 erant,
1152 1474 1210 1523 et
1240 1470 1395 1523 venit
1434 1469 1587 1523 solus
1628 1468 1700 1522 ad
1740 1467 1940 1520 cellam

344 1557 488 1626 ejus.
519 1557 593 1611 Et
605 1557 835 1628 pulsans
860 1557 932 1611 ad
954 1558 1162 1612 ostium
1186 1558 1469 1625 monachi,
1501 1556 1723 1629 aperuit
1739 1556 1790 1610 ei
1818 1572 1942 1610 mo-

341 1645 578 1700 nachus.
624 1646 832 1700 Videns
878 1653 1068 1701 autem
1097 1664 1248 1716 eum,
1283 1648 1512 1719 agnovit
1551 1646 1778 1717 quidem
1807 1645 1943 1715 quia

2024 484 2369 543 dicebantei:
2396 491 2492 546 Vis
2513 494 2698 553 videre
2717 498 3050 554 Christum?
3077 499 3146 553 Et
3164 498 3259 551 ille
3279 496 3418 551 dixit
3439 515 3451 551 :
3476 497 3625 550 Ana-

2022 575 2216 630 thema
2236 577 2387 633 vobis
2402 586 2458 634 et
2471 582 2540 636 de
2561 601 2672 656 quo
2688 588 2893 643 dicitis.
2918 589 3033 660 Ego
3047 594 3237 643 autem
3258 602 3383 642 meo
3397 585 3622 641 Christo

2024 664 2188 718 credo
2208 666 2434 722 dicenti:
2454 670 2515 725 Si
2536 675 2659 744 quis
2673 677 2829 732 vobis
2847 678 3068 744 dixerit,
3078 678 3213 735 Ecce
3238 676 3328 731 hic
3341 675 3617 740 Christus,

2023 759 2123 807 aut
2145 770 2271 809 ecce
2300 757 2429 825 illic,
2462 763 2634 817 nolite
2663 767 2911 822 credere.
2946 767 3066 831 Quo
3092 766 3240 821 dicto
3273 766 3467 820 statim
3505 780 3623 820 non

2023 853 2458 915 comparuerant
2480 852 2708 916 (Matth.
2734 855 2901 927 xxxv).

2096 930 2183 989 7'2.
2217 934 2602 995 Narraverunt
2632 942 2702 996 de
2748 945 2859 1000 alio
2901 963 3054 1013 sene,
3085 946 3217 1018 quia
3246 943 3627 1018 perseveravit

2019 1020 2285 1091 jejunans
2315 1029 2672 1100 septuaginta
2697 1032 3096 1103 hebdomadas,
3126 1036 3301 1090 semel
3330 1033 3620 1089 inhede-

2022 1110 2191 1165 mada
2218 1115 2492 1171 reficiens.
2518 1120 2621 1173 Hic
2642 1124 2945 1191 postulavit
2959 1142 2993 1179 a
3017 1126 3132 1179 Deo
3152 1125 3220 1179 de
3242 1125 3484 1195 quodam
3497 1139 3618 1177 ser-

2022 1215 2189 1254 mone
2211 1202 2625 1275 Scripturarum
2654 1221 2995 1280 sanctarum,
3016 1221 3073 1268 et
3099 1230 3214 1268 non
3242 1213 3527 1268 revelabat
3552 1211 3605 1266 ei

2026 1288 2194 1343 Deus.
2220 1291 2371 1347 Dixit
2383 1310 2516 1365 ergo
2533 1297 2591 1352 in
2612 1302 2929 1373 semetipso:
2964 1303 3101 1358 Ecce
3115 1308 3341 1358 tantum
3362 1301 3621 1357 laborem

2025 1380 2261 1449 sumpsi:
2305 1388 2362 1436 et
2403 1385 2543 1439 nihil
2576 1389 2785 1458 profeci
2810 1409 2822 1443 :
2845 1392 3045 1447 vadam
3101 1410 3234 1464 ergo
3272 1392 3343 1447 ad
3382 1392 3621 1446 fratrem

2024 1481 2232 1535 meum,
2258 1476 2315 1524 et
2332 1474 2558 1543 requiro
2570 1477 2640 1530 ab
2662 1495 2745 1532 eo.
2772 1480 2876 1534 Cui
2897 1498 3023 1536 cum
3045 1499 3304 1552 egressus
3329 1481 3623 1536 clausisset

2025 1555 2231 1611 ostium
2262 1576 2428 1615 suum
2453 1568 2516 1617 ut
2544 1564 2743 1633 abiret,
2783 1569 2988 1625 missus
3021 1576 3106 1625 est
3132 1573 3205 1626 ad
3231 1589 3360 1626 eum
3390 1572 3625 1642 angelus

2023 1642 2265 1713 Domini,
2282 1648 2471 1704 dicens
2499 1668 2511 1703 :
2541 1653 2908 1727 Septuaginta
2927 1658 3290 1716 hebdomadas
3318 1678 3460 1732 quas
3476 1660 3625 1731 jeju-

343 1734 655 1805 imperator
672 1739 848 1803 esset;
881 1735 959 1789 sic
989 1740 1181 1791 tamen
1211 1736 1457 1807 suscepit
1486 1752 1636 1801 eum,
1668 1721 2003 1804 tanquamB
2026 1738 2193 1802 nasti,
2221 1752 2336 1792 non
2365 1743 2421 1792 te
2462 1721 2716 1799 fecerunt
2751 1721 3080 1817 proximum
3131 1750 3248 1805 Deo
3273 1766 3286 1805 :
3314 1721 3621 1804 nunc'vero

344 1838 523 1877 unum
553 1840 619 1878 ex
647 1824 827 1878 ofﬁcio
858 1824 1241 1879 militantium.
1290 1826 1431 1880 Cum
1464 1841 1596 1894 ergo
1626 1822 1936 1889 introisset,

341 1912 598 1967 fecerunt
612 1913 951 1981 orationem,
976 1919 1034 1968 et
1050 1915 1336 1968 sederunt.
1358 1914 1540 1985 Coepit
1550 1918 1740 1968 autem
1770 1913 1940 1966 inter-

342 2018 545 2072 rogare
571 2002 898 2073 imperator,
933 2003 1155 2058 dicens:
1182 2004 1471 2068 Quomodo
1510 2008 1643 2056 sunt
1667 2007 1855 2073 patres
1878 2001 1939 2056 in

343 2090 614 2162 Egypto?
639 2092 709 2146 Et
729 2092 829 2145 ille
853 2092 1173 2163 respondit:
1205 2092 1386 2147 Orant
1407 2108 1601 2146 omnes
1629 2108 1728 2162 pro
1756 2092 1939 2146 salute

339 2186 544 2235 vestra.
591 2181 905 2252 Imperator
944 2187 1135 2235 autem
1184 2180 1669 2252 circumspiciebat
1696 2180 1756 2233 in
1799 2181 1941 2234 cella

340 2269 486 2339 ejus,
516 2269 717 2340 siquid
737 2269 990 2336 haberet,
1011 2276 1069 2324 et
1091 2270 1233 2324 nihil
1264 2270 1378 2324 illic
1407 2270 1545 2324 vidit
1572 2270 1683 2323 nisi
1707 2286 1939 2340 parvam

335 2358 687 2428 sportellam,
734 2358 1035 2413 habentem
1068 2360 1350 2414 modicum
1385 2358 1565 2430 panis,
1600 2364 1656 2413 et
1676 2359 1939 2429 lagenam

341 2462 522 2518 aquae.
556 2448 626 2502 Et
648 2447 788 2502 dixit
815 2449 866 2502 ei
884 2449 1217 2503 monachus:
1252 2450 1430 2503 Gusta
1444 2448 1678 2502 modice.
1705 2449 1775 2502 Et
1794 2447 1936 2502 infu-

340 2536 427 2590 dit
452 2537 504 2590 ei
524 2552 718 2608 panes,
747 2544 806 2592 et
822 2537 979 2592 misit
1005 2538 1057 2592 ei
1071 2539 1258 2592 oleum
1279 2544 1336 2592 et
1354 2538 1459 2602 sal,
1488 2542 1545 2591 et
1559 2536 1932 2603 manducavit,

340 2630 401 2679 et
428 2625 587 2680 dedit
613 2626 664 2679 ei
689 2643 894 2697 aquam
923 2632 988 2681 ut
1014 2626 1248 2681 biberet.
1280 2626 1431 2681 Dixit
1456 2631 1647 2681 autem
1676 2626 1729 2680 ei
1755 2626 1938 2697 impe-

341 2718 529 2768 rator:
557 2715 676 2769 Scis
695 2715 820 2786 quis
848 2732 975 2770 sum
1016 2716 1145 2787 ego?
1176 2717 1246 2770 Et
1267 2715 1361 2769 ille
1393 2715 1563 2769 dixit:
1589 2715 1738 2770 Deus
1751 2720 1807 2769 te
1837 2715 1942 2769 scit

341 2803 470 2874 quis
499 2803 594 2858 sis.
627 2804 783 2858 Tunc
801 2805 943 2859 dixit
971 2805 1051 2859 ei:
1076 2806 1193 2875 Ego
1224 2821 1350 2859 sum
1379 2804 1726 2859 Theodosius
1753 2804 1936 2875 impe-

343 2898 521 2949 rator.
548 2893 647 2947 Ille
659 2898 851 2948 autem
872 2894 1066 2949 statim
1084 2894 1337 2949 adoravit
1347 2894 1598 2949 salutans
1614 2910 1743 2948 eum
1755 2893 1938 2947 humi-

338 2981 491 3036 liter.
535 2982 605 3036 Et
632 2982 769 3037 dicit
789 2983 1129 3055 imperator:
1162 2983 1320 3037 Beati
1332 2983 1470 3037 estis
1493 3000 1602 3049 vos,
1623 2983 1755 3053 quia
1773 2999 1934 3038 secu-

2024 1824 2245 1892 quando
2268 1826 2595 1885 humiliatus
2611 1849 2690 1900 es,
2715 1839 2779 1889 ut
2799 1836 2871 1890 ad
2891 1836 3125 1892 fratrem
3146 1843 3310 1893 tuum
3334 1853 3618 1910 pergeres,

2022 1912 2227 1969 missus
2247 1933 2373 1971 sum
2392 1918 2639 1975 indicare
2656 1922 2760 1977 tibi
2787 1941 3136 1995 sermonem;
3167 1928 3536 2000 aperiensque
3560 1927 3614 1983 ei

2022 2001 2090 2055 de
2116 2019 2177 2057 re
2203 2022 2372 2074 quam
2395 2010 2698 2079 quaerebat,
2726 2012 2983 2070 discessit
3007 2016 3078 2071 ab
3098 2034 3183 2072 eo.

2094 2090 2180 2146 73.
2228 2094 2460 2151 Dicebat
2509 2100 2737 2170 quidam
2768 2119 2936 2158 senex
2971 2105 3285 2177 (Ruf/in.,l.
3312 2108 3393 2174 nx,
3420 2124 3479 2161 η.
3505 2105 3619 2177 73):

2022 2180 2165 2243 Quia
2198 2182 2245 2236 si
2275 2185 2400 2255 quis
2423 2203 2552 2241 cum
2581 2188 2903 2247 humilitate
2921 2198 2979 2247 et
3006 2195 3209 2249 timore
3224 2196 3326 2250 Dei
3354 2197 3618 2267 injungat

2021 2268 2182 2324 fratri
2212 2272 2427 2344 aliquid
2447 2276 2648 2344 facere,
2682 2296 2868 2335 sermo
2897 2282 3019 2353 ipse
3052 2284 3147 2355 qui
3181 2290 3413 2357 propter
3440 2285 3624 2341 Deum

2022 2360 2465 2429 egreditur,facit
2478 2366 2710 2422 fratrem
2724 2369 2884 2424 illum
2898 2388 3062 2426 suum
3076 2373 3394 2444 subjectum
3423 2374 3623 2429 existe-

2020 2464 2083 2501 re
2103 2454 2161 2502 et
2178 2450 2412 2521 implere
2442 2457 2591 2525 quod
2617 2456 2787 2512 fuerit
2800 2460 3141 2531 imperatum
3165 2481 3177 2531 ;
3210 2464 3258 2517 si
3287 2469 3479 2518 autem
3496 2463 3624 2535 quis

2020 2536 2209 2593 volens
2230 2539 2432 2609 jubere
2458 2543 2639 2612 fratri,
2675 2552 2733 2601 et
2752 2564 2865 2603 non
2894 2550 2998 2605 hoc
3028 2551 3337 2606 secundum
3357 2553 3622 2607 timorem

2019 2625 2122 2680 Dei
2138 2626 2351 2697 fecerit,
2371 2632 2469 2685 sed
2491 2635 2652 2704 quasi
2672 2652 2773 2707 per
2786 2640 3201 2707 auctoritatem,
3217 2641 3407 2697 volens
3431 2641 3539 2696 sibi
3561 2642 3624 2697 in

2023 2729 2090 2769 eo
2108 2722 2447 2786 potestatem
2471 2721 2788 2793 defendere,
2810 2727 2959 2782 Deus
2975 2729 3071 2800 qui
3092 2730 3243 2785 videt
3270 2732 3488 2786 occulta
3502 2747 3622 2785 cor-

2020 2802 2124 2870 dis,
2147 2822 2259 2860 non
2284 2810 2562 2878 permittit
2584 2828 2715 2867 eum
2745 2816 2941 2871 audire
2969 2818 3055 2873 vel
3077 2818 3259 2874 facere
3286 2821 3435 2891 quod
3459 2819 3623 2891 jube-

2018 2895 2496 2953 tur.Manifestum
2515 2901 2666 2956 enim
2681 2910 2767 2959 est
2780 2921 2924 2976 opus
2945 2908 3095 2978 quod
3112 2910 3422 2963 secundum
3437 2910 3620 2965 Deum

2020 2982 2114 3051 fit;
2137 2989 2194 3037 et
2204 2985 2410 3041 iterum
2426 2991 2787 3047 manifestum
2809 3000 2896 3048 est
2919 2997 3070 3065 quod
3089 3014 3191 3068 pro
3211 2998 3497 3053 voluntate
3511 3005 3614 3054 aut

339 3087 467 3125 ram
495 3071 668 3126 vitam
696 3071 933 3139 habetis,
980 3078 1039 3126 et
1061 3088 1174 3127 non
1197 3072 1455 3142 cogitatis
1483 3072 1553 3126 de
1575 3072 1679 3126 hoc
1704 3072 1927 3127 saeculo.
1953 3076 1997 3140 ο
2016 3069 2072 3124 in
2104 3078 2382 3142 potestate
2411 3077 2760 3150 injungitur;
2795 3084 3060 3153 quoniam
3086 3087 3234 3155 quod
3286 3103 3321 3141 a
3347 3088 3463 3141 Deo
3502 3092 3608 3156 est,

339 3159 655 3215 Veritatem
681 3167 871 3216 autem
888 3161 1092 3228 dicam,
1119 3162 1253 3233 quia
1276 3161 1335 3215 in
1352 3161 1588 3232 imperio
1600 3166 1768 3215 natus
1784 3178 1930 3227 sum,

338 3255 402 3304 et
423 3265 716 3321 nunquam
735 3256 926 3317 υνδε
942 3251 1026 3304 ita
1048 3250 1355 3304 delectatus
1382 3266 1507 3304 sum
1535 3266 1679 3320 pane
1702 3254 1759 3304 et
1787 3265 1937 3320 aqua

335 3338 487 3393 sicut
511 3338 679 3393 hodie
701 3358 715 3406 ;
742 3340 879 3394 satis
898 3339 1046 3394 enim
1067 3337 1306 3393 libenter
1324 3339 1559 3393 comedi.
1584 3339 1654 3393 Et
1684 3337 1852 3410 coepit
1869 3355 1937 3392 ex

335 3432 476 3482 tunc
491 3427 772 3483 honorare
788 3445 916 3483 eum
940 3428 1274 3501 imperator;
1299 3445 1466 3483 senex
1489 3444 1615 3482 vero
1644 3427 1937 3497 egrediens

336 3516 503 3588 fugit,
534 3523 593 3572 et
615 3517 824 3572 iterum
851 3518 1002 3573 venit
1033 3518 1091 3571 in
1112 3518 1438 3589 Egyptum.

414 3606 503 3662 67.
539 3606 811 3661 Dicebant
840 3624 1035 3662 senes:
1068 3607 1347 3671 Quoniam
1373 3607 1596 3678 quando
1625 3612 1934 3676 tentamur,

336 3700 478 3752 tunc
496 3696 678 3767 magis
699 3696 1069 3751 humiliamur
1088 3714 1102 3763 ;
1118 3696 1383 3767 quoniam
1402 3697 1553 3751 Deus
1575 3696 1755 3751 sciens
1785 3697 1939 3751 infir-

336 3786 599 3840 mitatem
627 3791 899 3854 nostram,
920 3784 1167 3857 protegit
1179 3802 1281 3839 nos
1298 3803 1309 3838 :
1328 3786 1578 3840 siautem
1605 3786 1935 3856 gloriamur,

338 3874 528 3931 aufert
552 3890 589 3928 a
614 3874 775 3929 nobis
795 3874 1201 3946 protectionem
1229 3891 1411 3941 suam,
1437 3880 1495 3929 et
1522 3875 1793 3945 perimus.

411 3962 503 4019 68.
533 3963 936 4018 Cuidamfratri
951 3964 1214 4035 apparuit
1224 3963 1478 4018 diabolus
1501 3965 1935 4020 transformatus

335 4053 400 4108 in
420 4053 687 4123 angelum
702 4053 859 4120 lucis,
885 4059 942 4107 et
955 4053 1095 4107 dixit
1117 4053 1187 4107 ad
1208 4070 1337 4107 eum
1364 4072 1376 4107 :
1402 4053 1518 4124 Ego
1548 4070 1673 4108 sum
1703 4053 1934 4109 Gabriel

335 4143 594 4214 angelus,
617 4148 676 4196 et
689 4143 894 4197 missus
908 4160 1035 4198 sum
1057 4143 1128 4197 ad
1150 4147 1225 4197 te.
1249 4143 1349 4197 Ille
1366 4160 1495 4197 vero
1517 4142 1656 4197 dixit
1671 4143 1751 4197 ei:
1793 4144 1934 4199 Vide

334 4248 414 4287 ne
439 4232 513 4286 ad
531 4231 706 4286 alium
731 4232 937 4286 missus
956 4232 1060 4299 sis;
1094 4248 1198 4302 ego
1227 4237 1414 4286 autem
1441 4248 1553 4286 non
1573 4248 1700 4286 sum
1730 4232 1934 4303 dignus

336 4325 409 4377 ut
424 4320 657 4392 angelus
687 4321 947 4376 mittatur
975 4321 1047 4375 ad
1090 4337 1200 4375 me.
1232 4320 1500 4376 Diabolus
1523 4326 1713 4376 autem
1741 4322 1934 4377 statim

335 4426 457 4466 non
488 4411 820 4482 comparuit.

414 4498 503 4554 69.
535 4499 804 4554 Dicebant
821 4516 983 4554 senes
1014 4518 1026 4553 :
1060 4500 1204 4565 Quia
1223 4500 1306 4555 vel
1335 4500 1383 4555 si
1394 4518 1495 4572 pro
1513 4500 1746 4555 veritate
1771 4516 1938 4571 ange-

335 4589 432 4644 lus
458 4588 562 4643 tibi
589 4596 878 4661 appareat,
910 4605 1023 4644 non
1058 4589 1328 4660 suscipias
1366 4590 1547 4657 facile,
1575 4590 1671 4644 sed
1698 4590 1938 4645 humilia

335 4678 937 4752 temetipsum,dicens:
953 4681 1079 4734 Non
1094 4696 1222 4734 sum
1242 4679 1446 4750 dignus
1462 4680 1727 4750 angelum
1747 4678 1936 4733 videre

331 4769 530 4823 vivens
555 4769 614 4823 in
635 4769 897 4841 peccatis.

418 4858 503 4913 70.
536 4857 922 4912 Narraverunt
947 4857 1017 4912 de
1041 4857 1152 4913 alio
1181 4875 1332 4925 sene,
1362 4857 1495 4929 quia
1506 4857 1706 4913 sedens
1726 4856 1784 4911 in
1797 4856 1938 4912 cella

334 4962 466 5014 sua,
494 4952 552 5002 et
575 4948 859 5002 sustinens
888 4948 1247 5015 tentationes,
1278 4946 1504 5001 videbat
1517 4947 1797 5002 daemones
1821 4964 1937 5002 ma-

332 5037 560 5103 nifeste,
587 5042 644 5092 et
664 5036 1060 5092 contemnebat
1083 5054 1195 5091 eos.
1212 5037 1355 5092 Cum
1372 5042 1561 5092 autem
1581 5036 1836 5092 diabolus
1854 5038 1937 5092 vi-

333 5125 504 5181 deret
530 5142 591 5180 se
618 5125 760 5180 vinci
787 5143 822 5179 a
849 5142 1002 5192 sene,
1027 5126 1182 5180 venit
1210 5130 1267 5180 et
1280 5125 1527 5180 ostendit
1546 5142 1606 5180 se
1627 5125 1697 5193 ei,
1714 5125 1932 5180 dicens:

334 5215 459 5285 Ego
488 5232 613 5269 sum
634 5214 911 5269 Christus.
936 5215 1149 5269 Videns
1169 5220 1360 5269 autem
1377 5231 1507 5269 eum
1523 5231 1711 5282 senex,
1736 5215 1938 5270 clausit

335 5304 533 5360 oculos
561 5321 710 5359 suos.
735 5305 805 5358 Et
832 5304 972 5359 dixit
990 5304 1042 5359 ei
1068 5304 1346 5359 diabolus:
1370 5305 1485 5374 Ego
1506 5321 1633 5359 sum
1653 5302 1929 5373 Christus,

335 5398 403 5449 et
429 5410 601 5464 quare
630 5393 881 5449 clausisti
901 5394 1090 5448 oculos
1121 5394 1286 5447 tuos?
1314 5394 1383 5448 Et
1408 5393 1699 5464 respondit
1718 5410 1887 5449 senex
1918 5413 1930 5449 :

333 5484 459 5555 Ego
489 5483 579 5537 hic
600 5484 885 5539 Christum
912 5484 1041 5539 nolo
1058 5484 1264 5550 videre,
1290 5483 1387 5537 sed
1418 5483 1478 5537 in
1526 5483 1623 5537 illa
1651 5483 1782 5538 vita.
1819 5485 1935 5539 Au-

334 5573 505 5633 diens
532 5566 723 5641 δαΐξαι
744 5573 998 5631 diabolus
1026 5573 1164 5643 haec,
1197 5589 1310 5629 non
1329 5572 1662 5645 comparuit.

2016 3176 2144 3215 cum
2165 3162 2482 3221 humilitate
2500 3173 2558 3222 et
2572 3168 2955 3227 obsecratione
2976 3173 3318 3245 imperatur;
3345 3176 3494 3247 quod
3515 3193 3615 3232 au-

2016 3254 2130 3303 tem
2153 3268 2218 3305 ex
2244 3259 2539 3324 potestate,
2561 3275 2692 3313 cum
2704 3260 2894 3316 furore
2913 3267 2972 3317 et
2980 3263 3422 3334 perturbatione,
3438 3270 3608 3338 utpo-

2017 3342 2073 3392 te
2100 3341 2249 3410 quod
2278 3360 2313 3396 a
2340 3345 2588 3417 maligno
2609 3353 2720 3407 est.

2089 3429 2177 3483 74.
2211 3430 2363 3486 Dixit
2373 3450 2566 3489 senex:
2592 3436 2729 3493 Volo
2744 3441 2924 3511 magis
2945 3442 3090 3516 vinci
3108 3460 3238 3499 cum
3266 3444 3608 3516 humilitate,

2019 3532 2188 3588 quam
2215 3520 2436 3578 vincere
2464 3541 2591 3579 cum
2620 3528 2900 3598 superbia.
3024 3514 3044 3543 ’
3594 3514 3621 3583 ⁷.

2089 3607 2177 3663 75.
2219 3609 2377 3666 Dixit
2404 3630 2572 3669 senex
2607 3634 2620 3670 :
2651 3618 2778 3672 Non
2808 3619 3148 3676 condemnes
3180 3627 3460 3679 astantem
3485 3607 3608 3693 tibi,

2020 3697 2288 3767 quoniam
2316 3702 2495 3757 nescis
2517 3708 2711 3760 utrum
2730 3706 2788 3761 in
2816 3712 2875 3762 te
2900 3708 2976 3763 sit
3006 3708 3251 3782 Spiritus
3280 3713 3401 3780 Dei,
3434 3730 3508 3768 an
3551 3714 3613 3770 in

2020 3785 2136 3840 illo.
2177 3788 2473 3846 Astantem
2518 3799 2711 3849 autem
2756 3795 2860 3852 tibi
2887 3798 3011 3854 dico
3038 3816 3187 3869 eum,
3222 3801 3319 3873 qui
3356 3802 3615 3859 minister

2021 3880 2106 3930 est
2132 3880 2283 3933 tuus.

2092 3963 2179 4020 76.
2207 3968 2408 4024 Frater
2426 3971 2631 4045 aliquis
2658 3974 3026 4048 interrogavit
3044 3995 3255 4049 senem,
3287 3981 3507 4037 dicens:
3551 3982 3614 4040 Si

2018 4052 2210 4110 habito
2238 4074 2365 4113 cum
2387 4061 2509 4115 aliis
2530 4062 2816 4132 fratribus,
2845 4071 2903 4122 et
2923 4067 3082 4123 video
3103 4069 3353 4141 aliquam
3376 4088 3498 4127 rem
3526 4072 3615 4129 in-

2019 4146 2459 4216 convenientem,
2493 4150 2574 4205 vis
2602 4158 2668 4206 ut
2699 4154 2942 4225 loquar?
2972 4157 3039 4211 Et
3059 4158 3200 4213 dixit
3229 4159 3281 4213 ei
3304 4176 3477 4215 senex
3502 4177 3515 4213 :
3541 4160 3604 4216 Si

2016 4239 2149 4287 sunt
2175 4235 2352 4306 aliqui
2379 4239 2624 4308 majores
2647 4241 2747 4295 tibi
2768 4248 2867 4297 aut
2886 4247 3175 4311 coaetanei,
3200 4253 3394 4303 tacens
3425 4249 3608 4320 magis

2016 4322 2267 4392 requiem
2298 4324 2559 4395 habebis;
2581 4328 2639 4382 in
2659 4329 2765 4383 hoc
2790 4331 2965 4398 enim,
2991 4350 3101 4404 quo
3129 4340 3186 4389 te
3216 4336 3491 4392 minorem
3514 4337 3603 4392 fa-

1948 4401 1999 4461 D
2017 4409 2147 4477 cies,
2181 4412 2352 4468 etiam
2379 4422 2708 4472 securumte
2736 4419 2957 4475 reddes.
2990 4401 3138 4477 Dicit
3149 4423 3201 4477 ei
3221 4424 3432 4480 frater:
3463 4425 3610 4490 Quia

2019 4516 2151 4570 ergo
2182 4501 2343 4569 facio,
2360 4503 2570 4558 Pater?
2591 4507 2885 4577 perturbat
2902 4509 3053 4564 enim
3077 4528 3167 4566 me
3179 4512 3429 4584 spiritus.
3461 4514 3609 4570 Dicit

2018 4589 2070 4643 ei
2089 4606 2257 4645 senex
2281 4610 2292 4644 :
2328 4592 2387 4648 Si
2416 4593 2655 4663 laboras,
2686 4599 3149 4655 commonefacito
3168 4603 3343 4657 semel
3371 4603 3611 4659 humili-

2019 4683 2141 4747 ter;
2175 4681 2222 4734 si
2252 4686 2442 4737 autem
2483 4701 2597 4739 non
2625 4685 2897 4743 obediunt
2922 4689 3045 4758 tibi,
3070 4690 3326 4763 relinque
3355 4691 3616 4750 laborem-

2017 4772 2181 4823 tuum
2199 4770 2257 4825 in
2271 4778 2569 4845 conspectu
2602 4775 2727 4843 Dei,
2751 4781 2808 4830 et
2826 4777 2944 4849 ipse
2973 4784 3031 4833 te
3057 4780 3471 4838 consolabitur:
3503 4783 3610 4841 hoc

2018 4858 2169 4913 enim
2195 4866 2280 4916 est
2308 4868 2370 4917 ut
2396 4864 2656 4936 projiciat
2676 4882 2736 4920 se
2750 4866 2851 4921 Dei
2880 4868 3061 4922 cultor
3072 4886 3262 4924 coram
3282 4871 3418 4941 Deo,
3451 4876 3612 4929 etre-

2018 4946 2239 5019 linquat
2265 4951 2384 5022 ipse
2412 4952 2727 5009 voluntates
2751 4972 2900 5010 suas.
2925 4958 3169 5013 Attende
3198 4964 3389 5014 autem
3414 4960 3518 5016 tibi
3544 4967 3614 5019 ut

2019 5039 2327 5094 secundum
2355 5040 2534 5095 Deum
2564 5041 2638 5096 sit
2664 5043 2978 5100 sollicitudo
3005 5052 3140 5115 tua;
3172 5053 3230 5102 et
3251 5053 3443 5105 tamen
3467 5068 3609 5123 quo-

2019 5128 2184 5181 modo
2210 5127 2384 5195 video,
2417 5129 2624 5185 bonum
2652 5137 2739 5187 est
2768 5138 2974 5201 tacere,
3007 5134 3302 5193 humilitas
3331 5138 3482 5194 enim
3511 5138 3614 5195 tibi

2017 5220 2105 5270 est
2132 5217 2509 5273 taciturnitas.

2090 5301 2177 5358 77.
2210 5304 2409 5359 Frater
2454 5306 2682 5376 quidam
2730 5307 3099 5382 interrogavit
3133 5329 3347 5382 senem,
3380 5314 3606 5371 dicens:

2018 5393 2163 5457 Quid
2195 5398 2281 5447 est
2306 5394 2588 5465 profectus
2615 5396 2899 5452 hominis?
2924 5400 2994 5455 Et
3017 5403 3306 5474 respondit
3324 5403 3376 5457 ei
3405 5419 3604 5459 senex:

2018 5482 2309 5537 Profectus
2334 5484 2578 5539 hominis
2592 5491 2678 5540 est
2692 5487 3003 5545 humilitas.
3020 5491 3304 5556 Quantum
3320 5491 3469 5546 enim
3480 5491 3608 5562 quis

2020 5572 2091 5629 ad
2116 5572 2498 5630 humilitatem
2516 5574 2820 5635 inclinatus
2848 5578 3040 5652 fuerit,
3062 5587 3283 5641 tantum
3301 5579 3610 5643 elevabitur
