3964 6206
339 261 444 319 967

1473 259 1568 314 DE
1604 257 1794 315 vrms
1831 255 2129 313 PATRUM
2164 230 2380 313 LIBER
2415 255 2484 311 v.

3510 255 3622 318 ωε

329 389 403 444 ad
431 388 754 462 profectum
787 384 988 458 ((Ru/I'.,
1022 383 1116 440 lib.
1145 383 1224 451 lii,
1261 399 1319 438 η.
1341 381 1441 441 171
1472 401 1486 452 ;
1513 384 1727 450 Pasch.,
1769 381 1926 450 0.15,
1947 379 2124 444 Adio.
2169 381 2520 452 Consumpta
2552 383 2688 435 sunt
2728 394 2862 449 ergo
2908 379 3103 434 omnia
3145 379 3377 436 illorum
3418 398 3621 455 opera,

333 495 392 534 η.
426 477 504 547 5).

401 567 491 624 78.
518 567 680 622 Dixit
729 564 959 636 quidam
996 579 1202 620 senex:
1237 563 1384 628 Quia
1425 563 1474 619 si
1531 563 1656 635 quis
1704 561 1925 630 dixerit,

329 657 565 728 Ignosce
588 655 747 723 mihi,
770 653 1076 710 humilians
1096 670 1178 722 se,
1201 653 1482 708 comburit
1501 653 1782 707 daemones
1810 655 1930 706 ten-

328 750 564 802 tatores.

397 834 490 892 79.
521 833 672 890 Dixit
686 850 856 890 senex
878 851 890 888 :
914 833 974 889 Si
984 833 1312 905 acquisieris
1331 835 1796 904 taciturnitatem,
1813 855 1927 894 non

323 921 533 978 habeas
577 923 729 995 apud
757 922 1122 995 temetipsum
1155 923 1316 994 quasi
1346 924 1596 997 aliquam
1634 927 1921 996 virtutem,

327 1012 551 1069 etiamsi
595 1012 929 1082 obtinueris,
970 1013 1071 1068 sed
1116 1013 1244 1070 dic:
1303 1013 1448 1078 Quia
1501 1015 1765 1088 indignus
1807 1035 1934 1074 sum

325 1102 504 1174 loqui.

394 1191 486 1248 80.
538 1191 774 1249 Dicebat
821 1192 1053 1264 quidam
1082 1208 1286 1247 senex:
1337 1193 1459 1250 Nisi
1501 1197 1712 1254 velaret
1752 1196 1930 1268 pistor

327 1281 518 1338 oculos
532 1282 794 1338 animalis
811 1282 883 1338 ad
897 1282 1106 1337 molam
1122 1283 1543 1354 circumeuntis,
1569 1291 1919 1342 converteret

325 1388 388 1428 se
427 1372 640 1428 animal
679 1379 738 1428 et
779 1373 1100 1428 comederet
1139 1373 1361 1428 labores
1387 1391 1519 1430 suos
1563 1377 1811 1445 (Ra/71,1.
1837 1391 1920 1445 ιιι,

326 1476 390 1517 η.
421 1460 550 1531 1‘28;
583 1461 816 1529 Fascia,
849 1479 898 1518 c.
919 1461 1010 1530 15,
1037 1479 1100 1517 η.
1127 1461 1210 1531 1);
1232 1463 1382 1518 itaet
1399 1465 1767 1520 nosvelamen
1787 1465 1927 1520 acci-

327 1550 518 1623 pimus
545 1551 854 1608 secundum
891 1551 1368 1623 dispensationem
1392 1553 1514 1620 Dei,
1546 1571 1618 1609 ne
1639 1554 1928 1610 videamus

329 1656 455 1714 quae
467 1657 768 1712 Oper-amur
780 1642 942 1709 bona,
965 1645 1024 1696 et
1036 1640 1421 1697 beatiﬁcantes
1433 1643 1669 1699 forsitan
1685 1650 1928 1700 nosmet-

2009 474 2188 525 matta
2213 474 2403 526 autem
2425 468 2615 524 fratris
2633 467 2786 524 illius
2806 469 2982 524 illaasa
3001 471 3334 541 permansit.
3369 472 3491 528 Hec
3520 488 3627 528 au-

1991 565 2126 616 .tem
2143 559 2398 614 videntes
2426 558 2508 614 illi
2535 559 2738 614 fratres
2765 559 3099 628 timuerunt,
3124 565 3182 615 et
3214 561 3622 633 paenitentiam

2011 665 2202 704 coram
2228 649 2326 704 illo
2357 653 2616 720 egerunt,
2664 647 2936 705 habentes
2981 666 3110 705 eum
3148 651 3414 724 deinceps
3465 651 3627 708 velut

2012 744 2258 812 patrem.

2079 829 2167 886 87.
2198 830 2586 901 Interrogatus
2613 833 2700 884 est
2727 845 2914 898 senex,
2948 830 3228 902 quomodo
3259 831 3496 903 quidam
3529 830 3627 888 di-

2011 926 2204 975 cerent
2229 920 2420 975 videre
2446 937 2507 975 se
2545 923 2837 992 aspectum
2863 920 3196 990 angelorum
3225 939 3237 989 ;
3281 925 3341 976 et
3381 937 3628 994 respon-

2015 1007 2100 1062 dit
2115 1009 2342 1066 dicens:
2378 1009 2594 1064 Beatus
2611 1012 2698 1064 est
2721 1009 2816 1080 qui
2859 1014 3150 1081 peccatum
3196 1026 3364 1066 suum
3396 1027 3634 1084 semper

2013 1098 2184 1154 videt.

2082 1185 2174 1244 88.
2205 1188 2403 1244 Frater
2436 1187 2640 1262 aliquis
2668 1187 3108 1244 contristabatur
3133 1189 3402 1245 adversus
3429 1189 3614 1246 alium

2008 1276 2244 1333 fratrem
2269 1296 2282 1346 ;
2316 1278 2466 1350 quod
2485 1277 2722 1333 audiens
2757 1278 2852 1332 ille
2871 1279 3026 1334 venit
3047 1278 3371 1334 satisfacere
3396 1279 3468 1334 ei.
3505 1279 3612 1335 Ille

2007 1373 2198 1422 autem.
2219 1384 2332 1422 non
2344 1367 2570 1440 aperuit
2589 1367 2641 1422 ei
2656 1367 2864 1423 ostium
2882 1368 3035 1424 cella:
3045 1385 3180 1424 suae.
3202 1369 3460 1424 Perrexit
3475 1385 3624 1440 ergo

2010 1456 2104 1511 ille
2133 1457 2204 1512 ad
2243 1459 2546 1530 quemdam
2574 1473 2787 1524 senem,
2819 1462 2877 1512 et
2903 1458 3045 1513 dixit
3091 1458 3146 1513 ei
3171 1473 3441 1514 causam:
3473 1457 3626 1514 Vide

2009 1562 2082 1600 ne
2112 1546 2274 1618 quasi
2305 1547 2523 1620 justam
2566 1547 2777 1602 habeas
2806 1563 3036 1603 causam
3063 1547 3215 1620 apud
3243 1547 3620 1620 semetipsum

2011 1635 2084 1690 in-
2101 1636 2269 1690 corde
2289 1641 2410 1704 tuo,
2430 1642 2703 1709 tanquam
2721 1638 3050 1709 culpaturus
3073 1637 3308 1692 fratrem
3335 1642 3524 1704 tuum,
3553 1640 3628 1691 ut

329 1729 501 1802 ipsos,
517 1732 821 1804 perdamus
835 1731 1155 1786 mercedem
1172 1736 1370 1798 σπι)
1381 1738 1654 1788 nostram.
1670 1735 1930 1806 Propter-
1946 1749 1992 1810 Β
2017 1725 2177 1796 quasi
2226 1725 2388 1781 illum
2425 1727 2826 1798 reprehendaS,
2858 1732 2917 1782 et
2941 1727 3186 1799 teipsum
3229 1727 3530 1799 justiﬁwS,
3558 1731 3626 1782 et

324 1835 395 1875 ea
424 1837 557 1892 ergo
590 1821 966 1892 relinquimur
979 1829 1080 1892 per
1097 1821 1391 1877 intervalla
1410 1827 1732 1894 temporum
1747 1824 1924 1878 semel

333 1909 414 1964 sic
441 1909 697 1966 sordidas
721 1909 1096 1980 cogitationes
1127 1926 1434 1980 assumere,
1459 1917 1526 1966 ut
1550 1929 1678 1966 cum
1704 1913 1932 1968 easdem

327 1997 698 2070 cogitationes
716 1999 1040 2072 aspicimus,
1083 2001 1459 2072 nosmetipsos
1475 2002 1688 2073 judicio
1700 2003 1928 2074 proprio

327 2087 788 2144 condemnemus.
813 2089 904 2145 Eae
919 2089 1072 2144 enim
1091 2090 1465 2160 cogitationes
1493 2089 1646 2164 ipsae,
1671 2093 1928 2148 velamen

328 2182 465 2234 sunt
475 2177 653 2249 ipsius
673 2177 880 2234 modici
900 2177 1033 2233 boni
1059 2178 1264 2250 operis.
1285 2180 1521 2244 Quando
1540 2185 1732 2236 autem
1760 2181 1930 2236 homo

327 2265 579 2338 seipsum
599 2271 842 2334 accusat,
875 2283 989 2322 non
1013 2267 1201 2340 perdit
1218 2267 1532 2324 mercedem
1563 2283 1743 2324 suam.

393 2353 487 2412 81.
519 2355 674 2411 Dixit
699 2355 1131 2428 quidamisenex
1155 2356 1345 2424 {Quia
1371 2357 1494 2412 volo
1526 2357 1708 2429 magis
1733 2358 1924 2414 doceri

327 2459 502 2516 quam
528 2444 747 2500 docere.
783 2447 927 2501 Item
954 2445 1122 2500 dixit:
1153 2446 1280 2501 Non
1299 2445 1502 2502 doceas
1519 2450 1655 2503 ante
1677 2452 1920 2520 tempus,

323 2532 576 2606 alioquin
602 2534 757 2590 omni
782 2540 1038 2606 tempore
1065 2534 1190 2590 vitae
1221 2541 1333 2590 tua:
1363 2535 1735 2592 minoraberis
1758 2537 1922 2592 intel-

329 2621 502 2683 iectu.

397 2711 488 2768 82.
519 2711 904 2784 interrogatus
928 2717 1016 2768 est
1044 2713 1275 2786 quidam
1301 2729 1504 2770 senex:
1529 2713 1674 2780 Quid
1705 2721 1792 2771 est
1818 2715 1927 2771 hu-

325 2801 580 2858 militas?
617 2803 689 2857 Et
727 2803 1074 2874 respondens
1093 2802 1270 2858 dixit:
1303 2803 1608 2860 Humilitas
1658 2821 1930 2878 magnum

329 2906 472 2964 opus
499 2897 589 2947 est
615 2896 673 2946 et
691 2891 970 2947 divinum:
1003 2892 1096 2948 via
1111 2897 1303 2948 autem
1324 2893 1661 2948 humilitatis
1683 2895 1800 2950 haec
1819 2900 1924 2963 est,

327 2986 398 3036 ut
439 2979 659 3036 labores
691 2983 1008 3054 corporales
1042 2983 1256 3038 assumi
1289 2981 1550 3051 debeant,
1591 2989 1650 3038 et
1684 2983 1930 3041 ascribat

2013 1819 2313 1886 pmpterea
2339 1831 2452 1870 non
2493 1815 2747 1887 tetigerit
2773 1817 2922 1872 Deus
2972 1833 3068 1871 cor
3097 1817 3239 1887 ejus,
3276 1821 3344 1872 ut
3364 1815 3624 1888 apem

2010 1903 2128 1958 tibi.
2158 1905 2567 1961 Verumtamen
2603 1906 2708 1961 hoc
2735 1911 2822 1960 est
2855 1907 3006 1978 quod
3033 1906 3158 1961 dico
3187 1905 3310 1973 tibi,
3345 1911 3414 1961 ut
3451 1907 3542 1961 vel
3563 1904 3618 1960 si

2009 1993 2105 2048 ille
2128 1995 2379 2064 peccavit
2395 1995 2454 2050 in
2472 2000 2548 2062 te,
2582 2011 2728 2066 pone
2755 1995 2816 2050 in
2843 1995 3010 2050 corde
3035 2000 3154 2062 tuo,
3191 1997 3324 2067 quia
3341 2001 3408 2051 tu
3436 1995 3498 2052 in
3520 1995 3626 2051 illo

2010 2085 2343 2154 peccaveris,
2377 2090 2436 2140 et
2471 2085 2704 2141 fratrem
2731 2090 2895 2141 tuum
2917 2085 3188 2157 justiﬁca,
3221 2090 3280 2140 et
3303 2090 3441 2141 tunc
3459 2085 3622 2142 Deus

2010 2173 2110 2228 dat
2129 2173 2190 2228 in
2217 2175 2384 2229 corde
2394 2175 2546 2230 illius
2567 2176 2909 2231 concordare
2921 2181 3107 2230 tecum
3131 2195 3145 2244 ;
3175 2181 3235 2230 et
3259 2175 3514 2230 narravit
3531 2175 3619 2231 illi

2010 2263 2330 2334 exemplum
2339 2264 2472 2332 tale,
2489 2264 2682 2320 dicens
2706 2283 2718 2318 :
2745 2265 2868 2320 Duo
2883 2264 3114 2336 quidam
3132 2271 3296 2320 erant
3312 2265 3616 2321 saeculares

2006 2352 2274 2424 religiosi,
2327 2358 2385 2408 et
2437 2354 2820 2426 colloquentes
2855 2371 3047 2410 secum
3085 2354 3296 2426 egressi
3344 2359 3500 2423 sunt,
3560 2359 3626 2410 et

2007 2440 2140 2496 facti
2185 2446 2320 2498 sunt
2361 2444 2621 2499 monachi
2650 2461 2661 2498 :
2684 2444 3102 2502 aemulationem
3121 2449 3313 2500 autem
3331 2443 3619 2500 habentes

2008 2531 2157 2586 vocis
2183 2532 2534 2604 evangelicae,
2567 2532 2664 2588 sed
2691 2549 2806 2588 non
2834 2533 3146 2589 secundum
3174 2533 3492 2601 scientiam,
3517 2549 3622 2590 ca-

2011 2624 2333 2677 straverunt
2343 2639 2403 2677 se
2423 2623 2584 2694 quasi
2604 2627 2836 2695 propter
2850 2639 3027 2694 regna
3041 2623 3329 2679 caelorum.
3357 2623 3620 2679 Audiens

2013 2715 2204 2766 autem
2236 2712 2706 2784 archiepiscopus,
2737 2712 3238 2768 excommunicavit
3258 2729 3386 2780 eos;
3408 2712 3493 2767 illi
3519 2729 3624 2768 au-

2011 2803 2128 2855 tem
2172 2805 2437 2874 putantes
2465 2802 2600 2873 quia
2646 2800 2789 2857 bene
2829 2801 3108 2870 fecissent,
3151 2801 3430 2874 indignati
3477 2805 3622 2858 sunt

2013 2893 2214 2944 contra
2242 2905 2393 2958 eum,
2425 2889 2703 2946 dicentes:
2737 2891 2853 2946 Nos
2881 2896 3314 2962 propterregna
3341 2890 3620 2946 ccelorum

2015 2980 2384 3034 castravimus
2399 2996 2519 3044 nos,
2537 2985 2594 3034 et
2612 2979 2703 3034 hic
2719 2979 3220 3036 excommunicavit
3242 2979 3384 3034 nos?
3403 2980 3620 3036 Eamus
3732 3027 3741 3032 _

336 3069 586 3142 seipsum
616 3071 781 3126 homo
805 3077 1176 3142 peccatorem,
1210 3075 1268 3126 et
1294 3077 1468 3144 ponat
1501 3090 1562 3128 se
1599 3073 1917 3146 subjectum
1946 3073 1991 3136 C.
2011 3073 2070 3123 et
2101 3069 2528 3142 interpellemus
2555 3070 2822 3124 adversus
2854 3085 2986 3124 eum
3012 3069 3620 3142 Jerosolymitanorum

333 3159 616 3216 omnibus.
636 3159 707 3214 Et
729 3159 868 3215 dixit
894 3160 1099 3216 frater:
1153 3161 1301 3226 Quid
1341 3166 1427 3216 est
1457 3177 1578 3218 esse
1609 3162 1928 3235 subjectum
2011 3158 2513 3231 archiepiscopum.
2541 3158 2830 3214 Abeuntes
2855 3175 2990 3230 ergo
3004 3159 3394 3215 indicaverunt
3422 3159 3475 3214 ei
3493 3175 3622 3215 om-

325 3248 587 3305 omuibus
608 3249 633 3302 ?
659 3249 971 3320 Respondit
989 3265 1163 3306 senex
1187 3268 1200 3303 :
1223 3250 1341 3305 Hoc
1361 3255 1448 3306 est
1461 3267 1584 3306 esse
1604 3250 1924 3324 subjectum
2011 3247 2124 3302 nia.
2156 3248 2226 3302 Et
2238 3247 2378 3303 dixit
2397 3247 2481 3304 eis
2509 3248 2966 3320 archiepisCOpus
2987 3248 3520 3321 Jerosolymitanus:
3545 3249 3621 3306 Et

327 3337 606 3406 omnibus,
635 3343 700 3392 ut
721 3354 834 3393 non
863 3339 1120 3394 attendat
1147 3338 1273 3411 quis
1315 3339 1501 3396 aliena
1535 3345 1782 3412 peccata,
1831 3343 1931 3398 sed
2015 3353 2118 3408 ego
2147 3353 2245 3392 vos
2289 3337 2728 3394 excommunico.
2759 3338 2840 3393 Ex
2881 3353 2993 3409 quo
3035 3337 3244 3393 iterum
3291 3337 3619 3395 contristati

331 3443 438 3484 sua
461 3443 688 3500 semper
729 3427 986 3500 aspiciat,
1036 3433 1094 3484 et
1135 3429 1467 3501 deprecetur
1500 3431 1621 3486 sine
1650 3431 1934 3487 intermis-
2013 3425 2276 3482 abierunt
2301 3425 2361 3483 in
2384 3427 2741 3482 Antiochiam
2753 3427 2824 3482 ad
2835 3426 3334 3499 archiepiscopum,
3369 3433 3429 3482 et
3455 3426 3614 3483 dixe-

331 3517 491 3573 sione
517 3517 721 3572 Deum.
2011 3521 2148 3573 runt
2171 3517 2224 3571 ei
2247 3517 2437 3572 omnia
2465 3533 2589 3589 quae
2613 3517 2760 3572 facta
2778 3516 3006 3572 fuerant
3027 3517 3174 3572 circa
3202 3534 3280 3573 se.
3309 3517 3380 3573 Et
3407 3517 3506 3573 ille
3533 3517 3620 3574 si-

400 3605 902 3678 83.1nterrogabat
918 3606 1152 3679 quidam
1165 3607 1205 3662 fl
1217 3613 1342 3664 ater
1361 3625 1574 3678 senem,
1593 3610 1801 3667 dicens:
1829 3611 1931 3668 Dic
2013 3605 2222 3661 militer
2247 3605 2744 3661 excommunicavit
2769 3622 2884 3662 eos.
2904 3606 2975 3660 Et
2991 3606 3256 3662 dixerunt
3283 3607 3355 3662 ad
3372 3607 3614 3680 seipsos:

331 3695 474 3752 mihi
483 3712 657 3752 unam
671 3713 814 3766 rem,
833 3713 1004 3768 quam
1023 3697 1356 3765 custodiam,
1384 3703 1443 3753 et
1458 3699 1636 3754 vivam
1667 3716 1925 3772 peream.
2013 3695 2219 3752 Eamus
2244 3697 2484 3752 Romam
2497 3696 2570 3750 ad
2589 3695 2986 3768 patriarcham,
3017 3701 3076 3752 et
3093 3696 3214 3769 ipse
3240 3712 3346 3752 nos
3367 3697 3620 3753 vindica-

331 3785 404 3841 Et
419 3785 560 3840 dixit
587 3785 640 3840 ei
669 3802 876 3842 senex:
913 3785 972 3840 Si
996 3786 1247 3858 potueris
1289 3787 1688 3843 contumeliam
1717 3789 1836 3860 pati
1873 3796 1932 3846 et
1968 3835 1992 3847 _
2014 3786 2095 3843 bit
2117 3787 2186 3842 de
2214 3786 2474 3843 omnibus
2491 3786 2635 3845 istis.
2665 3786 2942 3843 Abierunt
2961 3804 3096 3860 ergo
3124 3788 3500 3844 adsummum
3520 3805 3618 3846 ar-

330 3873 632 3942 sustinere,
665 3889 939 3944 magnum
951 3879 1038 3929 est
1051 3875 1172 3942 hoc,
1194 3880 1254 3930 et
1273 3891 1443 3947 super
1463 3893 1660 3932 omnes
1688 3878 1927 3935 virtutes
2015 3877 2432 3948 chiepiscopum
2453 3878 2720 3932 Romanae
2748 3877 3010 3946 civitatis,
3042 3881 3100 3933 et
3127 3885 3536 3950 suggesserunt
3556 3879 3612 3936 ei

335 3963 523 4031 (Ruf/2,
556 3966 593 4018 ι.
627 3976 714 4032 III,
745 3979 806 4017 η.
839 3963 952 4033 85).
2011 3983 2136 4038 qua:
2164 3966 2412 4022 fecerant
2435 3966 2516 4022 eis
2545 3966 3280 4040 memoratiarchiepiscopi,
3312 3967 3564 4024 dicentes
3593 3985 3610 4024 :

400 4052 494 4109 84.
523 4051 677 4107 Dixit
701 4061 871 4108 senex
899 4070 911 4106 :
944 4051 1052 4118 Qui
1077 4057 1464 4126 contemptum
1495 4061 1552 4112 et
1563 4056 1834 4130 injuriam
1863 4063 1921 4114 et

333 4139 607 4198 damnum
635 4142 917 4214 patienter
943 4142 1070 4210 fert,
1105 4148 1291 4215 potest
1318 4145 1504 4201 salvus
1533 4163 1676 4205 esse.

401 4233 494 4290 85.
537 4231 691 4286 Dixit
735 4249 904 4287 senex
939 4232 1200 4288 cuidam:
1248 4234 1375 4290 Non
1413 4234 1622 4291 habeas
1667 4237 1929 4293 notitiam

327 4337 459 4378 cum
483 4320 704 4389 abbate,
746 4337 930 4394 neque
949 4321 1274 4394 frequenter
1300 4324 1577 4396 adjungas
1606 4330 1664 4381 te
1679 4327 1730 4382 ei
1753 4346 1765 4396 ;
1790 4345 1924 4400 quo-

331 4411 486 4468 niam
513 4400 712 4466 ex'hoc
740 4411 1005 4466 ﬁduciam
1031 4429 1241 4480 sumes,
1266 4417 1324 4468 et
1350 4413 1672 4471 desiderare
1693 4416 1927 4489 incipies

330 4505 398 4558 ut
419 4505 614 4556 teneas
657 4499 829 4556 etiam
855 4499 976 4572 ipse
1004 4501 1330 4573 primatum.

400 4589 492 4649 86.
517 4590 716 4645 Frater
735 4590 966 4662 quidam
989 4595 1111 4646 erat
1131 4591 1191 4645 in
1210 4594 1660 4665 congregatione,
1683 4601 1740 4650 et
1759 4612 1926 4652 omne

329 4679 550 4754 pondus
579 4679 728 4752 quod
756 4678 1024 4735 fratribus
1045 4679 1392 4750 imminebat,
1425 4682 1544 4754 ipse
1565 4685 1924 4758 suscipiebat,

325 4768 481 4825 itaut
493 4786 554 4824 se
573 4769 818 4824 etiamin
837 4768 1204 4824 fornicatione
1221 4776 1512 4826 accusaret
1529 4773 1734 4845 (Rufri,
1769 4776 1810 4828 ι.
1835 4789 1916 4842 ΙΙΙ,

329 4873 393 4914 η.
409 4856 500 4916 29.
514 4856 1030 4930 nomineEulalii).
1050 4859 1292 4924 Quidam
1311 4865 1502 4916 autem
1514 4861 1928 4934 fratrumigno-

331 4949 524 5001 rantes
556 4953 712 5002 actus
753 4950 896 5020 ejus,
939 4955 1230 5020 coeperunt
1259 4966 1615 5006 murmurare
1659 4953 1926 5010 adversus

333 5051 484 5104 eum,
511 5035 789 5092 dicentes:
823 5037 1048 5102 Quanta
1070 5039 1222 5094 mala
1240 5039 1374 5095 facit
1399 5040 1490 5096 hic
1518 5046 1575 5096 et
1603 5058 1705 5097 nec
1733 5059 1928 5114 opera-

331 5125 463 5182 tur?
485 5123 674 5180 Abbas
714 5127 909 5182 sciens:
935 5145 1057 5200 quae
1085 5129 1308 5202 agebat,
1341 5131 1562 5186 dicebat
1607 5133 1878 5189 fratribus
1909 5153 1922 5188 :

332 5215 474 5271 Volo
503 5229 676 5269 unam
703 5217 1003 5271 mattulam
1029 5218 1192 5274 istius
1218 5236 1348 5275 cum
1378 5221 1718 5289 humilitate,
1754 5239 1926 5294 quam

331 5321 529 5360 omnes
556 5307 767 5358 vestras
793 5321 922 5359 cum
941 5307 1222 5378 superbia.
1247 5309 1316 5364 Et
1337 5314 1402 5364 ut
1431 5311 1845 5367 demonstraret
1860 5329 1926 5366 ex

329 5395 434 5452 Dei
444 5392 657 5466 judicio
682 5393 864 5464 qualis
880 5399 1034 5450 esset
1047 5395 1220 5452 frater
1239 5398 1353 5466 ille,
1378 5400 1570 5456 attulit
1589 5401 1779 5456 omnia
1803 5418 1925 5473 quae

331 5483 550 5558 cperati
575 5482 800 5538 fuerant
826 5481 910 5538 illi
945 5483 1165 5554 fratres,
1199 5491 1258 5542 et
1283 5494 1523 5545 mattam
1559 5491 1682 5561 ejus
1711 5491 1780 5546 de
1813 5507 1922 5563 quo

333 5573 732 5652 querebantur,
769 5577 826 5630 et
855 5573 1109 5631 accendit
1128 5576 1342 5648 ignem,
1374 5583 1432 5635 et
1459 5579 1692 5652 jactavit
1711 5580 1772 5636 in
1801 5597 1926 5637 me-

2007 4056 2280 4111 Venimus
2311 4056 2384 4111 ad
2412 4060 2490 4123 te,
2524 4056 2659 4128 quia
2678 4060 2741 4112 tu
2757 4073 2816 4112 es
2841 4060 3010 4128 caput
3035 4057 3310 4112 omnium.
3338 4058 3488 4114 Dicit
3513 4075 3618 4115 au-

2009 4149 2128 4200 tem
2150 4145 2232 4200 eis
2260 4149 2317 4200 et
2342 4145 2492 4216 ipse:
2528 4145 2644 4216 Ego
2661 4162 2756 4201 vos
2783 4146 3232 4214 excommunico,
3253 4151 3311 4202 et
3329 4148 3616 4220 segregati

2010 4235 2165 4291 estis.
2201 4235 2358 4290 Tunc
2377 4234 2702 4292 defecerunt
2727 4235 3196 4292 excommunicati
3222 4237 3400 4292 totius
3431 4239 3616 4295 ratio-

2009 4324 2117 4393 nis,
2150 4327 2208 4379 et
2234 4324 2500 4380 dixerunt
2524 4325 2596 4380 ad
2623 4325 2974 4398 semetipsos:
3004 4326 3106 4381 Isti
3133 4327 3382 4398 episcopi
3402 4326 3512 4384 sibi
3527 4327 3617 4384 in-

2011 4413 2189 4470 vicem
2217 4413 2477 4469 deferunt
2504 4420 2562 4469 et
2589 4415 2964 4482 consentiunt,
2998 4421 3230 4488 propter
3243 4416 3394 4488 quod
3421 4416 3484 4472 in
3506 4418 3616 4492 Sy-

2010 4504 2172 4560 nodis
2198 4508 2620 4575 congregantur
2647 4523 2660 4574 ;
2682 4504 2781 4559 sed
2810 4520 3006 4560 eamus
3025 4505 3098 4560 ad
3119 4505 3282 4560 illum
3303 4506 3488 4562 virum
3508 4507 3614 4564 Dei

2011 4599 2270 4649 sanctum
2305 4593 2680 4666 Epiphanium
2694 4593 3018 4666 episcopum
3041 4595 3111 4650 de
3131 4595 3316 4668 Cypro
3327 4596 3463 4668 quia
3487 4612 3618 4670 pro-

2011 4683 2184 4756 pheta
2211 4687 2316 4750 est,
2351 4687 2410 4736 et
2437 4699 2742 4755 personam
2771 4682 3016 4739 hominis
3053 4700 3168 4739 non
3197 4685 3424 4757 accipit.
3469 4686 3614 4742 Cum

2010 4777 2202 4830 autem
2231 4772 2749 4845 apprOpinquarent
2774 4772 2988 4828 civitati
3013 4773 3138 4845 ejus
3169 4775 3485 4831 revelatum
3523 4781 3613 4833 est

2010 4863 2062 4918 ei
2080 4863 2150 4918 de
2169 4862 2304 4934 ipsis
2325 4881 2340 4930 ;
2364 4867 2422 4917 et
2445 4862 2677 4917 mittens
2704 4862 2766 4918 in
2778 4878 3076 4918 occursum
3105 4880 3305 4919 eorum
3335 4864 3508 4920 dixit:
3526 4866 3615 4923 Ne

2008 4952 2232 5007 intretis
2250 4951 2532 5028 civitatem
2558 4951 2746 5006 istam.
2777 4952 2934 5007 Tunc
2961 4951 3044 5007 illi
3059 4951 3117 5007 in
3131 4969 3195 5008 se
3205 4953 3435 5022 reversi,
3461 4953 3619 5011 dixe-

2010 5045 2147 5096 runt
2179 5059 2190 5094 :
2222 5042 2331 5112 Pro
2359 5040 2594 5096 veritate
2623 5057 2728 5096 nos
2759 5041 3064 5114 culpabiles
3108 5058 3339 5111 sumus;
3363 5048 3432 5098 ut
3474 5045 3613 5117 quid

2011 5147 2146 5202 ergo
2175 5146 2278 5186 nos
2299 5130 2450 5203 ipsos
2473 5129 2888 5202 justificamus?
2907 5132 3016 5187 Fac
3045 5131 3215 5186 etiam
3244 5132 3378 5204 quia
3405 5133 3492 5189 illi
3521 5135 3616 5191 in-

2005 5221 2160 5292 juste
2181 5237 2284 5276 nos
2305 5219 2945 5288 excommunicaverunt,
2967 5221 3224 5293 nunquid
3257 5228 3317 5276 et
3339 5223 3450 5278 iste
3477 5240 3616 5295 pro-

2009 5310 2182 5382 pheta
2197 5310 2223 5364 ?
2245 5326 2370 5364 ecce
2398 5309 2549 5364 enim
2568 5309 2718 5364 Deus
2741 5309 3008 5365 revelavit
3037 5310 3090 5365 ei
3115 5311 3183 5366 de
3208 5309 3392 5366 nobis.
3415 5311 3490 5368 Et
3515 5329 3610 5369 re-

2009 5399 2429 5473 prehenderunt
2445 5399 2777 5472 semetipsos
2805 5399 2966 5455 valde
2985 5400 3056 5456 de
3085 5400 3249 5472 culpa
3269 5417 3445 5472 quam
3471 5402 3618 5458 fece~

2008 5495 2164 5546 runt.
2191 5490 2349 5546 Tunc
2375 5489 2570 5545 videns
2596 5493 2794 5557 630
2825 5489 2924 5562 qui
2955 5490 3126 5546 corda
3153 5489 3310 5546 novit
3339 5491 3475 5564 quia
3503 5507 3612 5565 pro

2011 5579 2244 5638 veritate
2271 5597 2332 5638 se
2371 5577 2677 5653 culpabiles
2706 5565 2976 5650 fecerant,
3029 5579 3294 5638 revelavit
3338 5580 3606 5657 episcopo
