3964 6206
308 289 416 346 969
1603 293 1844 349 VERBA
1882 294 2272 352 SENIORUM.
3491 291 3597 352 970

309 416 640 490 Epiphanio.
667 417 736 473 Et
764 417 913 474 ultro
935 417 1088 474 misit
1118 423 1175 474 et
1201 419 1434 475 adduxit
1463 437 1577 487 eos,
1610 427 1665 475 et
1695 438 1893 476 conso-
1911 425 1962 484 A
1979 423 2113 479 dicit
2141 423 2192 478 ei
2223 423 2378 478 :Jam
2401 420 2530 476 nolo
2553 420 2799 476 vendere
2821 418 3080 485 Codicem
3104 418 3596 492 istum.Compun-

313 506 462 561 latus
491 523 604 572 eos,
619 507 866 579 suscepit
889 507 948 562 in
973 509 1444 566 communionem.
1467 509 1701 582 Scripsit
1728 511 1918 582 itaque
2001 519 2124 568 ctus
2147 518 2339 567 autem
2369 511 2522 566 venit
2552 510 2622 565 ad
2650 527 2842 565 senem
2890 509 3280 581 poenitentiam
3315 526 3506 581 agens,
3541 517 3598 565 et

313 595 384 650 de
415 596 504 650 his
536 595 954 669 archiepiscOpo
982 598 1350 666 Alexandriae,
1387 599 1578 653 dicens
1630 616 1641 650 :
1687 600 1918 671 Suscipe
2000 620 2207 673 rogans
2223 619 2352 658 eum
2370 607 2436 656 ut
2465 601 2741 672 reciperet
2770 600 3051 666 Codicem,
3085 615 3254 654 senex
3281 605 3470 654 autem
3501 616 3600 655 no-

313 685 460 740 filios
470 687 891 756 tuos,quoniam
914 687 972 741 in
986 687 1221 743 veritate
1242 688 1634 760 paenitentiam
1656 695 1911 760 egerunt.
1999 693 2152 748 lebat
2181 693 2431 764 accipere
2445 708 2594 746 eum.
2615 691 2772 745 Tunc
2792 689 2997 743 dixitei
3018 689 3221 743 frater:
3257 689 3398 753 Quia
3417 688 3461 743 si
3485 705 3599 745 non

315 774 386 829 Et
412 774 631 829 addidit
659 792 828 831 senex
857 776 953 847 qui
979 777 1083 832 hoc
1107 779 1424 848 exemplum
1450 784 1799 842 narraverat,
1826 779 1916 832 di-
1998 783 2201 854 recipis
2230 799 2379 847 eum,
2416 797 2528 836 non
2561 796 2791 851 possum
2832 795 3064 833 securus
3093 795 3232 833 esse.
3268 779 3335 833 Et
3380 779 3521 832 dixit
3549 779 3601 833 ei

316 881 480 919 cens:
516 865 648 920 Haec
673 871 760 920 est
785 865 997 920 sanitas
1017 866 1283 934 hominis,
1307 873 1365 922 et
1381 867 1487 922 hoc
1517 873 1601 922 est
1631 869 1779 939 quod
1800 867 1919 922 vult
2000 889 2166 927 senex
2192 891 2204 926 :
2239 873 2298 927 Si
2327 889 2439 926 non
2463 875 2620 942 potes
2648 885 2769 923 esse
2794 885 3023 922 securus
3037 867 3147 921 nisi
3167 867 3452 938 recipiam,
3474 885 3600 922 ecce

317 954 490 1018 Deus,
520 960 586 1008 ut
615 955 784 1009 homo
813 956 1035 1027 culpam
1069 973 1229 1011 suam
1260 956 1518 1027 projiciat
1543 963 1674 1012 ante
1703 958 1908 1016 Deum.
1999 962 2208 1033 recipio
2232 977 2382 1016 eum.
2416 960 2486 1014 Et
2513 957 2785 1013 remansit
2814 958 2990 1011 frater
3010 957 3103 1011 ille
3120 957 3407 1028 apudeum
3422 974 3601 1029 usque

314 1044 446 1098 Haec
473 1061 603 1099 cum
632 1044 883 1099 audisset
911 1045 1104 1112 frater,
1143 1045 1275 1100 fecit
1323 1046 1632 1101 secundum
1684 1046 1918 1101 verbum
2002 1051 2072 1104 ad
2111 1052 2322 1105 exitum
2353 1066 2537 1113 suum,
2570 1047 2868 1119 proﬁciens
2897 1047 2966 1100 de
2985 1046 3258 1117 patientia
3276 1047 3446 1101 senis.

317 1134 489 1199 senis,
516 1140 572 1188 et
601 1150 840 1205 pergens
857 1135 1101 1206 pulsavit
1116 1135 1324 1190 ostium
1352 1125 1578 1203 fratris;
1613 1136 1706 1190 ille
1728 1142 1920 1191 autem

319 1238 450 1277 mox
479 1229 542 1278 ut
563 1224 740 1278 sensit
765 1239 913 1289 eum,
948 1224 1105 1295 prius
1135 1225 1284 1295 apud
1309 1224 1470 1278 illum
1494 1223 1718 1279 deintus
1747 1225 1920 1296 Ρατηί-

318 1311 554 1367 tentiam
573 1313 767 1384 gessit,
783 1314 1117 1384 aperuitque
1146 1314 1338 1368 statim
1356 1313 1587 1377 ostium,
1603 1319 1659 1368 et
1681 1315 1919 1368 osculati

321 1407 456 1456 sunt
481 1419 541 1456 se
567 1402 803 1458 invicem
818 1419 885 1458 ex
907 1403 1114 1469 animo,
1132 1409 1187 1458 et
1207 1403 1355 1458 facta
1377 1409 1462 1460 est
1478 1403 1626 1459 inter
1653 1409 1921 1476 utrosque

328 1508 436 1563 pax
469 1509 738 1548 maxnna.

2073 1140 2125 1194 2.
2160 1141 2362 1194 Factus
2393 1144 2478 1193 est
2508 1137 2814 1209 aliquando
2858 1140 3164 1190 conventus
3207 1136 3266 1189 in
3296 1137 3463 1190 Cellis
3501 1152 3602 1207 pro

2002 1246 2172 1284 causa
2197 1229 2525 1300 quadam,et
2542 1228 2764 1281 locutus
2783 1231 2868 1280 est
2881 1225 3104 1296 quidam
3119 1224 3290 1278 abbas
3311 1225 3600 1295 Evagrius,

2003 1323 2061 1374 et
2082 1318 2221 1373 dixit
2249 1317 2299 1372 ei
2322 1318 2617 1389 presbyter
2646 1315 3115 1370 monasteriorum
3150 1333 3161 1368 :
3201 1314 3440 1380 Scimus,
3463 1313 3607 1368 abba

2008 1409 2230 1478 Evagri,
2266 1408 2398 1478 quia
2428 1407 2474 1461 si
2505 1423 2654 1461 esses
2684 1406 2740 1458 in
2773 1404 2956 1475 patria
2985 1409 3105 1473 tua,
3133 1403 3276 1458 forte
3326 1407 3426 1457 aut
3454 1403 3606 1474 epis-

2010 1515 2180 1568 copus
2208 1497 2414 1562 fueras,
2450 1500 2549 1549 aut
2577 1495 2884 1550 multorum
2905 1499 3104 1564 caput;
3138 1509 3287 1547 nunc
3307 1498 3498 1546 autem
3516 1491 3608 1546 hic

395 1578 485 1636 89.
508 1581 631 1636 Duo
653 1581 1037 1653 monachi,qui
1060 1587 1221 1636 erant
1240 1581 1410 1636 etiam
1427 1582 1680 1636 carnales
1699 1581 1919 1646 fratres,
2008 1587 2161 1641 velut
2192 1585 2519 1657 peregrinus
2549 1601 2629 1638 es.
2664 1584 2764 1638 llle
2785 1599 2915 1637 vero
2932 1587 3321 1654 compunctus,
3342 1598 3453 1636 non
3478 1582 3604 1652 qui-

322 1668 656 1726 habitabant
671 1670 859 1738 simul,
875 1676 932 1726 et
954 1669 1174 1726 volebat
1193 1670 1449 1725 diabolus
1467 1687 1728 1742 separare
1745 1688 1840 1726 eos
1858 1671 1927 1725 ab
2011 1676 2139 1730 dem
2167 1674 2520 1730 turbulenter
2549 1673 2763 1744 aliquid
2786 1673 3094 1743 respondit,
3127 1671 3223 1726 sed
3263 1687 3490 1725 movens
3512 1689 3607 1725 ca-

322 1759 560 1814 invicem
589 1762 779 1828 (Ruth
813 1763 852 1818 ι.
886 1775 968 1826 In,
1005 1777 1063 1815 η.
1096 1759 1208 1824 18).
1245 1760 1430 1814 Semel
1469 1776 1602 1831 ergo
1625 1777 1790 1827 unus,
1827 1746 1985 1832 quiB
2007 1771 2126 1837 put,
2158 1764 2573 1836 respiciensque
2616 1763 2674 1816 in
2720 1768 2952 1827 terram,
2987 1761 3164 1832 digito
3208 1759 3506 1826 scribebat,
3547 1767 3606 1815 et

327 1855 451 1904 erat
483 1850 669 1904 minor
698 1853 881 1916 aetate,
915 1849 1165 1904 incendit
1192 1849 1500 1916 lucernam,
1522 1855 1578 1904 et
1597 1850 1784 1920 posuit
1799 1866 1922 1904 eam
2007 1854 2145 1909 dixit
2164 1855 2244 1908 eis
2276 1873 2286 1908 :
2318 1855 2530 1908 Revera
2547 1852 2627 1906 ita
2642 1857 2744 1917 est,
2770 1853 2966 1905 Patres
2992 1857 3412 1904 :verumtamen
3431 1851 3603 1905 semel

328 1955 501 2010 super
527 1937 948 1994 candelabrum.
970 1932 1126 1994 Fecit
1145 1944 1335 1993 autem
1358 1955 1530 2010 opera
1559 1956 1662 1993 sua
1680 1939 1920 2005 daemon,
2006 1944 2226 1999 locutus
2255 1960 2400 2010 sum,
2433 1943 2493 1997 in
2521 1940 2823 2013 Scripturis
2852 1957 2982 1995 vero
3024 1939 3268 1995 secundo
3297 1939 3438 1994 nihil
3470 1938 3610 2011 adji-

330 2035 387 2082 et
414 2027 614 2082 evertit
639 2027 1065 2083 candelabrum:
1092 2033 1434 2099 quapropter
1450 2027 1648 2082 cecidit
1661 2044 1787 2082 eum
1810 2044 1925 2082 ma-
2007 2034 2169 2089 ciam.

321 2117 416 2188 jor
437 2117 750 2172 fratercum
780 2116 882 2172 ira.
900 2117 1000 2172 Ille
1022 2133 1151 2171 vero
1173 2117 1563 2189 paenitentiam
1576 2117 1706 2187 egit,
1734 2117 1924 2171 dicens

326 2206 379 2261 ei
411 2226 424 2260 :
455 2206 610 2261 Habe
626 2206 958 2278 patientiam
977 2206 1034 2261 in
1053 2206 1362 2274 me,frater,
1384 2211 1440 2262 et
1457 2206 1662 2261 iterum
1683 2207 1924 2260 accendo

326 2312 472 2350 eam.
507 2297 575 2351 Et
606 2313 731 2352 ecce
759 2295 936 2350 virtus
952 2296 1175 2350 Domini
1190 2298 1361 2363 venit,
1382 2303 1438 2350 et
1454 2296 1926 2367 torquebatillum

325 2386 636 2440 daemonem
667 2403 844 2458 usque
873 2401 1055 2440 mane.
1072 2386 1303 2440 Daemon
1319 2393 1508 2441 autem
1530 2386 1807 2440 nuntiavit
1826 2402 1927 2440 suo

326 2475 564 2547 principi
595 2475 743 2547 quod
773 2475 981 2530 factum
1010 2474 1216 2530 fuerat.
1234 2476 1302 2530 Et
1320 2476 1535 2530 audivit
1553 2475 1810 2530 sacerdos
1831 2492 1928 2546 pa-

325 2581 609 2636 ganorum
635 2564 691 2619 id
724 2564 871 2636 quod
901 2564 1174 2620 retulerat
1201 2565 1440 2631 daemon,
1458 2570 1514 2618 et
1543 2581 1803 2636 egressus
1841 2565 1926 2618 fa-

324 2659 452 2709 ctus
467 2659 553 2709 est
580 2654 906 2721 monachus,
942 2659 999 2708 et
1025 2653 1095 2708 ab
1125 2653 1286 2709 initio
1319 2653 1695 2708 conversionis
1717 2670 1830 2707 suae
1849 2658 1928 2707 te-

325 2743 456 2799 nuit
486 2743 884 2808 humilitatem,
908 2743 1099 2798 dicens
1127 2761 1137 2797 :
1175 2743 1478 2798 Humilitas
1508 2743 1670 2797 solvit
1699 2759 1926 2796 omnem

323 2833 591 2887 virtutem
620 2832 852 2892 inimici.
877 2832 1025 2886 sicut
1045 2848 1148 2903 ego
1167 2831 1353 2886 audivi
1380 2849 1475 2886 eos
1494 2832 1807 2902 loquentes,
1840 2829 1928 2883 di-

325 2922 504 2976 cendo
539 2922 718 2986 :Quia
748 2921 972 2993 quando
1002 2921 1398 2993 perturbamus
1429 2921 1752 2985 monachos,
1788 2935 1926 2973 con-

323 3011 572 3066 vertitur
597 3027 744 3066 unus
774 3028 838 3066 ex
861 3011 962 3078 eis,
980 3016 1037 3065 et
1047 3011 1164 3083 agit
1177 3011 1589 3084 paenitentiam,
1614 3015 1671 3064 et
1689 3008 1930 3064 destruit

325 3117 552 3157 omnem
579 3102 845 3156 virtutem
873 3106 1145 3157 nostram.

614 3191 961 3248 LIBELLUS
999 3191 1315 3246 DECIMUS
1356 3191 1647 3246 SEXTUS.

932 3283 1005 3337 De
1029 3284 1327 3351 patientia.

397 3370 425 3426 1
439 3412 452 3424 .
482 3369 755 3427 Dicebant
771 3371 972 3427 fratres
993 3371 1061 3426 de
1082 3371 1282 3426 abbate
1305 3369 1688 3441 Gelasio,quia
1708 3367 1926 3424 habue-

325 3462 405 3516 rit
431 3461 692 3516 Codicem
720 3461 780 3516 in
809 3461 1151 3517 membranis
1174 3461 1456 3516 valentem
1498 3459 1706 3514 solidos
1737 3459 1929 3513 decem

329 3556 389 3605 et
411 3556 535 3605 octo
565 3552 718 3618 (Πιιῇ
737 3555 797 3616 ,l.
829 3565 912 3617 III,
936 3568 994 3606 η.
1024 3548 1111 3617 30,
1142 3554 1365 3605 nomine
1395 3548 1930 3618 AnastaSi-z').Conti-

327 3639 501 3695 nebat
526 3645 684 3695 vetus
715 3645 772 3695 et
795 3656 999 3695 novum
1020 3640 1445 3694 Testamentum
1461 3644 1642 3694 totum
1667 3657 1680 3705 ;
1712 3644 1769 3692 et
1787 3636 1930 3709 posi-

329 3733 424 3784 tus
453 3736 575 3784 erat
603 3729 787 3784 Codex
805 3728 924 3800 ipse
955 3729 1015 3783 in
1043 3728 1294 3794 ecclesia,
1322 3733 1386 3782 ut
1409 3727 1506 3799 qui
1535 3727 1700 3782 vellet
1727 3727 1795 3780 de
1822 3726 1931 3781 fra-

330 3817 512 3872 tribus
549 3820 780 3888 legeret.
819 3817 1230 3889 Superveniens
1259 3823 1448 3872 autem
1482 3817 1713 3888 quidam
1755 3814 1932 3870 frater

329 3907 663 3978 peregrinus
689 3906 958 3978 applicuit
988 3906 1059 3960 ad
1090 3923 1303 3974 senem,
1338 3912 1394 3962 et
1422 3906 1617 3961 videns
1669 3905 1930 3960 Codicem

330 3995 494 4052 illum
526 3996 843 4067 concupivit
871 4011 1019 4062 eum,
1055 4001 1112 4050 et
1138 3996 1356 4051 furatus
1393 4013 1522 4051 eum
1565 3995 1734 4050 exivit
1763 4002 1930 4066 atque

331 4085 607 4140 discessit.
638 4085 819 4139 Senex
845 4101 977 4140 vero
1007 4100 1118 4140 non
1149 4091 1235 4140 est
1263 4091 1492 4140 secutus
1521 4091 1650 4156 post
1700 4101 1826 4139 eum
1868 4091 1932 4138 ut

331 4174 836 4246 comprehenderet
863 4189 1012 4242 eum,
1043 4179 1239 4246 utpote
1271 4175 1366 4246 qui
1391 4175 1742 4229 intellexerat
1779 4173 1928 4244 quod

330 4263 561 4319 fecerat.
595 4263 696 4318 Ille
726 4268 912 4317 autem
940 4280 1180 4335 pergens
1209 4263 1267 4318 in
1312 4263 1610 4330 civitatem,
1645 4262 1931 4334 quaerebat

333 4353 425 4409 cui
451 4353 720 4407 venderet
761 4369 910 4408 eum.
947 4353 1016 4407 Et
1062 4370 1190 4408 cum
1239 4352 1542 4407 invenisset
1587 4352 1681 4424 qui
1709 4351 1932 4406 volebat

2078 2122 2129 2179 3.
2167 2122 2409 2177 Sedente
2440 2122 2745 2193 aliquando
2780 2119 2983 2176 abbate
3033 2121 3251 2176 Joanne
3284 2119 3447 2174 Brevi
3477 2123 3610 2174 ante

2008 2211 2318 2276 ecclesiam,
2345 2212 2836 2267 circumdederunt
2856 2227 2986 2264 eum
3007 2210 3226 2274 fratres,
3254 2209 3610 2280 exquirentes

2010 2299 2080 2355 ab
2111 2317 2175 2354 eo
2203 2300 2411 2370 singuli
2433 2300 2501 2354 de
2523 2298 2956 2370 cogitationibus
2983 2299 3101 2353 suis
3136 2300 3320 2365 (Ilum,
3357 2301 3394 2352 ι.
3429 2312 3510 2364 ιιι,
3547 2315 3606 2353 η.

2010 2388 2123 2445 92v.
2155 2389 2400 2453 Quidam
2430 2395 2618 2443 autem
2649 2405 2817 2443 senex
2847 2389 2952 2442 hoc
2979 2388 3189 2455 videns,
3229 2402 3495 2442 accensus
3525 2387 3611 2442 in-

2010 2479 2159 2532 vidia
2186 2478 2324 2532 dixit
2345 2478 2397 2532 ei
2431 2497 2442 2531 :
2479 2478 2766 2532 Suriscula
2788 2483 2908 2543 tua,
2934 2476 3077 2530 abba
3111 2478 3372 2543 Joannes,
3397 2492 3611 2531 veneno

2011 2574 2095 2622 est
2139 2569 2324 2639 plena.
2353 2568 2422 2621 Et
2461 2567 2754 2638 respondit
2783 2567 2831 2620 ei
2862 2565 3035 2620 abbas
3060 2566 3306 2620 Joannes
3338 2583 3348 2619 :
3385 2566 3474 2620 Ita
3501 2571 3609 2633 est,

2009 2656 2172 2710 abba.
2211 2656 2322 2710 Hoc
2344 2660 2535 2710 autem
2557 2655 2765 2720 dixisti,
2788 2655 2920 2726 quia
2948 2671 3016 2708 ea
3037 2671 3158 2726 quae
3179 2659 3312 2709 sunt
3331 2654 3466 2708 foris
3488 2659 3611 2709 tan-

2010 2745 2301 2800 tummodo
2325 2744 2508 2811 vides;
2543 2743 2589 2798 si
2621 2749 2812 2798 autem
2843 2743 3060 2798 videres
3108 2760 3230 2815 quae
3268 2744 3418 2799 intro
3455 2749 3608 2812 sunt,

2011 2833 2146 2906 quid
2171 2850 2320 2888 esses
2350 2832 2637 2887 dicturus?

2081 2921 2140 2979 4.
2192 2922 2462 2977 Dicebant
2491 2921 2560 2975 de
2590 2922 2804 2975 Joanne
2831 2921 3049 2974 Minore
3079 2921 3148 2974 de
3170 2921 3478 2989 Thebaida,
3513 2923 3610 2993 qui

2011 3011 2121 3067 fuit
2149 3011 2458 3082 discipulus
2487 3009 2706 3064 abbatis
2729 3009 3176 3080 Ammonii,quia
3193 3010 3487 3064 duodecim
3504 3027 3608 3065 an-

1937 3102 1981 3165 C
2009 3119 2111 3157 nos
2134 3101 2329 3157 fecerit
2350 3100 2407 3154 in
2437 3099 2770 3165 ministerio,
2791 3098 3040 3153 serviens
3056 3098 3175 3153 seni
3196 3098 3255 3152 in
3277 3097 3611 3153 infirmitate

2012 3192 2153 3261 ejus,
2190 3196 2247 3244 et
2276 3189 2518 3261 posthaec
2535 3187 2766 3243 sedebat
2787 3204 2957 3260 super
2984 3192 3220 3242 mattam
3245 3206 3257 3255 ;
3291 3202 3459 3241 senex
3480 3203 3607 3242 vero

2011 3278 2449 3334 contristabatur
2479 3295 2580 3350 pro
2605 3295 2669 3332 eo
2696 3280 2880 3348 (Rulli,
2915 3281 2952 3332 ι.
2986 3291 3070 3344 In,
3098 3295 3152 3331 η.
3177 3275 3309 3343 155;
3354 3278 3525 3345 Pasc.,
3557 3293 3602 3332 c.

2017 3369 2100 3436 19,
2126 3386 2182 3423 η.
2217 3368 2292 3440 2).
2323 3369 2392 3423 Et
2427 3368 2561 3422 dum
2584 3367 2824 3422 multum
2853 3366 3164 3421 laborasset
3190 3381 3318 3420 cum
3349 3382 3433 3433 eo,
3458 3381 3605 3421 nun-

2012 3473 2182 3528 quam
2202 3457 2341 3511 dixit
2359 3456 2438 3511 ei:
2475 3458 2657 3511 Sanus
2685 3463 2825 3511 esto.
2853 3455 3087 3521 Quando
3115 3460 3305 3510 autem
3338 3455 3459 3526 jam
3490 3472 3607 3510 mo-

2011 3546 2224 3600 riturus
2252 3550 2390 3611 erat,
2425 3545 2800 3600 residentibus
2845 3544 3070 3599 senibus
3103 3543 3228 3611 loci,
3269 3545 3456 3599 tenuit
3483 3561 3605 3600 ma-

2011 3652 2148 3690 num
2172 3636 2313 3706 ejus,
2346 3641 2402 3688 et
2425 3635 2566 3689 dixit
2593 3654 2604 3687 :
2640 3635 2822 3690 Sanus
2846 3634 2941 3700 sis,
2975 3650 3146 3688 sanus
3176 3633 3271 3700 sis,
3306 3649 3477 3689 sanus
3505 3634 3602 3690 sis.

2013 3726 2080 3780 Et
2109 3724 2344 3779 tradidit
2369 3729 2551 3790 63]
2589 3741 2720 3778 eum
2750 3723 2996 3792 Senibus,
3029 3723 3219 3778 dicens
3250 3743 3261 3777 :
3299 3724 3400 3778 Hic
3430 3739 3606 3796 ange-

2010 3816 2100 3870 lus
2126 3821 2228 3883 est,
2265 3831 2375 3869 non
2397 3815 2585 3869 homo.

2086 3905 2136 3960 5.
2168 3904 2441 3959 Dicebant
2465 3903 2533 3958 de
2563 3902 2764 3958 abbate
2799 3903 3032 3969 Isidoro,
3054 3903 3149 3975 qui
3173 3908 3294 3957 erat
3313 3903 3608 3975 presbyter

2012 3994 2070 4048 in
2103 3995 2313 4065 Scythi,
2351 3993 2481 4064 quia
2503 3993 2690 4064 siquis
2717 3992 3007 4048 habuisset
3029 3992 3263 4047 fratrem
3296 3993 3604 4060 infirmum,

2013 4088 2114 4137 aut
2144 4083 2578 4153 pusillanimem,
2613 4087 2712 4136 aut
2739 4081 3094 4151 injuriosum,
3127 4088 3185 4136 et
3221 4081 3440 4136 volebat
3479 4100 3608 4139 eum

2013 4171 2287 4243 expellere
2308 4171 2463 4235 foris,
2496 4171 2589 4224 ille
2619 4169 2842 4224 dicebat
2875 4189 2886 4224 :
2919 4170 3195 4225 Adducitc
3225 4187 3354 4225 eum
3382 4173 3451 4225 ad
3482 4187 3600 4231 me.

2011 4263 2084 4316 Et
2103 4261 2527 4333 apprehendens
2549 4258 2977 4331 eum,patientia
2991 4276 3094 4314 sua
3107 4259 3339 4314 curabat
3355 4260 3606 4316 animam

2011 4350 2202 4405 fratris
2230 4350 2398 4408 illius.

334 4458 543 4508 emere,
560 4441 727 4514 coepit
745 4443 951 4497 solidos
969 4442 1210 4496 sedecim
1227 4442 1469 4514 pretium
1489 4443 1537 4512 ej
1547 4459 1610 4496 us
1622 4442 1924 4513 postulare.
1948 4470 1995 4528 ι)
2088 4440 2138 4494 6.
2163 4439 2349 4494 Abbas
2369 4437 2674 4528 Macarius,
2699 4437 2759 4492 in
2791 4438 3034 4510 {Egypto
3060 4437 3274 4510 positus
3291 4441 3475 4508 (nu/I1,
3508 4442 3604 4496 lib.

333 4531 438 4586 Ille
461 4548 594 4587 vero
621 4532 811 4588 volens
840 4548 1165 4604 comparare
1182 4548 1332 4596 eum,
1357 4531 1528 4586 dixit:
1553 4532 1636 4585 Da
1664 4531 1800 4586 mihi
1821 4531 1932 4602 pri-

333 4637 494 4676 mum
545 4628 602 4676 et
631 4622 922 4677 ostendam
967 4639 1115 4689 eum,
1150 4626 1213 4676 ut
1253 4621 1330 4675 sic
1361 4620 1462 4675 tibi
1492 4621 1734 4692 pretium
1765 4621 1928 4675 dabo.

333 4711 507 4768 Dedit
526 4728 659 4783 ergo
697 4711 792 4767 ille
824 4711 1084 4767 Codicem
1116 4712 1185 4766 ad
1215 4711 1825 4775 ostendendum.Quem
1846 4728 1935 4764 ac-

333 4802 550 4874 cipiens
578 4802 672 4856 ille
696 4802 792 4873 qui
835 4819 1021 4858 emere
1053 4800 1332 4873 cupiebat,
1364 4800 1555 4854 attulit
1583 4817 1709 4855 eum
1741 4800 1811 4854 ad
1842 4798 1936 4854 ab-

333 4891 525 4948 batem
548 4891 855 4959 Gelasium,
885 4897 949 4947 ut
973 4891 1234 4963 probaret
1258 4891 1305 4944 si
1337 4889 1516 4946 bonus
1547 4890 1730 4945 Codex
1765 4893 1932 4958 esset,

336 4989 440 5038 aut
456 4983 504 5037 si
519 4989 735 5038 tantem
753 4979 1218 5036 valeret.Dixerat
1234 4979 1386 5034 enim
1401 4979 1452 5034 ei
1469 4985 1526 5034 et
1541 4980 1930 5051 quantitatem,

338 5087 512 5143 quam
529 5071 780 5126 venditor
800 5068 1222 5141 postulabat.Et
1239 5069 1380 5124 dixit
1400 5070 1730 5124 seneszme
1753 5068 1932 5135 illum,

340 5161 476 5232 quia
502 5159 679 5214 bonus
720 5159 909 5214 Codex
954 5164 1058 5225 est,
1093 5162 1150 5213 et
1168 5159 1316 5213 valet
1349 5159 1591 5230 pretium
1621 5157 1767 5229 quod
1799 5155 1938 5212 dixit

340 5247 572 5303 tibi.Ille
592 5251 779 5303 autem
804 5247 1032 5302 veniens
1063 5246 1202 5302 dixit
1225 5245 1499 5302 venditori
1528 5248 1707 5313 aliter,
1737 5252 1793 5301 et
1823 5261 1936 5301 non

341 5336 489 5392 sicut
514 5337 771 5391 audierat
789 5353 823 5390 a
842 5353 994 5399 sene,
1013 5335 1201 5391 dicens
1235 5355 1246 5389 :
1274 5337 1410 5391 Ecce
1428 5336 1645 5390 ostendi
1664 5335 1824 5390 illum
1845 5334 1939 5389 ab-

342 5425 463 5482 bati
509 5425 749 5492 Gelasio,
782 5431 840 5480 et
869 5425 1010 5480 dixit
1047 5426 1185 5480 mihi
1217 5425 1350 5498 quia
1377 5426 1577 5480 charus
1607 5431 1710 5486 est,
1737 5431 1793 5480 et
1823 5440 1936 5480 non

344 5517 494 5572 valet
521 5521 793 5588 quantum
825 5515 1034 5571 dixisti.
1071 5517 1170 5572 Ille
1190 5518 1293 5572 hoc
1318 5517 1552 5572 audiens
1571 5516 1709 5571 dixit
1732 5517 1782 5572 ei
1806 5536 1816 5571 :
1845 5517 1940 5572 Ni-

2017 4544 2097 4597 ΙΙΙ,
2128 4546 2184 4584 n.
2210 4528 2297 4597 73,
2325 4530 2539 4595 Pasch.,
2575 4545 2624 4582 υ.
2654 4527 2705 4594 3,
2745 4545 2801 4582 n.
2837 4528 2912 4596 1),
2950 4527 3165 4582 invenit
3193 4529 3480 4585 hominem
3511 4534 3607 4604 qui

2017 4621 2326 4675 adduxerat
2369 4619 2598 4684 animal,
2631 4623 2688 4672 et
2714 4617 2969 4689 rapiebat
3013 4634 3136 4690 quae
3165 4618 3439 4688 habebat;
3490 4621 3610 4693 ipse

2015 4727 2145 4764 vero
2175 4714 2239 4764 ut
2262 4708 2592 4780 peregrinus
2623 4707 2803 4763 astitit
2831 4707 2962 4775 furi,
2988 4713 3043 4761 et
3072 4707 3374 4778 adiuvabat
3390 4727 3518 4764 eum
3538 4712 3609 4766 ad

2017 4799 2225 4855 animal
2262 4798 2668 4865 carricandum,
2703 4804 2760 4852 et
2801 4813 2927 4852 cum
2976 4798 3129 4851 omni
3160 4797 3347 4868 quiete
3377 4799 3613 4856 deduxit

2018 4907 2165 4955 eum,
2201 4889 2390 4944 dicens
2419 4889 2477 4943 in
2511 4887 2811 4959 semetipso
2838 4905 2848 4939 :
2873 4887 3030 4942 Nihil
3049 4887 3341 4942 intulimus
3373 4888 3431 4943 in
3461 4889 3610 4945 hunc

2019 4980 2311 5045 mundum,
2342 4979 2440 5034 sed
2469 4977 2739 5033 Dominus
2769 4975 2952 5043 dedit;
2986 4976 3132 5031 sicut
3159 4977 3334 5032 voluit
3363 4977 3502 5050 ipse,
3530 4980 3612 5035 ita

2018 5069 2226 5123 factum
2291 5074 2375 5124 est
2424 5087 2436 5135 ;
2506 5066 2834 5122 benedictus
2901 5065 2959 5120 in
3024 5065 3282 5121 omnibus
3337 5066 3612 5126 Dominus

2022 5160 2074 5227 (Ῐ
2107 5159 2244 5212 Tim.
2276 5161 2378 5227 γι).

2091 5248 2141 5301 7.
2175 5246 2344 5301 Facta
2373 5245 2674 5317 aliquando
2695 5244 3124 5315 congregatione
3142 5245 3378 5302 fratrum
3396 5247 3451 5302 in
3474 5248 3610 5319 Scy-

2019 5336 2124 5399 thi,
2142 5353 2271 5390 cum
2299 5335 2608 5389 voluissent
2635 5351 2797 5390 senes
2817 5333 3052 5406 probare
3082 5334 3339 5391 abbatem
3359 5338 3607 5408 Moysen,

2020 5430 2474 5496 contempserunt
2500 5442 2649 5488 eum,
2672 5423 2949 5478 dicentes:
2983 5424 3058 5479 Ut
3082 5426 3214 5496 quid
3230 5425 3336 5480 iste
3358 5427 3612 5498 Ethiops

2019 5515 2173 5571 venit
2200 5515 2258 5570 in
2287 5514 2470 5570 medio
2501 5514 2795 5571 nostrum?
2824 5513 2924 5569 Ille
2945 5521 3135 5572 autem
3151 5515 3606 5582 audiens,tacuit.

343 5605 426 5666 hil
455 5604 609 5662 aliud
637 5604 742 5660 tibi
763 5605 904 5660 dixit
920 5606 1122 5662 senex?
1149 5607 1221 5664 Et
1244 5605 1534 5681 respondit
1557 5624 1568 5661 :
1591 5605 1765 5666 Nihil.
1786 5606 1942 5664 Tunc
2023 5605 2166 5663 Cum
2183 5622 2314 5663 vero
2331 5605 2594 5663 dimissus
2622 5605 2821 5664 fuisset
2847 5611 3172 5674 conventus,
3193 5605 3456 5664 dixerunt
3473 5606 3526 5665 ei
3555 5607 3615 5668 hi

595 5706 864 5796 Parnot.
909 5705 1186 5771 LXXIII.

3305 5703 3377 5772 31
