3964 6206
409 211 514 314 ’971

1551 247 1646 303 DE
1680 239 1874 304 VITIS
1909 243 2206 302 PATRUM
2241 241 2456 300 LIBER
2493 244 2561 299 V.

3585 246 3702 305 972

413 382 514 459 qni
537 397 668 440 eum
692 377 964 452 iniuriose
989 379 1370 434 tractaverant
1399 392 1412 430 :
1437 375 1555 432 Nec
1583 375 1750 431 modo
1785 391 1898 430 non
1950 373 2693 445 esAportavero,quomodo
2723 373 2996 444 majorem
3036 345 3429 442 tentationem,
3461 375 3513 431 si
3555 391 3699 448 per-

412 471 716 528 turbatus?
745 469 816 524 Et
833 467 927 522 ille
954 465 1248 538 respondit
1277 482 1288 518 :
1321 463 1602 522 Turbatus
1639 481 1784 534 sum,
1816 469 1874 519 et
1899 480 2012 519 non

379 565 386 570 '
414 577 540 618 sum
568 559 788 616 locutus
821 558 990 626 (Psal.
1020 557 1212 625 van).

485 649 539 706 8.
570 647 806 720 Paysius
833 645 1011 700 frater
1038 643 1258 700 abbatis
1274 643 1522 700 Pastoris
1539 643 1740 699 habuit
1753 643 2014 699 affectum

413 754 541 794 cum
571 737 818 810 quodam
847 733 1126 790 monacho
1158 750 1225 788 ex
1248 733 1392 789 cella
1419 751 1558 801 sua;
1612 732 1784 788 abbas
1829 739 2019 787 autem

413 827 616 882 Pastor
639 823 864 880 nolebat
894 823 1000 878 hoc
1033 841 1044 878 :
1081 823 1180 896 qui
1207 839 1550 894 consurgens
1576 823 1724 894 fugit
1749 823 1820 876 ad
1837 821 2008 876 abba-

411 921 528 972 tem
571 917 932 980 Ammonam,
973 919 1032 969 et
1059 913 1195 968 dicit
1225 912 1278 967 ei
1310 930 1322 966 :
1358 913 1558 980 Frater
1585 929 1745 967 meus
1773 911 2010 984 Paysius

411 1005 584 1062 habet
612 1020 741 1060 cum
783 1002 1122 1075 quibusdam
1155 1002 1436 1069 affectum,
1475 1001 1622 1074 quod
1673 1018 1775 1072 ego
1805 1017 1916 1056 non
1937 1000 2010 1054 li-

411 1095 614 1151 benter
641 1093 780 1148 fero.
810 1091 962 1148 Dixit
989 1097 1178 1147 autem
1209 1091 1260 1146 ei
1283 1089 1454 1146 abbas
1482 1093 1820 1146 Ammonas:
1852 1089 2012 1144 Abba

411 1184 634 1250 Pastor,
666 1182 852 1238 adhuc
876 1181 1058 1236 vivis?
1089 1181 1240 1235 Vade
1265 1180 1327 1235 in
1355 1181 1553 1235 cellam
1573 1185 1750 1247 tuam,
1780 1185 1836 1234 et
1863 1195 2008 1252 pone

411 1274 472 1329 in
499 1273 672 1328 corde
702 1277 822 1338 tuo,
859 1270 992 1343 quia
1019 1286 1232 1326 annum
1259 1271 1380 1341 jam
1411 1269 1584 1324 habes
1611 1270 1666 1324 in
1693 1269 1966 1340 sepulcro.

481 1361 536 1422 9.
587 1361 742 1418 Dixit
786 1359 960 1415 abbas
1009 1361 1250 1414 Pastor:
1279 1359 1476 1414 Omnis
1505 1358 1663 1413 labor
1691 1359 2014 1431 quicunque

411 1451 662 1507 evenerit
687 1449 808 1517 tibi,
843 1466 908 1504 ex
933 1447 1319 1504 taciturnitate
1343 1447 1720 1520 superabitur.

485 1541 572 1598 10.
600 1539 840 1606 Quidam
869 1538 1045 1594 frater
1083 1539 1251 1592 laesus
1280 1537 1352 1592 ab
1381 1537 1493 1592 alio
1532 1537 1726 1603 fratre,
1755 1537 1910 1591 venit
1936 1537 2009 1591 ad

412 1629 672 1685 abbatem
705 1628 849 1684 Sisoi
879 1627 1204 1693 Thebmum,
1237 1632 1296 1682 et
1318 1626 1460 1682 dixit
1489 1626 1539 1681 ei
1569 1644 1580 1680 :
1616 1627 1804 1682 Laesus
1821 1643 1946 1681 sum
1975 1643 2009 1680 a

2093 461 2314 518 miserit
2336 462 2476 518 mihi
2503 463 2654 518 Deus
2681 462 2894 531 inferri,
2917 470 3145 536 portare
3172 465 3440 536 possum?
3473 466 3544 522 Et
3562 483 3700 538 pro-

2095 557 2290 624 pterea
2319 553 2462 607 nihil
2503 553 2584 608 eis
2624 553 2767 618 dico,
2802 557 2866 608 ut
2901 554 3004 608 ﬁat
3047 555 3392 610 consuetudo
3427 555 3703 627 portandi

2096 658 2221 714 quae
2248 641 2672 714 superveniunt.

2167 731 2252 788 15.
2287 733 2676 787 Narraverunt
2702 731 2772 786 de
2808 748 2942 787 sene
2970 731 3236 805 quodam,
3269 733 3404 805 quia
3431 733 3705 789 habuerit

2090 822 2391 893 puerulum
2419 821 2838 876 cohabitantem
2861 839 3083 890 secum;
3113 828 3168 878 et
3195 822 3389 878 videns
3402 824 3706 896 eum,quia

2091 911 2290 966 fecerit
2309 927 2450 982 opus
2481 911 2631 981 quod
2662 927 2777 966 non
2805 909 3134 983 expediebat
3160 913 3233 978 ei,
3258 911 3398 967 dixit
3413 912 3467 968 ei
3482 913 3699 968 semel:

2090 1001 2219 1055 Non
2247 999 2417 1054 facias
2459 999 2606 1054 hanc
2649 1017 2789 1054 rem.
2822 1000 2892 1054 Et
2920 1001 3014 1056 ille
3044 1017 3158 1056 non
3197 1000 3446 1058 obedivit
3472 1002 3542 1057 ei.
3576 1003 3706 1058 Hoc

2092 1095 2282 1144 autem
2311 1105 2481 1144 senex
2505 1089 2718 1156 videns,
2751 1088 2959 1160 abjecit
2997 1089 3068 1144 de
3095 1091 3439 1162 cogitatione
3468 1109 3577 1146 sua
3595 1108 3705 1146 cu-

2090 1195 2214 1233 ram
2244 1178 2412 1244 illius,
2438 1179 2665 1249 jactans
2683 1178 2976 1250 proprium
3000 1178 3277 1250 judicium
3298 1197 3469 1252 super
3481 1181 3700 1252 ipsum;

2089 1283 2230 1338 puer
2248 1283 2378 1322 vero
2407 1267 2608 1322 clausit
2637 1267 2843 1322 ostium
2869 1269 3040 1334 cellae,
3076 1269 3136 1323 in
3165 1286 3278 1340 qua
3303 1276 3468 1325 erant
3493 1287 3702 1342 panes,

2092 1374 2194 1428 per
2207 1361 2324 1411 tres
2344 1355 2484 1418 dies,
2497 1360 2555 1410 et
2577 1356 2794 1410 dimisit
2817 1373 3010 1412 senem
3029 1359 3314 1428 jejunum,
3347 1365 3405 1414 et
3419 1376 3534 1414 non
3553 1360 3709 1414 dixit

2093 1449 2146 1500 et
2175 1463 2342 1500 senex
2377 1464 2389 1500 :
2422 1445 2528 1500 Ubi
2559 1462 2636 1512 es,
2672 1451 2772 1500 aut
2801 1447 2937 1517 quid
2960 1445 3096 1502 facis
3121 1446 3582 1503 foris?Habebat
3595 1466 3705 1504 an-

2091 1540 2208 1590 tem
2238 1535 2480 1590 vicinum
2511 1551 2716 1590 senex:
2749 1535 2846 1607 qui
2875 1552 3002 1590 cum
3030 1537 3368 1608 agnovisset,
3415 1539 3552 1609 quia
3581 1545 3708 1594 tar-

2092 1623 2254 1679 daret
2277 1625 2548 1696 puerulus
2590 1624 2704 1690 ille,
2737 1624 2870 1680 fecit
2899 1625 3178 1680 modicum
3212 1627 3588 1703 pulmentum,
3638 1633 3708 1683 et

411 1719 654 1794 quodam
682 1719 876 1784 fratre,
908 1723 964 1772 et
987 1717 1112 1773 volo
1141 1733 1231 1771 me
1262 1716 1544 1771 vindicare
1567 1718 1754 1786 (Rulli,
1779 1719 1818 1771 ι.
1842 1730 2007 1783 111,11.
2031 1714 2267 1776 Bdabat
2295 1713 2347 1768 ei
2393 1730 2494 1785 per
2523 1713 2818 1784 parietem,
2848 1719 2904 1769 et
2946 1714 3184 1786 rogabat
3223 1721 3288 1770 ut
3325 1722 3606 1787 gustaret,
3638 1722 3707 1772 et

408 1807 513 1876 77;
545 1808 760 1874 Pascit,
793 1825 838 1862 c.
865 1804 917 1873 7,
953 1823 1011 1861 η.
1051 1805 1123 1878 1).
1149 1806 1330 1861 Senex
1359 1809 1550 1860 autem
1591 1803 1826 1876 rogabat
1856 1821 2004 1872 eum,

407 1897 599 1952 dicens
624 1913 638 1950 :
669 1895 816 1962 Noli,
841 1895 940 1962 ﬁli;
971 1895 1069 1949 sed
1097 1893 1319 1949 dimitte
1343 1893 1523 1965 magis
1548 1894 1662 1948 Deo
1680 1893 2006 1948 vindictam.

412 1986 515 2042 Ille
567 1991 759 2041 autem
790 1983 1014 2039 dicebat
1044 2002 1056 2038 :
1107 1984 1232 2038 Non
1262 1983 1488 2054 quiesco
1527 1983 1706 2038 donec
1733 1983 2010 2055 meipsum

407 2075 776 2130 vindicavero.
809 2073 961 2129 Dixit
979 2077 1170 2128 autem
1200 2089 1369 2127 senex
1391 2090 1402 2126 :
1423 2071 1680 2138 Oremus,
1711 2072 1908 2128 frater.
1943 2073 2012 2128 Et

407 2180 644 2236 surgens
655 2163 796 2218 dixit
821 2179 991 2218 senex
1013 2181 1024 2217 :
1053 2163 1221 2228 Deus,
1234 2163 1356 2232 jam
1371 2167 1429 2217 te
1449 2179 1589 2233 opus
1609 2178 1720 2216 non
1737 2161 2010 2216 habemus

405 2252 652 2324 cogitare
662 2251 731 2306 de
742 2250 917 2317 nobis,
928 2250 1192 2323 quoniam
1203 2267 1306 2305 nos
1317 2251 1424 2322 ipsi
1439 2251 1741 2306 vindictam
1757 2256 2008 2306 nostram

403 2339 660 2396 facimus.
690 2341 808 2395 Hoc
835 2347 1026 2394 autem
1055 2339 1292 2394 audiens
1311 2339 1504 2401 frater,
1528 2339 1731 2394 cecidit
1749 2339 1820 2394 ad
1835 2339 2005 2410 pedes

406 2430 558 2488 illius
589 2429 761 2499 senis,
787 2429 980 2484 dicens
1012 2447 1024 2483 :
1057 2429 1183 2484 Jam
1203 2445 1318 2483 non
1351 2429 1628 2482 contendo
1653 2445 1786 2484 cum
1828 2429 2002 2483 fratre

405 2519 523 2586 illo,
555 2519 675 2586 sed,
702 2535 857 2590 rogo,
891 2517 1118 2588 ignosce
1148 2517 1305 2571 mihi.

482 2607 568 2667 ll.
592 2607 832 2674 Quidam
853 2607 1048 2662 videns
1079 2606 1380 2678 quemdam
1409 2606 1739 2678 religiosum
1769 2612 2002 2680 portan-

330 2729 337 2736 υ
407 2704 524 2754 tem
561 2703 850 2753 mortuum
881 2697 939 2751 in
963 2697 1126 2764 lecto,
1158 2695 1294 2751 dicit
1322 2695 1374 2750 ei
1415 2717 1430 2752 :
1484 2697 1736 2752 Mortuos
1766 2697 2001 2768 portas?

403 2787 579 2855 Vade,
609 2787 857 2841 viventes
879 2790 1058 2858 porta.
1559 2853 1564 2858 ι

481 2876 567 2934 12.
598 2875 872 2932 Dicebant
897 2875 966 2930 de
983 2875 1228 2946 quodam
1249 2875 1544 2942 monacho,
1569 2876 1704 2947 quia
1721 2881 2003 2948 quantum

407 2982 538 3022 eum
558 2965 781 3038 injuriis
799 2965 926 3037 quis
943 2964 1250 3037 appetisset
1271 2969 1372 3019 aut
1401 2965 1788 3020 exacerbasset
1817 2967 2000 3034 {Ra/IL,

405 3059 444 3112 ι.
475 3070 556 3122 ιιι,
583 3035 642 3110 ην.
673 3052 769 3122 80;
802 3035 1094 3120 βαεεὴίξο.
1130 3055 1182 3121 7,
1217 3071 1275 3109 η.
1313 3055 1388 3122 li),
1421 3058 1582 3109 tanto
1615 3055 1796 3125 magis
1825 3035 2070 3110 illeadc

411 3161 544 3202 eum
563 3143 952 3210 concurrebat,
978 3143 1170 3198 dicens
1196 3160 1208 3196 :
1236 3143 1381 3208 Quia
1397 3143 1721 3212 hujusmodi
1745 3144 2004 3199 homines

405 3250 574 3290 causa
596 3233 914 3305 corrigendi
945 3233 1090 3288 fiunt
1114 3233 1200 3287 his
1231 3232 1325 3303 qui
1348 3232 1406 3286 in
1433 3232 1853 3289 conversatione
1883 3240 2004 3290 stu-

405 3323 547 3380 diosi
567 3324 870 3378 sunt.Nam
887 3322 984 3394 qui
996 3338 1090 3376 eos
1109 3320 1642 3392 beatificant,magis
1655 3323 2007 3379 confundunt

405 3413 622 3470 animas
655 3429 872 3468 eorum.
903 3411 1185 3483 Scriptum
1217 3416 1304 3466 est
1323 3411 1473 3466 enim
1500 3429 1512 3465 :
1544 3411 1688 3476 Quia
1712 3411 1810 3484 qui
1831 3411 2005 3468 beati-

405 3505 578 3558 ﬁcant
602 3519 720 3570 vos,
752 3501 1030 3557 seducunt
1058 3517 1152 3555 vos
1185 3501 1362 3570 (Isaia:
1390 3503 1500 3563 III).

483 3591 565 3650 l3.
583 3591 874 3648 Venerunt
902 3589 1206 3662 aliquando
1237 3591 1486 3644 latrones
1512 3590 1571 3644 in
1599 3591 2010 3648 monasterium

407 3681 558 3737 senis
570 3681 949 3752 (Prat.spz’rit.
972 3697 1020 3734 c.
1047 3676 1200 3747 212),
1217 3684 1274 3732 et
1302 3677 1585 3732 dixerunt
1611 3679 1682 3733 ad
1707 3695 1838 3734 eum
1875 3681 2009 3736 Om-

408 3770 506 3824 nia
533 3786 656 3840 qua
685 3769 744 3824 in
772 3768 914 3822 cella
957 3773 1060 3822 tua
1102 3773 1236 3821 sunt
1263 3767 1462 3821 tollere
1490 3767 1765 3822 venimus.
1816 3769 1882 3824 Et
1912 3769 2004 3824 ille

409 3857 582 3912 dixit:
616 3857 904 3920 Quantum
923 3855 1080 3910 vobis
1091 3855 1330 3921 videtur,
1351 3855 1473 3919 filii,
1505 3855 1702 3911 tollite.
1728 3857 2008 3915 Tulerunt

409 3961 545 4016 ergo
581 3944 953 4018 quodcunque
983 3943 1318 3999 invenerunt
1355 3943 1413 3998 in
1445 3944 1604 4010 cella,
1637 3950 1694 3999 et
1721 3945 2001 4004 abierunt.

411 4033 583 4090 Obliti
611 4039 744 4089 sunt
773 4040 963 4088 autem
986 4032 1063 4087 ibi
1094 4032 1567 4104 saccellum,quod
1581 4035 2008 4092 eratabscondi-

407 4133 533 4180 tum
573 4125 630 4179 in
679 4123 842 4179 cella.
879 4123 1060 4178 Senex
1087 4139 1217 4177 vero
1244 4123 1446 4178 tollens
1475 4139 1626 4190 eum,
1664 4131 1888 4180 sec..tus
1920 4133 2006 4181 est

409 4217 538 4284 post
555 4229 668 4280 eos,
701 4214 953 4268 clamans
977 4218 1035 4266 et
1060 4212 1250 4267 dicens
1274 4229 1286 4265 :
1318 4212 1658 4280 Filii,tollite
1678 4215 1828 4286 quod
1843 4216 2003 4272 obliti

409 4303 546 4358 estis
573 4303 632 4358 in
646 4303 806 4358 cella.
836 4302 924 4358 Illi
942 4318 1074 4356 vero
1104 4301 1448 4356 admirantes
1477 4302 1810 4374 patientiam
1832 4305 2003 4372 senis,

2091 1801 2314 1857 dicebat
2339 1801 2461 1856 seni
2494 1818 2508 1856 :
2543 1801 2688 1866 Quid
2717 1802 2908 1858 tardat
2948 1803 3125 1858 frater
3165 1804 3260 1859 ille
3295 1805 3472 1861 foris?
3501 1807 3694 1862 Senex

2091 1909 2222 1946 vero
2255 1890 2510 1946 dicebat:
2544 1891 2779 1956 Quando
2809 1891 2862 1946 ei
2885 1893 3182 1958 vacaverit,
3215 1900 3552 1950 revertetur.

2170 1977 2252 2039 16.
2285 1982 2673 2036 Narraverunt
2699 1981 2875 2053 aliqui
2923 1982 3060 2052 quia
3105 1983 3423 2056 philosophi
3465 1986 3707 2058 quidam

2092 2070 2394 2142 aliquando
2435 2071 2734 2126 voluerunt
2759 2071 2996 2143 probare
3023 2076 3216 2140 σξη
3259 2075 3592 2142 monachos,
3641 2082 3701 2131 et

2093 2159 2244 2214 venit
2270 2176 2420 2214 unus
2447 2161 2730 2216 transiens
2749 2161 2894 2216 stola
2919 2161 3152 2217 indutus
3189 2168 3248 2218 et
3276 2163 3420 2218 bene
3461 2165 3702 2221 vestitus

2096 2249 2278 2316 (Ra/)1,
2313 2251 2354 2303 ι.
2379 2263 2438 2316 n,
2473 2266 2531 2302 η.
2565 2247 2662 2317 74;
2718 2251 2932 2316 Pasch.,
2965 2267 3011 2304 c.
3043 2249 3098 2316 3,
3133 2267 3192 2305 η.
3225 2250 3300 2320 2).
3333 2251 3402 2306 Et
3431 2253 3703 2309 dixerunt

2090 2337 2140 2392 ei
2169 2337 2488 2410 phiIOSOphi
2525 2357 2536 2393 :
2567 2339 2653 2393 Tu
2706 2339 2834 2394 veni
2877 2339 3006 2394 huc.
3035 2340 3138 2396 Ille
3181 2357 3310 2396 vero
3338 2341 3694 2414 indignatus,

2085 2425 2310 2498 injuriis
2335 2443 2632 2498 aggressus
2654 2434 2742 2482 est
2761 2427 3128 2486 eos.Transiit
3154 2435 3209 2484 et
3230 2430 3376 2485 alter
3403 2448 3556 2487 unus
3575 2449 3694 2487 mo-

2085 2517 2300 2571 nachus
2331 2533 2590 2588 magnus,
2607 2517 3090 2589 rusticusgenere;
3112 2524 3171 2572 et
3187 2519 3578 2591 ipsidixerunt
3591 2523 3644 2576 ei
3672 2541 3686 2576 :

2087 2605 2190 2671 Tu,
2223 2606 2497 2660 monache
2526 2607 2673 2660 male
2693 2623 2881 2672 senex,
2907 2607 3032 2662 veni
3052 2607 3180 2663 huc.
3212 2608 3312 2664 Ille
3331 2625 3464 2664 vero
3481 2611 3694 2666 cursim

2088 2695 2262 2762 venit,
2297 2696 2366 2750 Et
2393 2701 2686 2766 cmperunt
2714 2695 2766 2750 ei
2795 2697 2988 2769 alapas
3012 2697 3148 2752 dare
3177 2717 3190 2767 ;
3223 2697 3318 2752 ille
3341 2705 3538 2754 autem
3569 2717 3698 2757 con-

2087 2784 2258 2840 vertit
2283 2785 2363 2838 eis
2395 2785 2565 2840 aliam
2596 2785 2906 2840 maxillam.
2935 2787 3140 2842 Statim
3159 2805 3289 2842 vero
3325 2789 3410 2843 illi
3438 2807 3702 2846 surrexe-

2087 2871 2233 2929 runt
2258 2874 2594 2946 philosophi,
2618 2882 2676 2930 et
2693 2877 3074 2932 adoraverunt
3092 2895 3242 2944 eum,
3266 2878 3696 2935 dicentes:Vere

2091 2952 2577 3018 ecce\monachus.
2613 2965 2682 3020 Et
2708 2965 2966 3020 fecerunt
2994 2983 3125 3021 eum
3154 2966 3350 3022 sedere
3399 2967 3464 3022 in
3509 2968 3702 3024 medio

2093 3051 2200 3118 sui,
2233 3059 2290 3105 et
2317 3051 2810 3124 interrogaverunt
2857 3070 3008 3119 eum,
3068 3053 3316 3110 dicentes
3356 3075 3367 3110 :
3413 3057 3564 3121 Quid
3610 3063 3701 3112 est

2089 3140 2237 3211 quod
2257 3141 2384 3212 plus
2414 3141 2600 3196 facitis
2629 3143 2700 3196 de
2728 3141 2890 3198 nobis
2916 3143 2977 3197 in
3006 3143 3307 3199 solitudine
3348 3145 3504 3200 ista?
3539 3147 3699 3218 Jeju-

2086 3229 2254 3294 natis,
2280 3235 2338 3284 et
2349 3246 2450 3284 nos
2464 3232 2542 3302 jej
2551 3247 2792 3286 unamus
2808 3250 2822 3297 ;
2851 3236 2909 3286 et
2923 3232 3211 3303 castigatis
3226 3249 3464 3305 corpora
3480 3239 3695 3306 vestra,

2086 3324 2145 3372 et
2171 3335 2276 3374 nos
2295 3319 2642 3390 castigamus
2673 3340 2686 3388 ;
2717 3321 2816 3376 sed
2843 3325 2902 3375 et
2929 3321 3201 3392 quidquid
3214 3321 3416 3389 facitis,
3442 3324 3622 3379 etiam
3635 3331 3697 3381 et

2084 3423 2188 3462 nos
2210 3407 2462 3464 facimus.
2481 3409 2633 3473 Quid
2665 3426 2798 3482 ergo
2823 3410 2948 3482 plus
2965 3410 3154 3466 facitis
3183 3427 3216 3464 a
3243 3410 3404 3467 nobis
3427 3413 3696 3470 sedentes

2084 3497 2143 3551 in
2165 3497 2390 3552 eremo?
2413 3497 2726 3570 Respondit
2755 3499 2836 3554 eis
2863 3516 3034 3554 senex
3067 3517 3079 3554 :
3113 3501 3178 3555 In
3207 3500 3395 3572 gratia
3423 3501 3528 3556 Dei
3562 3520 3696 3575 spe-

2092 3602 2284 3641 ramus
2312 3603 2434 3653 nos,
2469 3592 2527 3642 et
2548 3594 2795 3642 mentem
2823 3595 3076 3644 nostram
3105 3589 3472 3646 custodimus.
3504 3591 3579 3647 Et
3604 3593 3693 3648 illi

2091 3675 2355 3730 dixerunt
2375 3675 2426 3730 ei
2462 3693 2474 3730 :
2511 3677 2626 3731 Nos
2665 3676 2772 3732 hoc
2807 3677 3090 3733 custodire
3119 3694 3234 3734 non
3261 3695 3586 3750 possumus.
3619 3682 3694 3737 Et

2088 3765 2344 3821 aedificati
2372 3765 2712 3822 dimiserunt
2739 3784 2889 3823 eum.

2158 3855 2246 3910 17.
2272 3856 2452 3911 Senex
2465 3856 2695 3928 quidam
2724 3862 2848 3912 erat
2877 3855 3090 3912 habens
3117 3856 3418 3929 probatum
3447 3858 3696 3930 discipu-

2086 3944 2225 4010 lum,
2251 3961 2418 4016 quem
2443 3945 2746 4017 aliquando
2767 3947 3131 4002 contristatus
3161 3947 3375 4019 expulit
3391 3948 3562 4003 foras.
3589 3949 3695 4004 Ille

2085 4051 2216 4088 vero
2248 4034 2555 4106 discipulus
2577 4035 2938 4107 exspectabat
2985 4035 3186 4092 sedens
3233 4036 3396 4104 foris;
3452 4044 3512 4092 et
3560 4055 3695 4110 ape.

2086 4123 2237 4178 riens
2263 4141 2432 4178 senex
2463 4123 2674 4179 invenit
2701 4142 2854 4192 eum,
2879 4130 2938 4180 et
2964 4125 3356 4197 paenitentiam
3381 4126 3498 4198 egit
3535 4127 3692 4199 apud

2087 4229 2216 4268 eum
2239 4229 2426 4279 senex,
2451 4213 2640 4268 dicens
2671 4231 2682 4266 :
2716 4215 2800 4268 Tu
2829 4215 2999 4269 Pater
3030 4231 3190 4270 meus
3229 4232 3309 4280 es,
3343 4217 3479 4286 quia
3503 4216 3696 4271 humi-

2088 4301 2218 4354 litas
2250 4307 2307 4355 et
2347 4300 2622 4373 patientia
2649 4307 2747 4357 tua
2775 4302 2909 4356 vicit
2947 4302 3471 4374 pusillanimitatem
3512 4304 3694 4359 animi

408 4391 727 4448 retulerunt
749 4391 941 4447 omnia
966 4392 1026 4446 in
1049 4391 1190 4446 cella
1215 4391 1358 4462 ejus,
1377 4395 1435 4446 et
1450 4372 1844 4462 paenitentiam
1873 4411 2008 4465 ege-
2029 4372 2218 4445 Dmei.
2255 4388 2391 4445 Veni
2409 4390 2582 4458 intus,
2611 4391 2813 4446 amodo
2835 4391 2988 4446 enim
3021 4404 3082 4448 tu
3103 4409 3273 4448 senex
3301 4398 3360 4447 et
3383 4393 3689 4465 Pater,ego

409 4487 546 4536 runt
581 4497 797 4548 omnes,
843 4481 915 4536 ad
945 4479 1182 4535 invicem
1211 4479 1459 4535 dicentes
1485 4499 1496 4533 :
1546 4480 1652 4536 Hic
1680 4498 1808 4536 vere
1838 4481 2006 4539 homo

411 4569 513 4626 Dei
541 4575 646 4625 est.

475 4658 567 4714 14.
595 4657 819 4714 Fratres
849 4656 1079 4730 quidam
1097 4661 1372 4712 venerunt
1389 4657 1461 4713 ad
1489 4674 1680 4712 senem
1704 4660 2006 4730 quemdam

407 4753 666 4804 sanctum
713 4748 771 4803 in
803 4748 1028 4802 deserto
1061 4746 1182 4802 loco
1231 4746 1542 4815 sedentem,
1574 4753 1633 4803 et
1667 4748 2009 4805 invenerunt

405 4836 542 4892 foris
569 4843 726 4893 extra
750 4835 1153 4893 monasterium
1165 4852 1404 4908 puerum
1431 4842 1752 4908 pascentem
1777 4855 1998 4910 pecora,

406 4931 466 4980 et
489 4927 812 4998 loquentem
847 4925 1014 4981 verba
1043 4942 1166 4998 quae
1194 4942 1306 4979 non
1345 4925 1582 4981 decebat
1630 4929 1814 4994 (Rulli,
1847 4932 1886 4982 ι.
1921 4941 2001 4996 ιη,

409 5031 468 5070 η.
495 5013 604 5084 9|).
636 5015 942 5087 Postquam
963 5021 1152 5070 autem
1181 5014 1444 5069 viderunt
1463 5031 1673 5082 senem,
1710 5022 1768 5070 et
1795 5003 2007 5072 indica-

406 5107 610 5158 verunt
633 5102 684 5157 ei
709 5103 1078 5173 cogitationes
1105 5119 1257 5169 suas,
1289 5108 1346 5157 et
1369 5103 1438 5157 de
1482 5104 1846 5176 responsione
1879 5107 2002 5176 ejus

405 5209 466 5248 se
487 5189 782 5264 profecisse
809 5197 1123 5257 senserunt,
1157 5192 1352 5247 dicunt
1377 5193 1429 5246 ei
1465 5209 1478 5246 :
1509 5191 1686 5261 Abba,
1717 5195 1998 5266 quomodo

402 5279 712 5354 acquiescis
741 5279 948 5334 habere
971 5287 1156 5336 tecum
1185 5298 1390 5354 pueros
1409 5281 1642 5346 istos,et
1661 5299 1772 5338 non
1802 5284 1996 5356 przeci-

403 5370 491 5445 pis
513 5369 594 5425 eis
617 5384 689 5424 ne
723 5367 1058 5424 strinientur
1087 5368 1188 5436 (44;
1216 5371 1242 5423 ?
1269 5370 1337 5424 Et
1363 5371 1504 5426 dixit
1531 5388 1702 5426 senex
1730 5391 1742 5426 :
1773 5373 1995 5430 Credite

401 5459 803 5530 mihi,fratres,
831 5457 952 5514 dies
980 5457 1179 5526 habeo,
1193 5475 1261 5514 ex
1281 5476 1390 5531 quo
1409 5460 1533 5516 volo
1563 5461 1642 5516 eis
1671 5462 1992 5534 praecipere,

400 5556 458 5610 et
486 5549 766 5626 redarguo
804 5547 1106 5624 meipsum,
1157 5548 1385 5606 dicens:
1422 5550 1482 5606 Si
1512 5550 1618 5608 hoc
1646 5569 1850 5626 parum
1878 5568 1994 5611 non

2089 4485 2278 4534 autem
2302 4479 2524 4550 juvenis
2548 4486 2607 4534 et
2629 4479 2936 4552 discipulus
2977 4481 3244 4554 quoniam
3271 4498 3444 4554 opere
3471 4489 3573 4539 tuo
3599 4501 3691 4548 su-

2088 4568 2297 4640 perasti
2329 4559 2514 4626 meam
2543 4575 2912 4624 senectutem.

2165 4654 2248 4714 18.
2280 4657 2509 4713 Dicebat
2538 4657 2766 4730 quidam
2791 4675 2988 4714 senum
3021 4661 3172 4732 quod
3189 4660 3438 4716 audierit
3467 4662 3686 4736 aliquos

2085 4746 2234 4802 viros
2261 4752 2583 4802 sanctorum
2613 4747 2798 4804 dicere
2834 4765 2956 4804 esse
2987 4749 3225 4820 juvenes
3278 4751 3376 4823 qui
3416 4751 3688 4808 ducatum

2087 4835 2374 4909 praebeant
2397 4835 2625 4892 senibus
2643 4837 2702 4892 in
2729 4838 2842 4892 vita
2862 4838 2987 4906 hac,
3008 4843 3066 4893 et
3088 4842 3685 4903 narraverunt,dicen-

2087 4930 2204 4980 tes:
2239 4925 2374 4997 quia
2393 4911 2518 4980 erat
2538 4926 2768 4998 quidam
2797 4925 3049 4982 ebriosus
3071 4933 3324 4995 senex,et
3345 4931 3692 5002 operabatur

2086 5030 2256 5070 unam
2278 5021 2513 5070 mattam
2536 5014 2595 5070 in
2615 5016 2725 5082 die,
2752 5022 2808 5072 et
2829 5015 3105 5072 vendebat
3119 5034 3245 5072 eam
3259 5018 3319 5072 in
3341 5019 3528 5074 vicino
3544 5022 3682 5088 vico,

2085 5109 2143 5158 et
2170 5103 2398 5159 bibebat
2439 5105 2586 5176 quod
2617 5105 2927 5177 accipiebat
2953 5105 3023 5161 de
3059 5106 3241 5178 pretio
3287 5109 3434 5178 ejus.
3484 5109 3688 5165 Postea

2081 5209 2212 5247 vero
2243 5194 2396 5248 venit
2424 5193 2496 5249 ad
2521 5211 2652 5250 eum
2683 5195 2915 5266 quidam
2944 5195 3136 5261 frater,
3171 5203 3230 5251 et
3257 5197 3533 5253 manebat
3554 5216 3681 5254 cum

2079 5283 2221 5355 ipso,
2245 5283 2341 5355 qui
2373 5283 2633 5339 similiter
2646 5284 2986 5356 operabatur
2999 5292 3057 5340 et
3081 5285 3201 5358 ipse
3218 5293 3463 5342 mattam
3479 5305 3678 5344 unam:

2077 5372 2311 5428 tollebat
2334 5379 2527 5428 autem
2555 5390 2679 5430 eam
2695 5391 2863 5429 senex
2892 5381 2950 5430 et
2972 5375 3265 5441 vendebat,
3300 5382 3361 5431 et
3382 5377 3683 5434 ambarum

2077 5468 2384 5519 mattarum
2399 5463 2646 5536 pretium
2663 5462 3012 5536 expendebat
3028 5464 3088 5520 in
3110 5465 3555 5533 vino,illiautem
3567 5468 3682 5524 fra-

2074 5553 2152 5608 tri
2173 5552 2442 5610 elferebat
2451 5553 2846 5611 tantummodo
2859 5553 3147 5611 modicum
3157 5571 3368 5629 panem
3381 5557 3458 5614 ad
3467 5573 3677 5616 seram.
