3976 6186
336 252 443 311 973

1642 252 1881 310 VERBA
1919 250 2313 310 SENIORUM.

3507 257 3613 315 974

338 379 406 434 Et
425 394 553 434 cum
571 378 677 435 hoc
706 378 931 435 trienno
954 380 1170 451 jugiter
1186 378 1414 448 faceret,
1435 379 1578 435 nihil
1604 380 1821 435 locutus
1852 379 2372 450 estAsuperiorum
2404 382 2597 446 ωδ
2616 380 2766 436 enim
2792 381 3067 438 virtutum
3090 382 3268 438 millia
3291 387 3346 439 et
3372 383 3614 439 millium

333 468 510 524 frater
528 469 641 524 ille.
664 470 920 525 Posthaec
931 487 1062 524 vero
1082 470 1224 525 dixit
1241 470 1518 526 fraterille
1533 471 1590 525 in
1608 471 1927 542 semetipso:

334 559 475 614 Ecce
504 558 691 614 nudus
716 576 865 626 sum,
898 565 956 615 et
996 576 1199 632 panem
1230 578 1359 616 cum
1400 567 1648 631 egestate
1677 562 1928 628 comedo,

333 665 564 721 surgam
604 666 740 720 ergo
758 654 817 704 et
842 649 1125 705 discedam
1154 651 1302 705 hinc.
1330 653 1541 707 Iterum
1569 656 1756 706 autem
1786 652 1934 723 cogi-

334 738 475 793 tavit
504 738 564 793 in
591 739 916 811 semetipso,
958 740 1148 795 dicens
1178 759 1191 794 :
1219 740 1325 796 Ubi
1368 740 1545 797 habeo
1590 742 1707 795 ire?
1757 742 1934 797 Sedeo

334 826 426 881 hic
450 845 464 894 ;
493 843 597 897 ego
633 828 785 882 enim
816 829 1235 900 propterDeum
1266 830 1432 884 sedeo
1451 830 1512 884 in
1532 830 1637 884 hac
1650 830 1765 885 vita
1783 847 1937 885 com-

338 916 603 971 muni.Et
615 917 810 971 statim
837 918 1099 989 apparuit
1128 918 1179 972 ei
1202 919 1439 989 angelus
1458 920 1934 985 Domini,dicens:

339 1006 634 1077 Nusquam
678 1005 953 1073 discedas,
985 1007 1275 1062 veniemus
1316 1008 1463 1063 enim
1505 1026 1630 1064 cras
1660 1009 1732 1063 ad
1760 1014 1837 1064 te.
1872 1010 1941 1064 Et

340 1096 561 1167 rogavit
600 1095 777 1150 frater
810 1095 904 1150 ille
944 1113 1135 1151 senem
1182 1097 1341 1152 illum
1389 1098 1514 1169 ipsa
1558 1098 1667 1163 die,
1695 1098 1886 1153 dicens
1920 1117 1932 1153 :

340 1186 468 1241 Non
490 1184 742 1240 discedas
781 1185 911 1241 hinc
940 1185 1164 1252 alicubi,
1193 1186 1330 1257 quia
1375 1188 1605 1242 venient
1627 1187 1797 1242 hodie
1826 1188 1938 1243 mei

339 1275 540 1329 tollere
576 1291 688 1329 me.
738 1275 878 1330 Cum
908 1291 1042 1346 ergo
1071 1275 1217 1330 facta
1244 1276 1445 1331 fuisset
1480 1277 1619 1331 hora
1657 1294 1769 1348 qua
1795 1278 1939 1332 sole-

340 1364 441 1419 bat
454 1380 621 1419 senex
636 1364 973 1419 descendere
993 1365 1065 1419 ad
1088 1365 1290 1431 vicum,
1310 1365 1450 1421 dixit
1466 1365 1626 1421 fratri
1649 1386 1659 1420 :
1691 1368 1815 1421 Non
1844 1383 1939 1421 ve—

340 1454 503 1510 nient
519 1454 705 1519 hodie,
740 1453 820 1508 fili
843 1473 856 1521 ;
881 1455 1001 1524 jam
1027 1455 1179 1508 enim
1209 1455 1368 1510 tarde
1393 1461 1496 1510 est.
1514 1457 1583 1511 Et
1608 1457 1702 1510 ille
1730 1456 1869 1511 dixit
1888 1456 1938 1510 ei

340 1543 524 1599 modis
552 1542 830 1609 omnibus,
846 1543 980 1615 quia
998 1544 1224 1599 venient
1245 1562 1257 1598 :
1287 1550 1345 1599 et
1362 1545 1493 1600 dum
1512 1563 1638 1601 cum
1662 1563 1729 1600 eo
1743 1547 1940 1617 loque-

340 1639 520 1699 retur,
551 1633 816 1688 dormivit
842 1632 901 1687 in
922 1649 1083 1704 pace;
1103 1650 1273 1691 senex
1292 1645 1478 1690 autem
1503 1635 1690 1700 ﬂebat,
1709 1635 1900 1691 dicens
1925 1655 1936 1689 :

2014 468 2195 523 millia
2236 486 2408 523 unam
2452 470 2795 526 voluntatem
2840 472 3081 539 habent,
3129 473 3386 528 homines
3421 480 3613 535 autem

2014 558 2221 612 multas
2230 559 2621 614 voluntates.N
2623 576 2697 614 on
2706 577 2932 631 possum
2954 579 3086 632 ergo
3102 562 3389 617 dimittere
3408 564 3609 630 Deum,

2016 652 2075 702 et
2094 647 2299 714 venire,
2323 653 2381 702 et
2398 665 2521 703 esse
2538 666 2667 703 cum
2687 649 3027 705 hominibus.

2087 735 2141 791 6.
2176 737 2324 792 Dixit
2345 736 2515 792 abbas
2544 739 2829 808 Agathon:
2856 740 3000 804 Quia
3027 741 3335 797 secundum
3362 742 3615 796 volunta-

2017 828 2136 879 tem
2156 842 2340 881 meam
2371 844 2662 899 nunquam
2690 829 3216 898 dormivi,retinens
3244 831 3302 885 in
3335 831 3501 885 corde
3520 830 3615 885 ad-

2018 931 2211 971 versus
2239 933 2579 988 quamquam
2609 917 2880 985 dolorem,
2920 935 3103 990 neque
3135 919 3324 974 dimisi
3371 920 3617 975 dormire

2015 1006 2191 1059 alium
2221 1006 2521 1061 habentem
2545 1008 2841 1062 adversum
2878 1024 2971 1062 me
2999 1008 3213 1080 aliquid
3247 1009 3429 1081 (Rulli,
3459 1013 3497 1064 ι.
3532 1023 3612 1075 ιιι,

2019 1112 2076 1150 η.
2110 1093 2220 1163 95).

2090 1186 2140 1240 7.
2164 1186 2516 1241 Ascendente
2530 1187 2832 1258 aliquando
2860 1188 2929 1241 de
2960 1186 3155 1258 Scythi
3176 1186 3377 1242 abbate
3405 1189 3620 1243 Joanne

2021 1291 2149 1329 cum
2176 1275 2301 1329 aliis
2329 1275 2615 1342 fratribus,
2642 1276 2865 1342 erravit,
2894 1279 2990 1349 qui
3023 1276 3102 1331 eis
3119 1277 3387 1332 ducatum
3416 1276 3623 1348 praebe-

2022 1363 2136 1430 bat,
2169 1364 2227 1418 in
2255 1365 2373 1431 via;
2408 1371 2531 1419 erat
2559 1365 2709 1419 enim
2743 1381 2870 1420 nox.
2918 1366 2988 1419 Et
3014 1366 3276 1421 dixerunt
3300 1365 3503 1421 fratres
3530 1365 3623 1421 ab-

2023 1452 2139 1507 bati
2166 1454 2367 1508 Joanni
2394 1454 2571 1518 :Quid
2592 1447 2846 1520 facimus,
2877 1454 3039 1522 abba,
3065 1455 3198 1526 quia
3223 1456 3430 1510 erravit
3449 1455 3624 1511 frater

2021 1541 2129 1596 iste
2155 1543 2225 1597 de
2252 1543 2360 1609 via,
2392 1560 2464 1597 ne
2491 1543 2634 1598 forte
2662 1544 2972 1599 moriamur
2985 1545 3356 1599 errantesYEt
3373 1544 3514 1598 dixit
3541 1545 3623 1599 eis

2023 1648 2194 1686 senex
2225 1650 2236 1684 :
2273 1632 2331 1687 Si
2358 1632 2665 1687 dixerimus
2690 1633 2741 1687 ei
2775 1633 3009 1704 aliquid,
3041 1632 3485 1688 contristabitur.
3513 1633 3623 1688 Sed

342 1724 472 1778 Heu
501 1739 610 1788 me,
627 1723 727 1788 ﬁli,
752 1722 887 1794 quia
899 1723 1091 1779 multis
1114 1723 1279 1778 annis
1302 1723 1407 1779 sub
1436 1725 1781 1795 negligentia
1795 1725 1938 1791 vivo,
1958 1716 2004 1775 B
2023 1737 2148 1775 ecce
2176 1721 2319 1775 facio
2349 1721 2627 1792 meipsum
2655 1722 2817 1792 quasi
2838 1721 3135 1787 defectum,
3169 1727 3225 1776 et
3248 1721 3370 1776 dico
3390 1739 3483 1777 me
3510 1738 3623 1777 non

344 1818 409 1867 tu
436 1819 628 1867 autem
658 1811 727 1866 in‘
753 1828 923 1883 parvo
951 1818 1205 1884 tempore
1234 1814 1461 1869 salvasti
1499 1815 1747 1869 animam
1784 1820 1942 1869 tuam

345 1919 449 1974 per
475 1901 824 1973 patientiam.
847 1902 916 1957 Et
933 1918 1000 1956 ex
1016 1901 1114 1957 illo
1128 1902 1221 1957 die
1237 1902 1417 1958 factus
1433 1909 1519 1959 est
1536 1920 1705 1959 senex
1723 1904 1943 1960 sobrius

258 1984 263 1987 ’
343 1999 403 2046 et
424 1990 711 2064 probatus.

419 2078 507 2137 19.
540 2079 815 2135 Dicebant
841 2079 911 2135 de
940 2080 1183 2151 quodam
1209 2080 1402 2148 fratre,
1435 2082 1529 2153 qui
1573 2082 1693 2138 seni
1724 2082 1946 2138 cuidam

344 2186 553 2241 magno
580 2170 795 2225 vicinus
818 2177 959 2235 erat,
993 2171 1126 2241 quia
1166 2170 1575 2241 ingrederetur,
1621 2179 1679 2227 et
1725 2176 1953 2244 raperet

349 2259 622 2332 quidquid
651 2259 885 2315 haberet
913 2276 1081 2315 senex
1107 2260 1167 2314 in
1196 2261 1337 2315 cella
1362 2278 1464 2316 sua
1487 2263 1672 2328 (Rulli,
1700 2266 1737 2317 ι.
1772 2277 1855 2327 III,
1887 2279 1945 2316 η.

352 2351 418 2404 74
446 2368 462 2417 ;
490 2350 702 2413 Pasch"
734 2367 780 2403 ι’.
811 2349 866 2416 3,
898 2365 955 2403 η.
990 2348 1062 2418 2).
1096 2349 1336 2405 Videbat
1361 2356 1551 2405 autem
1600 2368 1729 2405 eum
1758 2368 1945 2418 senex,

351 2443 410 2494 et
439 2455 554 2493 non
597 2437 931 2509 objurgabat
960 2455 1109 2503 eum,
1160 2439 1260 2494 sed
1296 2439 1662 2511 extorquebat
1693 2440 1797 2494 sibi
1824 2442 1949 2511 plus

351 2528 520 2583 solito
552 2527 811 2583 manibus
837 2528 1079 2599 operari,
1110 2529 1304 2584 dicens
1335 2548 1345 2583 :
1384 2529 1582 2595 Credo,
1613 2546 1754 2601 Opus
1781 2529 1953 2584 habet

352 2616 531 2675 frater
545 2616 673 2671 iste.
705 2616 773 2671 Et
793 2616 1051 2687 exigebat
1069 2634 1104 2672 a
1120 2634 1179 2671 se
1199 2618 1473 2688 majorem
1491 2618 1656 2672 solito
1678 2617 1946 2685 laborem;

353 2712 413 2762 et
436 2705 784 2776 astringebat
805 2712 1054 2761 ventrem
1074 2724 1260 2771 suum,
1283 2713 1349 2762 ut
1366 2724 1492 2762 cum
1521 2707 1836 2777 indigentia
1866 2725 1955 2762 co-

353 2795 609 2851 mederet
635 2812 840 2867 panem
899 2795 1041 2851 Cum
1072 2802 1262 2851 autem
1292 2796 1438 2851 mori
1482 2796 1741 2868 coepisset
1786 2813 1955 2851 senex

351 2886 472 2956 ille,
518 2887 1010 2941 circumsteterunt
1038 2902 1166 2940 eum
1206 2885 1426 2940 fratres.
1470 2886 1541 2941 Et
1567 2887 1870 2958 respiciens
1896 2886 1956 2941 in

2024 1826 2187 1881 posse
2216 1810 2524 1877 ambulare,
2557 1810 2654 1865 sed
2679 1811 2841 1881 jaceo
2870 1811 2960 1865 hic
2990 1828 3170 1882 usque
3200 1828 3384 1866 mane.
3400 1812 3470 1866 Et
3485 1811 3626 1867 fece-

2024 1904 2159 1955 runt
2185 1900 2283 1954 sic.
2316 1900 2426 1955 Sed
2455 1905 2513 1954 et
2536 1900 2746 1955 residui
2773 1900 3073 1956 dixerunt:
3106 1902 3222 1956 Nec
3259 1917 3361 1955 nos
3396 1900 3622 1969 ibimus,

2026 1990 2120 2044 sed
2152 1988 2470 2044 sedebimus
2498 1995 2687 2044 tecum
2711 2009 2724 2043 :
2758 1996 2816 2044 et
2844 1990 3114 2046 sederunt
3134 2006 3313 2062 usque
3335 2007 3520 2059 mane,
3552 2007 3625 2045 ne

2026 2078 2394 2149 objurgarent
2410 2079 2642 2134 fratrem
2659 2079 2841 2134 illum.

2101 2167 2154 2222 8.
2188 2168 2367 2222 Senex
2395 2168 2625 2239 quidam
2639 2174 2761 2223 erat
2788 2169 2847 2223 in
2859 2169 3118 2240 Egypto,
3151 2173 3453 2240 antequam
3470 2168 3627 2225 veni-

2032 2256 2259 2311 ret’illic
2283 2256 2453 2312 abbas
2480 2259 2683 2313 Pastor
2706 2275 2718 2309 :
2749 2258 2842 2313 ille
2857 2264 3048 2313 autem
3063 2274 3233 2313 senex
3257 2258 3500 2313 habebat
3523 2275 3628 2314 no-

2032 2346 2217 2401 titiam
2238 2347 2531 2401 hominum
2560 2351 2618 2401 et
2644 2347 2888 2402 multum
2916 2348 3185 2402 honorem
3213 2349 3403 2417 (Rulli,
3424 2350 3520 2402 lib.
3545 2362 3629 2416 III,

2034 2451 2091 2489 η.
2122 2434 2230 2505 95).
2257 2436 2396 2489 Cum
2419 2453 2554 2507 ergo
2583 2437 2926 2491 ascendisset
2938 2436 3114 2491 abbas
3129 2438 3328 2492 Pastor
3348 2437 3417 2491 de
3439 2438 3635 2509 Scythi

2032 2542 2161 2580 cum
2189 2525 2323 2592 suis,
2356 2526 2697 2581 dimiserunt
2716 2527 2877 2581 illum
2922 2543 3134 2593 senem,
3166 2531 3224 2581 et
3261 2533 3536 2582 venerunt
3561 2528 3630 2582 ad

2034 2614 2295 2669 abbatem
2316 2609 2622 2671 Pastorem
2661 2636 2672 2671 :
2707 2616 3012 2671 invidiatus
3056 2621 3246 2671 autem
3284 2633 3453 2671 senex
3490 2616 3635 2671 male

2035 2704 2372 2775 loquebatur
2400 2706 2470 2759 de
2496 2706 2596 2760 eis.
2616 2707 2733 2760 Hoc
2761 2706 2995 2760 audiens
3027 2706 3244 2771 Pastor,
3260 2705 3637 2761 contristaba-

2034 2797 2150 2861 tur,
2183 2800 2241 2848 et
2266 2793 2402 2848 dicit
2429 2794 2696 2850 fratribus
2725 2794 2841 2849 suis
2872 2813 2883 2847 :
2917 2794 3063 2859 Quid
3108 2795 3379 2850 faciemus
3406 2795 3475 2850 de
3504 2811 3637 2850 sene

2037 2882 2146 2937 isto
2175 2900 2397 2955 magno,
2433 2884 2566 2955 quia
2594 2883 2767 2938 nosin
2787 2883 3152 2938 tribulatione
3165 2883 3443 2938 miserunt
3455 2884 3638 2939 homi-

356 2991 491 3031 eum
517 2974 612 3046 qui
637 2974 949 3041 furabatur,
982 2974 1122 3029 dixit
1141 2974 1193 3029 ei
1225 2992 1237 3028 :
1270 2976 1451 3047 Junge
1490 2980 1549 3030 te
1581 2976 1690 3030 huc
1730 2976 1801 3030 ad
1842 2993 1950 3031 me.
1972 2995 2016 3057 ο
2038 2994 2138 3032 nes
2160 2978 2613 3049 derelinquentes
2627 2993 2840 3043 senem,
2868 2981 2926 3032 et
2944 2976 3015 3030 ad
3035 2992 3137 3031 nos
3154 2977 3252 3047 qui
3267 2976 3635 3043 nihilsumus,

356 3066 425 3121 Et
452 3064 638 3120 tenuit
666 3070 723 3119 et
752 3064 1033 3120 osculatus
1058 3070 1144 3119 est
1172 3081 1374 3119 manus
1403 3066 1545 3136 ejus,
1576 3064 1955 3121 dicens:Gra-

353 3155 469 3211 tias
488 3170 594 3225 ago
621 3154 744 3209 istis
767 3152 1045 3219 manibus,
1061 3153 1252 3220 frater,
1262 3154 1396 3225 quia
1415 3159 1643 3226 propter
1660 3155 1797 3210 istas
1816 3156 1956 3210 vado

352 3245 417 3299 in
444 3260 619 3315 regno
647 3244 936 3299 caelorum.
959 3244 1060 3298 Ille
1084 3248 1275 3298 autem
1308 3238 1675 3316 compunctus
1703 3250 1761 3299 et
1785 3245 1959 3317 paeni.

355 3332 598 3388 tentiam
625 3348 818 3403 agens,
847 3331 1025 3387 factus
1061 3338 1148 3387 est
1175 3332 1347 3387 etiam
1384 3332 1505 3404 ipse
1535 3332 1806 3404 probatus
1833 3350 1956 3387 mo-

359 3422 596 3489 nachus,
626 3421 942 3493 exemplum
970 3438 1198 3476 sumens
1224 3422 1294 3476 de
1323 3422 1539 3477 actibus
1587 3423 1779 3493 magni
1807 3423 1961 3477 illius

358 3511 515 3567 senis
526 3511 567 3567 ¹.

354 3604 363 3609 ’
605 3588 949 3657 LIBELLUS
987 3601 1304 3658 DECIMUS
1343 3602 1714 3659 SEPTIMUS.

967 3684 1041 3745 De
1069 3691 1354 3744 charitate.

439 3779 492 3833 l.
534 3778 688 3834 Dixit
730 3778 902 3834 abbas
937 3779 1217 3834 Antonius
1259 3798 1271 3834 :
1314 3779 1429 3850 Ego
1464 3781 1584 3850 jam
1632 3797 1745 3835 non
1791 3780 1963 3836 timeo

361 3869 567 3934 Deum,
600 3867 699 3923 sed
741 3884 889 3935 amo,
923 3868 1056 3939 quia
1099 3884 1261 3923 amor
1307 3868 1458 3923 foras
1501 3869 1655 3923 misit
1699 3869 1963 3925 timorem

367 3958 425 4025 (Ι
447 3958 609 4011 Joan.
642 3962 733 4026 Iv).

439 4045 491 4101 2.
518 4045 667 4100 Dixit
690 4046 896 4101 iterum
912 4064 923 4100 :
948 4048 1094 4112 Quia
1108 4047 1176 4102 de
1195 4047 1446 4119 proximo
1471 4052 1557 4102 est
1571 4048 1687 4103 vita
1700 4053 1758 4103 et
1773 4064 1923 4102 mors
1948 4067 1961 4115 ;

360 4134 418 4189 si
446 4135 595 4189 enim
615 4136 900 4191 lucremur
920 4136 1169 4204 fratrem,
1186 4137 1532 4192 lucrabimur
1551 4138 1764 4205 Deum;
1798 4138 1846 4192 si
1863 4155 1966 4193 au-

362 4234 484 4279 tem
500 4225 941 4281 scandalizamus
955 4227 1206 4290 fratrem,
1227 4227 1286 4281 in
1307 4227 1530 4282 Christo
1551 4244 1866 4299 peccamus.

440 4318 494 4369 3.
524 4313 711 4370 Abbas
729 4317 970 4370 Ammon
1004 4316 1074 4371 de
1110 4317 1232 4371 loco
1252 4316 1546 4384 Nitrionis,
1586 4317 1737 4371 venit
1762 4318 1833 4372 ad
1862 4316 1963 4372 ab-

2039 3068 2393 3122 attendentes
2408 3068 2433 3121 7
2450 3066 2740 3132 Quomodo
2771 3083 2904 3138 ergo
2926 3082 3225 3137 possumus
3245 3082 3446 3121 sanare
3466 3083 3596 3121 eum
3614 3067 3640 3120 Τ

2041 3156 2109 3210 Et
2137 3155 2281 3210 dixit
2309 3156 2389 3211 eis
2414 3174 2425 3209 :
2450 3156 2639 3210 Facite
2669 3155 2881 3226 aliquid
2909 3155 2979 3210 ad
3008 3154 3372 3226 gustandum,
3393 3154 3641 3210 ettollite

2020 3245 2328 3313 _vasculum
2348 3245 2483 3311 vini,
2507 3251 2566 3300 et
2589 3262 2784 3300 eamus
2804 3245 2875 3298 ad
2892 3261 3042 3311 cum,
3067 3249 3122 3298 et
3137 3249 3431 3315 gustamus
3450 3243 3637 3311 simul,

2042 3333 2277 3387 forsitan
2295 3351 2396 3405 per
2409 3335 2524 3389 hare
2542 3351 2839 3406 possumus
2861 3350 3061 3388 sanare
3082 3333 3335 3388 animum
3363 3334 3505 3404 ejus.
3527 3334 3641 3388 Tu-

2043 3423 2237 3478 lerunt
2255 3440 2388 3494 ergo
2412 3440 2551 3494 quos
2580 3429 2916 3495 paraverant
2951 3422 3123 3487 cibos,
3174 3429 3236 3481 et
3275 3427 3645 3494 perrexerunt

2044 3512 2115 3567 ad
2143 3529 2271 3567 eum
2296 3530 2309 3579 ;
2339 3518 2396 3567 et
2422 3513 2560 3567 dum
2586 3513 2881 3583 pulsarent
2904 3511 3132 3579 ostium,
3162 3512 3453 3583 respondit
3469 3509 3641 3566 disci-

2043 3602 2211 3673 pulus
2236 3603 2381 3672 ejus,
2407 3602 2602 3656 dicens
2634 3620 2645 3655 :
2682 3601 2789 3665 Qui
2818 3602 2953 3656 estis
2966 3601 2990 3654 Τ
3020 3602 3090 3656 Et
3107 3601 3188 3655 illi
3219 3600 3517 3657 dixerunt:
3541 3600 3643 3656 Dic

2045 3690 2252 3758 abbati,
2287 3692 2420 3763 quia
2465 3692 2665 3746 Pastor
2699 3696 2804 3759 est,
2847 3696 2904 3745 et
2940 3690 3223 3744 desiderat
3259 3688 3515 3744 benedici
3543 3705 3645 3760 per

2044 3797 2162 3835 vos.
2186 3782 2306 3835 Hoc
2333 3787 2521 3836 autem
2544 3781 2772 3835 nuntiat
2787 3780 2839 3834 ei
2859 3780 3165 3851 discipulus
3187 3780 3328 3849 ejus.
3362 3780 3463 3834 Ille
3492 3795 3645 3833 man-

2045 3869 2216 3935 davit,
2233 3871 2453 3925 dicens:
2474 3871 2648 3951 Vade,
2684 3870 2817 3941 quia
2844 3886 2958 3924 non
2982 3869 3121 3923 mihi
3147 3874 3324 3924 vacat.
3347 3869 3434 3923 Illi
3455 3873 3641 3924 autem

2046 3964 2466 4030 perseverantes
2482 3958 2540 4012 in
2559 3963 2816 4012 caumate
2829 3958 3115 4012 dixerunt:
3136 3956 3264 4012 Non
3284 3957 3640 4025 discedimus,

2047 4047 2155 4102 nisi
2185 4048 2558 4102 meruerimus
2586 4047 3029 4101 benedictionem
3049 4047 3221 4101 senis.
3254 4048 3434 4101 Senex
3453 4053 3640 4102 autem

2046 4138 2240 4191 videns
2270 4136 2744 4208 perseverantiam
2773 4141 2830 4190 et
2851 4135 3224 4190 humilitatem
3252 4150 3471 4202 eorum,
3496 4150 3644 4189 com-

2047 4232 2288 4297 punctus
2308 4225 2638 4297 aperuiteis,
2656 4231 2713 4279 et
2727 4224 3006 4278 intrantes
3018 4229 3389 4294 gustaverunt
3407 4241 3535 4279 cum
3551 4240 3639 4291 eo;

2046 4332 2173 4370 cum
2205 4332 2336 4385 ergo
2358 4315 2780 4380 manducarent,
2802 4313 3119 4368 dixitsenex
3138 4332 3149 4367 :
3173 4315 3237 4368 In
3249 4314 3482 4368 veritate
3496 4313 3638 4381 dico,

361 4400 557 4458 batem
584 4405 912 4470 Antonium,
947 4412 1004 4459 et
1030 4405 1171 4459 dixit
1198 4406 1249 4460 ci
1284 4424 1296 4460 :
1329 4406 1505 4461 Video
1526 4407 1657 4478 quia
1690 4393 2028 4478 majoremD
2047 4406 2233 4459 minus
2279 4420 2449 4476 quam
2480 4405 2627 4475 quod
2658 4409 2744 4457 est
2774 4402 2959 4457 audivi
2987 4403 3057 4457 de
3098 4402 3277 4460 vobis:
3319 4403 3643 4474 centuplum

360 4492 617 4548 laborem
641 4510 811 4565 quam
822 4499 883 4549 tu
899 4494 1170 4563 sustineo,
1189 4501 1248 4550 et
1276 4496 1555 4567 quomodo
1570 4513 1775 4551 nomen
1803 4501 1961 4551 tuum

358 4582 728 4652 magniﬁcum
758 4588 846 4637 est
872 4583 931 4637 in
959 4584 1282 4639 hominibus
1309 4601 1479 4655 super
1498 4585 1623 4639 me?
1654 4586 1724 4640 Et
1746 4585 1887 4639 dixit
1914 4584 1966 4640 ei

359 4670 540 4727 abbas
566 4672 881 4728 Antonius:
912 4673 1190 4737 Quoniam
1220 4679 1278 4728 et
1305 4691 1409 4744 ego
1437 4674 1609 4745 diligo
1633 4675 1813 4730 Deum
1840 4675 1965 4746 plus

362 4776 539 4833 quam
566 4767 650 4837 tu.

443 4850 497 4906 4.
528 4850 695 4905 Venit
709 4851 1012 4923 aliquando
1031 4850 1203 4907 abbas
1220 4851 1479 4907 Hilarion
1497 4852 1566 4907 de
1581 4853 1881 4908 Palaestina
1895 4853 1967 4908 ad

365 4936 634 4994 abbatem
662 4939 971 4995 Antonium
993 4939 1052 4995 in
1069 4945 1338 5007 montem,
1357 4946 1416 4995 et
1437 4940 1574 4994 dicit
1595 4940 1646 4995 ei
1668 4940 1840 4996 abbas
1857 4943 1970 4999 An-

366 5027 601 5083 tonius;
636 5029 787 5084 Bene
814 5028 1035 5095 venisti,
1069 5029 1308 5095 Lucifer,
1345 5029 1443 5101 qui
1478 5047 1645 5085 mane
1689 5031 1872 5086 oriris.
1904 5032 1972 5086 Et

368 5118 521 5173 dixit
544 5117 715 5173 abbas
735 5119 991 5174 Hilarion
1019 5137 1032 5172 :
1074 5120 1190 5174 Pax
1216 5118 1339 5186 tibi,
1372 5119 1633 5174 columna
1654 5120 1814 5188 lucis,
1849 5137 1971 5191 quae

365 5207 620 5263 sustines
649 5208 841 5263 orbem
865 5215 1166 5264 terrarum.

449 5295 502 5353 5.
518 5297 670 5352 Dixit
695 5297 867 5353 abbas
890 5299 1112 5353 Marcus
1136 5297 1329 5353 abbati
1348 5299 1585 5354 Arsenio
1614 5317 1625 5353 :
1660 5300 1845 5364 Quare
1868 5317 1971 5355 nos

363 5386 558 5457 fugis?
584 5387 655 5441 Et
670 5387 809 5442 dicit
826 5387 878 5441 ei
900 5402 1069 5442 senex
1096 5407 1108 5441 :
1129 5388 1247 5443 Scit
1271 5388 1441 5455 Deus,
1474 5388 1608 5458 quia
1634 5388 1808 5461 diligo
1841 5407 1967 5458 vos;

368 5477 477 5535 sed
506 5492 622 5532 non
646 5493 875 5549 possum
904 5494 1028 5534 esse
1057 5494 1186 5533 cum
1222 5478 1339 5533 Deo
1368 5484 1426 5533 et
1452 5494 1580 5533 cum
1609 5478 1969 5550 hominibus;

2047 4496 2198 4549 enim
2230 4500 2316 4549 est
2344 4494 2492 4565 quod
2506 4493 2666 4548 video
2689 4493 2748 4548 in
2762 4509 2930 4564 opere
2958 4493 3378 4547 vestro.Factus
3405 4498 3492 4547 est
3510 4509 3643 4564 ergo

2046 4585 2262 4640 amicus
2291 4583 2371 4638 eis
2400 4600 2468 4638 ex
2494 4583 2590 4637 illo
2620 4583 2728 4638 die.

2118 4652 2171 4729 9..
2202 4674 2356 4729 Dixit
2381 4672 2552 4727 abbas
2572 4674 2770 4727 Pastor
2789 4689 2800 4725 :
2822 4671 3038 4727 Conare
3049 4670 3355 4727 secundum
3377 4671 3644 4725 virtutem

2047 4770 2205 4819 tuam
2226 4762 2366 4818 nulli
2379 4762 2607 4817 omnino
2622 4766 2805 4816 lacere
2826 4760 3124 4827 malum,et
3142 4765 3356 4816 castum
3368 4776 3530 4815 serva
3549 4776 3647 4816 cor

2048 4859 2212 4909 tuum
2233 4852 2390 4907 omni
2410 4851 2644 4906 homini.

2128 4942 2192 5000 10
2207 4987 2217 4998 .
2231 4943 2443 4997 Iterum
2463 4940 2630 4996 dixit:
2651 4941 2776 4995 Non
2796 4944 2880 4996 est
2898 4940 3109 5012 aliquid
3126 4940 3310 5010 majus
3324 4938 3642 5000 dilectione,

2052 5032 2225 5087 etiam
2254 5035 2317 5085 ut
2336 5030 2580 5085 animam
2606 5046 2764 5084 suam
2785 5036 2957 5100 ponat
2977 5030 3102 5102 quis
3121 5046 3221 5100 pro
3248 5027 3498 5100 proximo
3520 5045 3644 5084 suo.

2053 5120 2274 5178 Etenim
2302 5121 2350 5174 si
2379 5120 2504 5191 quis
2534 5119 2766 5174 audiens
2783 5135 3099 5174 sermonem
3114 5119 3355 5184 tristem,
3380 5135 3507 5174 cum
3524 5135 3648 5190 pos-

2051 5211 2127 5265 sit
2164 5212 2282 5281 ipse
2314 5210 2372 5263 id
2392 5210 2591 5274 facere,
2632 5214 2810 5263 certet
2833 5213 3002 5279 atque
3027 5206 3321 5274 sustineat,
3354 5213 3412 5262 et
3430 5224 3543 5262 non
3564 5223 3647 5261 re-
3750 5270 3757 5275 ο

2052 5300 2347 5356 contristet
2372 5318 2384 5365 ;
2414 5298 2500 5353 vel
2528 5298 2698 5353 etiam
2726 5298 2774 5352 si
2798 5297 2964 5353 laesus
2995 5298 3054 5353 in
3076 5316 3137 5353 re
3161 5297 3351 5369 aliqua
3370 5296 3648 5368 patienter

2047 5390 2262 5456 tulerit,
2277 5404 2389 5443 non
2407 5386 2725 5441 retribuens
2736 5388 3003 5443 contrista
3012 5388 3094 5443 nti
3110 5395 3279 5458 atque
3298 5384 3521 5441 laedenti
3549 5399 3609 5438 se
3628 5401 3642 5447 ;

2052 5496 2120 5536 eo
2154 5479 2319 5534 modo
2339 5477 2664 5548 hujusmodi
2689 5478 2858 5535 homo
2883 5478 3133 5533 animam
3175 5493 3333 5533 suam
3363 5474 3522 5548 ponit
3544 5488 3647 5549 pro

447 5619 467 5657 ¹
502 5619 605 5679 Hic
632 5620 691 5678 in
726 5619 894 5677 editis
924 5617 1271 5692 sequebatur
1298 5636 1354 5677 n.
1386 5618 1477 5693 20,
1513 5620 1582 5677 de
1609 5620 1800 5679 Thaisi
1825 5622 2145 5694 meretrice;
2175 5622 2274 5679 sed
2305 5638 2431 5677 eam
2457 5621 2630 5678 habes
2657 5620 2754 5677 lib.
2788 5636 2809 5680 ι
2836 5620 2986 5677 inter
3011 5619 3187 5677 Vitas.
