3964 6206
376 303 483 362 975

1499 302 1591 356 DE
1628 302 1816 358 VITIS
1855 302 2150 360 PATRUM
2187 303 2399 360 LIBER
2440 306 2504 362 ν.

3554 313 3668 370 976

374 433 630 506 proximo
651 449 752 489 suo
787 433 1032 508 (Ra/71,1.
1066 442 1124 495 ιι,
1150 445 1205 484 n.
1239 424 1372 495 201;
1403 431 1614 494 Fascia,
1643 447 1689 484 ε.
1715 427 1802 493 37,
1837 447 1893 483 n.
1920 429 1972 495 3,
1997 438 2042 496 Α
2063 431 2277 485 audivit
2304 431 2472 485 etiam
2519 433 2762 486 vicinum
2799 449 2964 488 suum
3010 434 3183 490 alium
3213 436 3551 492 monachum
3583 439 3669 493 di-

374 525 618 593 Appcnd.
653 523 846 586 Mart.,
879 537 936 574 η.
970 519 1080 587 14).

451 615 534 671 11.
569 613 819 684 Contigit
845 612 1146 684 aliquando
1172 611 1431 666 abbatem
1462 611 1671 666 Pambo
1712 611 1821 665 iter
1845 628 1971 667 cum

370 702 638 758 fratribus
666 703 724 757 in
753 702 1006 774 partibus
1033 702 1265 774 [Egypti
1281 701 1495 769 facere;
1527 707 1585 755 et
1605 701 1794 755 videns
1806 718 1968 772 quos-

371 792 502 846 dam
532 792 825 848 saeculares
855 791 1113 846 sedentes
1142 792 1283 845 dixit
1311 791 1396 845 eis
1429 809 1439 843 :
1476 790 1720 861 Surgite,
1743 797 1800 844 et
1823 791 1968 844 salu-

367 887 506 949 tate,
540 887 597 936 et
617 882 948 936 osculamini
978 881 1280 936 monachos
1309 885 1374 934 ut
1400 879 1828 947 benedicamini,
1856 880 1968 934 fre-

369 975 609 1042 quenter
637 971 786 1027 enim
804 988 933 1028 cum
960 972 1076 1026 Deo
1100 971 1430 1042 loquuntur,
1445 974 1504 1024 et
1520 974 1714 1024 sancta
1725 974 1857 1024 sunt
1870 985 1971 1023 ora

367 1075 565 1115 eorum
597 1062 844 1130 (Rufr.,l.
871 1069 954 1127 ιιι,
988 1078 1046 1115 η.
1077 1058 1217 1129 164).

437 1147 531 1204 12.
561 1149 834 1204 Dicebant
862 1150 932 1204 de
957 1149 1157 1204 abbate
1182 1147 1523 1221 Paphnutio,
1554 1147 1689 1218 quia
1717 1163 1828 1201 non
1857 1147 1968 1202 cito

365 1235 597 1292 bibebat
629 1238 1073 1309 vinum(Ru/]‘.,l.
1099 1253 1182 1305 III,
1208 1255 1268 1293 η.
1300 1236 1762 1307 151).Ambulans
1779 1242 1968 1290 autem

365 1325 666 1397 aliquando
694 1328 820 1393 iter,
856 1328 1178 1399 supervenit
1205 1328 1263 1382 in
1286 1335 1564 1382 conventu
1595 1327 1894 1393 latronum,
1915 1331 1972 1380 et

362 1413 579 1471 invenit
604 1433 699 1471 eos
721 1417 973 1472 bibentes
1002 1436 1013 1470 :
1043 1417 1303 1488 cognovit
1330 1423 1521 1471 autem
1564 1432 1693 1470 eum
1723 1415 1818 1486 qui
1851 1415 1968 1486 pri-

364 1519 492 1559 mus
513 1511 637 1560 erat
650 1506 932 1562 latronum
942 1513 1016 1572 ,et
1031 1506 1243 1561 sciebat
1254 1506 1387 1577 quia
1398 1522 1509 1560 non
1521 1505 1738 1558 biberet
1751 1504 1958 1558 vinum.

363 1593 574 1649 Videns
594 1612 727 1666 ergo
757 1612 887 1650 eum
918 1597 986 1650 de
1017 1597 1195 1650 multo
1225 1595 1414 1649 labore
1442 1594 1969 1664 fatigatum,imple-

363 1683 445 1737 vit
471 1684 700 1738 calicem
721 1685 854 1751 vini,
871 1691 928 1739 et
951 1685 1010 1739 in
1037 1685 1148 1739 alia
1177 1701 1347 1739 manu
1375 1684 1559 1738 tenuit
1576 1684 1827 1754 gladium
1845 1700 1967 1737 eva-

361 1772 639 1843 ginatum,
699 1779 757 1828 et
795 1774 931 1828 dicit
972 1774 1093 1828 seni
1127 1793 1139 1828 :
1189 1774 1246 1828 Si
1277 1789 1388 1827 non
1415 1772 1577 1839 bibis,
1613 1772 1859 1826 occidam
1885 1778 1961 1826 te.
1982 1799 2030 1860 B

362 1862 555 1917 Sciens
585 1867 777 1917 autem
803 1879 971 1918 senex
995 1863 1128 1935 quia
1155 1863 1483 1916 mandatum
1497 1861 1597 1916 Dei
1621 1863 1737 1916 vult
1756 1862 1955 1928 facere,

361 1957 421 2005 et
443 1952 633 2006 volens
663 1969 792 2007 eum
823 1953 1046 2020 lucrari,
1063 1952 1275 2024 accepit
1292 1957 1350 2006 et
1361 1951 1516 2005 bibit.
1533 1951 1632 2006 Ille
1652 1968 1781 2005 vero
1801 1952 1957 2022 prin-

360 2057 492 2112 ceps
518 2041 803 2096 latronum
831 2042 1217 2113 paenitentiam
1245 2041 1392 2113 apud
1409 2058 1538 2095 eum
1567 2041 1702 2111 egit,
1729 2041 1949 2095 dicens:

359 2129 592 2200 Ignosce
619 2131 775 2199 mihi,
809 2131 971 2197 abba,
1003 2132 1136 2202 quia
1162 2131 1485 2185 contristavi
1515 2137 1590 2185 te.
1633 2131 1701 2184 Et
1746 2130 1882 2184 dicit
1911 2131 1960 2184 ei

360 2234 530 2274 senex
563 2238 574 2273 :
610 2219 789 2275 Credo
809 2221 994 2276 inDeo
1009 2238 1154 2288 meo,
1188 2221 1321 2292 quia
1337 2237 1438 2292 per
1459 2221 1608 2274 hunc
1642 2220 1868 2274 calicem
1885 2220 1962 2274 fa-

358 2307 466 2363 ciet
485 2308 929 2364 misericordiam
959 2316 1144 2364 tecum
1175 2315 1232 2365 et
1261 2310 1320 2364 in
1341 2311 1446 2364 hoc
1469 2310 1692 2374 saeculo,
1715 2315 1773 2363 et
1801 2309 1859 2363 in
1879 2309 1961 2363 fu-

357 2403 507 2452 turo.
541 2398 610 2453 Et
629 2398 918 2470 respondit
947 2399 1161 2469 primus
1191 2399 1476 2453 latronum
1511 2417 1522 2453 :
1563 2399 1633 2452 Et
1663 2414 1766 2468 ego
1792 2397 1956 2452 credo

355 2485 415 2540 in
434 2486 710 2559 Deo,quia
727 2488 930 2542 amodo
950 2505 1062 2542 non
1075 2487 1274 2542 faciam
1289 2488 1454 2542 alicui
1469 2488 1774 2559 quidquam
1799 2488 1952 2542 mali.

356 2575 426 2630 Et
451 2575 700 2632 lucratus
725 2582 812 2632 est
839 2593 1008 2632 senex
1036 2593 1201 2632 omne
1215 2577 1512 2648 collegium
1532 2577 1757 2631 illorum
1779 2577 1952 2630 latro-

354 2680 512 2731 num,
534 2682 635 2738 per
655 2667 712 2722 id
731 2667 878 2737 quod
908 2683 967 2722 se
995 2673 1228 2738 propter
1246 2667 1424 2722 Deum
1446 2665 1658 2721 dimisit
1677 2666 1951 2721 voluntati

351 2769 569 2810 eorum.
1827 2764 1839 2771 ’

423 2843 513 2901 13.
546 2844 697 2899 Dixit
715 2844 887 2900 abbas
909 2845 1282 2918 Hyperichius
1315 2865 1326 2900 :
1361 2845 1526 2917 Eripe
1568 2846 1884 2917 proximum
1917 2864 1950 2902 a

351 2933 614 3004 peccatis,
656 2941 868 3006 quanta
922 2935 1024 2990 tibi
1062 2941 1148 2990 est
1183 2936 1378 3002 virtus,
1428 2936 1548 2989 sine
1584 2936 1943 3007 improperio,

352 3023 618 3094 quoniam
648 3024 797 3079 Deus
815 3031 1202 3080 convertentes
1227 3042 1340 3080 non
1379 3025 1602 3096 repellit
1628 3042 1664 3078 a
1689 3042 1768 3079 se.
1815 3026 1949 3079 Ver-

346 3110 483 3166 bum
514 3117 700 3167 autem
725 3113 951 3169 malitia
972 3119 1029 3169 et
1057 3115 1320 3186 nequitia:
1340 3131 1451 3169 non
1469 3113 1683 3168 habitet
1705 3115 1763 3168 in
1781 3116 1946 3170 corde

346 3205 446 3256 tuo
465 3203 733 3258 adversus
753 3203 984 3258 fratrem
999 3210 1181 3268 tuum,
1199 3210 1264 3258 ut
1282 3204 1460 3275 possis
1476 3204 1659 3258 dicere
1678 3223 1689 3257 :
1715 3204 1946 3259 Dimitte

346 3289 507 3346 nobis
527 3291 716 3347 debita
739 3298 950 3360 nostra,
985 3293 1131 3348 sicut
1151 3298 1208 3348 et
1236 3310 1338 3348 nos
1357 3293 1697 3348 dimittimus
1726 3292 1944 3349 debito-

345 3379 502 3436 ribus
529 3382 737 3436 nostris
759 3383 979 3450 (Matth.
1013 3386 1109 3451 v1).

414 3469 505 3526 14.
529 3458 652 3527 Duo
681 3471 883 3527 fratres
912 3478 1075 3528 erant
1092 3473 1151 3528 in
1167 3474 1335 3529 Cellis
1359 3491 1369 3527 :
1392 3489 1540 3528 unus
1566 3479 1755 3528 autem
1785 3490 1849 3528 ex
1865 3473 1945 3528 eis

343 3575 514 3614 senex
539 3566 678 3628 erat,
700 3567 754 3616 et
776 3561 1010 3632 rogabat
1037 3563 1194 3617 illum
1213 3563 1308 3634 qui
1326 3569 1449 3617 erat
1455 3563 1697 3634 juvenis,
1711 3563 1901 3618 dicens
1927 3581 1939 3618 :

346 3649 669 3705 Maneamus
697 3649 886 3717 simul,
935 3650 1128 3706 frater.
1165 3653 1232 3706 Et
1259 3652 1352 3706 ille
1380 3652 1520 3705 dixit
1547 3652 1598 3705 ei
1632 3670 1643 3704 :
1679 3653 1943 3707 Peccator

345 3753 490 3806 sum,
522 3744 578 3793 et
609 3756 719 3794 non
749 3756 978 3810 possum
1009 3757 1239 3795 manere
1267 3747 1472 3806 tecum,
1515 3740 1659 3794 abba
1677 3740 1864 3810 (Ru/f.,
1899 3745 1938 3795 ι.

344 3839 430 3893 ιιι,
466 3843 524 3881 η.
560 3826 703 3897 152).
739 3828 840 3882 Ille
869 3834 1059 3882 autem
1090 3829 1326 3899 rogabat
1345 3845 1492 3894 eum,
1513 3829 1704 3883 dicens
1727 3829 1939 3884 :Etiam

342 3929 662 3986 possumus.
685 3915 820 3970 Erat
837 3921 1025 3970 autem
1043 3933 1210 3971 senex
1233 3917 1326 3972 ille
1354 3919 1616 3984 mundus,
1643 3924 1700 3972 et
1718 3918 1943 3973 nolebat

345 4002 562 4070 audire,
596 4004 729 4076 quia
756 4005 1063 4060 monachus
1093 4006 1396 4060 haberetin
1426 4007 1674 4078 cogitatu
1703 4007 1938 4063 fornica-

343 4093 575 4148 tionem.
605 4095 674 4149 Et
701 4093 836 4148 dicit
865 4095 916 4149 ei
940 4096 1139 4150 frater:
1174 4096 1403 4151 Dimitte
1431 4097 1576 4151 mihi
1599 4114 1770 4152 unam
1800 4097 1937 4152 heb-

343 4182 663 4249 domadam,
696 4190 754 4239 et
776 4185 982 4239 iterum
1008 4185 1320 4258 loquemur.
1345 4187 1513 4241 Venit
1527 4204 1660 4258 ergo
1681 4204 1866 4253 senex,
1883 4193 1941 4242 et

340 4273 532 4328 volens
561 4291 690 4329 eum
705 4274 929 4344 juvenis
955 4275 1050 4330 ille
1078 4277 1333 4346 probare,
1357 4276 1607 4332 dicebat:
1641 4278 1707 4332 In
1734 4294 1940 4349 magna

339 4368 529 4430 634
550 4365 861 4420 tentatione
881 4365 1092 4420 incurri
1112 4365 1468 4421 hebdomada
1484 4367 1609 4432 ista,
1633 4367 1797 4436 abba;
1819 4386 1940 4440 per-

339 4470 479 4524 gens
506 4454 654 4508 enim
684 4470 786 4525 pro
811 4455 1123 4509 ministerio
1138 4455 1450 4526 quodamin
1466 4456 1668 4523 vicum,
1687 4457 1856 4511 incidi
1877 4458 1935 4512 in

340 4543 659 4598 mulierem.
684 4544 754 4597 Et
777 4543 917 4597 dixit
955 4543 1007 4598 ei
1047 4560 1216 4598 senex
1240 4563 1250 4598 :
1280 4546 1448 4599 Estne
1476 4546 1840 4616 poenitentia?
1869 4548 1937 4602 Et

339 4631 480 4687 dixit
501 4631 709 4687 frater:
743 4631 946 4687 Etiam.
979 4633 1158 4687 Senex
1186 4639 1374 4688 autem
1399 4633 1572 4689 dixit:
1602 4634 1720 4705 Ego
1748 4642 1936 4690 tecum

337 4727 501 4793 porto
532 4722 893 4776 medietatem
921 4722 1134 4793 peccati
1167 4723 1352 4793 hujus.
1404 4724 1560 4778 Tunc
1586 4724 1727 4778 dixit
1763 4725 1937 4780 frater

339 4811 472 4865 ille:
520 4811 675 4866 Modo
705 4811 817 4866 scio
865 4811 997 4882 quia
1035 4829 1334 4883 possumus
1362 4812 1530 4867 simul
1577 4830 1826 4869 manere.
1867 4816 1936 4871 Et

338 4907 668 4955 manserunt
690 4901 858 4956 simul
884 4918 1061 4973 usque
1082 4902 1154 4957 ad
1174 4903 1383 4956 exitum
1404 4919 1589 4957 suum.

413 4985 495 5044 15.
530 4988 680 5043 Dixit
703 4989 932 5060 quidam
953 4991 1185 5046 Patrum
1211 5009 1222 5043 :
1248 4991 1306 5046 Si
1336 4991 1460 5062 quis
1483 4999 1538 5046 te
1567 4991 1795 5063 petierit
1809 5009 1930 5047 rem

336 5075 669 5148 aliquam,et
684 5078 958 5133 violenter
967 5081 1294 5150 praestiteris
1312 5081 1463 5146 ei,sit
1485 5081 1738 5137 voluntas
1755 5083 1930 5137 animi

335 5166 395 5222 in
423 5165 479 5220 id
505 5167 653 5236 quod
681 5167 868 5234 datur,
892 5169 1037 5223 sicut
1059 5170 1329 5242 scriptum
1350 5177 1463 5225 est:
1490 5171 1633 5235 Quia
1654 5171 1700 5225 si
1722 5171 1847 5242 quis
1873 5176 1929 5226 te

334 5256 716 5329 angariaverit
735 5259 1018 5326 milliario,
1037 5260 1172 5314 vade
1189 5277 1317 5315 cum
1334 5260 1454 5332 ipso
1475 5261 1585 5315 duo
1608 5262 1823 5326 (Matth.
1837 5265 1892 5330 γ)
1911 5278 1921 5312 :

331 5350 438 5404 hoc
463 5351 654 5402 autem
673 5352 776 5414 est,
800 5353 865 5402 ut
882 5348 929 5402 si
943 5348 1068 5419 quis
1087 5356 1144 5404 te
1156 5351 1510 5421 petieritrem
1533 5350 1802 5422 aliquam,
1828 5351 1926 5405 des

329 5438 383 5495 ei
409 5453 476 5495 ex
503 5434 693 5493 animo
723 5443 781 5492 et
801 5433 1022 5509 spiritu.

2058 526 2273 575 centem
2303 545 2315 576 :
2348 521 2494 584 Quid
2526 521 2684 588 facio,
2716 523 2850 592 quia
2877 524 3195 593 proximum
3218 532 3305 580 est
3325 533 3661 593 mercatum,

2057 614 2114 663 et
2141 626 2252 664 non
2277 609 2452 664 habeo
2483 627 2648 664 ansas
2697 629 2838 682 quas
2865 612 3149 684 imponam
3172 615 3452 685 sportellis
3479 617 3667 671 meis?

2055 698 2154 752 Ille
2177 715 2307 752 vero
2350 700 2578 754 resolvit
2605 717 2771 755 ansas
2792 717 2932 772 quas
2961 701 3309 773 imposuerat
3350 706 3659 775 sportellis,

2051 792 2108 841 et
2132 788 2293 842 fratri
2323 789 2404 842 illi
2431 789 2611 844 vicino
2640 790 2849 855 attulit,
2880 791 3104 845 dicens:
3131 793 3269 846 Ecce
3299 794 3437 848 istas
3456 811 3664 865 super-

2051 877 2193 932 ﬂuas
2214 877 2412 945 habeo,
2446 879 2598 946 tolle,
2632 880 2859 950 impone
2887 880 2943 934 in
2975 885 3196 953 sportas
3224 887 3370 939 tuas.
3422 884 3490 938 Et
3524 885 3664 939 fecit

2051 981 2191 1036 opus
2217 967 2408 1022 fratris
2439 968 2527 1022 sui
2557 971 2824 1039 perﬁcere
2871 969 2942 1023 ad
2985 970 3134 1040 quod
3172 987 3313 1042 opus
3351 980 3491 1040 erat,
3531 989 3664 1044 pro-

2052 1055 2239 1126 prium
2269 1062 2459 1110 autem
2491 1074 2632 1128 opus
2660 1058 2891 1129 reliquit
2918 1059 3329 1130 imperfectum.

2126 1145 2210 1201 17.
2265 1145 2536 1200 Dicebant
2580 1148 2649 1200 de
2705 1148 2949 1217 quodam
2999 1165 3133 1203 sene
3179 1150 3236 1203 in
3276 1150 3487 1222 Scythi,
3523 1152 3666 1222 quia

2051 1235 2364 1303 aagrotavit,
2395 1242 2452 1289 et
2479 1236 2656 1290 voluit
2675 1237 3016 1292 manducare
3033 1238 3317 1292 modicum
3342 1256 3552 1310 panem
3574 1258 3666 1295 re-

2052 1328 2271 1377 centem
2304 1339 2317 1379 :
2348 1325 2457 1378 hoc
2483 1330 2672 1380 autem
2695 1327 2931 1381 audiens
2960 1328 3190 1398 quidam
3220 1330 3664 1384 exercitatorum

2051 1412 2310 1480 fratrum,
2342 1414 2475 1468 tulit
2496 1415 2760 1469 melotem
2779 1433 2960 1484 suam,
2975 1423 3032 1471 et
3055 1417 3210 1471 misit
3226 1418 3284 1472 in
3301 1435 3424 1472 eam
3447 1435 3658 1490 panem

2049 1501 2277 1568 siccum,
2323 1509 2380 1557 et
2417 1505 2623 1559 vadens
2670 1506 2729 1559 in
2759 1507 3084 1577 Egyptum,
3123 1509 3362 1562 mutavit
3391 1508 3554 1562 illum
3581 1510 3662 1563 ad

2049 1607 2252 1661 panem
2279 1599 2580 1659 recentem,
2617 1599 2674 1648 et
2701 1595 2893 1649 attulit
2919 1597 3057 1650 seni.
3106 1597 3174 1650 Et
3211 1613 3339 1651 cum
3379 1597 3660 1652 vidissent

2047 1680 2249 1734 fratres
2281 1699 2455 1752 panes
2477 1683 2600 1738 illos
2631 1691 2902 1752 recentes,
2937 1685 3126 1739 mirati
3147 1692 3305 1752 sunt;
3346 1702 3519 1741 senex
3549 1703 3660 1742 au-

2046 1775 2161 1824 tem
2192 1771 2373 1825 noluit
2389 1778 2638 1842 gustare,
2671 1773 2892 1828 dicens:
2921 1773 3065 1838 Quia
3096 1775 3655 1844 sanguisfratrisest.

2043 1859 2112 1913 Et
2141 1868 2480 1930 rogaverunt
2515 1878 2696 1928 senes,
2738 1863 2986 1917 dicentes
3025 1882 3036 1916 :
3074 1863 3304 1935 Propter
3343 1865 3528 1919 Deum
3559 1882 3662 1918 co-

2041 1949 2223 2015 mede,
2251 1966 2322 2004 ne
2347 1967 2584 2005 vacuum
2596 1952 2672 2006 sit
2697 1952 3033 2007 sacrificium
3045 1952 3235 2008 fratris
3255 1953 3441 2008 istius.
3462 1956 3659 2026 Atque

2036 2037 2118 2091 ita
2145 2045 2374 2110 rogatus
2401 2041 2661 2095 comedit.

2117 2127 2201 2182 18.
2230 2129 2428 2182 Frater
2458 2129 2827 2200 interrogavit
2855 2131 3153 2201 quemdam
3185 2133 3608 2199 senem,dicens
3640 2152 3653 2189 :

2041 2216 2164 2271 Duo
2219 2224 2351 2272 sunt
2379 2219 2600 2286 fratres,
2635 2237 2701 2273 ex
2725 2219 2927 2290 quibus
2972 2237 3118 2279 unus
3148 2222 3383 2292 quiescit
3422 2223 3480 2277 in
3510 2224 3656 2277 cella

2041 2323 2162 2372 sua,
2199 2308 2534 2378 protrahens
2575 2309 2858 2378 jejunium
2888 2327 2981 2364 sex
3029 2311 3269 2374 dierum,
3302 2318 3358 2365 et
3401 2313 3654 2367 multum

2041 2396 2144 2449 sibi
2172 2396 2420 2452 laborem
2441 2399 2761 2468 imponens;
2787 2399 2930 2453 alter
2959 2417 3086 2454 vero
3115 2401 3523 2471 aegrotantibus
3552 2403 3651 2456 de-

2039 2487 2226 2540 servit.
2267 2488 2441 2557 Cujus
2468 2504 2608 2559 opus
2651 2489 2836 2557 magis
2878 2496 3172 2560 acceptum
3217 2497 3303 2544 est
3339 2491 3457 2545 Deo
3485 2491 3510 2543 Ῥ
3542 2491 3651 2546 Re-

2036 2575 2261 2645 spondit
2289 2577 2338 2629 ei
2361 2594 2530 2631 senex
2554 2595 2568 2632 :
2605 2577 2663 2631 Si
2693 2577 2868 2632 frater
2892 2578 3005 2644 ille,
3033 2579 3128 2649 qui
3155 2595 3248 2633 sex
3279 2578 3478 2634 diebus
3491 2581 3648 2651 jeju-

2035 2663 2192 2718 nium
2217 2665 2378 2731 levat,
2413 2667 2694 2738 appendat
2722 2684 2783 2721 se
2815 2684 2914 2738 per
2937 2684 3124 2736 nares,
3151 2685 3262 2723 non
3295 2675 3483 2740 potest
3514 2687 3640 2724 esse

2033 2754 2266 2824 aequalis
2297 2755 2378 2809 illi
2408 2756 2503 2826 qui
2535 2755 2950 2810 infirmantibus
2972 2757 3244 2811 deservit.

2102 2842 2189 2898 19.
2204 2845 2578 2915 Interrogavit
2597 2846 2825 2916 quidam
2845 2863 3034 2900 senem
3055 2847 3374 2918 quemdam,
3398 2848 3596 2904 dicens
3621 2868 3636 2905 :

2031 2930 2321 2995 Quomodo
2332 2938 2464 2987 sunt
2484 2934 2649 2988 modo
2671 2934 2901 3005 quidam
2923 2933 3242 2989 laborantes
3262 2935 3319 2989 in
3343 2951 3644 2991 conversa-

2029 3019 2202 3086 tione,
2219 3026 2276 3076 et
2299 3038 2410 3076 non
2442 3023 2723 3094 accipiunt
2747 3023 2986 3094 gratiam
3018 3023 3164 3078 sicut
3195 3023 3414 3095 antiqui
3441 3027 3637 3093 (Itum,

2032 3111 2127 3163 lib.
2155 3124 2234 3176 ιιι,
2270 3128 2333 3166 η.
2368 3110 2496 3178 181;
2543 3113 2754 3179 Pasch.,
2788 3129 2907 3182 cap.
2939 3112 3029 3179 28,
3061 3129 3118 3166 η.
3151 3111 3200 3180 4)
3223 3113 3246 3165 '2
3287 3113 3435 3167 Dicit
3462 3114 3516 3168 ei
3546 3131 3641 3169 se-

2030 3214 2136 3252 nex
2171 3218 2182 3254 :
2215 3200 2360 3264 Quia
2372 3206 2505 3255 tunc
2537 3201 2782 3256 Charitas
2800 3206 2941 3265 erat,
2958 3208 3015 3256 et
3038 3201 3426 3273 unusquisque
3451 3204 3644 3274 proxi-

2030 3303 2187 3342 mum
2216 3305 2382 3344 suum
2412 3289 2673 3345 trahebat
2698 3307 2954 3359 sursum;
2987 3307 3135 3345 nunc
3163 3297 3353 3345 autem
3398 3291 3640 3363 refrige-

2029 3383 2216 3432 scente
2233 3378 2522 3444 charitate,
2539 3380 2928 3451 unusquisque
2949 3379 3268 3450 proximum
3281 3395 3450 3434 suum
3469 3381 3638 3435 deor-

2027 3481 2153 3520 sum
2169 3466 2360 3532 trahit,
2395 3473 2453 3521 et
2472 3472 2769 3539 propterea
2785 3467 3028 3540 gratiam
3041 3483 3154 3522 non
3181 3483 3468 3524 meremur
3482 3471 3633 3524 acci—

2027 3573 2178 3629 pere.

2095 3649 2183 3706 20.
2217 3651 2592 3706 Perrexerunt
2638 3649 2941 3721 aliquando
2983 3655 3099 3706 tres
3149 3650 3352 3706 fratres
3381 3652 3454 3706 ad
3483 3670 3630 3708 mes-

2023 3751 2166 3802 sem,
2199 3742 2256 3791 et
2283 3742 2651 3808 susceperunt
2674 3742 2889 3791 certum
2917 3737 3163 3808 spatium
3193 3737 3487 3808 sexaginta
3509 3755 3629 3793 mo-

2022 3825 2243 3880 diorum
2265 3826 2413 3898 quod
2444 3831 2720 3880 meterent
2750 3827 3020 3895 (Append.
3047 3828 3239 3893 Mart,
3275 3843 3333 3880 η.
3357 3827 3434 3894 9).
3465 3828 3625 3883 Unus

2022 3920 2211 3969 autem
2244 3932 2309 3969 ex
2335 3915 2416 3970 eis
2444 3915 2567 3987 ipsa
2597 3915 2784 3986 prima
2807 3915 2899 3969 die
2927 3915 3205 3970 infirmari
3233 3916 3421 3987 coepit,
3452 3922 3510 3971 et
3539 3935 3626 3972 re-

2023 4021 2212 4059 versus
2240 4011 2326 4059 est
2347 4005 2418 4058 ad
2449 4005 2646 4063 cellam
2677 4021 2856 4059 suam.
2873 4005 2996 4060 Duo
3015 4010 3206 4060 autem
3224 4005 3322 4076 qui
3340 4022 3626 4062 remanseo

2019 4099 2325 4160 rant,unus
2345 4095 2507 4149 alteri
2527 4094 2668 4148 dixit
2687 4114 2698 4149 :
2717 4095 2851 4149 Ecce
2872 4095 3048 4149 frater
3066 4095 3237 4162 vides,
3272 4096 3408 4166 quia
3437 4097 3623 4152 incur-

2020 4183 2096 4237 rit
2123 4183 2180 4238 in
2209 4184 2600 4254 aagritudinem
2629 4184 2801 4239 frater
2831 4189 3056 4252 noster;
3095 4190 3363 4255 extorque
3393 4201 3531 4255 ergo
3559 4194 3622 4241 tu

2021 4271 2209 4326 animo
2237 4278 2355 4337 tuo,
2373 4278 2431 4327 et
2457 4290 2560 4344 ego
2587 4273 2847 4327 similiter
2861 4289 2988 4327 meo
3008 4273 3324 4344 paululum,
3348 4279 3408 4328 et
3431 4275 3626 4330 creda-

2021 4377 2148 4415 mus
2166 4361 2227 4415 in
2248 4362 2380 4426 Deo,
2398 4362 2530 4433 quia
2553 4379 2652 4433 per
2665 4363 2977 4417 orationem
2996 4363 3119 4432 ejus
3141 4362 3503 4435 implebimus
3520 4381 3621 4419 nos

2019 4450 2130 4504 duo
2156 4459 2419 4522 opera,et
2448 4457 2721 4506 metemus
2743 4457 2961 4523 partem
2990 4451 3186 4522 ipsius.
3203 4453 3344 4506 Cum
3361 4468 3500 4524 ergo
3527 4470 3619 4508 ex-

2017 4541 2321 4611 plicassent
2331 4559 2568 4596 messem
2580 4541 2754 4596 totius
2762 4541 2868 4595 loci
2883 4541 3033 4595 illius
3044 4557 3208 4612 quem
3228 4548 3614 4614 susceperant,

2017 4637 2290 4686 venerunt
2336 4631 2587 4703 accipere
2626 4631 2911 4686 mercedes
2939 4647 3070 4685 suas
3106 4649 3117 4683 :
3167 4637 3225 4685 et
3279 4641 3618 4687 vocaverunt

2016 4719 2246 4774 fratrem
2268 4721 2446 4784 illum,
2462 4721 2710 4775 dicentes
2729 4739 2740 4773 :
2764 4721 2925 4785 Veni,
2942 4720 3134 4786 frater,
3157 4720 3344 4791 accipe
3363 4721 3617 4777 laborem

2015 4815 2197 4864 tuum.
2224 4811 2293 4864 Et
2329 4810 2421 4864 ille
2451 4811 2591 4865 dixit
2615 4810 2696 4864 eis
2729 4827 2740 4863 :
2775 4809 3010 4874 Qualem
3039 4808 3288 4864 laborem
3318 4811 3613 4882 accipiam,

2016 4901 2111 4972 qui
2133 4918 2244 4955 non
2264 4901 2507 4956 messui?
2536 4901 2605 4956 Et
2630 4900 2712 4955 illi
2729 4900 2989 4954 dixerunt
3002 4900 3053 4955 ei
3075 4919 3086 4954 :
3112 4900 3481 4956 Orationibus
3492 4918 3618 4957 con-

2016 4997 2299 5045 summata
2327 4997 2412 5046 est
2441 4991 2671 5051 messis;
2724 4990 2850 5044 veni
2905 5007 3058 5060 ergo,
3091 4990 3277 5060 accipe
3327 4992 3618 5047 mercedes

2013 5082 2336 5136 tuas.Facta
2347 5097 2479 5152 ergo
2493 5080 2731 5152 plurima
2751 5079 3110 5134 contentione
3131 5079 3282 5133 inter
3300 5096 3399 5134 eos
3413 5081 3486 5135 de
3517 5082 3618 5136 hac

2012 5187 2105 5237 re;
2140 5170 2234 5225 illo
2265 5170 2476 5225 scilicet
2504 5170 2748 5224 dicente:
2769 5171 2894 5223 Non
2915 5168 3307 5239 accipiam,qui
3335 5185 3454 5224 non
3469 5170 3619 5225 labo-

2009 5260 2158 5328 ravi;
2186 5260 2296 5314 illis
2323 5277 2452 5314 vero
2473 5276 2584 5314 non
2615 5257 3115 5329 acquiescentibus,
3131 5257 3236 5312 nisi
3257 5264 3317 5312 et
3346 5258 3473 5330 ipse
3489 5277 3616 5332 per-

2009 5351 2221 5422 ciperet
2233 5355 2450 5420 partem
2471 5365 2651 5412 suam,
2670 5347 3008 5402 abieruntad
3019 5346 3298 5418 judicium
3315 5349 3611 5418 cujusdam

2006 5439 2197 5510 magni
2227 5439 2396 5494 senis.
2418 5440 2487 5493 Et
2512 5438 2653 5492 dixit
2681 5437 2731 5491 ei
2762 5437 2856 5490 ille
2876 5436 3080 5491 frater:
3099 5436 3459 5492 Perreximus
3474 5444 3605 5504 tres,

404 5528 487 5588 16.
514 5527 787 5585 Dicebant
813 5527 884 5582 de
914 5527 1156 5600 quodam
1185 5528 1357 5584 fratre
1385 5530 1519 5602 quia
1545 5547 1672 5586 cum
1701 5531 1923 5586 fecisset
2001 5535 2067 5584 ut
2095 5536 2434 5585 meteremus
2463 5529 2522 5583 in
2552 5545 2686 5600 agro
2715 5525 3013 5598 cujusdam
3041 5526 3110 5580 ad
3139 5526 3448 5581 memedes.
3467 5527 3608 5583 Cum

323 5624 545 5693 sportas
565 5624 622 5677 et
635 5618 919 5694 posuisset
937 5618 1018 5676 eis
1038 5633 1203 5677 ansas
1220 5621 1406 5692 (Ra/I2,
1439 5623 1534 5679 lib.
1563 5637 1638 5690 Ill,
1654 5639 1727 5697 .n.
1766 5619 1912 5708 M7),
2000 5625 2190 5677 autem
2219 5620 2564 5677 venissemus
2577 5618 2650 5675 ad
2676 5618 2861 5674 locum
2889 5632 3056 5690 quem
3079 5615 3320 5673 messuri
3345 5631 3576 5677 eramus
