3976 6186
322 301 428 355 977

1634 303 1872 359 VERBA
1911 303 2299 360 SENIORUM.

3493 309 3600 367 978

324 426 449 498 ipsa
468 425 653 498 prima
669 425 761 481 die
787 426 846 481 in
871 425 1205 498 aegritudine
1226 426 1416 491 cecidi,
1441 431 1500 481 et
1522 442 1777 483 reversus
1796 446 1920 484 sum
1939 429 2421 500 Acogitationem,
2450 428 2582 483 tulit
2610 445 2707 484 vas
2736 435 2794 484 et
2821 430 2956 485 lavit
3001 431 3203 487 vulnus
3243 434 3396 490 senis
3423 434 3595 502 illius,

323 515 384 570 in
405 515 603 570 cellam
631 533 835 582 meam,
859 533 962 571 nec
984 533 1100 570 una
1112 516 1202 570 die
1225 522 1436 570 metere
1465 518 1770 587 praevalens
1797 535 1924 574 cum

325 603 426 657 eis.
460 605 528 658 Et
553 621 702 658 nunc
723 609 931 675 cogunt
959 621 1048 658 me
1077 605 1189 665 isti.
1223 604 1474 659 dicentes
1499 623 1511 659 :
1544 606 1759 672 Frater,
1774 607 1918 674 veni,

323 693 512 764 accipe
540 694 828 748 mercedes
855 693 949 748 ubi
973 710 1084 748 non
1115 693 1404 748 laborasti.
1435 694 1710 750 Dixerunt
1736 701 1926 751 autem

325 788 384 836 et
408 781 491 836 illi
510 782 712 837 fratres
738 800 752 836 :
784 783 1000 838 Revera
1027 783 1374 853 perreximus
1395 789 1625 850 metere,
1653 790 1710 840 et
1737 802 1926 840 susce-

321 871 512 943 pimus
548 871 798 942 spatium
823 872 1117 942 sexaginta
1145 873 1461 927 modiorum
1493 874 1641 944 quod
1685 879 1929 929 metere-

324 976 482 1026 mus;
509 964 567 1014 et
595 961 642 1014 si
657 961 958 1015 fuissemus
978 961 1084 1015 toti
1104 966 1239 1028 tres,
1257 978 1383 1016 cum
1403 963 1604 1033 grandi
1625 963 1813 1018 labore
1838 965 1926 1018 vix

321 1049 701 1121 potuissemus
724 1050 999 1121 explicare
1028 1050 1201 1118 illud;
1225 1050 1574 1106 orationibus
1602 1057 1792 1107 autem
1821 1053 1928 1107 fra-

323 1139 430 1193 tris
460 1139 630 1209 hujus
663 1156 766 1193 nos
793 1139 905 1194 duo
939 1139 1186 1194 velocius
1222 1156 1391 1210 quam
1422 1145 1537 1195 tres
1562 1143 1848 1213 potuimus
1872 1148 1930 1197 et

323 1228 738 1283 demessuimus
781 1245 1001 1299 agrum.
1043 1235 1100 1284 et
1126 1228 1362 1283 dicimus
1411 1231 1462 1284 ei
1499 1249 1510 1283 :
1542 1231 1704 1296 Veni,
1742 1232 1929 1304 accipe

328 1317 616 1372 mercedes
647 1322 795 1381 tuas,
827 1324 885 1373 et
913 1334 1027 1372 non
1057 1318 1192 1372 vult.
1219 1319 1336 1372 Hoc
1366 1323 1558 1373 autem
1581 1321 1814 1375 audiens
1839 1338 1928 1376 se-

322 1421 452 1472 nex,
485 1406 721 1461 miratus
751 1412 853 1472 est,
888 1413 946 1461 et
990 1407 1133 1461 dixit
1185 1408 1283 1462 uni
1329 1408 1398 1462 de
1429 1410 1716 1464 monachis
1761 1411 1878 1465 suis
1911 1429 1922 1463 :

323 1494 560 1550 Percute
574 1495 798 1566 signum
821 1495 936 1566 (45)
957 1496 1013 1550 in
1044 1497 1184 1550 cella
1208 1496 1465 1564 fratrum,
1498 1504 1562 1552 ut
1587 1505 1928 1570 congregent

322 1601 383 1638 se
413 1584 502 1638 hic
531 1601 744 1639 omnes.
778 1585 885 1649 Qui
909 1602 1035 1640 cum
1063 1587 1364 1653 venissent,
1389 1586 1533 1642 dixit
1558 1588 1637 1642 eis
1665 1607 1676 1642 :
1705 1589 1923 1656 Venite,

319 1671 546 1739 fratres,
571 1680 630 1727 et
647 1674 838 1728 audite
863 1675 1028 1729 hodie
1040 1676 1258 1745 justum
1270 1675 1568 1745 judicium.
1586 1677 1929 1733 Etindicavit

2007 526 2064 573 et
2091 519 2362 589 recolligit
2383 519 2564 590 ipsam
2591 535 2796 590 aquam
2825 519 2883 574 in
2914 536 3042 575 vase
3067 542 3080 583 ;
3112 527 3170 576 et
3198 524 3417 594 quoties
3435 524 3594 580 sitie-

2007 607 2120 674 bat,
2153 625 2220 662 ex
2249 624 2316 662 ea
2343 607 2585 662 bibebat.
2630 608 2811 679 Coepit
2853 616 3042 664 autem
3080 611 3288 667 iterum
3329 615 3595 685 cogitatio

2007 714 2111 752 sua
2143 697 2441 752 sollicitare
2469 713 2618 763 eum,
2652 697 2842 751 dicens
2877 715 2888 750 :
2925 699 2983 752 Si
3014 716 3126 754 non
3155 700 3237 755 vis
3263 701 3477 772 fugere,
3511 704 3597 758 vel

2009 803 2122 842 non
2148 786 2304 842 bibas
2334 787 2571 842 fetorem
2622 787 2789 841 hunc.
2831 787 3029 842 Frater
3068 795 3258 844 autem
3304 791 3399 846 ille
3446 791 3597 846 labo-

2009 874 2188 941 rabat,
2214 881 2271 930 et
2297 876 2605 931 toleranter
2632 874 2864 940 ferebat,
2897 876 3094 932 bibens
3123 879 3435 934 lavaturam
3471 881 3596 936 vul-

2007 964 2158 1019 neris
2185 964 2354 1019 illius.
2393 965 2460 1019 Et
2486 982 2615 1020 cum
2645 964 2724 1019 ita
2747 965 3095 1021 ministraret
3122 968 3261 1034 seni,
3293 969 3432 1024 vidit
3451 970 3600 1025 Deus

2008 1054 2340 1108 charitatem
2367 1054 2576 1108 laboris
2605 1055 2654 1124 ej
2663 1072 2745 1112 us.
2767 1059 2825 1108 et
2848 1054 3003 1109 illam
3021 1056 3334 1114 lavaturam
3353 1059 3601 1114 vulneris

2009 1144 2068 1196 in
2097 1159 2302 1214 aquam
2329 1143 2760 1197 mundissimam
2789 1143 2975 1210 vertit,
3018 1150 3076 1198 et
3113 1161 3306 1201 senem
3333 1145 3599 1203 invisibili

2010 1233 2418 1287 medicamento
2457 1233 2694 1286 sanavit.

2273 1322 2619 1376 LIBELLUS
2645 1322 2961 1379 DECIMUS
2992 1323 3338 1381 OCTAVUS.

2249 1413 2322 1466 De
2346 1412 2710 1479 pravidentia
2739 1414 2848 1465 sive
2889 1417 3362 1483 contemplatione.

2084 1501 2134 1556 1.
2157 1500 2354 1554 Frater
2371 1499 2511 1553 abiit
2528 1499 2598 1553 ad
2619 1500 2814 1554 cellam
2831 1500 3057 1556 abbatis
3072 1503 3294 1557 Arsenii
3317 1503 3374 1558 in
3391 1505 3604 1577 Scythi,

2011 1595 2068 1644 et
2087 1589 2329 1643 attendit
2349 1605 2448 1660 per
2466 1589 2788 1654 fenestram,
2807 1596 2864 1644 et
2883 1590 3022 1644 vidit
3037 1608 3229 1645 senem
3242 1596 3422 1647 totum
3447 1595 3610 1665 quasi

2011 1679 2238 1749 igneum
2274 1697 2285 1731 :
2319 1683 2442 1732 erat
2468 1681 2657 1732 autem
2689 1678 2864 1732 frater
2891 1679 2985 1733 ille
3014 1680 3218 1750 dignus
3247 1681 3343 1752 qui
3364 1682 3502 1736 talia
3524 1683 3609 1736 in-

323 1761 405 1816 eis
429 1763 619 1816 omnia
642 1769 900 1829 senex,et
921 1764 1261 1835 adjudicavit
1286 1765 1519 1820 fratrem
1540 1767 1718 1832 illum,
1745 1773 1808 1822 ut
1837 1752 1987 1822 ac-B
2007 1773 2280 1822 tueretur.
2314 1768 2382 1822 Et
2412 1783 2537 1821 cum
2575 1767 2869 1838 pulsasset,
2917 1785 3174 1839 egressus
3204 1776 3290 1824 est
3317 1787 3503 1836 senex,
3551 1777 3610 1825 et

322 1851 538 1924 ciperet
565 1853 849 1918 mercedes
877 1870 1026 1919 suas,
1061 1860 1118 1908 et
1144 1853 1352 1909 faceret
1371 1871 1436 1908 ex
1468 1855 1553 1909 his
1576 1856 1924 1911 mercedibus

321 1941 473 2012 quod
503 1943 622 2013 ipse
645 1944 827 1999 vellet.
858 1945 924 1999 Et
955 1944 1212 1999 discessit
1231 1945 1406 1999 frater
1438 1946 1530 2000 ille
1561 1947 1924 2003 contristatus

320 2037 380 2086 et
407 2032 654 2102 plorans,
677 2033 837 2104 quasi
868 2033 1255 2104 praejudicium
1276 2052 1492 2106 passus.

391 2120 483 2177 ‘21.
514 2121 744 2176 Dicebat
783 2123 1012 2194 quidam
1048 2140 1214 2177 senex
1249 2143 1264 2179 :
1310 2125 1456 2188 Quia
1499 2125 1696 2180 Patres
1745 2128 1924 2181 nostri

320 2211 782 2267 consuetudinem
818 2211 1137 2267 habuerunt
1155 2213 1343 2267 venire
1366 2214 1436 2268 ad
1462 2215 1632 2268 cellas
1651 2231 1921 2270 novorum

321 2300 583 2365 fratrum,
609 2301 705 2371 qui
734 2300 971 2355 solitarii
1001 2303 1317 2356 conversari
1345 2303 1617 2367 volebant,
1653 2310 1710 2358 et
1735 2305 1922 2359 visita-

321 2388 459 2443 bant
480 2406 594 2454 eos,
625 2406 695 2444 ne
715 2389 839 2461 quis
853 2407 1047 2446 eorum
1060 2396 1310 2446 tentatus
1334 2408 1368 2446 a
1388 2392 1736 2448 damonibus
1761 2394 1923 2448 laede-

319 2483 479 2533 retur
493 2483 688 2544 (κιὸ
715 2495 749 2533 a
777 2479 1112 2550 cogitatione
1138 2497 1257 2534 sua.
1290 2482 1359 2535 Et
1389 2482 1436 2535 si
1468 2483 1690 2553 quando
1717 2483 1922 2554 aliquis

320 2583 518 2622 eorum
528 2567 920 2624 inveniebatur
937 2570 1120 2636 laesus,
1138 2569 1489 2625 adducebant
1511 2588 1640 2626 eum
1662 2573 1732 2626 ad
1753 2573 1922 2627 eccle-

323 2657 490 2723 siam,
519 2663 578 2712 et
595 2657 908 2729 ponebatur
926 2658 1099 2730 pelvis
1119 2676 1248 2714 cum
1270 2676 1436 2730 aqua,
1456 2665 1513 2714 et
1537 2660 1705 2715 fiebat
1733 2679 1835 2733 pro
1853 2679 1919 2717 eo

319 2747 502 2802 oratio
525 2747 622 2818 qui
648 2747 1055 2804 tentationibus
1080 2748 1389 2816 laborabat,
1423 2755 1481 2804 et
1509 2750 1772 2805 lavabant
1798 2768 1921 2806 om-

317 2852 422 2891 nes
464 2836 666 2891 fratres
693 2853 897 2892 manus
935 2855 1064 2893 suas
1093 2838 1152 2892 in
1188 2839 1351 2910 pelvi,
1396 2845 1452 2893 et
1482 2839 1923 2911 perfundebatur

317 2941 469 2997 aqua
484 2925 583 2980 illa
601 2925 762 2980 fratri
792 2927 888 2997 qui
902 2926 1246 2994 tentabatur,
1265 2933 1435 2999 atque
1459 2927 1541 2982 ita
1567 2928 1761 2983 statim
1787 2946 1918 3001 pur-

314 3014 562 3086 gabatur
595 3015 772 3070 frater
799 3016 916 3070 ille.

2003 1856 2144 1911 vidit
2172 1859 2404 1910 fratrem
2433 1856 2594 1910 illum
2623 1861 2962 1927 stupentem,
2997 1864 3054 1912 et
3092 1858 3230 1913 dicit
3249 1859 3300 1914 ei
3331 1881 3343 1914 :
3375 1859 3483 1914 Diu
3522 1865 3610 1915 est

2008 1947 2155 2017 quod
2176 1946 2265 2000 hic
2285 1946 2508 2018 pulsas?
2531 1963 2602 2000 ne
2621 1945 2834 2016 aliquid
2853 1947 3040 2001 vidisti
3063 1947 3084 2001 ?
3109 1948 3176 2002 Et
3201 1948 3293 2003 ille
3314 1949 3608 2021 respondit

2006 2036 2056 2089 ei
2088 2057 2099 2089 :
2132 2037 2278 2090 Non.
2313 2036 2381 2090 Et
2407 2036 2728 2106 colloquens
2755 2052 2884 2090 cum
2911 2053 2996 2102 eo,
3030 2037 3247 2092 dimisit
3273 2055 3424 2092 eum.

2074 2123 2127 2178 2.
2171 2125 2324 2179 Dixit
2350 2124 2522 2179 abbas
2560 2125 2758 2180 Daniel
2781 2127 2978 2193 (Ruf/2,
3016 2129 3112 2181 lib.
3149 2141 3234 2192 ιιι,
3265 2143 3322 2181 η.
3359 2126 3466 2196 38),
3505 2128 3601 2200 qui

2005 2219 2127 2268 erat
2155 2214 2463 2285 discipulus
2493 2213 2710 2268 abbatis
2739 2213 2978 2278 Arsenii,
3012 2215 3144 2286 quia
3166 2217 3417 2271 narravit
3436 2217 3487 2271 ei
3509 2216 3603 2271 ab-

2002 2302 2103 2357 bas
2134 2303 2424 2369 Arsenius,
2468 2308 2743 2374 tanquam
2775 2303 2845 2357 de
2871 2304 2980 2358 alio
3009 2304 3197 2376 aliquo
3227 2305 3418 2360 dicens
3444 2307 3607 2378 (puto

2005 2398 2196 2446 tamen
2228 2393 2377 2464 quod
2415 2392 2485 2446 de
2514 2409 2580 2446 eo
2621 2391 2954 2462 dicebatur),
2988 2393 3120 2464 quia
3149 2411 3276 2449 cum
3303 2394 3523 2450 sederet
3548 2395 3606 2450 in

2005 2482 2148 2537 cella
2176 2498 2279 2536 sua
2307 2481 2537 2552 quidam
2558 2497 2777 2547 senum,
2810 2481 2960 2536 venit
2985 2499 3088 2536 vox
3107 2483 3297 2538 dicens
3325 2484 3377 2538 ei
3402 2500 3416 2540 :
3440 2484 3601 2552 Veni,

2004 2571 2298 2625 ostendam
2329 2570 2430 2625 tibi
2459 2587 2632 2641 opera
2659 2570 2972 2624 hominum.
3006 2571 3076 2625 Et
3093 2589 3329 2643 surgens
3357 2573 3510 2640 exiit,
3545 2579 3603 2629 et

2005 2660 2165 2714 duxit
2193 2677 2321 2715 eum
2345 2660 2402 2713 in
2426 2660 2728 2731 quemdam
2761 2661 2966 2727 locum,
2986 2666 3044 2715 et
3061 2661 3306 2716 ostendit
3323 2661 3375 2716 ei
3391 2661 3606 2717 Ethio-

2005 2766 2133 2821 pem
2165 2749 2503 2804 incidentem
2536 2750 2706 2821 ligna,
2733 2753 2788 2803 et
2806 2749 3102 2806 facientem
3133 2750 3412 2810 sarcinam
3435 2768 3602 2822 gran-

2004 2840 2154 2905 dem,
2191 2844 2249 2893 et
2275 2837 2532 2894 tentabat
2571 2844 2795 2910 portare
2833 2856 2980 2907 eam,
3013 2844 3072 2894 et
3115 2856 3228 2895 non
3274 2845 3513 2912 poterat,
3547 2846 3606 2896 et

2004 2945 2106 2999 pro
2147 2945 2211 2982 eo
2239 2933 2306 2982 ut
2335 2928 2581 2983 auferret
2619 2945 2683 2982 ex
2713 2928 2933 2982 sarcina
2959 2927 3078 2992 illa,
3107 2928 3228 2984 ibat
3254 2929 3406 2997 item,
3431 2935 3489 2985 et
3517 2930 3599 2984 in-

2001 3017 2220 3094 cidebat
2249 3017 2419 3088 ligna,
2453 3023 2511 3072 et
2547 3016 2789 3072 addebat
2814 3017 2885 3071 ad
2917 3018 3198 3072 sarcinam
3230 3035 3247 3074 :
3276 3018 3383 3073 hoc
3409 3023 3602 3074 autem

386 3103 478 3162 22.
500 3105 622 3160 Ι)υο
642 3122 804 3160 senes
823 3106 1014 3160 multis
1045 3106 1208 3161 annis
1237 3107 1409 3161 simul
1426 3109 1738 3164 conversati
1761 3115 1910 3176 sunt,
1935 3111 1978 3173 Ο
2000 3106 2238 3162 faciebat
2279 3106 2509 3162 diutius.
2551 3107 2621 3161 Et
2658 3107 2964 3178 procedens
2995 3107 3307 3178 paululum,
3354 3107 3600 3163 ostendit

317 3199 378 3248 et
392 3211 686 3266 nunquam
709 3197 860 3250 inter
887 3212 946 3250 se
974 3196 1132 3250 litem
1161 3195 1714 3266 habuerunt(Ru//'.,l.
1741 3214 1824 3265 In,
1854 3217 1914 3255 η.

314 3281 426 3353 96).
450 3283 600 3339 Dixit
618 3290 807 3340 autem
830 3301 976 3340 unus
1001 3285 1162 3339 alteri
1187 3304 1200 3341 :
1222 3286 1514 3341 Faciamus
1531 3292 1586 3340 et
1612 3304 1714 3342 nos
1743 3305 1916 3343 unam

312 3373 496 3432 litem,
517 3373 662 3428 sicut
680 3374 936 3429 homines
965 3374 1194 3429 faciunt.
1216 3376 1286 3429 Et
1307 3376 1402 3429 ille
1422 3377 1712 3446 respondit
1731 3377 1910 3445 fratri,

311 3462 507 3517 dicens
540 3482 550 3517 :
583 3463 784 3518 Nescio
814 3463 1055 3535 qualiter
1083 3465 1183 3518 fiat
1211 3465 1301 3520 lis.
1337 3466 1405 3519 Et
1443 3466 1537 3519 ille
1568 3465 1744 3520 dixit:
1778 3468 1914 3522 Ecce

312 3568 464 3624 pono
489 3552 550 3606 in
578 3553 762 3608 medio
789 3553 1142 3617 laterculum,
1177 3559 1234 3608 et
1264 3571 1368 3624 ego
1409 3555 1531 3609 dico
1561 3573 1572 3608 :
1605 3557 1794 3610 Meum
1830 3563 1915 3612 est

314 3643 441 3697 hoc.
473 3643 557 3697 Tu
585 3647 772 3697 autem
802 3643 892 3697 dic
925 3661 936 3696 :
970 3644 1115 3708 Non,
1148 3643 1245 3697 sed
1288 3660 1476 3698 meum
1526 3649 1642 3708 est;
1683 3645 1812 3699 inde
1841 3647 1914 3701 sit

316 3730 431 3786 litis
457 3731 704 3786 initium.
739 3733 1054 3787 Posuerunt
1089 3749 1221 3802 ergo
1263 3737 1468 3786 testam
1497 3734 1556 3787 in
1587 3734 1771 3789 medio
1801 3735 1910 3803 sui,

316 3827 376 3876 et
400 3821 538 3876 dicit
563 3838 710 3878 unus
730 3839 925 3877 eorum
957 3841 967 3876 :
1001 3823 1187 3877 Meum
1210 3826 1295 3875 est
1324 3823 1448 3876 hoc.
1476 3824 1544 3877 Et
1563 3823 1707 3878 alter
1735 3823 1873 3878 dixit
1897 3843 1907 3877 :

314 3911 463 3977 Non,
496 3911 593 3966 sed
621 3928 808 3966 meum
839 3916 942 3966 est.
976 3912 1046 3966 Et
1079 3911 1174 3965 ille
1224 3911 1514 3983 respondit
1562 3913 1612 3966 ei
1669 3930 1682 3966 :
1731 3915 1911 3968 Etiam

312 4005 479 4054 tuum
510 4005 628 4066 est;
662 4001 794 4055 tolle
824 4017 955 4071 ergo
984 4005 1041 4054 et
1085 4000 1240 4054 vade.
1285 4001 1353 4054 Et
1377 4001 1773 4070 discesserunt,
1810 4019 1912 4057 nec

312 4090 654 4144 contendere
681 4090 831 4144 inter
858 4107 918 4144 se
940 4094 1263 4161 potuerunt.

386 4176 476 4234 23.
503 4179 700 4234 Frater
727 4179 929 4250 aliquis
957 4179 1323 4249 interrogavit
1350 4196 1542 4234 senem
1583 4181 1905 4251 quemdam,

310 4267 508 4322 dicens
543 4287 555 4322 :
591 4269 649 4323 Si
675 4269 866 4323 videro
909 4269 1156 4335 fratrem,
1192 4269 1262 4323 de
1293 4285 1403 4340 quo
1432 4269 1618 4323 audivi
1663 4270 1910 4340 aliquam

2001 3197 2052 3250 ei
2083 3196 2370 3250 hominem
2391 3212 2587 3251 rursus
2614 3199 2858 3250 stantem
2887 3212 3058 3267 super
3085 3195 3288 3263 lacum,
3315 3200 3372 3252 et
3401 3196 3599 3268 imple-

1998 3287 2078 3340 vit
2114 3303 2209 3340 vas
2239 3302 2404 3357 aqua,
2439 3290 2496 3339 et
2537 3300 2605 3339 ex
2643 3302 2708 3338 eo
2756 3284 3143 3339 iufundentem
3198 3286 3258 3339 in
3289 3285 3595 3342 cisternam

1997 3381 2302 3448 pertusam,
2321 3391 2442 3446 quae
2469 3375 2714 3429 cisterna
2740 3373 2950 3428 iterum
2969 3390 3176 3445 aquam
3197 3375 3378 3446 ipsam
3407 3375 3594 3430 refun-

1996 3465 2233 3520 debatin
2257 3465 2461 3519 lacum.
2488 3465 2557 3519 Et
2585 3464 2722 3518 dicit
2749 3463 2800 3518 ei
2827 3463 3034 3517 iterum
3059 3478 3072 3518 :
3106 3463 3270 3529 Veni,
3299 3465 3594 3521 ostendam

1996 3554 2098 3609 tibi
2128 3555 2280 3609 aliud
2304 3573 2317 3620 ;
2352 3560 2408 3608 et
2437 3570 2561 3609 ecce
2589 3553 2701 3607 vidi
2739 3553 3034 3624 templum,
3067 3557 3125 3607 et
3152 3552 3293 3607 duos
3321 3553 3470 3608 viros
3497 3569 3589 3609 se-

1995 3644 2191 3699 dentes
2217 3643 2276 3698 in
2319 3644 2495 3715 equis,
2546 3648 2605 3697 et
2631 3647 2920 3714 portantes
2962 3642 3180 3713 lignum
3206 3648 3588 3698 transversum

1997 3748 2173 3787 unum
2193 3737 2386 3786 contra
2404 3747 2581 3786 unum
2609 3747 2620 3783 :
2642 3729 2901 3785 volebant
2919 3735 3110 3785 autem
3131 3746 3231 3802 per
3243 3731 3479 3801 januam
3506 3731 3592 3787 in-

1995 3827 2148 3876 trare
2176 3821 2235 3876 in
2265 3822 2556 3892 templum,
2591 3824 2648 3874 et
2675 3836 2788 3874 non
2814 3825 3075 3892 poterant
3107 3825 3340 3892 propter
3369 3820 3588 3892 lignum

1995 3911 2154 3977 illud,
2185 3911 2334 3982 quod
2372 3911 2429 3964 in
2474 3916 2792 3965 transverso
2839 3909 3159 3982 portabant,
3194 3914 3251 3964 et
3290 3925 3404 3965 non
3431 3909 3590 3965 incli-

1992 4005 2192 4055 nantes
2219 4017 2279 4054 se
2326 4017 2473 4055 unus
2504 4005 2629 4071 post
2657 3999 2850 4064 alium,
2881 4005 2948 4053 ut
2991 3999 3152 4054 ﬁeret
3179 3999 3398 4070 lignum
3446 3998 3587 4054 illud

1993 4090 2287 4154 directum,
2325 4094 2720 4142 remanserunt
2748 4088 2883 4142 foris
2914 4091 3076 4141 extra
3099 4088 3335 4158 januam
3366 4086 3584 4158 templi.

1994 4179 2064 4233 Et
2085 4195 2212 4232 cum
2242 4178 2643 4248 interrogasset
2670 4176 2805 4248 quid
2843 4176 2948 4230 hoc
2979 4180 3147 4242 esset,
3179 4175 3273 4230 ille
3299 4175 3590 4246 respondit

1994 4269 2079 4322 ei:
2112 4268 2182 4321 Hi
2202 4273 2335 4322 sunt
2364 4267 2458 4338 qui
2483 4271 2710 4337 portant
2740 4265 2890 4320 velut
2903 4265 3140 4335 justitiaa
3168 4280 3297 4319 cum
3323 4263 3587 4334 superbia

309 4357 557 4429 culpam,
589 4374 703 4412 non
743 4375 970 4429 possum
999 4359 1234 4412 suadere
1263 4358 1451 4412 animo
1484 4375 1608 4412 meo
1637 4365 1700 4413 ut
1728 4358 1908 4414 intro-
1987 4358 2208 4428 jugum,
2240 4361 2297 4410 et
2325 4355 2603 4410 humiliati
2625 4371 2736 4409 non
2755 4359 2890 4408 sunt
2908 4358 2972 4408 ut
2996 4353 3282 4424 corrigant
3308 4369 3368 4407 se
3388 4358 3446 4407 et
3469 4369 3586 4406 am-

309 4445 516 4502 ducam
545 4463 676 4502 eum
703 4447 762 4501 in
784 4447 984 4501 cellam
1024 4463 1206 4500 meam
1233 4467 1245 4514 ;
1277 4448 1325 4502 si
1363 4451 1553 4501 autem
1591 4447 1780 4502 videro
1809 4447 1910 4502 bo-
1932 4434 2186 4501 Dbulent
2203 4445 2492 4500 humiliter
2511 4445 2571 4499 in
2599 4444 2687 4499 via
2717 4443 2944 4509 Christi;
2979 4448 3208 4514 propter
3237 4441 3386 4514 quod
3414 4447 3474 4497 et
3499 4457 3586 4497 re-

308 4552 451 4590 num
477 4536 725 4603 fratrem,
756 4537 942 4608 ipsum
993 4536 1232 4591 libenter
1276 4537 1536 4608 suscipio.
1571 4538 1639 4591 Et
1676 4537 1816 4592 dixit
1861 4539 1910 4592 ei

309 4642 524 4682 senex:
557 4626 616 4680 Si
652 4625 788 4681 facis
815 4626 1025 4681 bonum
1057 4626 1216 4680 fratri
1244 4625 1416 4694 bono,
1437 4626 1519 4679 illi
1549 4643 1749 4697 parum
1778 4647 1792 4687 ;
1828 4628 1912 4681 al-

307 4715 424 4770 teri
451 4715 687 4786 duplum
714 4716 996 4787 impende,
1020 4716 1140 4786 ipse
1167 4721 1252 4770 est
1273 4715 1424 4769 enim
1447 4715 1543 4786 qui
1569 4715 1907 4770 inﬁrmatur.

387 4803 476 4858 24.
521 4804 673 4859 Dixit
713 4805 942 4876 quidam
987 4821 1152 4858 senex
1189 4823 1200 4858 :
1251 4805 1554 4875 Nunquam
1602 4805 1912 4859 desideravi

309 4909 458 4964 opus
495 4895 643 4964 quod
679 4895 815 4949 mihi
856 4895 995 4948 utile
1033 4899 1198 4958 esset,
1232 4899 1290 4947 et
1337 4893 1503 4947 fratri
1536 4909 1661 4947 meo
1691 4894 1912 4964 dispen-

309 4982 473 5036 dium
502 4982 728 5050 faceret,
748 4983 1069 5054 hujusmodi
1089 4982 1300 5037 habens
1321 4999 1500 5054 spem,
1539 4982 1671 5052 quia
1689 4983 1910 5038 lucrum

306 5071 507 5127 fratris
535 5073 666 5138 mei,
698 5089 839 5144 opus
865 5072 1314 5127 fructificationis
1347 5078 1432 5126 est
1461 5071 1621 5125 mihi.

385 5161 475 5220 25.
497 5162 735 5227 Quidam
756 5162 930 5216 frater
950 5167 1073 5216 erat
1093 5161 1350 5216 minister
1381 5161 1673 5239 cujusdam
1703 5161 1906 5215 Patris.

308 5251 565 5323 Contigit
585 5257 774 5307 autem
803 5257 866 5305 ut
894 5251 1096 5306 vulnus
1119 5252 1279 5305 fieret
1306 5250 1364 5304 in
1383 5267 1614 5321 corpore
1643 5251 1813 5315 senis,
1854 5256 1912 5306 et

306 5341 501 5399 sanies
548 5343 729 5397 multa
757 5359 824 5396 ex
852 5358 918 5395 eo
943 5357 1071 5395 cum
1117 5340 1293 5395 fetore
1322 5342 1647 5411 proflueret.
1679 5340 1913 5395 Dicebat

307 5439 507 5488 autem
529 5432 793 5504 cogitatio
813 5447 917 5485 sua
937 5429 1096 5484 fratri
1116 5429 1200 5484 illi
1220 5430 1315 5501 qui
1340 5429 1391 5483 ei
1412 5429 1760 5484 deserviebat
1783 5447 1794 5483 :
1822 5430 1913 5484 Di-

306 5521 478 5578 scede
506 5521 652 5589 hinc,
682 5521 816 5593 quia
843 5537 957 5576 non
977 5525 1134 5591 potes
1160 5519 1440 5574 sustinere
1466 5518 1703 5573 fetorem
1727 5524 1914 5590 putre-

313 5611 468 5669 dinis
486 5611 670 5668 istius.
685 5611 785 5669 Ille
805 5626 938 5668 vero
955 5609 1149 5678 frater,
1163 5613 1229 5665 ut
1242 5609 1574 5682 reprimeret
1589 5609 1686 5682 huj
1693 5609 1914 5666 usmodi

1994 4540 2226 4590 manent
2244 4535 2379 4590 foris
2394 4552 2428 4590 a
2454 4551 2626 4605 regno
2655 4533 2777 4589 Dei.
2802 4533 2902 4588 Ille
2926 4537 3116 4588 autem
3146 4532 3242 4605 qui
3270 4532 3425 4602 ligna
3450 4530 3588 4586 inci-

1995 4627 2096 4692 dit,
2147 4626 2316 4679 homo
2353 4630 2436 4680 est
2482 4624 2542 4678 in
2589 4623 2830 4696 peccatis
2867 4622 3080 4690 multis,
3113 4626 3170 4677 et
3205 4637 3306 4693 pro
3335 4620 3445 4675 illis
3473 4636 3587 4676 non

1996 4715 2114 4785 agit
2126 4714 2534 4786 paenitentiam,
2555 4731 2657 4768 nec
2676 4711 2957 4768 subtrahit
2980 4712 3050 4766 de
3072 4711 3311 4783 peccatis
3335 4710 3471 4777 suis,
3489 4710 3589 4765 sed

1994 4811 2051 4859 et
2068 4804 2391 4875 iniquitates
2403 4802 2632 4858 adhibet
2650 4819 2822 4875 supra
2841 4801 3167 4872 iniquitates
3188 4816 3337 4855 suas.
3363 4800 3470 4864 Qui
3491 4817 3588 4856 au-

1992 4898 2109 4948 tem
2145 4910 2294 4964 aqua
2347 4893 2546 4964 implet
2585 4893 2908 4957 cisternam,
2941 4891 3106 4945 homo
3151 4895 3239 4944 est
3278 4889 3375 4960 qui
3416 4905 3590 4961 opera

1995 4983 2223 5055 quidem
2249 4982 2382 5036 facit
2406 4982 2570 5049 bona,
2597 4982 2694 5036 sed
2715 4981 2854 5052 quia
2873 4979 3043 5034 habet
3071 4978 3242 5032 etiam
3271 4978 3330 5032 in
3363 4979 3444 5033 eis
3467 4995 3591 5050 per-

1994 5073 2171 5125 mixta
2197 5077 2254 5125 et
2285 5071 2454 5136 mala,
2484 5087 2584 5142 pro
2611 5071 2716 5123 hoc
2749 5068 2935 5140 perdit
2953 5067 3123 5122 etiam
3156 5072 3214 5122 et
3242 5066 3391 5122 bona
3415 5083 3588 5139 opera

1968 5224 1970 5226 _
1994 5177 2116 5215 sua.
2133 5161 2486 5231 Quapropter
2504 5158 2760 5214 convenit
2779 5173 3004 5211 omnem
3023 5157 3312 5211 hominem
3333 5156 3586 5212 sobrium

1997 5267 2118 5305 esse
2156 5250 2214 5304 in
2256 5248 2675 5303 considerandis
2714 5246 2976 5318 operibus
3027 5245 3164 5308 suis,
3195 5263 3266 5300 ne
3294 5246 3352 5301 in
3383 5261 3589 5302 vanum

1996 5340 2252 5394 videatur
2280 5339 2557 5392 sustinere
2589 5337 2826 5391 labores.

2064 5429 2117 5484 3.
2150 5429 2414 5484 Narravit
2456 5429 2663 5482 iterum
2693 5425 2864 5480 abbas
2912 5425 3130 5491 Daniel,
3165 5425 3354 5479 dicens
3385 5443 3397 5479 :
3439 5423 3589 5478 Dixit

1996 5521 2163 5573 Pater
2179 5523 2370 5572 noster
2380 5516 2554 5572 abbas
2579 5515 2850 5570 Arsenius
2873 5515 2942 5568 de
2959 5515 3202 5586 quodam
3219 5517 3413 5578 636
3431 5527 3585 5575 sene,

1997 5607 2092 5681 qui
2122 5613 2246 5664 erat
2263 5623 2502 5681 magnus
2525 5607 2584 5663 in
2613 5607 2715 5663 hac
2740 5605 2872 5674 vita,
2891 5605 3127 5677 simplex
3157 5607 3346 5658 autem
3372 5601 3432 5657 in
3457 5599 3587 5669 fide,
