3976 6186
425 291 531 351 979

1576 295 1671 351 DE
1705 295 1894 352 VITIS
1931 293 2230 352 PATRUM
2263 295 2480 354 LIBER
2500 298 2582 386 .V.

3549 306 3640 368 980

425 419 484 471 et
511 415 739 472 errabat
763 432 866 488 pro
895 431 961 471 eo
1005 417 1155 488 quod
1178 421 1303 472 erat
1327 417 1522 486 idiota,
1555 425 1614 476 et
1635 419 1872 490 dicebat,
1903 419 2279 493 nonAperire
2315 421 2535 479 labores
2562 425 2706 496 ejus,
2732 430 2792 482 et
2819 427 3030 483 reversi
3060 433 3196 484 sunt
3223 444 3346 484 cum
3372 431 3556 503 gaudio
3579 437 3638 492 ad

428 531 551 570 esse
579 515 915 571 naturaliter
937 531 1140 586 corpus
1167 517 1375 571 Christi
1405 533 1609 589 panem
1643 536 1808 590 quem
1840 519 2018 574 sumi-

427 621 572 672 mus,
604 605 698 660 sed
729 605 971 675 figuram
999 606 1121 673 ejus
1167 623 1307 660 esse.
1352 607 1470 662 Hoc
1496 613 1686 663 autem
1727 609 2020 664 audientes

423 695 534 748 duo
553 709 716 749 senes
743 693 892 764 quod
921 693 1133 748 diceret
1155 695 1303 749 hunc
1331 712 1669 764 sermonem,
1697 704 1755 751 et
1780 698 2020 753 scientes

427 783 560 854 quia
585 799 792 854 magna
823 783 1094 838 essetvita
1123 789 1182 838 et
1193 785 1542 840 conversatio
1571 789 1714 857 ejus,
1739 787 2020 857 cogitave-

423 877 560 926 runt
579 872 712 943 quia
730 871 1058 927 innocenter
1071 878 1129 927 et
1147 873 1482 944 simpliciter
1494 875 1706 930 diceret
1728 877 1848 942 hoc,
1866 881 1924 931 et
1935 892 2021 931 ve-

423 966 632 1016 nerunt
655 961 728 1016 ad
753 978 904 1028 eum,
932 967 990 1016 et
1011 961 1206 1016 dicunt
1231 963 1282 1017 ei
1314 981 1327 1016 :
1353 963 1530 1030 Abba,
1553 964 1870 1019 audivimus
1898 981 2019 1019 ser-

422 1065 644 1105 monem
666 1051 960 1121 cujusdam
976 1051 1238 1118 infidelis,
1255 1053 1351 1123 qui
1370 1052 1506 1106 dicit
1525 1053 1658 1125 quia
1671 1054 1831 1124 panis
1851 1070 2020 1125 quem

421 1141 716 1206 sumimus,
739 1156 850 1195 non
875 1145 1081 1194 natura
1109 1157 1311 1212 corpus
1338 1142 1564 1208 Christi,
1597 1142 1695 1196 sed
1726 1143 1910 1212 figura
1934 1149 2021 1197 est

420 1231 562 1300 ejus.
595 1231 776 1285 Senex
803 1235 994 1284 autem
1031 1229 1110 1284 ait
1147 1229 1228 1284 eis
1272 1249 1284 1284 :
1319 1231 1434 1300 Ego
1463 1249 1588 1286 sum
1616 1232 1712 1304 qui
1751 1232 1854 1286 hoc
1881 1231 2015 1286 dixi.

419 1319 506 1374 Illi
528 1324 720 1374 autem
747 1318 1022 1390 rogabant
1048 1335 1196 1385 eum,
1219 1320 1469 1375 dicentes
1505 1340 1516 1375 :
1548 1323 1675 1376 Non
1705 1321 1784 1376 sic
1802 1327 2014 1384 teneas,

417 1407 580 1475 abba,
603 1409 700 1463 sed
724 1408 868 1463 sicut
886 1408 1132 1464 Ecclesia
1160 1409 1438 1464 catholica
1465 1410 1702 1464 tradidit
1737 1429 1749 1464 :
1793 1427 1896 1466 nos
1917 1427 2019 1465 au-

415 1505 534 1553 tem
550 1497 831 1552 credimus
859 1497 994 1569 quia
1021 1499 1182 1568 panis
1210 1499 1330 1570 ipse
1359 1515 1561 1570 corpus
1591 1499 1801 1554 Christi
1829 1505 1934 1566 est,
1963 1505 2021 1553 et

417 1588 559 1642 calix
585 1588 706 1660 ipse
733 1593 822 1642 est
845 1587 1076 1658 sanguis
1115 1589 1331 1643 Christi
1361 1589 1672 1644 secundum
1701 1589 2013 1656 veritatem,

416 1681 474 1732 et
502 1694 617 1732 non
663 1677 969 1732 secundum
999 1678 1240 1748 ﬁguram
1298 1695 1310 1731 :
1344 1679 1440 1732 sed
1471 1679 1618 1734 sicut
1643 1679 1700 1733 in
1743 1679 2016 1750 principio

2101 511 2270 568 cellas
2299 529 2449 568 suas.

2167 601 2222 656 4.
2246 603 2458 658 Iterum
2487 603 2608 676 ipse
2625 604 2798 660 abbas
2827 607 3026 662 Daniel
3053 609 3301 664 narravit
3317 609 3384 664 de
3408 611 3508 666 alio
3535 629 3645 670 sene

2102 707 2326 762 magno,
2358 694 2454 764 qui
2484 693 2773 751 habitabat
2801 695 2860 750 in
2905 696 3200 754 inferiores
3228 687 3408 770 partes
3431 701 3645 774 Egypti,

2102 781 2233 851 quia
2263 781 2475 838 diceret
2502 801 2606 854 per
2629 784 3048 856 simplicitatem
3097 787 3246 858 quod
3289 789 3651 848 Melchisedech

2103 869 2221 941 ipse
2250 875 2336 925 est
2355 872 2505 926 filius
2533 873 2653 927 Dei.
2684 875 2801 928 Hoc
2829 880 3020 929 autem
3045 875 3350 932 indicatum
3383 884 3464 933 est
3477 887 3652 938 sanctae

2101 960 2385 1014 memoriae
2407 962 2614 1032 Cyrillo
2636 961 3050 1034 archiepiscopo
3073 965 3655 1033 Alexandrino,etmisit

2101 1049 2175 1103 ad
2197 1065 2346 1104 eum.
2371 1051 2562 1105 Sciens
2591 1057 2782 1107 autem
2803 1053 2937 1124 quia
2954 1053 3186 1125 signifer
3211 1061 3356 1110 esset
3373 1057 3461 1112 ille
3486 1075 3650 1127 senex,

2102 1143 2160 1192 et
2186 1137 2457 1211 quidquid
2486 1146 2704 1212 peteret
2748 1158 2784 1196 a
2819 1143 2936 1197 Deo
2978 1143 3328 1200 revelabatur
3353 1145 3421 1211 ei,
3465 1153 3520 1202 et
3543 1148 3656 1220 quia

2101 1227 2430 1299 simpliciter
2446 1229 2658 1286 diceret
2692 1231 2798 1286 hoc
2820 1230 3074 1300 verbum,
3097 1249 3234 1288 usus
3261 1240 3345 1290 est
3367 1236 3653 1307 hujusmodi

2102 1317 2340 1383 ratione,
2373 1319 2566 1374 dicens
2597 1337 2608 1372 :
2635 1319 2814 1384 Abba,
2849 1337 2985 1392 rogo
3017 1327 3076 1376 te
3114 1323 3248 1394 quia
3272 1323 3330 1378 in
3355 1325 3654 1396 cogitatione

2102 1422 2231 1460 mea
2259 1412 2362 1473 est,
2397 1409 2545 1478 quod
2574 1409 2977 1465 Melchisedech
3014 1410 3136 1482 ipse
3161 1411 3239 1466 sit
3282 1412 3426 1468 filius
3466 1415 3580 1482 Dei;
3608 1422 3655 1471 et

2101 1512 2298 1550 rursus
2333 1497 2448 1552 alia
2498 1497 2764 1568 cogitatio
2818 1515 2946 1554 mea
2971 1499 3108 1555 dicit
3155 1501 3290 1572 quia
3319 1517 3426 1556 non
3451 1503 3535 1569 sit,
3575 1505 3656 1558 sed

2102 1584 2270 1640 homo
2298 1585 2391 1652 sit,
2425 1592 2483 1641 et
2511 1587 2768 1642 sacerdos
2799 1605 3052 1644 summus
3076 1589 3248 1644 fuerit
3270 1590 3388 1646 Dei.
3413 1591 3657 1656 Quoniam

2100 1690 2234 1744 ergo
2263 1675 2458 1730 haesito
2489 1675 2559 1730 de
2588 1677 2711 1741 hoc,
2740 1677 2947 1733 idcirco
2967 1679 3096 1734 misi
3114 1679 3190 1742 ad
3218 1684 3276 1734 te
3296 1686 3356 1735 ut
3373 1663 3654 1752 depreceris

413 1767 700 1837 pulverem
727 1767 797 1821 de
816 1772 970 1822 terra
998 1741 1276 1838 accipiens
1305 1767 1603 1838 plasmavit
1630 1741 2015 1822 hominem-ad
2035 1741 2082 1802 B
2099 1741 2298 1830 Deum,
2333 1770 2612 1836 quatenus
2639 1766 2890 1821 revelare
2909 1767 3014 1822 tibi
3045 1767 3314 1838 dignetur
3339 1769 3406 1824 de
3424 1741 3520 1824 hoc
3543 1770 3656 1842 quid

411 1856 720 1926 imaginem
771 1871 952 1922 suam,
1005 1861 1063 1910 et
1089 1873 1256 1910 nemo
1287 1861 1474 1928 potest
1519 1857 1707 1910 dicere
1740 1857 1874 1928 quia
1903 1873 2014 1911 non

413 1949 538 2000 erat
562 1945 751 2016 imago
777 1945 899 2008 Dei,
918 1945 1172 2016 quamvis
1195 1945 1777 2017 incomprehensibilis
1804 1965 1820 2011 ;
1852 1945 1933 2000 ita
1959 1951 2017 2000 et

410 2051 592 2106 panis,
626 2051 794 2106 quem
838 2034 979 2089 dixit
1011 2053 1023 2088 :
1057 2035 1200 2100 Quia
1229 2052 1432 2106 corpus
1461 2052 1650 2090 meum
1699 2041 1802 2102 est,
1831 2035 2014 2090 credi-

410 2139 538 2178 mus
566 2123 700 2194 quia
760 2124 1070 2178 secundum
1115 2123 1407 2179 veritatem
1439 2142 1640 2197 corpus
1670 2124 1879 2179 Christi
1907 2129 2012 2179 est.

412 2213 595 2268 Senex
621 2217 812 2268 autem
851 2212 933 2266 ait
979 2213 1061 2267 eis
1107 2231 1118 2266 :
1160 2213 1282 2268 Nisi
1311 2215 1498 2285 reipsa
1543 2230 1872 2285 cognovero,
1903 2230 2014 2268 non

411 2302 552 2356 mihi
583 2301 855 2357 satisfacit
873 2302 1162 2375 responsio
1191 2309 1397 2357 vestra.
1418 2303 1508 2358 Illi
1537 2308 1730 2358 autem
1757 2303 2020 2358 dixerunt

408 2391 479 2446 ad
525 2407 702 2447 eum:
752 2393 1130 2464 Deprecemur
1177 2393 1358 2446 Deum
1408 2391 1759 2446 hebdomoda
1800 2392 1905 2446 hac
1947 2393 2018 2447 de

410 2481 685 2552 mysterio
709 2481 832 2546 hoc,
856 2485 914 2534 et
927 2481 1207 2535 credimus
1222 2481 1357 2550 quia
1375 2482 1526 2534 Deus
1545 2479 1814 2534 revelabit
1833 2479 2016 2535 nobis.

409 2571 590 2625 Senex
616 2585 749 2624 vero
778 2585 910 2622 cum
936 2569 1146 2640 gaudio
1183 2569 1431 2640 suscepit
1459 2585 1776 2624 sermonem
1813 2569 2007 2637 istum,

407 2663 466 2712 et
491 2657 900 2729 deprecabatur
926 2658 1125 2723 Deum,
1163 2657 1354 2712 dicens
1389 2677 1400 2712 :
1434 2657 1690 2724 Domine,
1723 2659 1771 2712 si
1819 2663 1883 2712 tu
1915 2675 2011 2712 co-

405 2746 628 2817 gnoscis
656 2745 926 2816 quoniam
953 2763 1066 2800 non
1095 2763 1198 2818 per
1227 2747 1502 2801 malitiam
1531 2746 1854 2802 incredulus
1881 2763 2008 2802 sum

411 2834 494 2889 rei
526 2834 715 2905 hujus,
748 2833 848 2888 sed
886 2851 988 2906 per
1013 2834 1394 2906 ignorantiam
1423 2851 1628 2902 errem,
1662 2835 1848 2890 revela
1871 2851 2009 2906 ergo

408 2924 570 2990 mihi,
597 2923 835 2978 Domine
855 2924 883 2978 J
889 2939 1018 2978 esus
1038 2924 1282 2990 Christe,
1301 2924 1451 2996 quod
1472 2939 1666 2979 verum
1689 2930 1801 2980 est.
1827 2924 1937 2980 Sed
1955 2929 2014 2978 et

405 3013 490 3069 illi
517 3029 682 3068 senes
711 3011 984 3068 abeuntes
1011 3013 1070 3068 in
1125 3013 1268 3068 cella
1314 3005 1436 3080 sua,
1487 3013 1769 3084 rogabant
1795 3019 1852 3068 et
1877 3013 2005 3085 ipsi,

2097 1853 2304 1908 veritas
2332 1853 2554 1909 habeat.
2589 1855 2770 1910 Senex
2811 1861 3003 1910 autem
3055 1856 3127 1912 de
3150 1859 3553 1913 conversatione
3572 1875 3660 1913 sua

2097 1959 2460 2014 prmumens,
2503 1960 2632 1998 cum
2665 1945 2872 1999 fiducia
2909 1945 3051 2000 dixit
3080 1965 3094 2000 :
3127 1947 3215 2000 Da
3249 1947 3384 2002 mihi
3437 1963 3530 2020 per
3560 1953 3660 2003 tres

2098 2033 2216 2086 dies
2241 2032 2512 2098 inducias,
2560 2037 2620 2088 et
2645 2050 2750 2104 ego
2778 2035 3046 2106 deprecor
3073 2035 3255 2091 Deum
3283 2037 3352 2090 de
3384 2037 3484 2092 hac
3508 2053 3578 2102 re,
3613 2041 3662 2091 et

2097 2122 2360 2176 renuntio
2381 2122 2479 2176 tibi
2511 2123 2661 2194 quod
2687 2123 2828 2178 mihi
2847 2124 3018 2178 fuerit
3035 2125 3346 2180 revelatum
3368 2126 3434 2181 de
3454 2127 3565 2181 hoc.
3586 2127 3660 2182 In.

2099 2217 2256 2266 trans
2285 2228 2418 2283 ergo
2462 2213 2521 2267 in
2553 2213 2754 2267 cellam
2781 2230 2961 2281 suam,
2991 2215 3398 2286 deprecabatur
3420 2216 3659 2270 Deum'de

2099 2300 2266 2356 verbo
2294 2301 2433 2369 hoc;
2474 2307 2532 2356 et
2559 2303 2786 2358 veniens
2823 2309 2952 2374 post
2991 2309 3108 2358 tres
3143 2304 3266 2359 dies
3309 2304 3444 2360 dixit
3485 2311 3660 2360 sancta:

2101 2391 2386 2446 memoriae
2415 2391 2624 2463 Cyrillo
2647 2408 2660 2444 :
2690 2393 2869 2447 Homo
2897 2399 2984 2446 est
3009 2393 3432 2449 Melchisedech;
3461 2393 3662 2448 Archia-

2099 2479 2359 2551 piscopus
2375 2485 2563 2534 autem
2587 2481 2876 2552 respondit
2893 2481 2970 2536 ei:
2999 2482 3294 2546 Quomodo
3317 2487 3524 2538 constat
3535 2482 3660 2555 apud

2098 2575 2174 2634 te,
2205 2569 2384 2624 abba?
2421 2571 2491 2624 Et
2517 2570 2612 2625 ille
2631 2570 2770 2625 dixit
2799 2569 2850 2626 ei
2884 2589 2895 2624 :
2938 2571 3088 2626 Deus
3113 2572 3370 2628 ostendit
3397 2572 3526 2628 mihi
3557 2589 3659 2626 om-

2092 2675 2192 2713 nes
2207 2658 2571 2730 patriarchas,
2589 2659 2672 2714 ita
2688 2665 2750 2714 ut
2769 2660 2976 2730 singuli
2991 2677 3188 2716 eorum
3204 2679 3391 2717 coram
3412 2679 3496 2716 me
3508 2667 3660 2716 trans-

2092 2749 2241 2803 irent
2268 2747 2338 2803 ab
2366 2749 2546 2803 Adam
2577 2765 2754 2820 usque
2799 2749 2872 2804 ad
2899 2750 3328 2816 Melchisedech,
3379 2757 3434 2806 et
3459 2751 3662 2822 angelus

2093 2838 2363 2892 assistens
2385 2837 2524 2892 mihi
2549 2837 2688 2892 dixit
2711 2857 2724 2892 :
2757 2839 2895 2894 Ecce
2924 2839 3031 2894 iste
3058 2845 3146 2895 est
3167 2841 3561 2896 Melchisedech
3582 2859 3593 2893 :
3614 2845 3662 2894 et

2093 2927 2240 2994 ideo,
2271 2927 2701 3000 archiepiscope,
2729 2932 2914 2983 certus
2933 2933 3054 2983 esto
3086 2929 3224 3000 quia
3253 2929 3334 2984 sic
3361 2935 3459 2984 est.
3481 2927 3661 2984 Abiens

2096 3021 2286 3071 autem
2307 3033 2494 3082 senex,
2513 3033 2613 3088 per
2627 3017 2990 3088 semetipsum
3009 3017 3354 3090 praedicabat
3377 3017 3501 3090 quia
3519 3019 3661 3072 homo

406 3104 656 3159 dicentes
683 3119 697 3158 :
726 3103 965 3157 Domine
987 3103 1118 3158 Jesu
1152 3102 1395 3168 Christe,
1429 3103 1614 3157 revela
1638 3103 1760 3157 seni
1795 3107 2007 3174 myste-
2027 3099 2072 3160 Ο
2095 3110 2242 3160 esset
2261 3105 2688 3162 Melchisedech.
2716 3107 2786 3161 Et
2801 3106 3026 3176 gavisus
3055 3113 3142 3162 est
3173 3109 3468 3180 magnifico
3483 3113 3662 3163 sancta:

405 3193 558 3248 rium
585 3193 710 3256 hoc,
745 3197 810 3246 ut
835 3192 1029 3247 credat
1057 3197 1114 3246 et
1141 3209 1256 3246 non
1296 3191 1498 3263 perdat
1525 3192 1778 3246 laborem
1821 3208 2006 3247 suum.

408 3282 704 3338 Exaudivit
713 3287 904 3337 autem
917 3282 1067 3337 Deus
1087 3287 1360 3353 utrosque
1382 3299 1394 3335 :
1415 3285 1474 3335 et
1490 3281 1844 3336 hebdomada
1862 3298 2011 3336 com-

407 3372 562 3444 pleta
600 3375 878 3426 venerunt
925 3369 1216 3425 Dominico
1243 3369 1334 3424 die
1364 3369 1424 3424 in
1462 3370 1715 3430 ecclesia,
1763 3375 1820 3424 et
1848 3370 2012 3424 sede-

408 3465 546 3516 runt
587 3459 697 3532 ipsi
739 3465 858 3514 tres
896 3459 1001 3514 soli
1039 3475 1210 3530 super
1236 3458 1410 3514 sedile
1439 3459 1510 3513 de
1543 3459 1744 3531 scirpo,
1775 3458 1925 3531 quod
1954 3458 2013 3513 in

410 3550 642 3604 modum
667 3549 834 3604 fascis
863 3555 992 3604 erat
1019 3549 1274 3620 ligatum,
1304 3548 1522 3603 medius
1552 3554 1742 3603 autem
1784 3547 2016 3604 sedebat

411 3655 581 3695 senex
607 3639 722 3695 ille.
752 3639 949 3710 Aperti
974 3645 1108 3693 sunt
1151 3643 1341 3692 autem
1371 3637 1516 3692 oculi
1547 3654 1744 3695 eorum
1789 3637 2013 3692 intelle-

411 3729 623 3782 ctuales
647 3747 660 3796 ;
691 3733 750 3782 et
777 3727 1003 3798 quando
1031 3725 1198 3798 positi
1243 3731 1376 3780 sunt
1416 3743 1590 3797 panes
1617 3727 1678 3780 in
1707 3726 1894 3788 altari,
1927 3723 2012 3780 vi-

413 3815 652 3870 debatur
677 3816 788 3870 illis
809 3815 1200 3870 tantummodo
1221 3815 1402 3869 tribus
1433 3820 1708 3885 tanquam
1744 3816 2014 3886 puerulus

409 3905 604 3974 jacens
644 3920 814 3975 super
863 3905 1061 3958 altare.
1095 3904 1166 3958 Et
1195 3919 1325 3957 cum
1355 3903 1704 3958 extendisset
1720 3903 2015 3976 presbyter

414 4009 634 4060 manus,
670 3997 736 4048 ut
760 3992 1051 4062 frangeret
1076 4008 1299 4063 panem,
1329 3991 1622 4046 descendit
1649 3993 1885 4064 angelus
1909 3994 2015 4048 Do-

415 4081 558 4137 mini
584 4083 654 4136 de
680 4082 819 4136 celo
848 4081 1060 4136 habens
1099 4081 1344 4136 cultrum
1394 4081 1451 4135 in
1491 4098 1682 4148 manu,
1718 4087 1776 4136 et
1805 4083 2015 4138 secavit

413 4173 716 4243 puerulum
759 4171 940 4237 illum,
981 4171 1317 4242 sanguinem
1339 4187 1470 4225 vero
1491 4171 1806 4242 excipiebat
1831 4171 1890 4226 in
1918 4189 2013 4226 ca-

413 4261 542 4316 lice.
571 4263 713 4317 Cum
742 4265 932 4328 autem
988 4260 1282 4332 presbyter
1335 4260 1619 4330 frangeret
1647 4261 1708 4315 in
1763 4259 2014 4332 partibus

413 4351 600 4424 parvis
633 4367 858 4423 panem,
907 4349 1079 4404 etiam
1127 4356 1184 4404 et
1243 4349 1476 4420 angelus
1527 4349 1810 4404 incidebat
1855 4350 2016 4422 pueri

2095 3195 2384 3250 memoriae
2414 3195 2679 3266 Cyrillus.

2169 3289 2220 3342 5.
2253 3287 2402 3342 Puer
2429 3292 2553 3342 erat
2593 3287 2780 3342 adhuc
2825 3292 3031 3343 sanctae
3078 3289 3368 3344 memorie
3412 3289 3657 3361 Ephrem,

2097 3381 2154 3431 et
2177 3375 2320 3431 vidit
2365 3378 2647 3433 somnium
2675 3378 2792 3432 sive
2832 3378 3261 3445 revelationem,
3297 3378 3426 3452 quia
3457 3384 3578 3433 nata
3600 3377 3664 3432 sit

2096 3457 2225 3513 vitis
2249 3458 2306 3513 in
2335 3459 2528 3530 lingua
2547 3461 2689 3530 ejus,
2723 3465 2782 3514 et
2800 3459 3057 3526 creverit,
3084 3464 3144 3514 et
3167 3459 3486 3532 impleverit
3507 3463 3660 3514 totam

2091 3553 2303 3603 terram
2331 3548 2618 3604 fructifera
2673 3549 2880 3612 nimis;
2915 3553 2973 3603 et
3028 3549 3162 3620 quia
3213 3549 3466 3604 venirent
3499 3547 3664 3603 omnia

2091 3638 2340 3692 volatilia
2357 3639 2500 3703 caeli,
2537 3643 2595 3694 et
2619 3637 2988 3693 comedebant
3019 3639 3091 3693 de
3126 3639 3318 3695 fructu
3341 3639 3465 3694 vitis
3497 3637 3658 3702 illius;

2096 3733 2370 3798 quantum
2382 3733 2569 3782 autem
2583 3726 3013 3792 manducabant,
3022 3743 3088 3783 eo
3099 3728 3344 3800 amplius
3357 3726 3664 3800 implebatur

2097 3816 2281 3872 fructu
2305 3816 2539 3886 (Supra,
2575 3821 2638 3872 in
2675 3819 2790 3872 Vita
2815 3818 3088 3886 Ephresm,
3122 3834 3244 3887 cap.
3279 3816 3350 3889 1).

2167 3903 2222 3962 6.
2248 3908 2460 3962 Iterum
2478 3907 2617 3961 vidit
2644 3906 2872 3978 quidam
2901 3912 3229 3962 sanctorum
3258 3909 3318 3962 in
3331 3892 3512 3974 θεά
3534 3919 3658 3960 som-

2097 3995 2185 4050 nis
2209 3995 2464 4050 ordinem
2483 3995 2797 4067 angelicum
2815 3995 3248 4051 descendentem
3261 3997 3332 4051 de
3354 3995 3662 4062 οωιοίευρω

2099 4087 2163 4138 in
2205 4087 2320 4139 Vita
2349 4087 2619 4154 Ephra’m,
2653 4102 2700 4138 c.
2729 4085 2808 4154 3),
2841 4084 3151 4140 secundum
3181 4091 3514 4157 praeceptum
3556 4080 3660 4146 Dei,

2098 4173 2399 4228 habentem
2425 4175 2484 4228 in
2511 4191 2682 4230 manu
2701 4173 2927 4242 librum,
2951 4175 3056 4229 hoc
3080 4180 3167 4230 est
3183 4181 3404 4230 tomum
3423 4173 3661 4244 scriptum

2098 4263 2251 4318 intus
2281 4269 2338 4317 et
2351 4263 2486 4318 foris
2519 4282 2531 4318 :
2562 4263 2822 4319 dicebant
2839 4270 3030 4318 autem
3051 4263 3123 4318 ad
3151 4264 3391 4320 invicem
3421 4281 3435 4316 :
3469 4261 3560 4317 Cui
3585 4259 3664 4314 de-

2099 4352 2193 4407 bet
2221 4353 2496 4407 committi
2521 4353 2626 4408 hoc
2643 4354 2668 4406 ?
2695 4353 2933 4418 Quidam
2956 4358 3146 4408 autem
3183 4353 3450 4408 dicebant
3473 4351 3536 4405 de
3555 4349 3658 4411 illo,

415 4440 668 4496 membra
689 4440 747 4494 in
763 4439 996 4494 modicis
1015 4439 1288 4510 partibus.
1307 4439 1450 4493 Cum
1471 4445 1666 4493 autem
1689 4440 2016 4494 accessisset
2036 4429 2085 4488 D
2100 4442 2197 4495 alii
2224 4442 2295 4495 de
2323 4441 2431 4496 alio
2453 4459 2464 4494 :
2491 4442 2903 4514 responderunt
2928 4447 3121 4498 autem
3149 4447 3209 4497 et
3225 4442 3486 4497 dixerunt
3509 4459 3520 4493 ε
3542 4439 3666 4493 Vere

417 4546 603 4596 senex,
626 4536 692 4584 ut
717 4529 994 4600 acciperet
1010 4535 1264 4582 sanctam
1287 4528 1760 4592 communionem,
1780 4529 1914 4583 data
1932 4537 2018 4584 est
2101 4529 2326 4602 quidem
2358 4531 2585 4603 utrique
2635 4531 2815 4587 sancti
2849 4537 2984 4586 sunt
3011 4537 3070 4587 et
3089 4533 3252 4604 justi,
3296 4548 3432 4604 quos
3457 4527 3620 4584 dicitis
3647 4543 3658 4589 ;

417 4619 525 4690 ipsi
567 4619 671 4674 soli
700 4635 830 4672 caro
850 4617 1126 4688 sanguine
1153 4621 1468 4671 cruentata.
1491 4617 1652 4681 Quod
1687 4635 1818 4672 cum
1847 4618 2016 4672 vidis-
2101 4626 2486 4676 verumtamen
2528 4621 2634 4676 hoc
2668 4621 2748 4675 eis
2787 4621 3063 4676 committi
3111 4638 3224 4676 non
3273 4626 3474 4692 potest.
3512 4615 3664 4674 Multa

419 4712 524 4772 set,
557 4707 868 4780 pertimuit,
893 4711 951 4760 et
963 4706 1246 4771 clamavit,
1270 4707 1463 4760 dicens
1487 4725 1500 4760 :
1525 4707 1725 4772 Credo,
1757 4707 2012 4774 Domine,
2101 4711 2268 4764 etiam
2291 4710 2404 4765 alia
2430 4711 2662 4766 nomina
2678 4715 3002 4766 sanctorum
3029 4710 3299 4778 dicentes,
3321 4717 3510 4782 postea
3536 4706 3664 4760 dixe-

421 4795 554 4867 quia
571 4797 734 4868 panis
753 4796 849 4868 qui
875 4796 933 4850 in
953 4796 1119 4850 altari
1143 4795 1389 4867 ponitur,
1411 4812 1612 4866 corpus
1639 4801 1801 4850 tuum
1833 4803 1937 4862 est,
1960 4804 2019 4852 et
2099 4805 2232 4855 runt
2257 4818 2270 4853 :
2303 4800 2448 4864 Quia
2476 4800 2688 4854 nemini
2719 4805 2904 4871 potest
2939 4799 3101 4855 alteri
3131 4801 3236 4854 hoc
3275 4796 3542 4855 committi
3571 4791 3662 4850 nisi

419 4883 560 4939 calix
577 4890 708 4940 tuus
725 4892 813 4940 cst
833 4885 1082 4956 sanguis.
1105 4886 1176 4939 Et
1197 4885 1388 4939 statim
1414 4884 1561 4938 facta
1579 4890 1665 4940 est
1691 4901 1820 4956 pars
1839 4885 1938 4940 illa
1955 4887 2015 4942 in
2099 4889 2357 4960 Ephraem
2383 4907 2396 4942 :
2430 4893 2487 4944 et
2505 4889 2640 4944 vidit
2665 4905 2834 4944 senex
2860 4889 2974 4954 ille,
3007 4889 3096 4944 cui
3126 4889 3230 4944 hoc
3258 4890 3317 4944 in
3345 4887 3546 4943 somnis
3577 4899 3663 4954 ap-

420 4988 594 5027 manu
617 4975 738 5044 ejus
767 4974 946 5044 panis,
979 4975 1285 5030 secundum
1315 4974 1663 5044 mysterium,
1689 4979 1746 5030 et
1775 4975 2018 5047 sumpsit

422 5061 558 5115 illud
586 5060 644 5116 in
673 5079 786 5126 ore,
831 5062 1042 5132 gratias
1068 5079 1240 5134 agens
1276 5063 1410 5117 Deo.
1445 5063 1721 5118 Dixerunt
1750 5070 1940 5118 autem
1963 5065 2015 5119 ei

421 5167 618 5206 senes:
643 5151 792 5206 Deus
823 5153 929 5206 scit
956 5152 1262 5207 humanam
1287 5158 1582 5220 naturam;
1607 5152 1740 5224 quia
1769 5169 1883 5208 non
1912 5171 2014 5226 po-

421 5247 535 5296 test
561 5240 706 5296 vesci
723 5240 985 5296 carnibus
1008 5242 1212 5308 crudis,
1247 5247 1305 5297 et
1327 5248 1620 5314 prOpterea
1649 5243 2016 5298 transformat

423 5347 625 5403 corpus
649 5347 813 5385 suum
847 5330 904 5383 in
935 5346 1156 5399 panem,
1187 5337 1246 5386 et
1283 5332 1617 5402 sanguinem
1654 5349 1818 5387 suum
1851 5331 1909 5387 in
1930 5333 2014 5387 vi-

423 5439 580 5488 num,
611 5420 700 5474 his
735 5419 834 5492 qui
862 5407 1000 5473 illud
1025 5437 1155 5474 cum
1179 5421 1288 5475 ﬁde
1309 5421 1642 5493 suscipiunt.
1679 5423 1750 5477 Et
1776 5429 2016 5493 egerunt

423 5511 636 5581 gratias
668 5511 784 5566 Deo
827 5509 897 5564 de
923 5525 1060 5564 sene
1103 5509 1198 5564 illo
1223 5528 1235 5576 ;
1260 5510 1394 5582 quia
1434 5527 1546 5565 non
1579 5511 1836 5584 permisit
1865 5513 2015 5568 Deus

2099 4978 2304 5049 paruit,
2338 4977 2472 5048 quia
2501 4978 2755 5048 Ephraam
2777 4979 3055 5034 dederunt
3075 4984 3296 5034 tomum
3323 4977 3499 5032 illum.
3523 4974 3661 5030 Mane

2098 5073 2285 5122 autem
2325 5084 2562 5138 surgens
2596 5067 2811 5122 audivit
2848 5068 3105 5139 Ephrxem
3134 5068 3428 5123 docentem
3458 5071 3510 5120 et
3535 5062 3664 5116 velut

2097 5156 2311 5211 fontem
2349 5155 2708 5212 ebulliemem
2737 5157 2806 5211 de
2829 5173 2928 5211 ore
2950 5157 3128 5228 ipsius
3155 5173 3170 5209 :
3204 5161 3264 5211 et
3301 5153 3552 5227 cognovit
3586 5165 3663 5205 se—

2096 5263 2220 5311 nex,
2271 5247 2366 5317 qui
2411 5247 2694 5302 somnium
2745 5247 2976 5312 viderat,
3035 5247 3169 5318 quia
3219 5247 3462 5318 Spiritus
3507 5238 3661 5297 sancti

2097 5335 2348 5407 operatio
2374 5341 2479 5402 est,
2509 5337 2657 5406 quod
2686 5336 3082 5408 egrediebatur
3107 5337 3178 5392 de
3203 5334 3369 5392 labiis
3406 5333 3656 5406 Ephrem.

2168 5423 2220 5480 7.
2254 5424 2528 5480 Dicebant
2552 5425 2622 5480 de
2647 5424 2849 5482 abbate
2880 5427 3118 5492 Zenone,
3135 5425 3267 5498 quia
3287 5441 3416 5480 cum
3447 5433 3662 5477 morare-

2096 5521 2192 5569 tur
2218 5515 2275 5569 in
2305 5515 2515 5586 Scythi,
2549 5514 2683 5570 exiit
2701 5520 2862 5570 nocte
2891 5515 2962 5571 de
2987 5517 3132 5570 cella
3149 5531 3253 5570 sua
3283 5511 3512 5570 velutad
3529 5507 3660 5582 palu-
