3964 6206
307 326 413 389 901

1613 324 1853 391 VERBA
1892 320 2282 392 SENIORUM.

3502 321 3621 393 9’”:

305 456 436 512 dem
470 458 658 527 (Ila/fu
691 458 785 513 lib.
820 470 906 524 ιιι,
949 474 1007 512 n.
1033 456 1195 526 2'10);
1248 462 1306 514 et
1332 475 1461 515 cum
1492 464 1754 528 errasset,
1779 460 1911 516 fecit
1927 462 2154 523 Aniene
2182 460 2646 527 eum,iatravitin
2660 460 2861 516 cellam
2882 460 3023 530 ejus.
3039 456 3393 514 Theoctistus
3416 463 3623 515 autem

308 550 426 601 tres
447 546 569 601 dies
586 551 645 601 et
667 551 784 601 tres
794 551 990 602 noctes
1012 547 1308 603 ambulans
1324 554 1381 603 et
1398 548 1662 604 laborans
1684 569 1696 617 ;
1722 556 1779 605 et
1801 568 1931 605 cum
2012 551 2258 624 suscepit
2304 567 2435 605 eum
2464 550 2743 621 gaudens.
2785 550 2925 605 Cum
2966 564 3100 619 ergo
3128 548 3428 620 coepissent
3453 548 3609 620 loqui

313 634 628 701 defecisset,
648 635 848 691 cecidit
869 636 1217 692 semianimis
1243 655 1254 691 :
1276 642 1333 692 et
1343 655 1468 693 ecce
1484 639 1754 710 puerulus
1773 639 1931 694 stetit

313 730 448 780 ante
480 741 611 780 eum
641 725 857 780 habens
885 742 1089 797 panem
1124 732 1181 780 et
1198 728 1531 782 surisculam
1554 745 1733 799 aqua),
1757 733 1815 784 et
1846 729 1928 783 di-

309 814 474 870 cebat
496 815 549 869 ei
576 832 587 867 :
614 816 1120 885 Surge,manduca.
1148 817 1247 871 Ille
1260 822 1448 872 autem
1468 834 1703 889 surgens
1723 818 1919 885 oravit,

307 904 645 960 existimans
678 905 810 976 quia
858 906 1195 977 phantasma
1222 912 1404 971 esset;
1428 924 1569 979 puer
1621 912 1811 963 autem
1840 924 1927 963 re~

304 994 609 1065 spondens,
644 994 785 1049 dixit
811 995 897 1048 ei:
933 994 1084 1050 Bene
1114 995 1313 1050 fecisti.
1362 996 1432 1051 Et
1481 996 1685 1051 iterum
1744 997 1924 1053 oravit

305 1084 573 1151 secundo,
601 1090 658 1140 et
685 1084 872 1139 tertio.
897 1086 965 1139 Et
993 1084 1134 1139 dixit
1161 1085 1242 1139 ei:
1272 1087 1422 1140 Bene
1439 1086 1638 1141 fecisti.
1673 1087 1920 1158 Surgens

306 1189 441 1244 ergo
499 1173 713 1247 accepit
758 1178 816 1228 et
870 1174 1252 1229 manducavit.
1285 1177 1356 1229 Et
1381 1176 1628 1247 posthaec
1656 1176 1799 1230 dixit
1827 1177 1914 1231 ei:

309 1265 599 1329 Quantum
631 1262 954 1329 ambulasti,
976 1268 1199 1318 tantum
1212 1265 1377 1335 longe
1394 1282 1453 1319 es
1469 1281 1503 1319 a
1515 1264 1653 1319 cella
1670 1270 1772 1319 tua
1790 1283 1801 1318 :
1818 1265 1917 1319 sed

303 1368 542 1423 surgens
569 1369 805 1424 sequere
838 1368 948 1407 me.
983 1353 1053 1407 Et
1081 1352 1273 1407 statim
1302 1352 1564 1408 inventus
1586 1358 1672 1408 est
1699 1354 1757 1408 in
1779 1354 1919 1409 cella

302 1458 425 1496 sua.
445 1442 599 1497 Dixit
625 1458 759 1513 ergo
789 1442 841 1496 ei
857 1458 1057 1500 senex:
1082 1441 1223 1496 Veni
1244 1442 1412 1508 intra,
1432 1447 1490 1497 et
1507 1443 1581 1497 da
1603 1442 1762 1497 nobis
1784 1460 1911 1498 ora-

302 1531 534 1586 tionem.
556 1532 765 1586 Etcum
783 1531 1052 1586 intrasset
1065 1547 1252 1599 senex,
1276 1532 1371 1586 ille
1403 1531 1590 1587 subito
1620 1548 1734 1587 non
1758 1548 1911 1587 com-

303 1622 515 1693 paruit.

385 1710 440 1768 8.
473 1711 626 1766 Dixit
658 1710 830 1766 abbas
859 1712 1130 1766 Joannes:
1148 1711 1292 1776 Quia
1308 1711 1447 1766 vidit
1468 1711 1694 1782 quidam
1715 1728 1914 1767 senum

2010 639 2390 705 secrete,dicit
2407 639 2459 693 ei
2479 655 2647 694 senex
2671 657 2683 692 :
2715 638 3007 703 Quomodo
3035 638 3185 692 circa
3206 643 3265 693 te
3293 642 3382 693 est
3404 636 3609 693 frater?

2009 730 2370 804 Etilledixit:
2403 726 2765 783 Orationibus
2793 728 2908 782 tuis
2929 726 3089 782 bene.
3130 728 3199 782 Et
3223 727 3365 782 dixit
3395 743 3563 782 senex
3587 745 3599 782 :

2009 820 2093 873 Ne
2117 818 2453 890 impugnant
2471 821 2527 872 te
2545 816 2949 887 cogitationes?
2969 817 3039 871 Et
3058 816 3150 871 ille
3168 816 3311 871 dixit
3334 832 3345 868 :
3368 815 3606 872 Interim

2007 907 2149 963 bene
2175 924 2315 963 sum.
2364 904 2739 961 Erubescebat
2785 905 2935 960 enim
2964 905 3151 960 dicere
3182 906 3252 959 ei.
3286 905 3358 961 Et
3385 904 3525 960 dixit
3552 904 3606 960 ei

2005 1010 2203 1052 senex:
2231 998 2369 1052 Ecce
2395 1001 2534 1068 quot
2552 1011 2729 1050 annos
2751 994 2929 1049 habeo
2942 993 3001 1049 in
3021 995 3470 1050 conversationes
3493 994 3601 1050 loci

2002 1086 2185 1151 istius,
2234 1091 2289 1140 et
2331 1102 2525 1140 omnes
2554 1085 2838 1139 honorant
2864 1100 2973 1150 me,
3006 1090 3063 1137 et
3085 1088 3277 1137 tamen
3298 1083 3358 1138 in
3384 1085 3492 1138 hac
3517 1101 3603 1139 se-

2000 1181 2226 1230 nectute
2247 1191 2372 1251 mea
2399 1174 2634 1229 infestus
2654 1173 2793 1227 mihi
2822 1177 2909 1227 est
2935 1172 3166 1244 spiritus
3195 1173 3596 1228 fornicationis.

1999 1266 2070 1321 Et
2107 1265 2396 1336 respondit
2412 1263 2783 1329 Theoctistus,
2804 1262 3025 1317 dicens:
3059 1262 3255 1328 Crede,
3274 1261 3434 1328 abba,
3468 1262 3604 1334 quia

2000 1360 2058 1408 et
2102 1353 2262 1408 mihi.
2308 1354 2487 1409 Senex
2520 1356 2710 1406 autem
2739 1350 3041 1406 simulabat
3067 1351 3206 1405 alias
3235 1351 3601 1421 cogitationes

1994 1442 2102 1497 sibi
2153 1458 2274 1497 esse
2312 1441 2599 1507 molestas,
2658 1440 2834 1495 donec
2886 1440 3096 1494 faceret
3150 1456 3277 1494 eum
3318 1439 3594 1495 confiteri.

1993 1532 2208 1586 Deinde
2233 1531 2368 1585 dicit
2404 1530 2492 1585 ei:
2542 1530 2664 1594 Quo
2708 1529 2873 1583 modo
2896 1529 3169 1600 jejunas?
3199 1529 3269 1583 Et
3293 1529 3389 1583 ille
3424 1528 3592 1585 dixit:

1997 1622 2082 1675 Ad
2108 1637 2335 1675 nonam.
2357 1619 2501 1674 Dicit
2533 1618 2584 1673 ei
2615 1632 2813 1673 senex:
2844 1619 3049 1688 Jejuna
3080 1634 3260 1689 usque
3287 1618 3357 1672 ad
3387 1634 3592 1685 seram,

1999 1716 2056 1765 et
2076 1710 2297 1765 abstine
2326 1714 2400 1775 te,
2422 1715 2479 1763 et
2502 1708 2834 1764 commenda
2844 1707 3163 1777 Evangelia,
3178 1712 3243 1761 ut
3270 1708 3598 1763 memoriter

301 1799 361 1854 in
390 1817 619 1856 excessu
641 1800 865 1866 mentis,
890 1806 1007 1855 tres
1023 1801 1715 1855 monachosstantestrans
1730 1818 1906 1871 mare;
1926 1790 2257 1865 Bretineas,
2303 1799 2401 1852 sed
2435 1804 2493 1852 et
2537 1797 2676 1851 alias
2719 1796 2974 1851 residuas
3005 1813 3073 1850 ex
3103 1796 3293 1850 animo
3321 1796 3595 1851 meditare

301 1894 360 1944 et
384 1889 537 1944 facta
564 1895 649 1944 est
676 1906 778 1943 vox
809 1889 879 1943 ad
908 1906 1003 1943 eos
1034 1906 1098 1943 ex
1127 1890 1240 1943 alia
1265 1894 1424 1961 parte
1442 1889 1668 1954 littoris,
1694 1890 1903 1946 dicens:
1992 1889 2328 1960 Scripturas;
2351 1893 2410 1941 et
2434 1887 2482 1941 si
2498 1886 2601 1942 tibi
2631 1885 2946 1940 ascenderit
2962 1885 3229 1956 cogitatio
3257 1885 3425 1952 mala,
3452 1901 3596 1940 nun-

298 1978 549 2051 Accipite
576 1979 695 2033 alas
724 1978 917 2049 igneas
938 1984 996 2033 et
1011 1979 1194 2032 venite
1222 1979 1293 2032 ad
1323 1995 1430 2032 me.
1454 1979 1525 2033 Et
1547 1979 1657 2033 duo
1681 1980 1909 2050 quidem
1991 1994 2161 2049 quam
2185 1978 2448 2031 deorsum
2476 1976 2734 2046 aspicias,
2767 1974 2865 2028 sed
2892 1990 3114 2046 semper
3142 1974 3211 2028 de
3239 1990 3501 2042 sursum;
3535 1980 3594 2029 et

300 2084 369 2123 ex
395 2068 477 2123 eis
514 2073 850 2139 acceperunt
869 2068 1006 2133 alas,
1027 2074 1084 2122 et
1103 2068 1432 2123 volaverunt
1447 2068 1516 2122 ad
1547 2068 1701 2123 aliud
1726 2069 1904 2135 littus,
1990 2068 2180 2121 statim
2200 2070 2257 2121 te
2281 2065 2551 2121 Dominus
2583 2063 2963 2135 adjuvabit.Et
2992 2063 3278 2135 corrigens
3298 2079 3466 2117 senex
3482 2062 3592 2119 fra-

298 2158 449 2212 unde
497 2157 646 2212 facta
672 2163 759 2212 est
786 2174 907 2212 vox.
939 2157 1163 2212 Tertius
1190 2174 1320 2211 vero
1350 2158 1624 2212 remansit
1651 2163 1707 2211 et
1735 2156 1906 2213 ﬂebat
1988 2161 2135 2210 trem
2150 2155 2330 2220 illum,
2355 2159 2712 2209 reversusest
2733 2153 2791 2208 in
2808 2152 3172 2207 solitudinem
3192 2153 3449 2207 suam.Et
3460 2169 3589 2208 cum

300 2252 359 2302 et
387 2247 664 2301 clamabat
692 2247 931 2303 fortiter.
954 2247 1157 2301 Postea
1179 2263 1309 2301 vero
1333 2247 1477 2301 data:
1488 2252 1620 2301 sunt
1639 2246 1746 2301 sibi
1775 2248 1897 2313 alae,
1985 2243 2472 2311 observaret,vidit
2483 2244 2691 2298 iterum
2711 2242 3023 2296 daemonem
3043 2241 3226 2307 illum,
3255 2246 3314 2296 et
3339 2242 3476 2299 dicit
3494 2241 3582 2296 ei:

299 2337 399 2392 sed
446 2352 558 2392 non
589 2336 783 2408 igneae,
818 2337 918 2391 sed
949 2336 1186 2390 inﬁrmae
1231 2342 1287 2389 et
1310 2336 1540 2398 debiles,
1572 2336 1655 2390 ita
1683 2341 1748 2390 ut
1774 2353 1902 2390 cum
1985 2334 2090 2390 Ubi
2118 2334 2272 2388 vadis
2300 2333 2625 2388 iterumYEt
2654 2332 2748 2387 ille
2777 2331 3067 2404 respondit
3096 2346 3109 2381 :
3133 2332 3587 2387 Commemorare

301 2426 454 2481 omni
474 2426 667 2480 labore
690 2424 997 2496 mergendo
1024 2431 1081 2480 et
1099 2425 1442 2495 resurgendo
1463 2425 1631 2479 nimis
1660 2424 1901 2481 afflictus
1936 2442 1942 2450 '
1982 2424 2280 2478 fratres.Et
2300 2422 2605 2477 abiit.Cum
2620 2426 2808 2476 autem
2831 2426 3227 2488 reverteretur,
3244 2424 3436 2487 388
3447 2420 3587 2476 dicit

294 2515 514 2569 veniret
542 2514 692 2571 illuc.
728 2515 818 2569 Sic
846 2519 931 2568 est
960 2519 1018 2568 et
1042 2514 1334 2584 generatio
1367 2514 1500 2579 haec,
1532 2531 1657 2586 quae
1675 2516 1723 2570 si
1753 2516 1901 2571 acci-
1985 2513 2217 2567 eisenex
2242 2535 2254 2569 :
2278 2512 2568 2577 Quomodo
2590 2516 2725 2565 sunt
2753 2510 2831 2563 ibi
2865 2508 3105 2564 fratres?
3132 2510 3203 2563 Et
3228 2509 3323 2564 ille
3352 2525 3585 2581 respon-

291 2602 376 2674 pit
403 2619 638 2674 pennas,
674 2619 786 2657 non
823 2608 1015 2657 tamen
1054 2603 1264 2673 igneas:
1297 2602 1395 2657 sed
1434 2602 1526 2656 vix
1553 2603 1807 2659 infirmas
1837 2609 1895 2659 et

292 2691 505 2747 debiles
526 2697 711 2764 potest
740 2692 1011 2763 accipere.

1980 2603 2092 2656 dit:
2123 2602 2294 2656 Male.
2325 2602 2504 2657 Senex
2546 2605 2735 2654 autem
2766 2598 2943 2653 dixit:
2984 2597 3215 2663 Quare?
3270 2598 3340 2653 Et
3371 2599 3466 2654 ille
3496 2615 3583 2654 re-

1979 2691 2206 2763 spondit
2227 2705 2240 2739 :
2266 2690 2410 2755 Quia
2420 2690 2525 2745 toti
2544 2688 2723 2744 sancti
2737 2693 2897 2756 sunt;
2922 2693 2980 2742 et
3008 2688 3192 2760 majus
3209 2688 3585 2760 malum,quia

359 2781 607 2837 9.Abbas
618 2781 895 2836 Macarius
914 2781 1206 2837 habitabat
1233 2781 1291 2836 in
1314 2782 1434 2836 loco
1453 2781 1632 2835 nimis
1655 2783 1894 2839 deserto:

288 2876 414 2926 erat
439 2876 631 2925 autem
654 2871 807 2925 solus
828 2871 886 2925 in
907 2886 973 2925 eo
996 2871 1280 2925 solitarius
1296 2871 1490 2941 (Ra/ft,
1523 2874 1561 2927 ι.
1590 2885 1671 2938 ιιι,
1708 2888 1765 2925 η.
1800 2871 1870 2927 61
1881 2889 1894 2940 ;

285 2962 502 3024 Pasch,
535 2977 580 3015 c.
610 2960 663 3027 1,
698 2977 756 3014 η.
788 2959 866 3029 8).
901 2961 966 3016 In
994 2960 1257 3015 inferiore
1285 2976 1416 3015 vero
1441 2965 1601 3031 parte
1638 2966 1761 3014 erat
1780 2961 1892 3015 alia

284 3048 550 3116 solitudo,
567 3050 626 3104 in
641 3065 753 3121 qua
778 3049 1109 3104 habitabant
1122 3049 1353 3121 plurimi
1382 3050 1603 3104 fratres.
1615 3050 1890 3105 Observa-

1981 2786 2039 2836 et
2067 2798 2233 2845 unus,
2268 2797 2437 2851 quem
2474 2779 2645 2834 habui
2674 2778 2917 2833 amicum
2946 2783 3004 2832 et
3033 2777 3387 2832 obedientem
3416 2778 3577 2847 mihi,

1981 2870 2153 2925 etiam
2190 2870 2311 2941 ipse
2346 2868 2534 2924 nescio
2581 2868 2731 2923 unde
2773 2867 3075 2922 subversus
3103 2872 3208 2933 est,
3240 2872 3297 2922 et
3325 2883 3429 2923 nec
3448 2867 3576 2940 ipse

1981 2959 2120 3013 mihi
2149 2958 2470 3029 acquiescit,
2503 2957 2601 3012 sed
2631 2956 2892 3011 omnibus
2918 2956 3261 3011 sanctiorest
3278 2956 3475 3012 factus.
3508 2958 3580 3013 Et

1972 3053 2274 3120 propterea
2296 3047 2482 3119 juravi
2505 3048 2627 3117 jam
2653 3061 2767 3101 non
2795 3045 2997 3100 calcari
3027 3045 3098 3099 ad
3123 3045 3283 3100 illum
3310 3045 3418 3101 nisi
3448 3051 3577 3119 post

283 3138 386 3193 bat
411 3145 601 3194 autem
631 3155 803 3194 senex
831 3140 903 3193 ad
931 3139 1058 3206 iter,
1091 3144 1149 3193 et
1175 3139 1313 3194 vidit
1357 3140 1623 3194 Satanam
1656 3140 1884 3194 venien-
1902 3150 1944 3211 δ
1968 3136 2200 3207 longum
2224 3141 2466 3208 tempus.
2494 3136 2623 3190 Haec
2640 3136 2831 3190 dicens
2857 3134 3121 3189 transivit
3136 3134 3462 3207 relinquens
3491 3153 3577 3192 se-

282 3233 402 3285 tem
431 3228 490 3283 in
518 3227 713 3284 habitu
740 3229 1004 3295 hominis,
1030 3234 1095 3283 ut
1115 3229 1385 3283 transiret
1396 3246 1498 3300 per
1521 3229 1720 3284 cellam
1742 3230 1884 3300 ejus.

281 3317 595 3373 Videbatur
621 3324 811 3373 autem
840 3318 1031 3373 tunica
1059 3318 1142 3373 uti
1170 3318 1319 3372 linea
1339 3318 1565 3373 omnino
1595 3322 1813 3373 vetusta
1832 3324 1889 3373 et

280 3412 405 3462 tota
434 3406 696 3475 cribrata,
720 3413 779 3462 et
805 3425 906 3479 per
925 3407 1115 3463 omnia
1135 3408 1412 3461 foramina
1425 3408 1548 3478 ejus
1569 3406 1890 3479 pendebant

280 3496 565 3568 ampullis.
588 3498 657 3551 Et
675 3497 817 3551 dixit
850 3497 900 3551 ei
921 3514 1086 3551 senex
1112 3515 1124 3549 :
1151 3495 1291 3563 Ohe,
1320 3498 1540 3567 major:
1577 3496 1675 3551 ubi
1690 3497 1888 3551 vadis?

282 3586 354 3641 Et
370 3586 463 3640 ille
482 3586 771 3658 respondit
790 3604 801 3640 :
823 3586 980 3641 Vado
1016 3603 1135 3640 com
1145 3601 1456 3640 memorare
1471 3586 1882 3641 fratres.Sencx

280 3679 474 3729 autem
500 3675 644 3729 dixit
661 3675 771 3730 illi:
796 3675 1011 3747 thuid
1036 3675 1139 3730 tibi
1169 3676 1430 3746 ampullae
1452 3675 1617 3730 istac?
1653 3680 1709 3730 et
1740 3676 1882 3730 dixit

278 3764 363 3818 illi
390 3764 662 3819 :Gustum
704 3764 973 3818 fratribus
1002 3770 1184 3836 porto.
1221 3765 1291 3819 Et
1319 3765 1459 3818 dixit
1486 3765 1535 3818 ei
1566 3782 1735 3820 senex
1769 3784 1781 3823 :
1813 3767 1882 3819 Et

278 3856 431 3907 totas
477 3868 603 3906 cum
645 3858 816 3923 gustu
861 3854 1068 3925 porta?
1116 3854 1185 3908 Et
1216 3853 1543 3925 respondit:
1576 3854 1788 3919 Etiam;
1829 3854 1879 3908 si

278 3957 458 3996 unum
488 3941 783 3996 alicuinon
801 3943 1000 4013 placet,
1026 3944 1254 4003 olferam
1286 3943 1437 3997 aliud
1462 3962 1474 4011 ;
1504 3943 1752 3997 siautem
1778 3959 1880 3997 nec

276 4030 440 4096 illud,
459 4030 602 4085 dabo
616 4030 869 4093 tertium,
893 4037 950 4085 et
972 4032 1053 4085 ita
1075 4048 1175 4102 per
1196 4032 1539 4098 ordinem,ut
1558 4032 1738 4086 modis
1765 4049 1881 4086 om-

276 4119 448 4175 nibus
467 4121 553 4174 vel
572 4136 751 4175 unum
790 4138 860 4175 ex
892 4120 973 4174 eis
994 4121 1211 4190 placeat
1235 4120 1306 4174 ei.
1335 4121 1403 4174 Et
1429 4136 1556 4173 cum
1582 4121 1682 4174 hoc
1707 4121 1880 4175 dixis-

276 4215 384 4275 set,
412 4210 674 4277 transiit;
717 4215 775 4265 et
808 4209 1141 4265 observabat
1180 4226 1346 4265 senex
1393 4209 1712 4264 custodiens
1739 4211 1870 4278 vias,

276 4299 456 4354 donec
481 4299 573 4354 ille
602 4299 810 4354 iterum
838 4304 1151 4354 remearet:
1198 4305 1254 4353 et
1300 4315 1426 4353 cum
1472 4299 1701 4352 vidisset
1747 4316 1874 4353 eum

1971 3243 2131 3295 nem;
2164 3242 2331 3281 senex
2371 3242 2501 3280 vero
2532 3230 2760 3280 sanctus
2789 3224 3024 3279 intravit
3057 3223 3117 3278 in
3156 3224 3357 3278 cellam
3386 3240 3566 3291 suam,

1972 3316 2214 3371 adorans
2241 3322 2299 3371 et
2317 3315 2530 3386 gratias
2561 3331 2733 3385 agens
2761 3314 2877 3369 Deo
2911 3311 3204 3368 Salvatori.

2046 3406 2137 3461 '10.
2162 3405 2347 3459 Abbas
2377 3404 2656 3460 Macarius
2683 3404 2871 3458 volens
2899 3401 3182 3457 consolari
3218 3401 3439 3469 fratres,
3481 3401 3570 3456 di-

1972 3495 2133 3551 cebat
2151 3508 2163 3542 :
2189 3494 2357 3549 Venit
2374 3495 2483 3548 huc
2512 3492 2814 3563 aliquando
2829 3507 2955 3545 cum
2970 3495 3148 3544 matre
3167 3507 3272 3545 sua
3282 3506 3440 3561 puer,
3474 3490 3569 3562 qui

1970 3603 2003 3641 a
2033 3584 2309 3640 daemonio
2334 3582 2656 3647 vexabatur,
2690 3586 2747 3635 et
2774 3579 2990 3633 dicebat
3018 3578 3184 3633 matri
3197 3594 3312 3634 suae
3332 3593 3344 3627 :
3366 3580 3567 3651 Surge,

1966 3691 2160 3730 eamus
2186 3673 2334 3727 hinc.
2371 3672 2475 3726 Illa
2498 3675 2688 3725 autem
2716 3667 2970 3723 dicebat:
2995 3669 3123 3723 Non
3150 3684 3381 3739 possum
3404 3668 3570 3740 pedi-

1966 3764 2073 3819 bus
2103 3763 2411 3818 ambulare.
2448 3761 2520 3816 Et
2556 3758 2779 3815 dicebat
2826 3757 2879 3811 ei
2908 3757 3056 3811 ﬁlius
3112 3769 3283 3811 suus:
3341 3757 3458 3828 Ego
3508 3762 3566 3813 te

1963 3859 2144 3925 porto.
2180 3852 2247 3906 Et
2274 3850 2586 3906 admiratus
2616 3865 2741 3904 sum
2775 3846 3041 3902 astutiam
3073 3844 3568 3919 daemonum,quo-

1963 3943 2128 3997 modo
2157 3958 2253 3996 eos
2283 3941 2485 3995 exinde
2507 3940 2703 4010 fugare
2730 3936 2967 3993 volebat.

2040 4031 2122 4088 11.
2157 4029 2389 4085 Dicebat
2416 4030 2621 4084 iterum
2650 4028 2720 4082 de
2766 4025 3110 4082 desolatione
3139 4026 3333 4098 Scythi
3359 4026 3430 4081 ad
3448 4025 3564 4081 fra-

1964 4126 2112 4176 tres:
2147 4120 2382 4185 Quando
2412 4118 2660 4173 videritis
2689 4117 2886 4171 cellam
2916 4116 3247 4170 aedificatam
3270 4116 3433 4186 juxta
3460 4132 3563 4186 pa-

1958 4211 2165 4277 ludem,
2208 4210 2408 4264 scitote
2464 4207 2597 4278 quia
2638 4221 2809 4277 prope
2865 4209 2952 4259 est
2987 4204 3258 4258 desolatio
3320 4204 3511 4275 Scythi
3544 4222 3557 4271 ;

1959 4299 2181 4370 quando
2218 4302 2409 4351 autem
2439 4295 2667 4349 arbores
2692 4293 2964 4357 videritis,
3002 4294 3125 4362 jam
3173 4298 3304 4346 ante
3321 4294 3557 4363 januam

276 4404 467 4453 senex,
484 4388 619 4442 dicit
640 4389 693 4443 ei
716 4407 727 4442 :
756 4389 938 4444 Sanus
968 4389 1066 4444 sis.
1118 4389 1185 4442 Et
1204 4388 1495 4459 respondit
1514 4387 1565 4442 ei
1588 4406 1599 4441 :
1654 4387 1759 4442 Ubi
1793 4392 1877 4442 est
1895 4413 1940 4472 Β
1959 4393 2070 4454 est;
2104 4387 2329 4458 quando
2357 4390 2550 4439 autem
2576 4381 2824 4437 videritis
2845 4396 3069 4452 pueros,
3096 4381 3278 4436 tollite
3308 4381 3544 4435 melotes

274 4477 420 4532 mihi
446 4478 598 4532 salus
621 4479 645 4532 ?
667 4478 735 4534 Et
753 4478 888 4533 dicit
907 4477 957 4532 ei
979 4495 1177 4533 senex:
1205 4477 1430 4543 Quare?
1455 4477 1523 4531 Et
1545 4477 1833 4548 respondit
1860 4495 1874 4531 :

274 4566 423 4632 Quia
466 4567 631 4622 modo
668 4584 862 4622 omnes
899 4568 1233 4622 sanctiﬁcati
1262 4572 1413 4632 sunt,
1447 4571 1505 4620 et
1539 4583 1705 4621 nemo
1736 4566 1875 4621 mihi

271 4656 598 4727 acquiescit.
626 4658 691 4711 Et
707 4656 846 4711 dixit
862 4657 913 4711 ei
928 4674 1094 4711 senex
1116 4676 1126 4710 :
1152 4657 1449 4711 Neminem
1470 4673 1603 4727 ergo
1630 4656 1876 4711 amicum

270 4744 451 4800 habes
470 4745 583 4800 illic
602 4744 707 4801 ‘?Et
727 4746 1040 4818 respondit:
1068 4747 1256 4801 Unum
1276 4747 1669 4801 tantummodo
1696 4745 1874 4801 habeo

267 4835 508 4890 fratrem
524 4834 748 4901 illic,vel
766 4835 885 4907 ipsc
904 4836 1056 4889 solus
1070 4835 1206 4889 mihi
1216 4836 1521 4907 acquiescit
1543 4855 1555 4903 ;
1580 4841 1637 4889 et
1650 4836 1874 4906 quando

270 4924 429 4979 videt
446 4941 559 4994 me,
597 4925 942 4979 convertitur
961 4925 1116 4980 velut
1136 4930 1352 4980 ventus.
1380 4925 1557 4980 Senex
1578 4941 1707 4979 vero
1738 4925 1877 4980 dixit

269 5012 328 5067 ei
351 5030 363 5066 :
400 5013 468 5068 Et
486 5014 621 5084 quid
639 5019 871 5068 vocatur
890 5013 1066 5068 frater
1079 5014 1208 5068 ille?
1234 5013 1545 5085 Respondit
1573 5032 1585 5081 ;
1620 5013 1873 5068 Theocti-

268 5107 395 5157 stus
446 5102 723 5174 [Ruf/inus
758 5103 1219 5175 Theopemptus].
1253 5103 1323 5157 Et
1351 5119 1475 5157 cum
1510 5104 1614 5157 hoc
1643 5102 1874 5157 dixisset

263 5191 514 5247 transiit.
539 5193 785 5264 Surgens
802 5198 993 5247 autem
1014 5192 1190 5247 abbas
1215 5192 1510 5258 Macarius,
1532 5192 1777 5263 perrexit
1801 5192 1874 5247 ad

1961 4481 2195 4542 vestras,
2222 4480 2281 4530 et
2308 4472 2593 4529 discedite.

2026 4564 2116 4622 1'2.
2149 4564 2334 4620 Abbas
2362 4564 2600 4636 Moyses,
2632 4560 2726 4633 qui
2754 4558 3045 4615 habitabat
3068 4559 3126 4614 in
3154 4560 3340 4624 Petra,
3371 4560 3556 4633 impu-

1956 4661 2162 4727 gnatus
2193 4660 2280 4709 est
2315 4652 2616 4725 aliquando
2647 4649 2816 4705 nimis
2842 4665 2878 4704 a
2905 4648 3270 4705 fornicatione
3298 4669 3311 4718 ;
3344 4654 3401 4705 et
3423 4667 3555 4707 cum

1958 4762 2070 4800 non
2091 4745 2416 4817 praevaleret
2439 4759 2499 4797 se
2523 4747 2715 4796 tenere
2735 4740 2795 4794 in
2820 4739 2963 4793 cella
3011 4739 3256 4810 perrexit
3274 4744 3332 4795 et
3346 4740 3557 4797 indica-

1957 4834 2036 4888 vit
2057 4835 2163 4888 hoc
2192 4832 2380 4888 abbati
2409 4831 2621 4886 Isidoro
2646 4848 2659 4895 ;
2694 4836 2752 4884 et
2778 4827 2998 4898 rogavit
3024 4844 3154 4882 eum
3180 4844 3347 4884 senex
3376 4836 3441 4887 ut
3467 4848 3555 4888 re-

1955 4929 2268 4978 verteretur
2295 4923 2352 4976 in
2373 4921 2571 4975 cellam
2601 4934 2761 4973 suam
2795 4918 2978 4987 (Ra/71,
3001 4918 3096 4971 lib.
3129 4931 3213 4985 In,
3247 4934 3305 4972 η.
3333 4920 3553 4990 10).Ille

1955 5018 2143 5068 autem
2169 5028 2281 5066 non
2310 5008 2603 5081 acquievit,
2634 5007 2859 5062 dicens:
2886 5006 3012 5060 Non
3033 5023 3280 5078 possum,
3313 5008 3553 5069 abba.Et

1953 5101 2258 5172 assumpsit
2284 5116 2435 5164 eum,
2468 5102 2526 5152 et
2564 5095 2767 5151 levavit
2804 5111 2994 5150 secum
3022 5096 3082 5150 in
3110 5096 3297 5153 domo.
3333 5097 3553 5158 Etdicit

1957 5191 2034 5245 ei:
2058 5189 2299 5245 Attende
2322 5188 2393 5242 ad
2424 5187 2717 5242 Occasum.
2737 5184 3108 5240 Etattendens
3135 5186 3277 5241 vidit
3296 5189 3550 5246 multitu-

262 5280 591 5336 inferiorem
622 5298 904 5337 eremum:
931 5283 1081 5354 quod
1109 5299 1235 5337 cum
1260 5281 1529 5336 vidissent
1549 5282 1871 5354 fratres,ac—
1954 5280 2142 5334 dinem
2164 5279 2509 5344 daemonum;
2534 5281 2591 5330 et
2624 5274 2685 5329 hi
2715 5280 2879 5329 erant
2904 5274 3143 5341 confusi,
3171 5281 3230 5330 et
3255 5276 3548 5335 turbantes

262 5376 541 5443 ceperunt
565 5387 753 5427 ramos
780 5346 1114 5443 palmarum,
1158 5377 1214 5426 et
1257 5346 1622 5426 occurrerunt
1644 5346 1862 5427 obviam
1947 5387 2007 5425 se
2036 5370 2106 5424 ad
2131 5364 2741 5441 oppugnandum.Dicit
2764 5364 2815 5417 ei
2846 5364 3050 5419 iterum
3076 5364 3248 5420 abbas
3263 5365 3542 5424 Isidorus:

262 5460 341 5526 ei,
370 5465 430 5516 et
469 5461 681 5532 singuli
733 5478 929 5517 eorum
959 5461 1232 5534 parabant
1260 5462 1430 5515 cellas
1474 5478 1623 5527 suas,
1665 5461 1862 5515 incerti
1944 5460 2176 5531 Respice
2204 5459 2274 5513 ad
2305 5456 2622 5512 Orientem.
2645 5454 2715 5508 Et
2742 5454 3003 5521 attendit,
3036 5458 3095 5509 et
3120 5455 3257 5509 vidit
3278 5455 3546 5510 innume-

260 5550 416 5622 apud
435 5566 603 5622 quem
632 5551 872 5606 declinat
885 5557 959 5606 et.
982 5553 1160 5607 Senex
1183 5556 1374 5606 autem
1396 5550 1718 5621 requirebat
1738 5549 1862 5622 quis
1943 5548 2174 5605 rabilem
2189 5545 2608 5602 multitudinem
2624 5542 2953 5614 angelorum
2969 5544 3026 5598 in
3043 5543 3401 5615 gloria.Dixit
3412 5560 3545 5616 ergo

260 5640 414 5695 inter
437 5656 533 5696 eos
551 5640 904 5699 Theoctistus
922 5645 1219 5697 vocaretur
1238 5641 1298 5697 in
1328 5641 1447 5696 loco
1467 5639 1563 5695 illo
1589 5657 1601 5693 :
1628 5646 1686 5695 et
1711 5640 1862 5696 inve-
1946 5639 2116 5695 abbas
2154 5636 2401 5694 Isidorus
2427 5654 2438 5690 :
2509 5633 2648 5689 Ecce
2686 5632 2780 5688 isti
2832 5638 2967 5688 sunt
3003 5633 3099 5704 qui
3128 5631 3283 5687 missi
3312 5637 3446 5688 sunt
3472 5633 3546 5689 ad
