3964 6206
319 259 514 321 $3'

1456 265 1551 321 DE
1587 264 1778 324 VITIS
1814 261 2114 322 PATRUM
2149 264 2363 321 LIBER
2398 265 2469 319 V.

3494 265 3603 330 984

319 387 704 446 auxiliandum
730 408 743 458 ;
799 389 894 462 qui
923 405 1053 445 vero
1083 390 1154 446 ad
1193 390 1465 448 Occasum
1493 395 1822 462 ascendunt,
1853 392 2144 455 hiAmalo
2177 391 2377 463 (Thess.
2408 407 2476 458 v;
2510 395 2542 448 Ι
2565 394 2675 447 Pet.
2708 389 2840 457 In)?
2871 389 3019 446 Dicit
3066 389 3118 445 ei
3138 389 3312 444 abbas
3341 389 3544 444 Pastor
3577 409 3591 445 :

319 486 454 535 sunt
482 480 577 552 qui
605 481 940 551 impugnant
965 496 1095 548 nos;
1123 481 1312 552 plures
1340 499 1473 554 ergo
1505 485 1599 556 qui
1627 484 1916 539 nobiscum

323 575 474 634 sunt,
501 586 667 640 quam
699 569 793 640 qui
822 569 1118 624 adversum
1149 587 1250 626 nos
1280 578 1412 626 sunt
1444 575 1537 642 (IV
1559 576 1681 642 Reg.
1715 577 1807 642 v1).
1852 574 1920 628 Et

321 657 404 711 ita
431 675 602 729 agens
641 658 854 728 gratias
903 659 1018 713 Deo
1051 659 1223 714 abbas
1252 662 1470 733 Moyses
1501 662 1741 734 sumpsit
1771 663 1916 717 ﬁdu-

322 747 488 813 ciam,
530 753 587 802 et
614 764 868 802 reversus
899 753 984 802 est
1007 748 1066 804 in
1094 750 1290 804 cellam
1320 769 1500 806 suam.

407 835 488 892 l3.
519 836 752 891 Dicebat
789 836 960 891 abbas
990 839 1210 910 Moyses
1239 841 1299 894 in
1329 841 1557 913 Scythi:
1589 841 1645 898 Si
1673 843 1920 898 custodi-

323 941 452 979 mus
479 925 746 980 mandata
773 931 1000 997 patrum
1044 934 1384 995 nostrorum,
1435 947 1538 1001 ego
1579 948 1921 1002 praesumens

324 1014 394 1068 de
413 1014 528 1068 Deo
553 1015 801 1086 spondeo
821 1015 974 1071 vobis
996 1017 1129 1088 quia
1148 1018 1258 1072 huc
1278 1018 1501 1075 barbari
1521 1036 1633 1074 non
1667 1021 1922 1075 venient:

325 1102 372 1157 si
399 1108 590 1158 autem
619 1120 733 1159 non
771 1105 1222 1174 custodierimus,
1263 1107 1599 1163 desolandus
1638 1115 1723 1164 est
1772 1111 1925 1166 locus

324 1191 452 1247 iste.
1635 1193 1643 1202 '

397 1282 488 1336 14.
521 1282 855 1338 Sedentibus
879 1285 1180 1356 aliquando
1198 1286 1463 1342 fratribus
1493 1289 1639 1360 apud
1665 1289 1925 1344 eumdem

330 1369 590 1426 abbatem
620 1373 869 1444 Moysen,
930 1375 1065 1429 dicit
1094 1376 1198 1433 eis:
1255 1377 1393 1431 Ecce
1422 1376 1644 1432 barbari
1673 1378 1837 1433 hodie
1868 1379 1926 1434 in

332 1461 525 1531 Scythi
558 1461 799 1528 venient,
827 1464 923 1517 sed
953 1464 1165 1534 surgite
1193 1470 1249 1519 et
1272 1466 1465 1536 fugite.
1497 1467 1702 1521 Dicunt
1730 1467 1780 1522 ei
1799 1469 1879 1521 illi
1909 1486 1921 1521 ι

2001 482 2129 536 Haec
2151 485 2333 552 passio
2351 486 2592 552 quatuor
2612 481 2806 536 modos
2826 480 2998 535 habet
3020 498 3031 532 :
3057 479 3303 551 primum
3321 479 3393 533 de
3413 479 3606 545 corde,

1999 570 2307 624 secundum
2329 570 2398 624 de
2429 576 2678 641 aspectu;
2695 570 2926 624 tertium
2947 569 3017 623 de
3037 569 3251 639 lingua,
3269 573 3507 639 quartus
3522 573 3613 622 est

2001 659 2183 714 facere
2211 660 2425 713 malum
2451 675 2551 730 pro
2583 660 2752 714 malo.
2797 659 2857 714 Si
2885 659 3036 713 enim
3066 657 3316 729 potueris
3364 673 3612 728 purgare

2002 765 2116 814 cor,
2131 765 2243 803 non
2266 749 2417 802 venit
2437 749 2508 802 ad
2534 754 2820 820 aspectum
2844 767 2858 816 ;
2886 747 3105 802 custodi
3120 746 3290 802 etiam
3315 763 3387 801 ne
3416 750 3615 812 εἶθ’

2001 838 2250 909 loquaris
2272 857 2288 903 ;
2317 838 2364 892 si
2390 843 2579 893 autem
2605 838 2826 893 locutus
2848 837 3040 905 fueris,
3069 837 3180 892 cito
3201 843 3257 891 te
3275 836 3513 908 corripe,
3537 851 3613 890 ne

2007 925 2176 981 facias
2206 928 2417 981 malum
2449 943 2549 998 pro
2569 927 2741 982 malo.

2084 1015 2166 1072 19.
2200 1017 2466 1072 Narravit
2493 1022 2722 1072 sanctus
2751 1017 2991 1071 Basilius
3019 1015 3332 1088 episcopus,
3363 1015 3558 1070 dicens
3590 1034 3606 1070 :

2007 1106 2137 1160 Fuit
2171 1105 2226 1159 in
2255 1107 2497 1177 quodam
2528 1106 2869 1161 monasterio
2906 1105 3243 1160 feminarum
3273 1105 3428 1176 virgo
3459 1121 3618 1176 qua—

2007 1195 2158 1262 dam,
2182 1212 2304 1266 quae
2320 1196 2550 1250 stultam
2571 1213 2694 1250 esse
2712 1213 2777 1250 ac
2795 1196 3107 1250 daemonem
3127 1212 3186 1250 se
3203 1194 3409 1248 habere
3439 1195 3618 1249 simu-

2007 1283 2160 1338 labat
2206 1287 2473 1354 (Pallad..
2525 1302 2570 1339 ο.
2605 1284 2694 1351 41,
2738 1284 2873 1353 4‘2):
2922 1285 3055 1349 Quae
3111 1301 3290 1355 usque
3346 1284 3486 1338 adeo
3541 1284 3616 1339 ab

2007 1373 2268 1428 omnibus
2289 1373 2413 1428 aliis
2437 1390 2538 1446 pro
2554 1391 2743 1428 errore
2763 1373 3094 1438 habebatur,
3117 1373 3200 1427 ita
3221 1377 3285 1426 ut
3301 1388 3404 1426 nec
3423 1371 3618 1426 cibum

2010 1462 2236 1533 quidem
2267 1479 2394 1517 cum
2432 1479 2500 1516 ea
2523 1469 2808 1534 caperent.
2837 1462 3030 1517 Talem
3057 1461 3333 1538 siquidem
3363 1461 3620 1530 elegerat

331 1550 403 1604 Et
424 1556 485 1605 tu
515 1568 628 1606 non
665 1552 865 1622 fugies,
898 1553 1079 1608 abba?
1131 1556 1231 1610 llle
1261 1563 1449 1611 autem
1480 1557 1616 1612 dicit
1645 1557 1760 1611 eis:
1811 1559 1929 1629 Ego
2011 1551 2202 1616 vitam,
2237 1557 2304 1606 ut
2330 1568 2362 1605 a
2393 1552 2636 1622 coquina
2660 1568 2950 1623 nunquam
2980 1551 3264 1616 recedens,
3297 1551 3473 1604 totius
3503 1549 3622 1604 illic

331 1654 433 1710 per
463 1644 548 1694 tot
575 1657 752 1696 annos
783 1649 1044 1714 exspecto
1094 1645 1243 1700 diem
1281 1646 1473 1713 istum,
1517 1652 1582 1702 ut
1631 1648 1933 1719 impleatur
1951 1639 3622 1737 Bministeriiimpleretofticium:eteratsecundumvulgare

332 1744 517 1782 sermo
543 1729 766 1785 Domini
791 1733 903 1786 mei
921 1733 949 1787 J
955 1750 1054 1788 esu
1073 1735 1282 1790 Christi
1303 1735 1536 1790 dicentis
1559 1755 1570 1789 ε
1600 1737 1808 1792 Omnes
1839 1736 1934 1808 qui
1951 1729 1992 1737 ”
2016 1729 2391 1801 pPOVerium,
2411 1730 2678 1784 υηὶνθΐδεὲ
2698 1730 2897 1784 domus
2907 1729 3162 1800 spongia,
3186 1729 3483 1800 impletum
3502 1745 3538 1781 8
3557 1745 3622 1782 $8

333 1818 613 1890 accipiunt
638 1821 911 1891 gladium,
934 1823 1122 1893 gladio
1141 1823 1406 1896 peribunt
1433 1827 1647 1895 (Matth.
1680 1825 1825 1897 xxv).
1857 1829 1931 1881 At

2017 1817 2184 1872 rebus
2201 1817 2462 1889 probans,
2483 1819 2631 1890 quod
2649 1819 2856 1873 sanctis
2871 1818 3028 1872 libris
3039 1818 3308 1890 scriptum
3336 1818 3582 1887 legimus
3603 1834 3620 1871 :

330 1907 412 1961 illi
441 1907 702 1963 dixerunt
752 1909 833 1966 ei:
889 1911 1082 1983 Neque
1139 1929 1238 1968 nos
1268 1914 1567 1985 fugiamus,
1617 1916 1715 1970 sed
1744 1921 1930 1970 tecum
2014 1907 2073 1961 Si
2103 1907 2245 1978 quis,
2270 1907 2473 1979 inquit,
2505 1908 2758 1962 ex-vobis
2785 1914 2949 1979 putat
2975 1925 3036 1962 se
3066 1924 3186 1962 esse
3216 1907 3536 1978 sapientem
3559 1907 3624 1961 in

332 1997 750 2054 moriemur.Et
775 2000 870 2054 ille
899 2001 1159 2056 dixiteis:
1186 2003 1302 2073 Ego
1329 2020 1556 2058 causam
1589 2021 1702 2058 non
1733 2005 1930 2062 habeo:
2016 1997 2120 2049 1100
2144 1997 2378 2064 ῐηυηάο,
2405 1998 2480 2052 Sit
2519 1998 2743 2064 StultUS,
2794 2003 2858 2052 ut
2892 1998 3116 2069 sapiens
3147 2000 3246 2051 ﬁat
3274 1998 3322 2070 (Ι
3346 1997 3468 2052 θον-
3507 1997 3620 2062 HI)-

335 2087 722 2158 unusquisque
745 2095 993 2144 vestrum
1022 2091 1209 2146 videat
1236 2094 1514 2164 quomodo
1543 2094 1935 2148 sedeat.Erant
2016 2086 2146 2139 Haec
2169 2085 2344 2156 igitur
2371 2087 2685 2141 involutum
2713 2086 2912 2159 pannis
2939 2087 3151 2141 habens
3171 2092 3356 2158 caput,
3380 2087 3461 2140 ita
3481 2103 3624 2157 quo-

337 2181 527 2230 autem
557 2183 772 2248 septem
804 2180 1007 2234 fratres
1056 2198 1184 2236 cum
1215 2199 1300 2248 eo,
1339 2188 1398 2237 et
1437 2183 1632 2238 dicunt
1661 2184 1712 2238 ei
1740 2203 1751 2237 :
1794 2185 1931 2239 Ecce

2016 2191 2124 2246 que
2153 2175 2212 2229 in
2242 2176 2501 2230 omnibus
2549 2176 2862 2243 serviebat;
2909 2182 3121 2231 caeteras
3149 2183 3337 2231 autem
3370 2177 3622 2246 virgines

334 2265 559 2320 barbari
588 2269 1110 2341 appropinquarunt
1128 2273 1336 2342 januze,
1363 2278 1419 2327 et
1445 2273 1636 2327 statim
1658 2273 1934 2328 intrantes
2014 2269 2190 2318 tonsae
2218 2266 2446 2320 cucullis
2475 2266 2890 2338 cooperiuntur.
2913 2267 3082 2321 Nulla
3106 2266 3406 2337 aliquando
3434 2265 3625 2337 potuit

334 2353 560 2410 barbari
589 2358 912 2413 occiderunt
950 2377 1063 2415 eos.
1123 2362 1280 2416 Unus
1309 2368 1496 2416 autem
1527 2379 1591 2416 ex
1622 2363 1702 2417 eis
1731 2364 1935 2417 timore
2017 2354 2161 2408 hanc
2188 2354 2258 2408 de
2288 2355 2710 2426 quadringentis
2733 2355 3036 2426 Virginibus
3062 2355 3247 2409 Videre
3276 2356 3624 2410 manducan-

339 2445 550 2499 carnali
578 2447 910 2517 perterritus
952 2450 1116 2520 fugit,
1175 2457 1232 2505 et
1257 2451 1550 2505 abscondit
1576 2469 1635 2506 se
1662 2457 1789 2523 post
1817 2453 1934 2523 ple-
2018 2447 2151 2510 tem,
2182 2460 2471 2515 nunquam
2499 2461 2599 2516 per
2614 2461 2781 2499 omne
2809 2462 2984 2499 aevum
3008 2461 3175 2499 suum
3202 2445 3348 2498 sedit
3369 2445 3442 2498 ad
3458 2461 3624 2500 men-

338 2538 456 2588 ctas
485 2535 556 2589 de
583 2536 811 2606 palmis;
841 2543 898 2592 et
927 2539 1064 2594 vidit
1089 2545 1306 2611 septem
1343 2557 1576 2594 coronas
1601 2541 1938 2596 descenden-
2019 2550 2158 2588 sam.
2187 2535 2236 2588 Α
2256 2534 2411 2588 nulla
2429 2535 2513 2588 vel
2547 2535 2822 2589 modicam
2845 2540 3064 2606 partem
3085 2535 3246 2606 panis
3258 2535 3493 2606 accepit,
3525 2536 3624 2590 sed

341 2628 426 2676 tes
455 2629 516 2678 ct
542 2631 875 2680 coronantes
917 2627 1182 2682 abbatem
1237 2630 1486 2700 Moysem
1532 2635 1589 2684 et
1615 2647 1709 2684 sex
1737 2630 1938 2686 fratres
2019 2623 2192 2676 micas
2235 2628 2458 2677 tantum
2517 2624 2815 2695 detergens
2865 2624 3116 2695 ἱρεαηιω
3163 2640 3510 2690 mensarum,
3569 2630 3628 2679 et

343 2711 439 2783 qui
469 2729 597 2766 cum
620 2729 686 2767 eo
717 2715 940 2770 fuerant
964 2716 1263 2772 interiecti,
2021 2711 2256 2767 abluens
2287 2713 2445 2779 ollas,
2479 2712 2567 2766 his
2596 2714 2731 2768 solis
2757 2713 3040 2768 alimoniis
3070 2718 3334 2768 contenta
3376 2713 3624 2768 vivebat.

415 2799 780 2858 15.Dicebant
835 2805 904 2859 de
932 2805 1134 2862 abbate
1177 2807 1420 2875 Silvano,
1476 2808 1607 2879 quia
1633 2809 1809 2864 voluit
1835 2809 1939 2864 ali-
2022 2802 2176 2856 Nulli
2204 2819 2452 2873 unquam
2483 2802 2614 2857 fecit
2640 2802 2926 2874 injuriam,
2959 2803 3115 2858 nulla
3152 2802 3329 2875 ipsius
3363 2820 3632 2859 murmur

341 2891 565 2961 quando
594 2909 825 2964 pergere
863 2894 923 2949 in
963 2895 1224 2968 Syriam;
1263 2901 1320 2950 et
1369 2896 1507 2951 dicit
1543 2897 1594 2953 ei
1634 2899 1939 2970 discipulus
2021 2891 2250 2957 audivit,
2276 2892 2416 2946 nulli
2442 2898 2540 2946 aut
2560 2909 2759 2964 parum
2780 2893 3026 2947 autsatis
3045 2893 3230 2948 locuta
3249 2898 3626 2964 estunqnam.

341 2997 477 3035 suus
501 2982 720 3036 Marcus
745 3001 756 3035 :
784 2984 1106 3050 Pater,nolo
1135 2986 1284 3040 exire
1300 2986 1550 3046 hinc.sed
1575 3004 1758 3059 neque
1781 2994 1837 3042 te
1857 2989 1997 3059 di-n
2021 2978 2091 3031 Et
2118 2983 2269 3031 certe
2299 2994 2426 3032 Cum
2456 2977 2526 3032 ab
2557 2977 2816 3032 omnibus
2853 2978 3177 3044 οεδάθτθων»
3209 2995 3334 3033 Cum
3364 2979 3628 3034 omnium

342 3069 508 3125 mitto
538 3070 714 3137 abire,
738 3037 1189 3146 abba.Eiispﬁecta
1494 3077 1634 3132 alios
1655 3037 1778 3132 ires
1792 3077 1931 3132 dies.
1952 3037 1998 3098 Ο
2019 3066 2146 3120 οάίο
2172 3067 2396 3131 νίνθνθῐι
2442 3067 2739 3121 maledic“
2767 3067 3022 3121 omnium
3059 3068 3388 3140 δυείίοθτθίε
3423 3074 3624 3122 sancto

339 3159 414 3215 Et,
468 3177 598 3215 cum
638 3168 990 3234 exspectaret
1016 3164 1208 3232 abbas,
1249 3166 1417 3221 tertia
1448 3167 1537 3222 ευρ
1567 3167 1830 3223 dormivit
1877 3167 1936 3222 in
2018 3156 2406 3226 Pyoterio,cui
2421 3157 2526 3210 hoc
2554 3156 2887 3212 vocabulum
2908 3156 3451 3228 erat,probatissimo
3470 3157 3616 3223 viro,

338 3264 476 3320 pace
503 3249 728 3306 Marcus
755 3253 1059 3324 discipulus
1088 3256 1234 3326 ejus.

415 3337 502 3395 16.
554 3341 790 3396 Dicebat
826 3343 997 3398 abbas
1033 3345 1295 3412 Joannes,
1345 3347 1438 3418 qui
1474 3347 1762 3403 exsiliatus
1790 3353 1876 3403 est
1903 3366 1938 3404 a

345 3419 633 3476 Marciano
662 3445 673 3479 :
707 3422 852 3487 Quia
879 3425 1134 3481 venimus
1164 3427 1466 3498 aliquando
1479 3429 1548 3483 de
1570 3430 1732 3501 Syria
1759 3430 1828 3484 ad
1845 3429 1939 3484 ab-

340 3508 529 3565 batem
557 3512 869 3579 Pastorem,
901 3519 959 3568 et
986 3516 1306 3572 volebamus
1333 3517 1680 3589 interrogare
1710 3536 1838 3574 eum
1869 3520 1938 3574 dc

342 3599 552 3655 duritia
580 3602 780 3656 cordis.
815 3604 995 3658 Senex
1014 3611 1205 3660 autem
1231 3607 1421 3661 Graece
1449 3607 1940 3680 nesciebat,neque

337 3688 619 3762 interpres
648 3691 1269 3750 inveniebatur.Videns
1294 3713 1428 3766 ergo
1453 3713 1554 3751 nos
1581 3714 1749 3752 senex
1767 3698 1941 3754 tribu-

342 3779 543 3845 lantes,
575 3781 744 3851 coepit
781 3782 974 3836 Graeca
1012 3783 1206 3855 lingua
1233 3785 1406 3856 loqui,
1439 3785 1629 3841 dicens
1661 3805 1673 3840 :
1720 3788 1939 3842 Natura

343 3884 504 3940 aqua;
535 3870 720 3924 mollis
748 3877 852 3938 est,
893 3871 1095 3942 lapidis
1143 3880 1333 3928 autem
1362 3875 1506 3929 dura
1537 3882 1656 3942 est;
1686 3883 1743 3931 et
1769 3877 1817 3931 si
1844 3895 1938 3932 vas

345 3973 504 4028 aquae
536 3958 762 4028 plenum
814 3961 1056 4032 pendeat
1083 3979 1252 4034 supra
1279 3964 1619 4036 lapidem,ex
1647 3983 1757 4038 quo
1797 3967 1937 4022 assi-

342 4045 452 4102 due
481 4048 700 4103 stillans
726 4055 890 4120 gutta
918 4051 1082 4106 cadat
1106 4052 1164 4106 in
1191 4053 1455 4125 lapidem,
1489 4056 1733 4126 perforat
1761 4073 1889 4111 eum
1922 4075 1935 4123 ;

343 4135 426 4190 ita
453 4142 510 4191 et
537 4155 720 4193 sermo
759 4139 983 4196 divinus
1012 4139 1154 4197 lenis
1183 4150 1286 4210 est,
1325 4161 1423 4198 cor
1451 4151 1641 4201 autem
1683 4152 1940 4201 nostrum

342 4227 594 4295 durum;
636 4229 870 4285 audiens
924 4247 1060 4301 ergo
1097 4240 1264 4287 homo
1312 4234 1638 4305 frequenter
1689 4236 1940 4290 divinum

339 4333 681 4388 sermonem,
710 4320 964 4397 aperitur
990 4338 1084 4376 cor
1108 4323 1229 4394 ejus
1275 4324 1345 4378 ad
1386 4324 1699 4379 timendum
1731 4326 1928 4380 Deum.

2020 3261 2354 3318 semperque
2385 3246 2443 3301 in
2463 3247 2684 3301 deserto
2706 3245 2909 3324 viventi
2924 3246 3105 3300 astitit
3131 3246 3364 3317 angelus
3394 3247 3627 3302 Domini

2021 3338 2264 3408 quadam
2294 3338 2383 3392 die
2411 3338 2627 3392 sedenti
2656 3338 2714 3392 in
2745 3339 2866 3393 loco
2912 3339 3266 3410 Porphyrite,
3300 3339 3625 3410 aifatusque

2022 3432 2109 3481 est
2136 3427 2222 3481 his
2251 3427 2434 3482 verbis
2466 3441 2476 3474 :
2517 3429 2649 3493 Cur,
2683 3427 2886 3499 inquit,
2917 3428 3132 3498 grande
3169 3427 3382 3498 aliquid
3409 3444 3537 3482 esse
3566 3433 3624 3483 te

2021 3515 2222 3582 credis,
2237 3521 2301 3570 ut
2327 3520 2575 3582 sanctus,
2595 3522 2648 3570 et
2677 3516 2737 3570 in
2759 3516 3085 3587 hujusmodi
3104 3517 3311 3588 degens
3338 3516 3502 3571 loco?
3525 3517 3627 3571 Vis

2022 3606 2208 3660 videre
2233 3606 2528 3661 mulierem
2558 3612 2614 3662 te
2649 3606 3024 3661 sanctiorem?
3052 3606 3206 3661 Vade
3227 3607 3298 3661 ad
3325 3607 3626 3662 Tabenne-

2023 3695 2294 3750 siotarum
2316 3696 2720 3750 monasterium
2741 3696 3100 3763 feminarum,
3129 3700 3188 3750 et
3205 3712 3377 3750 unam
3399 3714 3467 3751 ex
3485 3696 3625 3768 ipsis

2023 3785 2137 3839 illic
2161 3785 2411 3840 invenies
2424 3785 2723 3840 habentem
2742 3785 2802 3840 in
2821 3786 3001 3857 capite
3021 3802 3304 3851 coronam,
3327 3786 3625 3858 ipsamque

2019 3891 2288 3945 cognosce
2316 3879 2373 3928 te
2402 3891 2522 3929 esse
2549 3875 2857 3930 meliorem.
2877 3876 3011 3940 Quae
3027 3875 3161 3930 dum
3181 3882 3376 3930 contra
3395 3882 3625 3930 tantum

2020 3963 2288 4034 populum
2317 3963 2434 4016 sola
2463 3962 2659 4017 diebus
2687 3981 2753 4018 ac
2782 3963 3040 4018 noctibus
3070 3969 3300 4035 pugnat,
3327 3980 3424 4018 cor
3441 3962 3623 4035 ipsius

2023 4069 2058 4105 a
2084 4052 2198 4106 Deo
2218 4068 2508 4124 nunquam
2533 4053 2780 4119 recessit,
2807 4059 2871 4108 tu
2902 4057 3092 4108 autem
3118 4070 3234 4108 uno
3255 4053 3314 4108 in
3337 4053 3457 4108 loco
3479 4053 3624 4108 resi-

2022 4141 2178 4209 dens,
2220 4159 2402 4213 neque
2441 4159 2721 4214 quoquam
2751 4143 3053 4214 aliquando
3101 4143 3489 4214 progrediens,
3521 4160 3626 4214 per

2023 4247 2215 4285 omnes
2235 4231 2403 4286 urbes
2413 4232 2600 4286 animo
2617 4238 2673 4286 et
2691 4232 3032 4303 cogitatione
3049 4232 3624 4304 vagaris.Statimque

2017 4321 2087 4375 ad
2115 4321 2503 4392 supradictum
2533 4323 2939 4387 monasterium
2982 4323 3152 4389 venit,
3209 4329 3267 4377 et
3318 4323 3622 4393 magistros

415 4405 500 4462 17.
529 4408 680 4470 Dixit
723 4408 895 4464 abbas
934 4412 1134 4466 Pastor
1157 4431 1168 4466 ;
1191 4414 1471 4484 scriptum
1495 4420 1608 4470 est;
1650 4398 1998 4480 Quemad-D
2017 4410 2254 4465 fratrum
2286 4411 2519 4480 rogavit,
2538 4417 2603 4466 ut
2620 4411 3040 4467 introducerent
3067 4429 3196 4466 eum
3226 4411 3294 4467 ad
3323 4411 3621 4467 habitacu-

337 4496 568 4551 modum
597 4498 882 4553 desiderat
895 4517 1090 4555 cervus
1121 4501 1191 4556 ad
1221 4502 1400 4558 fontes
1425 4505 1811 4576 aquarum,ita
1831 4507 1930 4560 de-

340 4585 554 4640 siderat
581 4586 772 4640 anima
799 4604 927 4642 mea
955 4589 1025 4642 ad
1053 4585 1135 4656 te,“
1171 4591 1320 4645 Deus
1337 4594 1496 4660 (Psal.
1521 4606 1632 4662 XL).
1651 4594 1929 4657 Quoniam

337 4673 516 4744 igitur
525 4675 670 4729 cervi
683 4675 739 4730 in
769 4677 1071 4732 solitudine
1083 4684 1372 4750 serpentes
1380 4680 1653 4751 plurimos
1661 4683 1929 4752 glutiunt,

337 4767 545 4818 etcum
575 4766 791 4820 accensi
815 4783 1009 4821 eorum
1038 4784 1250 4822 veneno
1278 4768 1584 4836 fuerint,ad
1612 4787 1787 4842 aquas
1817 4789 1938 4843 per-

336 4849 529 4902 venire
557 4850 898 4917 desiderant,
933 4851 1186 4907 bibentes
1218 4860 1406 4908 autem
1435 4861 1729 4910 tentantur
1759 4874 1792 4910 a
1822 4857 1935 4911 fer-

339 4953 470 4990 vore
500 4940 807 5011 serpentini
837 4941 1020 5010 virus;
1047 4942 1126 4997 ita
1148 4948 1205 4997 et
1242 4945 1500 4998 monachi
1525 4946 1583 4999 in
1613 4946 1934 5001 solitudini-

338 5024 444 5079 bus
466 5025 799 5096 habitantes,
813 5033 1196 5088 accenduntur
1223 5033 1540 5088 daemonum
1560 5035 1938 5105 malignorum

340 5132 576 5181 veneno,
610 5125 667 5173 et
693 5127 992 5192 propterea
1019 5123 1342 5178 desiderant
1373 5123 1615 5178 Sabbato
1644 5125 1935 5179 Dominico

335 5206 528 5261 venire
558 5208 628 5263 ad
653 5209 832 5264 fontes
861 5214 1265 5282 aquarum,hoc
1287 5218 1374 5268 est
1409 5214 1479 5268 ad
1505 5230 1704 5286 corpus
1735 5220 1791 5268 ct
1811 5232 1935 5270 san-

335 5297 568 5367 guinem
607 5299 833 5354 Domini
871 5303 1048 5356 nostri
1101 5303 1232 5358 Jesu
1262 5304 1490 5370 Christi,
1530 5309 1591 5359 ut
1620 5310 1936 5376 purgentur

339 5387 409 5442 ab
439 5389 594 5444 omni
624 5389 999 5444 amaritudine
1029 5392 1343 5448 daemonum
1373 5393 1765 5464 malignorum.

410 5476 492 5536 18.
503 5480 875 5551 Interrogavit
889 5480 1092 5551 aliquis
1113 5481 1372 5537 abbatem
1389 5483 1696 5551 Pastorem,
1716 5484 1925 5539 dicens:

335 5569 480 5634 Quid
501 5575 586 5626 est
613 5570 761 5643 quod
787 5570 1058 5645 scriptum
1084 5577 1190 5639 est,
1213 5572 1338 5628 Non
1364 5573 1566 5628 reddas
1597 5575 1809 5630 malum
1828 5591 1929 5648 pro

2017 4501 2132 4554 lum
2160 4500 2518 4554 feminarum.
2552 4501 2728 4565 Quem
2753 4516 2881 4555 mox
2901 4501 3001 4568 illi,
3017 4506 3081 4556 ut
3104 4501 3287 4556 virum
3306 4517 3422 4555 non
3438 4501 3622 4556 solum

2018 4589 2132 4642 vita
2158 4589 2484 4659 gloriosum,
2518 4605 2714 4644 verum
2741 4589 2910 4644 etiam
2941 4594 2998 4644 et
3027 4589 3389 4661 provectioris
3412 4591 3618 4658 aetatis,

2019 4695 2146 4732 cum
2174 4677 2377 4733 ﬁducia
2406 4678 2606 4748 grandi
2628 4678 2908 4733 introduci
2927 4679 3505 4750 fecerunt.lngressus
3521 4696 3624 4734 au-

2019 4773 2151 4831 tem,
2187 4784 2379 4821 omnes
2389 4767 2952 4822 sororesdesideravit
2971 4767 3245 4839 inspicere
3268 4785 3278 4820 :
3304 4768 3458 4822 inter
3479 4785 3622 4840 quas

2019 4857 2195 4910 solam
2225 4857 2401 4923 illam,
2421 4863 2649 4928 propter
2669 4874 2838 4928 quam
2861 4863 3109 4923 venerat,
3135 4873 3248 4911 non
3269 4857 3624 4913 videbat.Ait

2020 4951 2209 5000 autem
2227 4946 2295 4999 ad
2315 4952 2663 5016 postremum
2691 4967 2702 5000 :
2723 4947 2950 5013 Omnes,
2964 4946 3310 5018 inquit,mihi
3329 4946 3618 5012 adducite,

2019 5034 2211 5088 deesse
2241 5034 2379 5088 mihi
2417 5034 2639 5088 videtur
2668 5035 2875 5106 aliqua.
2909 5035 3113 5090 Dicunt
3142 5036 3194 5090 ei
3229 5053 3240 5088 :
3290 5035 3496 5100 Unam,
3529 5035 3620 5090 in-

2017 5126 2474 5196 quiunt,stultam
2503 5128 2754 5192 lPallad.,
2776 5126 2974 5195 salem)
2987 5125 3256 5180 habemus
3273 5125 3621 5180 intrinsecus

2015 5215 2075 5269 in
2102 5215 2358 5286 coquina.
2393 5215 2483 5270 Sic
2511 5215 2661 5269 enim
2695 5231 2789 5270 eas
2837 5232 2958 5287 qua:
3003 5233 3036 5270 a
3060 5217 3312 5270 daemone
3343 5221 3622 5270 vexantur

2015 5305 2319 5376 appellant.
2353 5306 2545 5359 Atille
2577 5323 2587 5357 :
2621 5305 2908 5372 Exhibete,
2943 5305 3143 5376 inquit,
3186 5305 3256 5359 ad
3302 5321 3395 5359 me
3431 5304 3618 5376 ipsam

2017 5411 2256 5466 quoque,
2272 5400 2337 5448 ut
2358 5411 2482 5448 eam
2493 5395 2730 5452 videam.
2745 5396 2866 5460 Quo
2887 5395 3099 5460 audito,
3131 5411 3302 5466 supra
3328 5410 3618 5449 memora-

2010 5490 2130 5539 tam
2159 5501 2356 5539 vocare
2381 5490 2689 5556 coeperunt.
2722 5486 2858 5550 Quae
2887 5501 3016 5539 cum
3043 5485 3217 5539 nollet
3243 5483 3461 5548 audire,
3489 5501 3616 5539 sen-

2012 5573 2248 5644 tiens,ut
2258 5574 2444 5640 credo,
2467 5574 2698 5646 aliquid,
2721 5579 2820 5632 aut
2832 5574 3085 5632 fortassis
3095 5574 3200 5632 hoc
3214 5574 3401 5646 ipsum
3418 5572 3613 5630 divina
