3976 6186
297 329 402 389 985
1572 344 1810 402 VERBA
1849 346 2239 405 SENIORUM.
3475 346 3578 406 986

295 460 636 517 revelatione
654 477 1010 533 cognoscens,
1034 465 1230 520 dicunt
1243 466 1313 521 ei:
1333 468 1571 525 Sanctus
1589 471 1884 543 Pyoterius
1906 478 1950 535 Α
1974 479 2090 528 toto
2110 489 2340 545 corpore
2355 472 2832 544 prius,exeuntem
2845 469 2914 524 ab
2925 469 3157 526 ecclesia
3171 472 3322 526 claro
3342 472 3571 544 quidem

294 553 351 603 te
381 549 567 606 videre
596 551 896 607 desiderat.
922 554 1056 609 Erat
1085 555 1231 610 enim
1256 555 1342 610 vir
1369 557 1529 614 famae
1559 577 1622 614 ac
1644 562 1888 616 nominis
1968 564 2125 617 vultu
2146 563 2494 634 candidoque
2508 578 2758 633 corpore,
2792 561 3074 615 daemones
3091 567 3281 616 autem
3314 562 3408 634 qui
3438 568 3572 618 ante

294 640 543 708 grandis.
561 643 895 713 Cumquead
915 643 1253 698 eumfuisset
1265 646 1527 715 exhibita,
1552 650 1887 722 vidissetque
1969 651 2237 707 tenebant
2264 669 2413 716 eum,
2448 656 2644 722 postea
2671 650 2740 703 de
2770 650 2933 719 longe
2959 657 3278 722 sequentes;
3311 658 3573 707 sanctum

293 742 484 796 panno
502 728 1276 801 frontemipsiusinvolutam,
1305 736 1541 806 projecit
1559 753 1618 791 se
1636 739 1704 791 ad
1720 739 1888 809 pedes
1973 758 2102 795 vero
2155 742 2415 812 angelum
2443 741 2605 810 juxta
2655 740 2838 810 ipsum
2870 739 3253 795 ambulantem
3294 741 3482 796 laetum
3515 746 3574 796 et

295 814 494 886 ipsius,
528 818 750 873 dicens:
785 819 1026 875 Benedic
1045 838 1154 888 me,
1177 822 1379 896 inquit.
1412 825 1570 889 Quod
1597 844 1789 883 rursus
1819 829 1892 883 ad

295 903 450 960 illius
470 907 640 978 pedes
664 913 800 963 tunc
815 917 873 963 et
899 909 1022 981 ipsa
1044 911 1192 977 fecit,
1215 929 1280 966 ac
1299 913 1438 967 dixit
1461 930 1474 970 :
1497 915 1580 970 Tu
1609 933 1698 970 me
1729 916 1892 972 bene-

291 993 654 1060 dic,domine.
679 998 887 1053 Omnes
915 1016 1134 1054 sorores
1158 999 1570 1073 obstupuerunt
1599 1005 1786 1071 simul,
1812 1007 1892 1060 di-

292 1091 487 1139 centes
512 1105 523 1139 :
555 1087 702 1154 Noli,
732 1087 894 1153 abba,
915 1089 1084 1144 talem
1105 1090 1369 1161 injuriam
1391 1093 1705 1162 sustinere;
1737 1096 1893 1150 fatua

295 1180 384 1229 est
414 1175 559 1230 enim
575 1175 684 1231 ista
705 1194 874 1250 quam
894 1180 1096 1236 cernis.
1122 1181 1189 1235 Et
1207 1168 1756 1255 sanctus-Pyoterius
1789 1187 1892 1240 hoc

293 1263 434 1335 ipsis
479 1265 739 1320 omnibus
781 1267 889 1320 ait:
928 1268 1056 1334 Vos,
1100 1270 1302 1341 inquit,
1353 1273 1488 1327 estis
1517 1273 1719 1342 fatuae;
1759 1292 1892 1330 nam

292 1353 417 1408 hac
439 1360 497 1407 et
514 1360 700 1408 vestra
727 1362 783 1410 et
805 1373 930 1411 mea
951 1365 1038 1412 est
1060 1360 1263 1414 Amma
1283 1359 1410 1429 (46).
1438 1364 1554 1417 Hoc
1566 1364 1714 1418 enim
1735 1364 1793 1419 in
1825 1382 1892 1420 ea

293 1447 498 1497 vocant
523 1443 605 1497 illi
657 1443 894 1499 feminas
923 1447 1262 1517 spirituales.
1298 1451 1367 1504 Et
1395 1451 1661 1522 deprecor
1688 1453 1887 1519 Deum,

296 1530 396 1597 ait,
453 1537 517 1585 ut
536 1532 772 1602 dignum
804 1534 926 1605 ipsa
956 1535 1014 1589 in
1040 1537 1130 1591 die
1155 1539 1352 1607 judicii
1384 1558 1602 1595 merear
1629 1541 1887 1599 inveniri.

296 1620 422 1684 Quo
451 1621 664 1688 audito,
694 1639 887 1677 omnes
915 1625 1082 1680 simul
1112 1627 1180 1681 ad
1213 1629 1382 1698 pedes
1417 1630 1592 1700 ipsius
1636 1633 1890 1702 procide-

295 1715 451 1772 runt,
486 1710 717 1781 singulae
747 1713 902 1768 varia
939 1723 1165 1786 peccata
1190 1718 1240 1770 ei
1270 1719 1495 1789 pr0pria
1525 1722 1882 1780 conﬁtentes.

1973 837 2295 902 promptum
2309 835 2365 884 et
2371 830 2712 900 gaudentem
2723 846 2784 882 su
2795 846 2895 900 pra
2907 846 3034 883 eum
3041 830 3430 885 valde.Paulus
3439 848 3571 886 vero

1973 919 2204 973 exiliens
2235 935 2360 973 cum
2389 918 2596 988 gaudio
2618 916 2915 982 clamabat,
2941 917 3274 974 benedicens
3298 920 3479 975 Deum
3513 926 3570 975 et

1973 1007 2163 1062 dicens
2186 1027 2196 1060 :
2233 1008 2278 1062 Ο
2303 1007 2600 1062 ineifabilis
2621 1005 3006 1060 misericordia
3034 1007 3135 1061 Dei
3165 1014 3223 1062 et
3251 1007 3501 1064 bonitas!
3531 1026 3564 1063 ο

1975 1096 2173 1151 divinae
2201 1097 2592 1151 miserationes
2621 1097 2742 1166 ejus
2771 1100 2828 1149 et
2851 1096 3275 1150 innumerabilis
3321 1097 3566 1153 bonitas!

1976 1185 2221 1240 Currens
2261 1192 2452 1240 autem
2474 1191 2530 1238 et
2571 1185 2878 1240 ascendens
2909 1201 3078 1256 super
3125 1185 3300 1240 altum
3330 1187 3572 1257 gradum

1974 1291 2180 1344 magna
2208 1291 2337 1329 voce
2366 1274 2619 1329 dicebat:
2669 1271 2884 1339 Venite,
2917 1274 3102 1328 videte
3130 1291 3301 1346 Opera
3337 1276 3560 1330 Domini

1975 1381 2141 1435 quam
2163 1364 2438 1418 terribilia
2457 1371 2609 1429 sunt,
2630 1369 2687 1417 et
2708 1365 2860 1417 omni
2875 1369 3104 1434 stupore
3129 1364 3315 1434 digna.
3350 1364 3568 1430 Venite,

1973 1453 2155 1508 videte
2185 1470 2311 1507 eum
2344 1454 2438 1524 qui
2469 1454 2587 1507 vult
2624 1468 2818 1507 omnes
2851 1453 3105 1506 homines
3137 1454 3371 1516 salvare,
3407 1459 3464 1508 et
3494 1454 3564 1508 ad

1973 1543 2318 1612 agnitionem
2336 1542 2584 1596 veritatis
2615 1542 2801 1596 venire
2825 1541 2870 1605 (1
2898 1543 3064 1607 Tim.,
3098 1539 3182 1612 ιι).
3207 1542 3575 1606 Venite,ado-

1973 1623 2161 1686 remus
2192 1638 2246 1686 et
2263 1631 2614 1702 procidamus
2635 1637 2765 1685 ante
2781 1647 2930 1697 cum,
2959 1637 3014 1684 et
3035 1631 3316 1685 dicamus:
3349 1632 3492 1694 Quia
3509 1638 3572 1687 tu

1973 1722 2124 1774 solus
2139 1726 2335 1792 potens
2352 1737 2410 1774 es
2431 1719 3062 1791 peccatadimittere.Ad
3075 1719 3218 1773 hanc
3237 1736 3426 1774 vocem
3445 1721 3571 1790 ejus

293 1797 424 1852 Alia
435 1799 584 1879 enim
601 1799 834 1856 abluens
857 1805 1048 1858 sordes
1068 1806 1237 1860 catini
1259 1825 1430 1878 supra
1450 1825 1573 1862 eam
1603 1828 1661 1864 se
1681 1810 1891 1864 fudisse
1908 1839 1954 1898 B
1974 1827 2169 1864 omnes
2190 1810 2874 1880 cucurrerunt,wpientes
2898 1809 3092 1863 audire
3113 1826 3234 1880 quae
3258 1808 3574 1865 dicebat.Et

291 1886 534 1955 dicebat;
552 1890 663 1945 alia
686 1908 814 1947 vero
833 1894 1080 1965 colaphis
1100 1912 1222 1950 eam
1241 1915 1275 1951 a
1296 1915 1354 1950 se
1374 1897 1722 1953 verberatam
1743 1917 1888 1972 smpc
1908 1886 1952 1898 ⁸
1972 1899 2426 1954 convenientibus
2437 1899 2697 1953 omnibus
2708 1897 3194 1952 referebatPaulus
3208 1915 3329 1970 qua)
3341 1898 3572 1952 vidisset

290 1978 681 2047 memorabat;
713 1982 825 2036 alia
863 1999 1028 2037 nares
1066 1985 1239 2056 ipsius
1267 1986 1448 2058 sinapi
1476 1988 1734 2058 impletas
1765 2008 1799 2043 a
1829 2008 1888 2044 se
1971 1996 2272 2060 antequam
2291 1989 2347 2042 in
2369 1989 2657 2044 ecclesiam
2680 1988 3106 2059 intrarent,qum
3121 1993 3314 2058 postea
3339 1987 3567 2042 iterum.

291 2083 416 2121 esse
431 2068 709 2131 deﬂebat;
744 2077 955 2126 caetera:
976 2090 1197 2145 quoque
1222 2075 1470 2131 diversas
1486 2077 1806 2133 referebant
1828 2097 1887 2134 se
1971 2079 2038 2132 Et
2069 2079 2442 2148 interrogavit
2471 2079 2628 2132 illum
2657 2077 2860 2138 virum,
2896 2082 2960 2130 ut
2983 2077 3194 2131 diceret
3216 2077 3267 2130 ei
3314 2093 3563 2144 causam,

291 2155 344 2208 ei
357 2155 596 2226 injurias
618 2158 913 2230 irrogasse.
933 2163 1042 2216 Pro
1055 2163 1256 2234 quibus
1267 2164 1528 2220 omnibus
1547 2174 1772 2221 sanctus
1796 2168 1886 2221 ille
1970 2185 2070 2238 pro
2083 2184 2193 2238 qua
2207 2168 2257 2221 ei
2279 2167 2465 2221 subito
2478 2173 2694 2221 tantam
2708 2166 3232 2220 mutationemDeus
3253 2167 3566 2222 donaverit.

288 2242 432 2299 fusis
453 2247 568 2301 Deo
598 2249 852 2318 precibus
882 2267 1139 2321 egressus
1171 2259 1274 2306 est.
1308 2255 1440 2308 Post
1469 2273 1675 2326 paucos
1697 2263 1888 2310 autem
1970 2257 2152 2310 Homo
2175 2274 2306 2327 ergo
2338 2257 2430 2310 ille
2461 2256 2744 2310 convictus
2777 2273 2811 2308 a
2832 2256 3024 2319 Paulo,
3077 2272 3265 2310 coram
3310 2255 3570 2310 omnibus

291 2333 415 2388 dies
445 2351 555 2390 non
586 2337 768 2393 ferens
796 2339 893 2394 illa
916 2346 1131 2395 tantam
1157 2343 1242 2396 sui
1261 2343 1518 2414 gloriam,
1545 2351 1816 2416 tantoque
1829 2363 1887 2399 se
1973 2346 2067 2416 qui
2097 2347 2244 2400 circa
2270 2347 2453 2417 ipsum
2483 2352 2646 2400 erant
2674 2351 2867 2416 aperte
2891 2344 3157 2411 narravit,
3191 2345 3383 2399 dicens
3410 2359 3421 2394 :
3455 2345 3570 2415 Ego

292 2423 491 2478 nolens
510 2443 766 2482 sororum
780 2429 991 2484 honore
1009 2433 1301 2497 cumulari,
1319 2435 1652 2506 gravarique
1675 2453 1735 2489 se
1765 2452 1888 2490 cre-
1972 2441 2231 2505 peccator
2258 2436 2424 2489 homo
2454 2452 2598 2500 sum,
2633 2440 2689 2488 et
2728 2436 2904 2489 multo
2934 2440 3186 2510 tempore
3217 2435 3276 2488 in
3322 2435 3567 2490 fornica-

295 2511 437 2567 dens
465 2517 913 2573 excusationibus
926 2520 1296 2591 singularum,
1322 2539 1546 2593 egressa
1565 2531 1652 2579 est
1678 2526 1747 2579 de
1777 2543 1892 2579 mo—
1973 2524 2126 2578 tione
2155 2523 2259 2577 vixi
2285 2540 2464 2594 usque
2500 2540 2650 2578 nunc
2685 2543 2696 2578 :
2737 2524 3058 2595 ingrediens
3086 2529 3288 2578 autem
3320 2524 3484 2579 modo
3510 2524 3571 2578 in

297 2605 548 2659 nasterio
567 2605 663 2660 illo
678 2609 909 2674 occulte,
933 2616 990 2664 et
1005 2627 1114 2681 quo
1144 2611 1293 2672 ierit,
1323 2612 1379 2666 in
1401 2630 1568 2684 quem
1584 2631 1642 2668 se
1673 2615 1892 2669 miserit
1973 2617 2223 2666 sanctam
2244 2612 2534 2666 ecclesiam
2553 2612 2674 2679 Dei,
2695 2613 2880 2667 audivi
2901 2629 3088 2666 vocem
3101 2612 3380 2683 loquentis
3400 2612 3459 2667 in
3480 2629 3566 2678 eo,

293 2691 502 2759 locum,
532 2696 617 2750 vel
649 2713 758 2766 quo
785 2699 895 2753 ﬁne
923 2699 1204 2767 defecerit,
1229 2702 1296 2756 ad
1313 2703 1522 2757 nullius
1542 2704 1726 2775 potuit
1750 2705 1893 2759 noti—
1975 2701 2070 2756 ubi
2095 2702 2232 2756 dicit
2262 2720 2278 2756 :
2312 2702 2622 2764 Lavamini,
2663 2702 2860 2757 mundi
2891 2707 3088 2768 estote,
3120 2701 3335 2756 auferte
3355 2702 3570 2756 malum

293 2781 436 2837 tiam
464 2789 775 2856 pervenire.
1975 2791 2379 2860 cogitationum
2408 2796 2720 2845 vestrarum
2750 2791 2820 2844 ab
2845 2791 3020 2846 oculis
3048 2790 3206 2857 meis,
3252 2791 3449 2846 discite
3473 2790 3572 2845 be-

367 2871 456 2929 20.
490 2875 677 2930 Beatae
710 2879 993 2934 memoriae
1031 2881 1239 2936 Paulus
1289 2881 1552 2954 Simplex,
1585 2883 1890 2955 discipulus
1972 2879 2246 2944 nefacere,
2315 2884 2373 2932 et
2411 2879 2458 2933 si
2508 2879 2720 2934 fuerint
2776 2886 3005 2950 peccata
3058 2885 3247 2934 vestra
3293 2885 3566 2951 tanquam

293 2961 516 3018 abbatis
545 2965 792 3034 Antonii,
817 2969 1065 3024 narravit
1088 2970 1342 3041 patribus
1369 2973 1536 3026 talem
1563 2989 1680 3026 rem
1704 2991 1714 3026 :
1749 2973 1892 3037 Quia
1973 2968 2333 3040 phoenicium,
2359 2968 2510 3022 velut
2537 2968 2632 3022 nix
2659 2968 3088 3023 dealbabuntur.
3121 2969 3192 3024 Et
3214 2968 3261 3022 si
3284 2968 3571 3024 volueritis

293 3051 599 3124 aliquando
620 3056 851 3111 veniens
870 3057 928 3112 in
957 3059 1296 3114 monasterio
1317 3060 1578 3116 visitandi
1596 3062 1892 3133 gratia,~et
1975 3062 2033 3112 et
2059 3057 2351 3112 audieritis
2376 3073 2485 3123 me,
2519 3057 2666 3112 bona
2701 3063 2866 3112 terrae
2885 3056 3189 3112 comedetis
3231 3059 3448 3128 (Isaiam,
3490 3056 3561 3129 ι).

292 3157 397 3212 pro
427 3143 1066 3211 tratruminstructione,
1085 3155 1544 3219 postconsuetam
1568 3151 1638 3204 ad
1654 3151 1890 3205 invicem
1909 3198 1953 3259 Ο
1977 3147 2110 3217 Ego,
2145 3146 2346 3217 inquit,
2381 3146 2685 3202 fornicator
2707 3147 2766 3201 in
2788 3147 2892 3201 hoc
2917 3163 3176 3201 sermone
3199 3151 3571 3218 compunctus

296 3232 734 3259 ηΛηηηιηιζλκΑη.
775 3235 1126 3259 :_L_-_--_.___.L
1152 3238 1202 3259 2“
1247 3256 1262 3259 _
1280 3240 1401 3259 --I-_
1421 3239 1462 3259 2-
1480 3257 1522 3259 ,η
1556 3241 1648 3259 ne!
1727 3258 1734 3259 ,
1752 3241 1762 3252 ⁸
1839 3257 1848 3259 4
1873 3258 1882 3259 ,
1977 3253 2094 3259 ..η-Α
2123 3235 2290 3259 ..μ-,2-
2345 3239 2393 3259 ,ι
2418 3235 2945 3259 ε-..,....2---..-ἔ..ι..-
2971 3235 3361 3259 --η-,2--ιζιιμ
3387 3251 3566 3259 ΜΔ-..

294 3232 758 3298 consolationem,
775 3235 1129 3292 intraverunt
1152 3238 1209 3292 in
1239 3239 1533 3294 ecclesiam
1553 3241 1671 3305 Dei,
1691 3241 1892 3294 missas
1909 3232 1953 3259 υ
1974 3253 2100 3291 sum
2122 3235 2310 3301 nimis,
2339 3239 2397 3290 et
2418 3235 2952 3306 ingemiscensintra
2965 3235 3366 3290 conscientiam
3387 3251 3572 3290 meam

292 3335 453 3375 more
483 3323 649 3377 solito
679 3324 1017 3380 celebrare‘.
1042 3327 1248 3382 Beatus
1280 3345 1412 3400 ergo
1434 3329 1641 3383 Paulus
1670 3329 1893 3384 intuens
1974 3325 2087 3379 dixi
2114 3326 2184 3379 ad
2227 3326 2443 3381 Deum:
2475 3326 2562 3380 Tu
2607 3326 2777 3393 Deus,
2812 3325 2907 3396 qui
2956 3325 3156 3380 venisti
3197 3325 3255 3379 in
3297 3325 3572 3380 mundum

295 3410 368 3464 ad
398 3427 859 3484 unumquemque
881 3415 1287 3472 introeuntium
1309 3418 1366 3472 in
1387 3418 1695 3484 ecclesiam,
1715 3416 1897 3474 inten-J
1974 3421 2293 3487 peccatores
2348 3415 2528 3468 salvos
2558 3415 2758 3483 facere,
2811 3422 2869 3469 et
2928 3415 3022 3486 qui
3073 3415 3190 3469 haec
3242 3430 3365 3485 quae
3405 3413 3572 3468 modo

299 3498 471 3554 debat
487 3501 637 3571 quali
661 3503 849 3558 animo
866 3505 1020 3560 intus
1040 3506 1299 3574 intraret;
1322 3506 1565 3562 habebat
1576 3508 1727 3563 enim
1751 3509 1893 3563 hanc
1975 3507 2120 3559 lecta
2151 3509 2283 3558 sunt
2311 3503 2616 3575 promisisti
2642 3521 2742 3575 per
2751 3505 3104 3576 prophetam,
3130 3503 3346 3575 comple
3371 3503 3571 3558 effectu

296 3589 545 3660 gratiam
576 3589 885 3648 sibidatam
903 3611 937 3648 a
956 3595 1090 3662 Deo,
1115 3597 1270 3651 utsic
1289 3596 1504 3653 videret
1521 3615 1891 3671 unumqucm-
1978 3599 2036 3650 et
2062 3610 2230 3665 opere
2279 3593 2449 3647 etiam
2478 3594 2538 3647 in
2593 3609 2684 3648 me
2712 3593 2944 3664 indigno
2972 3598 3031 3648 et
3085 3598 3394 3665 peccatore.
3428 3592 3569 3647 Ecce

302 3695 411 3749 que
442 3680 603 3750 cujus
624 3681 796 3736 animi
826 3689 991 3750 esset,
1022 3685 1166 3739 sicut
1191 3702 1292 3739 nos
1314 3686 1483 3741 facies
1510 3694 1730 3742 nostras
1749 3688 1896 3742 vide-
1980 3684 2129 3738 enim
2161 3683 2362 3736 amodo
2383 3682 2650 3754 promitto
2697 3682 2802 3736 tibi
2841 3688 2899 3736 et
2927 3683 3173 3754 spondeo
3205 3698 3482 3750 sermone,
3517 3686 3575 3736 et

299 3783 429 3823 mus
442 3770 511 3824 ad
529 3770 784 3827 invicem:
806 3773 903 3827 sed
925 3775 1265 3846 etcujusque
1285 3778 1543 3846 angelum
1554 3779 1897 3848 gaudentem
1982 3779 2147 3833 corde
2178 3780 2467 3844 conﬁteor,
2493 3779 2626 3849 quia
2638 3779 2760 3848 jam
2779 3793 2892 3831 non
2923 3793 3088 3848 agam
3113 3777 3262 3831 ultra
3282 3776 3421 3832 illud
3450 3793 3575 3830 ma-

298 3857 359 3913 in
404 3859 502 3914 eis.
565 3860 1016 3931 Ingredientibus
1065 3880 1199 3935 ergo
1253 3866 1516 3921 omnibus
1565 3868 1716 3921 clara
1761 3868 1898 3922 facie
1981 3869 2118 3934 lum,
2155 3869 2252 3923 sed
2281 3868 2615 3922 abrenuntio
2663 3866 2818 3921 omni
2849 3866 3154 3938 iniquitati,
3183 3872 3241 3920 et
3267 3865 3446 3920 servio
3470 3865 3574 3920 tibi

299 3954 360 4002 et
388 3949 680 4020 splendido
711 3951 1078 4017 vultu,unum
1106 3953 1245 4008 vidit
1270 3951 1497 4025 nigrum
1529 3955 1895 4012 etobscurum
1976 3959 2178 4012 amodo
2206 3959 2263 4012 in
2293 3957 2633 4012 conscientia
2663 3956 2891 4010 munda.
2925 3955 3100 4010 Hodie
3130 3971 3282 4027 ergo,
3306 3954 3562 4022 Domine,

296 4054 535 4110 corpore
589 4045 727 4107 toto,
785 4046 843 4095 et
897 4041 1176 4097 daemones
1215 4061 1280 4098 ex
1303 4052 1543 4116 utraque
1585 4052 1743 4118 parte
1775 4049 1896 4118 ejus
1981 4047 2106 4101 etin
2129 4046 2609 4122 hachorasuscipe
2631 4045 3097 4116 mepoenitentem
3120 4049 3176 4098 et
3203 4044 3570 4115 interpellan-

296 4132 625 4183 tenenteset
637 4129 924 4185 trahentes
937 4148 1066 4185 eum
1077 4133 1147 4186 ad
1168 4134 1898 4206 semetipsos,etcapistrum
1978 4141 2094 4190 tem
2123 4142 2197 4202 te,
2231 4141 2287 4190 et
2315 4135 2733 4190 renuntiantem
2747 4150 2912 4188 omne
2922 4139 3232 4204 peccatum.
3261 4133 3326 4186 In
3351 4132 3437 4186 his
3466 4132 3568 4203 igi-

294 4217 355 4270 in
387 4217 619 4272 naribus
642 4220 762 4290 ejus
805 4221 1092 4275 mittentes
1125 4239 1136 4274 :
1173 4228 1428 4277 sanctum
1457 4240 1586 4278 vero
1631 4226 1895 4295 angelum
1977 4228 2074 4278 tur
2102 4223 2583 4295 promissionibus,
2617 4223 2714 4287 ait,
2747 4237 3006 4293 egressus
3042 4238 3168 4275 sum
3195 4221 3265 4274 de
3315 4221 3568 4286 ecclesia,

295 4307 419 4376 ejus
433 4307 502 4361 de
523 4309 686 4379 longe
703 4309 998 4380 lugubrem
1023 4310 1355 4383 tristemque
1374 4319 1721 4384 sequentem.
1747 4316 1895 4369 Pau-
1977 4319 2230 4367 statuens
2261 4314 2451 4367 anima
2480 4329 2624 4379 mea,
2653 4311 2792 4366 nihil
2829 4311 2978 4365 ultra
3006 4326 3173 4381 agere
3203 4309 3337 4363 mali
3383 4325 3573 4363 coram

291 4395 593 4464 lusuo
610 4415 740 4452 vero
762 4400 1078 4472 lacrymans
1091 4406 1147 4456 et
1162 4419 1334 4457 manu
1357 4402 1680 4474 frequenter
1700 4411 1894 4476 pectus
1977 4401 2150 4456 oculis
2179 4401 2422 4456 Domini.
2455 4401 2616 4470 Quod
2645 4417 2773 4454 cum
2797 4398 3108 4462 audissent,
3145 4413 3341 4452 omnes
3369 4397 3573 4451 clama-

291 4486 550 4541 tundens
567 4487 799 4542 sedebat
827 4495 959 4544 ante
988 4491 1298 4557 ecclesiam,
1329 4492 1554 4562 plorans
1582 4493 1741 4548 valde
1767 4511 1895 4549 eum
1913 4480 2178 4545 Dvcrunt
2206 4491 2276 4544 ad
2303 4490 2608 4545 Dominum
2632 4506 2764 4545 V'Oce
2802 4505 3025 4560 magna.
3060 4486 3308 4542 dicentes
3343 4504 3358 4542 τ
3392 4485 3575 4550 Quam

291 4576 390 4647 qui
413 4576 467 4629 ei
486 4576 614 4630 talis
636 4584 992 4650 apparuerat.
1025 4581 1132 4644 Qui
1151 4585 1341 4636 autem
1364 4581 1627 4636 videbant
1653 4584 1800 4654 quod
1818 4584 1896 4638 fa-
1977 4577 3067 4651 magniﬁcatasunt,operatua,Domine!
3085 4574 3573 4646 omniainsapien-

288 4665 496 4732 ciebat,
514 4671 699 4722 ettam
718 4669 956 4723 celerem
979 4670 1099 4740 ejus
1117 4671 1510 4738 mutationem,
1536 4676 1593 4725 et
1615 4673 1892 4744 lacrymas
1975 4669 2056 4724 tia
2083 4669 2261 4724 fecisti
2286 4671 2445 4735 (Psal.
2484 4668 2624 4738 cm).
2669 4669 3022 4739 QuaprOpter
3071 4669 3437 4737 agnoscentes
3465 4663 3571 4718 hoc

287 4755 1300 4829 etluctum,interrogabantrogantes
1314 4766 1519 4815 eumut
1533 4762 1889 4833 diceretquid
1976 4759 2284 4813 Christiani
2313 4759 2381 4813 de
2407 4759 2614 4813 sanctis
2667 4757 2968 4828 Scripturis
3014 4772 3080 4810 ac
3115 4753 3316 4808 divinis
3354 4753 3570 4808 revela-

286 4845 605 4916 essetquod
619 4846 850 4914 videret,
864 4848 1131 4902 timentes
1143 4865 1211 4903 ne
1227 4849 1361 4920 quid
1381 4850 1440 4904 in
1457 4852 1890 4921 reprehensione
1971 4849 2236 4914 tionibus,
2261 4855 2529 4920 quantam
2561 4849 2709 4902 Deus
2740 4845 2945 4900 habeat
2972 4845 3281 4900 bonitatem
3300 4842 3448 4898 circa
3475 4859 3570 4898 eos

284 4935 549 4988 omnium
575 4935 821 5002 vidisset,
857 4954 958 5008 pro
988 4954 1097 5007 quo
1127 4939 1242 4993 haec
1264 4939 1490 4993 faceret.
1524 4941 1892 4996 Postulabant
1975 4938 2070 5009 qui
2099 4939 2170 4992 ad
2199 4955 2329 4992 eum
2357 4938 2554 4992 devote
2583 4936 2931 5006 confugiunt,
2966 4940 3023 4989 et
3051 4950 3151 5005 per
3178 4933 3569 5006 paenitentiam

283 5023 464 5078 etiam
481 5029 548 5078 ut
560 5025 631 5078 ad
649 5025 849 5080 missas
860 5026 1099 5081 intraret
1111 5044 1237 5082 cum
1251 5027 1348 5082 eis.
1365 5029 1577 5084 Paulus
1593 5036 1783 5084 autem
1797 5047 1889 5085 eos

280 5114 593 5185 repellens,
635 5121 692 5170 et
720 5133 934 5187 negans
963 5133 1023 5170 se
1053 5117 1458 5188 ingressurum,
1484 5119 1713 5174 sedebat
1738 5120 1888 5175 foras

272 5204 480 5276 jacens
529 5208 586 5258 et
614 5205 840 5274 plorans
889 5205 1057 5260 nimis
1090 5206 1252 5261 illum
1283 5208 1377 5278 qui
1415 5208 1465 5262 ei
1492 5209 1683 5263 taliter
1713 5226 1886 5280 appa-

276 5297 501 5348 ruerat.
535 5293 669 5348 Post
696 5295 987 5366 paululum
1017 5302 1205 5350 autem
1225 5296 1453 5350 dimisso
1473 5297 1721 5351 ecclesiae
1751 5315 1884 5352 con-

276 5387 479 5445 ventu,
508 5383 716 5438 iterum
737 5384 947 5439 Paulus
976 5384 1304 5440 attendebat
1332 5385 1581 5457 singulos
1615 5392 1883 5441 exeuntes

275 5477 349 5526 ut
408 5487 652 5544 quorum
701 5472 1002 5530 introitum
1065 5480 1386 5545 agnoverat,
1447 5474 1618 5529 sciret
1690 5477 1884 5546 quales

278 5560 526 5628 exirent,
562 5568 620 5617 et
657 5561 796 5618 vidit
821 5563 981 5618 illum
1011 5563 1194 5618 virum
1239 5564 1466 5635 nigrum
1500 5569 1556 5618 et
1583 5564 1885 5621 obscurum

1975 5027 2287 5081 emundant
2305 5026 2501 5097 priora
2529 5025 2751 5091 delicta,
2784 5041 2898 5078 non
2919 5024 3103 5078 solum
3132 5039 3245 5077 non
3294 5028 3576 5094 coguntur

1971 5133 2166 5188 poenas
2205 5117 2419 5170 solvere
2447 5132 2549 5186 pro
2581 5114 2821 5186 peccatis
2852 5118 2982 5167 ante
3011 5111 3345 5180 commissis,
3378 5127 3578 5168 verum

1970 5206 2143 5261 etiam
2157 5210 2580 5276 consequuntur
2598 5203 2874 5275 promissa
2895 5202 3060 5257 bona.
3079 5202 3206 5257 Non
3229 5218 3361 5273 ergo
3381 5201 3577 5274 despe-

1967 5311 2157 5350 remus
2173 5295 2241 5348 de
2257 5293 2451 5348 nostra
2463 5293 2644 5347 salute
2660 5314 2670 5346 :
2693 5292 2825 5363 quia
2835 5293 2980 5347 sicut
2998 5308 3098 5363 per
3109 5291 3314 5347 Isaiam
3335 5291 3572 5363 prophe-

1966 5393 2083 5441 tam
2115 5383 2374 5456 promisit
2405 5399 2499 5437 eos
2531 5383 2627 5454 qui
2647 5382 2704 5436 in
2721 5383 2960 5453 peccatis
2980 5388 3113 5436 sunt
3126 5380 3361 5437 involuti
3381 5381 3566 5434 denuo

1966 5476 2172 5539 lavare,
2183 5479 2240 5528 et
2255 5473 2403 5527 sicut
2423 5473 2608 5526 lanam
2632 5478 2689 5527 et
2717 5473 2900 5528 nivem
2921 5472 3202 5538 dealbare,
3219 5478 3276 5525 et
3294 5469 3569 5524 bonorum

1967 5563 2299 5628 ccelestium,
2326 5578 2448 5634 quae
2477 5563 2536 5617 in
2567 5562 2810 5618 caelestis
2833 5563 3145 5619 Jerusalem
3165 5559 3387 5616 civitate
3414 5560 3566 5626 sunt,

359 5689 508 5750 Ruﬁ‘.
541 5689 580 5747 l.
609 5704 693 5760 ιιι,
725 5706 782 5748 ιι.
819 5689 942 5761 167;
975 5691 1174 5760 Pasch;
1208 5707 1256 5749 c.
1290 5690 1378 5760 23,
1413 5709 1472 5750 n.
1504 5690 1561 5751 2.
1589 5692 1784 5751 Simile
1806 5693 1866 5751 in

1971 5693 2066 5762 αι,
2101 5691 2199 5750 lib.
2230 5704 2293 5759 ιι,
2319 5705 2441 5763 cap.
2483 5688 2569 5757 14,
2601 5687 2672 5745 de
2698 5687 2953 5761 Eulogio.
